2504 3928
328 236 368 269 .'›l
387 236 394 268 Ι
1076 232 1346 269 utJtLLttmn
1378 233 1576 269 Mittvt't'ls

1362 309 1376 323 ⁰
1387 309 1562 344 ctilieatio
1597 315 1744 352 nostra,
1766 306 1982 355 justificatio
2007 315 2156 352 nostra,
2173 319 2279 343 amor
2299 319 2372 342 no-

328 309 582 357 pnssidentem
606 321 736 344 omues
755 308 997 344 adfectionum
1025 318 1236 346 nostrarum
1265 323 1316 345 re-

2302 231 2373 266 312

326 381 468 407 sessus.
487 377 521 402 et
542 368 706 416 perfecte
727 380 790 401 eos
812 375 1093 403 comen-tentem
1113 369 1148 404 iu
1171 370 1314 418 purita-
1334 365 1361 396 Λ
1381 376 1470 402 ster.
1504 370 1587 415 lpse
1615 365 1713 400 enim
1742 373 1796 400 cst
1825 378 1930 401 amor
1959 373 2107 409 noster,
2141 378 2217 414 quo
2253 364 2298 400 ad
2339 373 2373 401 te

327 437 400 462 tem
434 427 598 462 veritatis
629 435 722 470 tum,
744 435 778 461 et
800 427 994 462 veritatem
1022 428 1196 476 puritatis
1225 438 1315 472 tua»,

327 487 362 520 iu
393 487 544 533 plenum
574 485 712 521 amoris
734 485 786 520 tui
807 498 1029 522 eonsensum
1051 501 1058 522 ε
1083 495 1258 536 tantaque
1279 489 1318 523 lit

325 543 545 590 conjunctio
559 573 568 587 ,
587 552 686 579 tanta
705 544 881 589 adh-“esim
902 553 1001 581 tanta
1019 545 1228 582 dulcedinis
1246 555 1316 582 ῑιιειἱ

328 602 457 637 fruitio
473 631 482 646 ,
508 610 548 637 ut
577 603 698 638 unitas
726 602 772 638 ab
794 603 875 651 ipso
898 604 1059 640 Domino
1079 613 1207 641 nostro
1226 605 1317 642 Filio

325 671 390 696 tuo
412 670 589 706 vocetur,
611 662 778 706 dicente,
804 665 850 698 l't
867 667 940 699 sint
961 668 1032 712 ipsi
1053 678 1165 700 nmnn
1189 669 1225 699 in
1247 679 1317 699 nn-

324 718 398 760 l1is,·
424 728 533 755 tantae
564 719 778 767 dignitatis,
809 729 919 757 tantm
945 722 1094 770 gloriae‚
1117 731 1155 758 ut
1184 722 1316 759 subse-

323 786 461 825 quatur
483 786 520 814 et
546 778 666 822 dieat,
683 782 783 814 Sicut
801 794 865 828 ego
889 790 922 815 et
948 790 983 816 tu
1001 795 1111 816 unum
1130 794 1267 816 samus.
1286 786 1316 817 0

323 837 501 885 gaudium
516 866 525 881 ‚
548 851 570 873 o
595 839 774 886 gloriam,
800 853 822 874 o
850 839 1017 884 divitias,
1038 854 1061 875 0
1081 840 1315 889 superbiam!

324 894 446 931 Habet
476 897 573 932 enim
603 898 784 946 sapientia
805 897 914 934 etiam
938 899 993 934 sui
1014 899 1160 947 generis
1182 913 1316 949 super—

325 954 446 999 biam,
471 970 555 1005 quae
576 957 663 993 dicit
692 971 699 993 :
731 961 875 994 Mecum
901 963 998 994 enim
1021 969 1103 994 sunt
1125 961 1264 995 diviua¹
1283 969 1318 994 ee

322 1017 460 1062 gloria,
480 1030 567 1063 opes
587 1016 757 1064 superba.¹
774 1018 964 1062 etjuststia
981 1024 1004 1053 ¹.

663 1138 840 1177 CAPUT
870 1141 981 1178 wll.

491 1247 548 1275 Per
566 1256 702 1276 amorem
721 1256 777 1275 uos
795 1245 859 1276 fieri
877 1258 972 1277 unum
990 1258 1059 1277 cum
1078 1249 1154 1278 Deo.

380 1363 436 1397 16.
475 1362 574 1409 Quid
610 1372 734 1399 autem
774 1372 828 1400 est
859 1363 1058 1401 absurdius
1097 1365 1195 1401 uniri
1235 1369 1315 1401 Deo

323 1433 473 1465 amore,
494 1430 530 1456 et
553 1434 627 1456 non
650 1420 907 1458 beatitudine?
924 1424 1025 1458 Beati
1050 1424 1148 1459 enim
1174 1436 1263 1459 vere
1280 1431 1317 1458 et

324 1479 445 1522 unice,
463 1488 498 1515 et
516 1480 756 1527 singulariter
773 1489 808 1515 et
830 1481 993 1528 perfecte
1014 1481 1124 1527 beati,
1143 1483 1207 1531 qui
1230 1495 1316 1518 vere

322 1546 358 1572 et
389 1539 553 1586 perfecte
588 1547 714 1573 amant
746 1547 792 1574 te.
823 1542 980 1574 Beatum
1012 1542 1111 1576 enim
1145 1542 1316 1576 (inverunt

318 1598 497 1642 populum
529 1598 591 1630 cai
608 1598 690 1631 hoec
711 1607 797 1632 sunt
819 1611 830 1630 .·
859 1597 923 1633 sed
946 1599 1201 1644 mentiuntur,
1228 1600 1314 1649 quia

322 1653 424 1689 solus
442 1653 570 1689 beatus
586 1660 691 1700 cajus
708 1665 761 1690 esc
774 1659 957 1692 Dominus
971 1660 1072 1693 Deus
1088 1659 1165 1703 ‹y'us
1176 1665 1200 1695 ².
1217 1657 1315 1707 Quid

322 1713 422 1748 enim
448 1722 503 1749 est
530 1713 679 1750 beatum
708 1727 808 1757 esse,
832 1715 901 1751 nisi
930 1728 1004 1751 non
1027 1717 1121 1753 velle
1150 1718 1218 1754 nisi
1247 1718 1317 1754 bo-

325 1784 438 1815 num,
471 1781 508 1808 et
537 1773 663 1808 omnia
696 1772 835 1810 habere
862 1787 1108 1824 quaecumque
1134 1778 1238 1813 vult?
1266 1781 1316 1814 Te

1384 425 1631 475 pertingimus
1647 453 1655 469 ,
1676 436 1752 472 quo
1775 432 1809 459 te
1830 424 2102 472 amplectimur.
2127 423 2305 472 Alioquin
2319 451 2328 468 ‚
2350 436 2373 458 o

1384 482 1775 532 ineomprehensihilis
1805 481 1998 530 majestas,
2025 481 2373 532 comprehensibilis

1383 557 1462 579 esse
1484 543 1619 579 videris
1636 542 1770 577 animae
1791 549 1825 577 te
1840 542 1992 577 amanti.
2007 542 2111 578 Licet
2130 541 2227 577 enim
2248 540 2373 576 nullus

1385 616 1514 638 sensus
1533 600 1734 650 cujuslibet
1751 601 1883 636 animae
1902 601 1957 636 vel
1976 601 2129 650 spiritus
2150 608 2184 636 te
2203 611 2372 648 compre-

1386 661 1523 697 hendat
1541 689 1550 705 ‚
1583 669 1706 695 tannen
1747 667 1866 695 totum
1901 667 1958 705 te,
1988 668 2152 708 quantus
2180 672 2238 703 es,
2266 670 2372 694 com-

1384 720 1582 769 prehendit
1610 732 1716 755 amor
1748 719 1927 764 amantis,
1955 719 2019 767 qui
2053 726 2172 754 totum
2209 725 2244 753 te
2272 723 2371 752 amat

1383 788 1544 828 (plantus
1572 792 1633 822 es,
1660 778 1688 813 si
1714 786 1835 813 tamen
1867 785 1922 812 est
1952 777 2099 823 totitas,
2128 775 2191 813 ubi
2213 788 2290 812 non
2316 782 2373 811 est

1382 837 1681 886 particularitas;
1707 836 1735 871 si
1759 836 1965 885 quantitas,
1987 835 2049 872 ubi
2072 849 2147 872 non
2174 843 2230 871 est
2256 833 2372 870 tanti-

1384 905 1458 942 tas;
1482 897 1510 932 si
1541 904 1596 932 est
1623 894 2033 944 comprehensibilitas,
2056 895 2118 931 ubi
2139 895 2216 931 haec
2243 892 2371 929 onmia

1383 969 1459 990 non
1487 963 1586 991 sunt.
1609 954 1680 991 Sed
1700 967 1785 990 cum
1808 962 1842 989 te
1863 967 2051 999 amamus,
2072 954 2233 990 aflicitur
2257 951 2371 1002 spiri-

1385 1023 1441 1050 tus
1472 1022 1599 1050 noster
1624 1013 1779 1062 Spiritui
1806 1021 1870 1049 tuo
1901 1021 2050 1058 sancto,
2073 1025 2142 1062 per
2170 1024 2281 1061 quem
2303 1010 2371 1046 ha-

1337 1072 1364 1109 Β
1387 1073 1567 1109 bitantem
1591 1074 1626 1109 in
1649 1072 1756 1109 nobis
1775 1072 1995 1108 charitatem
2019 1072 2089 1108 Dei
2111 1071 2286 1107 diffusam
2308 1069 2373 1105 lia-

1384 1131 1516 1168 bemus
1535 1133 1570 1168 in
1591 1131 1770 1168 cordibus
1789 1132 1938 1168 nostris.
1958 1134 2127 1180 Cumque
2144 1142 2250 1166 amor
2265 1137 2371 1174 tum,

1384 1204 1490 1227 amor
1504 1192 1621 1228 Patris
1632 1191 1677 1227 ad
1692 1191 1839 1236 Filium,
1852 1203 1959 1227 amor
1971 1190 2050 1227 Filii
2063 1189 2109 1226 ad
2119 1192 2281 1233 Patrem,
2292 1187 2372 1236 Spi-

1384 1247 1477 1284 ritus
1489 1257 1640 1284 sanctus
1654 1247 1824 1284 habitans
1834 1248 1871 1284 in
1889 1247 1996 1284 nobis
2007 1247 2053 1284 ad
2071 1256 2106 1283 te
2119 1255 2174 1283 est
2186 1245 2289 1296 quod
2303 1253 2372 1290 est,

1382 1306 1419 1341 id
1442 1315 1497 1342 est
1517 1319 1642 1351 amor,
1660 1320 1810 1343 omnem
1831 1307 2084 1356 captivitatem
2103 1305 2212 1350 Sion,
2234 1304 2270 1340 id
2291 1311 2370 1348 est,

1381 1365 1515 1401 animae
1542 1375 1679 1402 nostrae
1707 1379 1838 1417 omnes
1866 1366 2083 1402 affectiones
2099 1365 2137 1400 in
2155 1377 2193 1400 se
2213 1375 2372 1400 conver-

1383 1430 1464 1458 tens
1484 1432 1521 1459 et
1537 1425 1792 1470 sanctilicans;
1812 1438 1979 1461 amamus
2000 1433 2055 1470 te,
2076 1424 2134 1460 vel
2156 1432 2195 1460 tu
2217 1435 2317 1459 amas
2335 1430 2371 1457 te

1381 1481 1418 1517 in
1441 1481 1572 1527 nobis;
1597 1496 1664 1518 nos
1679 1484 1815 1519 affectu
1831 1511 1840 1528 ‚
1865 1492 1902 1519 tu
1924 1484 2058 1519 effectu
2081 1497 2088 1518 :
2108 1495 2226 1519 unum
2243 1495 2312 1518 nos
2332 1481 2370 1516 in

1383 1548 1418 1576 te
1444 1541 1612 1577 efficiens
1640 1555 1708 1591 per
1733 1543 1913 1578 unitatem
1946 1551 2046 1578 tuam
2061 1571 2071 1588 ‚
2094 1541 2132 1577 id
2155 1549 2226 1586 est,
2246 1540 2369 1589 ipsum

1380 1600 1560 1649 Spiritum
1589 1609 1760 1637 sanetum
1790 1610 1916 1645 tuum,
1940 1614 2051 1650 quem
2074 1600 2209 1636 dedisti
2237 1598 2370 1643 nobis,

1380 1667 1422 1695 ut
1436 1659 1531 1694 sicut
1546 1672 1620 1695 non
1631 1668 1685 1695 est
1698 1660 1798 1696 aliud
1815 1660 1912 1697 Patri
1929 1673 2037 1696 nosse
2050 1660 2200 1704 Filium,
2213 1658 2283 1695 nisi
2299 1657 2372 1694 hoc

1380 1731 1460 1755 esse
1479 1719 1582 1767 quod
1602 1727 1657 1754 est
1675 1719 1811 1765 Filius;
1831 1720 1919 1755 nihil
1941 1719 2040 1756 aliud
2063 1719 2157 1757 Filio
2173 1730 2280 1755 nosse
2301 1721 2371 1755 Pa-

1382 1786 1490 1822 trem,
1505 1779 1574 1814 nisi
1587 1779 1658 1814 hoe
1674 1792 1752 1815 esse
1764 1779 1866 1828 quod
1877 1788 1932 1816 est
1943 1782 2053 1816 Pater
2064 1794 2073 1825 ;
2087 1779 2186 1815 unde
2199 1779 2235 1814 in
2247 1781 2368 1815 Evan-

325 1831 438 1879 igitur
473 1833 590 1877 velle,
625 1841 662 1868 et
697 1833 937 1870 vehementer
975 1836 1089 1881 velle,
1125 1837 1227 1885 quod
1264 1846 1318 1874 est
1338 1841 1364 1875 C
1386 1837 1503 1886 gebo,
1525 1839 1640 1872 Nemo
1661 1843 1758 1873 novit
1777 1841 1941 1882 Patrem,
1963 1843 2034 1874 nisi
2053 1840 2192 1882 F1lius;
2211 1847 2246 1873 et
2264 1850 2370 1872 nemo

320 1903 465 1935 amare,
494 1900 531 1927 et
559 1893 797 1940 singulariter
825 1906 974 1938 amare,
1005 1896 1070 1943 qui
1095 1898 1210 1932 amari
1240 1910 1314 1934 non

319 1949 483 1997 dignaris
502 1964 585 1986 cum
608 1952 731 2000 aliqua
751 1953 907 1989 omnino
926 1966 965 1989 re
986 1954 1063 1990 sive
1081 1956 1220 1992 carnali
1238 1957 1315 1992 sive

320 2008 530 2056 spirituali,
553 2010 632 2046 sive
655 2011 840 2054 terrestri,
858 2012 935 2048 sive
956 2013 1119 2059 coelesti,
1138 2027 1222 2063 quae
1239 2028 1315 2051 non

322 2076 469 2104 ametur
497 2082 567 2118 pro
595 2078 653 2115 te3
676 2070 746 2106 hoc
773 2071 923 2108 demum
949 2080 1004 2108 est
1029 2087 1105 2109 non
1126 2075 1222 2110 velle
1248 2075 1317 2111 nisi

323 2127 466 2164 bonum
482 2157 491 2173 ,
513 2129 583 2164 hoc
614 2138 670 2166 est
697 2130 834 2167 habere
864 2145 1112 2182 quaecumque
1132 2135 1213 2170 vult
1232 2148 1316 2171 om-

322 2187 382 2222 nia
407 2202 414 2223 :
440 2188 526 2235 quia
550 2187 662 2224 habet
685 2197 719 2224 te
747 2190 848 2238 quis,
871 2191 906 2226 in
934 2201 1115 2239 quantum
1144 2202 1242 2229 amat
1269 2202 1315 2230 te.

322 2249 419 2293 Ergo
443 2254 479 2281 et
499 2259 627 2283 amore
643 2276 652 2292 ‚
673 2256 709 2283 et
735 2247 966 2285 beatitudine
989 2251 1082 2287 uniti
1103 2255 1183 2288 Deo
1203 2253 1314 2288 intel—

322 2304 469 2351 ligimus
486 2333 494 2348 ,
523 2306 624 2353 quod
649 2319 737 2341 vere
759 2310 914 2342 Domini
942 2319 994 2343 est
1011 2313 1126 2352 salus,
1148 2319 1182 2345 et
1206 2325 1317 2359 saper

317 2365 497 2409 populum
519 2373 617 2398 enum
638 2364 841 2400 benedictio
862 2377 925 2401 lua
941 2366 965 2402 3.
990 2368 1157 2416 Ideoque
1179 2371 1316 2405 oratio-

323 2434 388 2456 nes
412 2430 574 2467 nostras,
594 2432 699 2468 vota,
720 2432 756 2459 et
776 2426 968 2470 sacrificia,
987 2435 1023 2462 et
1045 2428 1170 2463 omnia
1191 2437 1316 2464 nostra

323 2480 517 2515 offerimus
533 2480 611 2525 tibi,
626 2485 747 2525 Pater,
763 2483 910 2519 assidue
932 2497 1000 2532 per
1019 2487 1221 2522 Dominum
1245 2500 1316 2523 no-

323 2547 441 2574 strum
463 2543 588 2576 Jesum
611 2541 797 2577 Christum
818 2543 952 2578 Filium
976 2551 1100 2590 tuum;
1122 2546 1316 2582 credentes

1382 1901 1476 1932 novit
1495 1899 1643 1941 Filium,
1667 1902 1739 1932 m'si
1761 1897 1923 1943 I'ater·⁵;
1943 1906 1980 1933 et
1999 1898 2094 1934 sicut
2112 1897 2266 1946 Spiritui
2285 1909 2370 1933 san-

1382 1965 1442 1992 cto
1471 1956 1562 1992 nihil
1591 1965 1645 1993 est
1673 1956 1774 1993 aliud
1805 1969 1934 2002 nosse,
1963 1958 2021 1994 vel
2047 1956 2371 2006 comprehendere

1383 2019 1529 2052 Patrem
1547 2024 1583 2052 et
1601 2017 1753 2061 Filium,
1773 2030 1886 2065 quam
1910 2017 1982 2053 hoc
2001 2030 2081 2053 esse
2104 2014 2206 2066 quod
2223 2024 2278 2052 est
2298 2020 2372 2054 Pa-

1385 2082 1439 2110 ter
1459 2083 1496 2111 et
1515 2076 1629 2112 Filius
1650 2089 1656 2111 :
1682 2075 1731 2111 ita
1754 2074 1864 2112 nobis
1881 2075 1973 2125 (qui
1989 2075 2033 2112 ad
2052 2076 2252 2126 imaginem
2268 2085 2370 2113 tuam

1384 2133 1524 2170 conditi
1545 2147 1695 2179 sumus,
1715 2142 1752 2170 et
1769 2133 1815 2170 ab
1836 2135 1896 2170 illa
1918 2147 1986 2183 per
2005 2134 2123 2172 Adam
2146 2135 2368 2179 inveterati,

1384 2205 1452 2242 per
1484 2194 1672 2230 Christum
1705 2193 1750 2230 ad
1781 2194 1884 2230 illam
1914 2207 2142 2230 renovamur
2170 2194 2216 2231 de
2246 2195 2306 2231 die
2331 2195 2371 2231 in

1383 2252 1501 2301 diem)
1523 2252 1735 2289 amantibus
1754 2256 1874 2289 Deum
1896 2253 1986 2288 nihil
2008 2253 2053 2288 sit
2070 2252 2171 2289 aliud
2191 2266 2316 2290 amare
2335 2261 2372 2290 et

1383 2311 1514 2346 timere
1534 2314 1666 2354 Deum,
1685 2320 1721 2347 et
1737 2311 1911 2347 mandata
1929 2311 2009 2360 ejus
2022 2311 2237 2357 observare,
2256 2325 2367 2361 quam

1382 2381 1480 2412 esse,
1511 2378 1548 2404 et
1574 2383 1690 2405 unum
1722 2370 1893 2419 spiritum
1920 2383 2004 2406 cum
2033 2373 2111 2406 Deo
2131 2383 2221 2407 esse.
2246 2374 2368 2407 Deum

1383 2429 1481 2464 enim
1512 2429 1642 2465 timere
1656 2458 1665 2474 ,
1685 2438 1720 2465 et
1741 2429 1915 2465 mandata
1939 2429 2020 2477 ejus
2049 2429 2272 2475 observare,
2298 2430 2368 2465 hoc

1382 2495 1437 2522 est
1455 2489 1577 2523 omnis
1597 2488 1711 2524 homo
1725 2487 1752 2523 5.
1776 2488 1996 2533 Adorande,
2019 2489 2233 2535 tremende,
2249 2488 2369 2525 bene-

1384 2544 1560 2591 dicende,
1583 2547 1628 2583 da
1651 2561 1735 2583 eum
1759 2546 1879 2583 nobis.
1899 2549 2219 2595 Emitte-spiritum
2243 2558 2366 2592 mum,

323 2606 360 2632 et
380 2598 629 2646 intelligentes
648 2613 693 2635 ex
717 2609 750 2636 te
764 2629 773 2644 ,
793 2615 812 2637 a
833 2610 886 2647 te,
904 2611 940 2638 et
959 2603 1003 2638 ad
1024 2611 1058 2639 te
1072 2633 1080 2649 ‚
1103 2617 1170 2653 per
1189 2605 1311 2654 ipsum
1333 2609 1365 2642 D
1382 2613 1418 2638 et
1434 2605 1666 2650 creabuntur,
1692 2616 1726 2641 et
1751 2606 1940 2641 renovabis
1951 2604 2091 2652 faciem
2115 2615 2224 2641 terroe
2234 2605 2261 2642 ⁶.
2284 2609 2368 2643 Non

324 2655 432 2693 nobis
447 2670 539 2703 esse,
554 2658 737 2707 quidquid
753 2659 862 2696 nobis
879 2660 974 2698 bene
988 2670 1056 2706 est,
1072 2676 1091 2698 a
1103 2676 1178 2711 quo
1193 2663 1315 2712 ipsum

324 2728 403 2751 esse
420 2716 614 2754 habemus.

382 2775 438 2810 17.
469 2777 560 2821 Quae
587 2777 712 2812 omnia
737 2790 804 2825 per
823 2777 1210 2816 subministrationem
1230 2783 1315 2830 Spi-

324 2832 416 2868 ritus
436 2835 552 2869 sancti
579 2836 630 2870 tui
648 2835 850 2873 habitantis
871 2837 905 2872 in
930 2838 1038 2874 nobis
1054 2839 1241 2876 credimus
1254 2870 1262 2885 ‚
1279 2849 1316 2876 et

324 2892 568 2940 intelligimus
582 2923 590 2938 ‚
611 2904 794 2943 quantum
824 2896 1030 2945 intelligere
1058 2898 1110 2934 fas
1131 2907 1204 2944 est;
1223 2901 1286 2948 qui
1304 2928 1313 2944 ‚

323 2960 363 2986 ut
385 2952 523 2988 dictum
551 2963 626 2998 est,
648 2956 876 2991 confirmans
897 2955 988 2999 sibi,
1018 2965 1055 2994 et
1077 2958 1209 2993 uniens
1236 2960 1314 3008 spi-

325 3010 437 3046 ritum
468 3021 660 3058 nostrum,
678 3016 794 3062 spirat
820 3016 855 3050 in
881 3015 1013 3061 nobis,
1035 3017 1187 3065 quando
1212 3019 1314 3064 vult,

323 3070 517 3117 quomodo
550 3072 629 3107 vult
643 3100 652 3116 ‚
687 3082 869 3121 quantum
903 3075 982 3110 vult
1008 3090 1015 3111 :
1048 3075 1156 3124 cujus
1187 3090 1315 3113 sumus

323 3128 464 3163 factura
478 3156 486 3171 ‚
510 3130 622 3165 creati
644 3130 680 3165 in
702 3130 881 3178 operibus
902 3131 1012 3169 bonis
1025 3161 1034 3177 ‚
1052 3135 1216 3170 existens
1232 3148 1315 3171 san-

372 3267 378 3281 ¹
405 3264 494 3292 Prov.
520 3273 592 3295 uit.
630 3267 678 3294 18,
711 3283 752 3286 ἢ
785 3271 796 3285 ²
829 3266 905 3295 Psnl.
934 3277 1045 3298 sxrni.
1080 3271 1129 3296 15.
1159 3286 1198 3289 —
1227 3266 1331 3299 fluat.
1350 3279 1401 3300 nt.
1424 3272 1455 3298 9.

323 3311 338 3330 s'
355 3314 429 3343 tuat.
449 3325 516 3346 mn.
542 3318 593 3343 2⁴),

1382 2664 1480 2698 enim
1513 2664 1549 2699 in
1583 2664 1724 2700 diluvio
1747 2678 1927 2713 aquarum
1957 2665 2181 2711 multarum,
2200 2664 2236 2701 id
2253 2672 2309 2702 est
2331 2665 2368 2701 in

1382 2723 1664 2771 perturbatione
1695 2732 1731 2759 et
1758 2723 1979 2760 confusione
2016 2722 2259 2759 affectionum
2294 2731 2368 2759 tam

1381 2783 1601 2827 multarum,
1633 2792 1704 2819 tam
1730 2783 1985 2826 diversarum,
2011 2782 2057 2818 ad
2082 2786 2203 2819 Deum
2225 2794 2368 2831 appro-

1381 2841 1590 2877 ximabunt.
1622 2846 1704 2878 Jam
1735 2843 1843 2887 satis,
1879 2842 2058 2886 Domine,
2088 2841 2239 2877 duravit
2267 2849 2369 2876 cata-

1382 2900 1545 2947 clysmus
1577 2901 1665 2945 iste,
1694 2914 1803 2950 poena
1833 2901 1995 2936 liliorum
2016 2900 2118 2936 Adae.
2139 2899 2272 2937 Adduc
2291 2899 2369 2949 spi-

1384 2959 1496 2995 ritum
1531 2972 1644 3007 super
1675 2969 1810 2996 terram
1845 2974 1852 2995 :
1884 2959 2034 2995 recedat
2067 2965 2192 3004 mare,'
2220 2958 2369 2995 recedat

1381 3018 1545 3065 antiquae
1569 3018 1819 3053 damnationis
1842 3018 2009 3066 salsugo,
2034 3026 2069 3054 et
2091 3025 2270 3066 appareat
2288 3016 2367 3053 ari-

1381 3076 1449 3122 da,
1473 3077 1612 3112 fontem
1635 3077 1721 3112 vitae
1743 3077 1880 3112 sitiens.
1906 3077 2034 3112 Veniat
2060 3075 2232 3113 columba
2253 3075 2368 3125 Spiri—

1382 3144 1440 3171 tus
1455 3144 1604 3172 sanctus
1616 3165 1625 3182 ‚
1646 3136 1804 3185 expulso
1821 3136 2013 3172 teterrimo
2030 3136 2135 3180 alite,
2154 3143 2190 3170 et
2205 3134 2370 3171 cadave-

1486 3286 1527 3290 >--
1549 3269 1562 3293 ⁶¹
1593 3267 1706 3299 Matth.
1738 3280 1785 3303 xi,
1820 3272 1874 3299 27.
1904 3287 1946 3292 —-
1973 3267 1986 3289 5
2015 3269 2114 3299 Recte.
2146 3280 2214 3303 xit.
2245 3272 2295 3300 13.
2324 3286 2367 3291 -
