2504 3928
336 214 432 251 1253

333 352 443 384 ΙΕΙἹῚΙΙ
467 354 656 395 ΙΝἿῚΊΙῘΙΙΙΗ
681 358 687 378 ἶ

333 408 423 449 mei,
447 414 483 440 ut
506 418 573 453 pro
594 404 711 439 salute
729 401 874 450 generis
893 401 1045 437 humani
1061 415 1202 438 sumam
1224 415 1315 450 sup—

332 466 484 514 plicium
506 463 637 499 crucis.
661 465 707 498 [lt
724 474 812 509 ergo
831 460 992 496 mundus
1011 469 1208 510 eognoscat
1227 461 1315 510 quia

331 525 444 572 diligo
466 527 631 565 Patrem,
651 519 751 568 quod
771 520 858 555 mihi
884 519 1097 555 mandatum
1119 520 1242 563 dedit,
1267 520 1315 555 fa-

331 583 388 616 cio
407 580 511 617 illud.
536 584 614 615 lloc
634 588 687 614 est
709 578 812 627 quod
835 577 964 617 beatus
978 579 1178 628 Apostolus
1191 578 1284 614 dixit
1306 593 1313 613 :

331 644 468 675 Factus
498 649 550 674 me
577 639 748 674 obediens
775 637 874 673 l’atri
908 651 1020 684 usquc
1051 640 1104 672 ad
1134 646 1284 672 marte-m
1304 665 1314 680 ‚

332 710 482 735 [nortem
510 708 631 733 aulem
660 702 816 732 craris'.
843 697 1020 745 Sequitur
1041 710 1048 731 :
1071 700 1231 744 Singae,
1252 710 1319 730 ca-

333 775 412 795 mus
439 761 534 794 hinc.
557 757 688 793 Adhuc
720 765 797 792 erat
828 757 863 792 in
889 757 970 792 loco
993 756 1056 792 ubi
1080 754 1319 791 discubuerat

333 832 416 854 cum
442 816 631 865 discipulis
663 815 738 851 suis
758 830 764 851 :
788 814 888 851 unde
921 814 1240 851 discumbentibus
1260 813 1319 848 di-

334 878 406 921 xit,
423 880 567 924 Surgits·
582 904 592 919 ,
612 888 740 909 eamus
758 874 864 917 ltine,
881 873 927 909 ad
951 874 1073 909 locum
1097 873 1133 908 in
1154 886 1229 921 quo
1250 881 1320 907 tra-

333 936 479 972 dendus
505 948 585 971 sum
619 935 656 970 in
694 942 865 969 mortem.
898 936 978 969 Non
1000 941 1055 968 est
1084 932 1142 968 hic
1167 931 1320 967 ulterius

328 997 406 1045 jam
427 994 631 1032 sedendum
650 1021 659 1037 ‚
683 993 860 1042 pra’teriit
887 1001 1032 1040 tempus
1051 990 1294 1040 requietionis
1308 1017 1318 1034 ‚

1132 210 1194 245 OG
1204 211 1299 245 titul
1329 209 1489 245 SERMO
1521 210 1551 244 X
2263 208 2358 244 1244

331 291 413 326 wni
437 289 638 325 moriturus
662 285 696 320 in
716 283 917 327 mundum,
939 292 978 319 ut
1001 293 1119 320 morte
1140 298 1220 320 mea
1239 284 1306 320 de-
1319 283 1367 301 ¹²²⁰

1379 292 1413 319 et
1428 283 1658 330 germinant,
1674 290 1710 317 et
1729 281 1879 318 botrum
1899 282 2115 330 producunt
2130 282 2337 320 dulcedinis
2353 300 2360 319 ;

716 344 792 378 haec
813 351 865 378 est
885 342 983 378 enim
1005 343 1176 379 voluntas
1199 343 1316 379 Patris
1334 346 1361 378 A
1385 342 1445 378 alii
1476 355 1513 376 se
1547 354 1613 389 per
1642 340 1874 376 latitudinem
1909 341 2082 377 foliorum
2117 342 2360 391 expandunt,

1381 398 1699 449 pulchritudinem
1723 399 1916 448 cupientes
1936 399 2074 436 habere
2106 408 2247 436 tantum
2275 401 2363 437 viri—

1381 460 1518 495 ditatis.
1542 463 1680 495 Omnes
1708 458 1771 507 qui
1801 459 1839 494 in
1871 459 2062 495 sterilitate
2084 460 2306 508 persistunt,
2328 469 2365 496 et

1380 519 1443 567 qui
1466 532 1532 567 per
1550 517 1782 554 latitudinem
1804 518 1882 554 sine
1906 518 2028 554 fructu
2047 532 2084 555 se
2103 519 2275 554 foliorum
2294 532 2363 554 ex—

1382 578 1572 627 pandunt,
1608 586 1775 626 tempore
1809 578 2036 626 putationis,
2071 578 2100 614 si
2132 581 2232 614 Deus
2260 582 2366 614 Pater

1383 637 1464 672 illos
1487 637 1565 671 siue
1586 636 1708 671 fructu
1738 635 1946 680 invenerit,
1969 634 2162 672 abscindet
2181 649 2201 671 a
2218 636 2310 681 vite,
2330 644 2366 671 et

1383 696 1418 730 in
1442 695 1563 744 ignem
1587 694 1724 739 mittet,
1743 693 1990 730 etardebunt.

1443 754 1451 788 l
1470 756 1497 788 l.
1520 753 1590 789 Sed
1614 753 1767 789 forsitan
1799 761 1902 788 tuum
1923 753 2087 788 animum
2107 753 2246 802 pulsat,
2264 765 2367 800 quo-

1385 812 1497 848 modo
1527 812 1591 860 qui
1623 811 1694 848 lide
1716 812 1862 848 Christo
1890 812 2099 857 adhaerent,
2125 811 2292 848 abscindi
2320 811 2366 847 ab

1387 872 1465 920 ipso
1482 871 1694 919 contingat,
1712 884 1796 906 cum
1814 871 1936 906 omnis
1950 871 2014 919 qui
2029 871 2191 906 adhaeret
2207 869 2367 914 Christo,

1386 943 1483 966 unus
1503 930 1655 978 spiritus
1687 930 1734 965 sit
1759 942 1843 965 cum
1876 929 1963 965 illo?
1993 929 2122 974 Lude,
2150 937 2191 964 ut
2210 928 2281 964 hoc
2302 927 2367 964 tibi

1386 990 1467 1025 luce
1497 989 1630 1024 clarius
1661 997 1828 1033 constet,
1866 996 1900 1024 te
1932 988 2026 1024 scire
2060 995 2232 1037 oportet,
2265 987 2368 1035 quod

333 1064 369 1090 et
388 1068 473 1090 ecce
494 1063 640 1102 tempus
662 1052 807 1088 festinat
822 1051 1013 1101 passionis.
1037 1051 1182 1098 Sui-gite
1202 1058 1238 1085 et
1257 1062 1320 1084 ve-
1339 1048 1366 1081 B
1387 1047 1477 1084 fides
1500 1048 1740 1096 distinguitur
1755 1061 1822 1097 per
1840 1047 2006 1083 diversas
2027 1047 2282 1096 proprietates.
2302 1045 2368 1082 Di-

335 1114 411 1149 nite
433 1121 517 1162 post
534 1126 603 1148 me.
627 1115 684 1147 Me
704 1111 802 1146 enim
821 1109 1089 1159 praecedentem
1107 1108 1152 1144 ad
1174 1108 1317 1157 passio-

337 1185 421 1208 nem
444 1171 548 1219 sequi
574 1170 736 1213 debetis,
759 1170 845 1218 quia
870 1181 940 1217 ego
963 1182 1043 1204 sum
1064 1169 1170 1213 vitis,
1197 1177 1234 1204 et
1254 1180 1320 1204 vos

335 1231 518 1280 palmites.
546 1234 620 1277 Ego
639 1243 719 1265 sum
743 1237 855 1277 caput
880 1237 1044 1264 vestrum
1064 1227 1230 1275 ejusdem
1256 1240 1320 1262 na-

683 1303 690 1324 :
718 1297 753 1324 et
781 1288 902 1336 capite
936 1288 1160 1335 languente,
1190 1295 1322 1323 caetera

339 1347 506 1384 membra
529 1347 731 1383 condolent
758 1346 960 1393 languenti.
982 1345 1194 1381 Secundum
1219 1344 1323 1392 quod

336 1420 416 1442 sum
438 1406 571 1448 homo,
591 1418 672 1441 sum
693 1413 806 1453 caput
824 1404 1014 1449 Ecclesiae;
1035 1412 1072 1439 et
1092 1403 1175 1439 ideo
1196 1402 1323 1439 vobis-

337 1479 421 1502 cum
441 1464 608 1513 ejusdem
633 1472 788 1499 naturae.

392 1522 448 1558 10.
482 1524 562 1570 Ego
581 1535 660 1556 sum
684 1526 769 1556 vitis
791 1534 883 1556 vera
904 1534 913 1554 :
932 1533 1008 1556 non
1032 1521 1094 1556 illa
1115 1532 1198 1568 quae
1218 1531 1324 1555 versa

335 1590 388 1617 est
415 1582 453 1617 in
483 1580 792 1624 amaritudinem,
823 1591 905 1627 qua:
924 1587 966 1615 ut
991 1579 1127 1615 faceret
1146 1591 1237 1615 uvas
1257 1591 1324 1614 ex-

337 1641 569 1691 spectabam,
593 1649 629 1676 et
647 1640 733 1675 fecit
750 1647 912 1687 agrestes
929 1638 1129 1676 labruscas.
1148 1642 1226 1687 Ego
1240 1650 1321 1674 sum

338 1701 526 1736 odorifera
554 1700 658 1745 vitis,
686 1698 980 1747 pulchritudinis
1012 1699 1136 1743 mirae,
1169 1696 1324 1733 floribus

339 1759 497 1795 secunda
511 1787 520 1804 ‚
557 1759 649 1794 dans
686 1757 838 1794 botrum
881 1757 1137 1794 dulcissimum
1181 1755 1324 1792 eunctis

338 1300 430 1327 turae
459 1289 650 1325 vobiscum

1389 1108 1484 1143 citur
1510 1107 1600 1143 fides
1619 1115 1764 1142 mortua
1779 1134 1789 1151 ,
1813 1106 1903 1143 fides
1934 1108 2014 1142 licta
2028 1134 2038 1151 ,
2062 1105 2151 1142 fides
2172 1117 2368 1154 perversa,

1386 1166 1478 1202 fides
1506 1174 1617 1202 recta.
1636 1171 1775 1203 Omnes
1803 1166 1901 1202 enim
1934 1165 2104 1201 homines
2133 1166 2169 1200 in
2191 1178 2237 1200 eo
2266 1163 2369 1213 quod

1387 1225 1584 1262 Christiani
1603 1233 1794 1270 vocantur,
1812 1225 1958 1262 Christo
1974 1224 2164 1260 adhaerere
2177 1224 2365 1259 dicuntur.

1387 1286 1429 1319 In
1459 1297 1504 1318 eo
1524 1283 1625 1331 quod
1647 1284 1844 1321 Christiani
1866 1292 1974 1329 sunt,
2008 1283 2116 1319 fidem
2147 1282 2283 1320 Christi
2305 1282 2370 1317 ha-

1388 1340 1477 1377 bere
1499 1342 1705 1377 creduntur
1723 1356 1730 1377 :
1747 1343 1811 1378 sed
1828 1342 2076 1390 quorumdam
2095 1350 2262 1386 mortua,
2279 1354 2372 1389 quo-

1389 1399 1559 1435 rumdam
1577 1401 1677 1444 licta,
1700 1400 1948 1448 quorumdam
1971 1413 2164 1449 perversa,
2187 1412 2370 1448 quorum-

1389 1457 1472 1493 dam
1500 1458 1691 1493 catholica.
1709 1461 1751 1494 In
1783 1458 1903 1506 prima
1922 1457 2073 1506 superbi
2102 1466 2139 1494 et
2167 1457 2368 1500 luxuriosi,

1388 1516 1557 1563 pecuniae
1586 1515 1734 1564 cupidi,
1765 1516 1884 1560 sures,
1907 1517 2072 1553 latrones
2092 1524 2129 1552 et
2155 1516 2216 1552 alii
2237 1514 2371 1563 huJus-

1389 1573 1500 1610 modi.
1520 1577 1561 1610 In
1581 1574 1744 1611 secunda
1763 1584 1850 1611 sunt
1865 1588 1940 1611 non
1963 1575 2181 1611 obedientes
2201 1573 2372 1624 patribus

1387 1633 1666 1682 spiritualibus;
1691 1634 1825 1684 ingrati
1845 1634 1891 1670 de
1912 1635 2020 1672 donis
2051 1633 2262 1670 coelestibus
2276 1661 2285 1678 ‚
2308 1633 2373 1682 qui

1389 1701 1476 1728 sunt
1496 1693 1575 1730 sinc
1596 1693 1792 1730 affectione
1814 1694 1975 1730 fraterna
1988 1722 1996 1738 ‚
2014 1694 2092 1730 sine
2113 1706 2202 1743 pace
2219 1692 2374 1728 charita-

1391 1751 1456 1795 tis,
1486 1752 1640 1788 fratrum
1671 1753 1948 1797 criminatores,
1982 1753 2046 1788 irae
2075 1752 2373 1795 incontinentes,

338 1817 554 1867 palmitibus
585 1817 676 1853 meis
708 1815 946 1852 manentibus
974 1817 1011 1852 in
1042 1829 1114 1852 me.
1143 1819 1220 1864 Ego
1240 1828 1321 1850 sum
1344 1815 1370 1851 C
1390 1810 1624 1859 voluptatum
1645 1819 1830 1847 amatores
1851 1811 1965 1859 magis
1982 1824 2093 1859 quam
2119 1810 2209 1855 Dei,
2229 1809 2375 1845 haben-

336 1878 423 1913 vitis
451 1878 521 1913 tale
550 1889 732 1925 generans
767 1877 918 1921 vinum,
947 1876 1050 1924 quod
1079 1876 1239 1911 laetilicat
1259 1887 1324 1910 cor

337 1936 512 1972 hominis.
535 1939 611 1984 Ego
641 1948 722 1971 sum
754 1935 840 1971 vitis
875 1935 1069 1984 proprium
1105 1934 1323 1982 sanguinem

338 1995 458 2030 libans
489 1999 567 2031 Deo
596 1995 694 2031 Patri
723 2007 793 2043 pro
814 1996 932 2032 salute
962 1994 1094 2043 populi
1129 1993 1212 2029 mei.
1246 1996 1324 2041 Ego

338 2067 418 2088 sum
438 2053 524 2089 vitis
542 2053 694 2089 florens.
719 2056 796 2101 Ego
816 2066 897 2089 sum
918 2052 1005 2088 vitis
1021 2051 1199 2088 frondens
1212 2080 1221 2095 ,
1238 2051 1325 2088 vitis

339 2105 590 2149 fructificans,
617 2118 694 2141 non
725 2118 836 2153 egens
865 2104 1094 2141 adminiculo
1123 2103 1237 2148 ulmi,
1258 2116 1326 2139 nec

340 2165 448 2200 ullius
480 2165 620 2200 auxilio
650 2165 753 2213 ligni.
780 2168 858 2213 Ego
879 2177 959 2200 sum
991 2163 1096 2207 vitis,
1133 2176 1208 2199 non
1229 2163 1326 2199 culta

339 2223 386 2259 ab
408 2224 579 2266 homine,
605 2223 669 2258 sed
693 2236 712 2259 a
741 2227 821 2260 Deo
843 2226 973 2259 Patre:
995 2235 1070 2257 non
1093 2230 1233 2257 tantum
1256 2235 1325 2257 ex-

341 2283 455 2317 terius
469 2296 536 2331 per
551 2283 733 2318 culturam
749 2311 758 2323 ,
774 2281 838 2318 sed
852 2282 961 2318 etiam
979 2281 1134 2317 interius
1155 2294 1221 2329 per
1239 2293 1326 2328 gra-

341 2341 427 2376 tiam
453 2355 459 2375 :
487 2354 561 2376 non
585 2349 726 2376 tantum
753 2349 857 2376 extra
878 2339 1091 2388 operando,
1119 2338 1183 2375 sed
1214 2339 1324 2374 etiam

342 2398 499 2433 interius
516 2398 785 2433 incrementum
808 2397 944 2432 dando.
968 2396 1137 2432 Christus
1157 2403 1211 2432 est
1227 2395 1325 2439 vitis,

340 2457 375 2492 in
398 2470 473 2504 quo
491 2465 546 2492 est
567 2464 665 2491 totus
683 2456 831 2498 humor,
853 2455 977 2499 idest,
996 2455 1117 2490 omnis
1132 2454 1327 2503 plenitudo

341 2516 501 2564 Spiritus
524 2515 640 2551 sancti
658 2514 903 2563 corporaliter
925 2528 932 2548 :
955 2513 1127 2562 palmites
1147 2512 1227 2560 ejus
1243 2520 1329 2548 sunt

1391 1877 1443 1906 tes
1463 1870 1623 1918 speciem
1643 1870 1809 1919 pietatis,
1832 1870 2008 1906 virtutem
2034 1871 2113 1918 ejus
2133 1868 2371 1917 abnegantes.

1389 1931 1431 1964 In
1460 1929 1567 1965 tertia
1593 1938 1680 1965 sunt
1707 1929 1889 1971 haeretici,
1911 1937 2042 1964 contra
2064 1932 2181 1965 Deum
2199 1927 2308 1972 elati,
2328 1927 2374 1963 de

1390 1988 1465 2024 suis
1495 1986 1687 2023 erroribus
1717 1986 1888 2036 superbi,
1921 1987 1958 2023 in
1991 1991 2112 2023 Deum
2142 1986 2374 2035 blasphemi,

1390 2060 1457 2096 per
1483 2047 1609 2082 omnia
1641 2047 1720 2082 aliis
1740 2045 1944 2082 deteriores
1968 2054 2004 2082 et
2029 2045 2270 2082 scelestiores.
2289 2047 2376 2081 Om-

1391 2119 1456 2142 nes
1479 2105 1537 2141 isti
1554 2105 1775 2141 conculcant
1793 2104 1997 2141 Dominum
2019 2108 2145 2141 Jesum
2163 2103 2349 2140 Christum
2363 2129 2374 2147 ‚

1391 2173 1427 2201 et
1457 2164 1674 2212 sanguinem
1715 2163 1820 2199 istius
1855 2163 2077 2199 dulcissimae
2110 2162 2196 2198 vitis
2234 2161 2377 2197 ducunt

1392 2223 1591 2272 pollutum.
1614 2226 1655 2259 In
1677 2222 1749 2258 fide
1769 2222 1953 2258 catholica
1973 2231 2060 2258 sunt
2079 2222 2206 2266 mites,
2230 2221 2375 2270 patien-

1394 2291 1464 2327 tes,
1484 2282 1686 2324 mansueti,
1708 2282 1889 2327 humiles,
1911 2281 2094 2330 virgines,
2117 2281 2230 2323 casti,
2253 2280 2376 2316 conti-

1392 2350 1539 2386 nentes,
1568 2341 1767 2377 dilectores
1799 2341 1866 2377 Dei
1903 2349 1939 2376 et
1972 2340 2154 2388 proximi3
2187 2339 2232 2375 ad
2263 2352 2376 2375 omne

1393 2412 1489 2447 opus
1522 2398 1662 2435 bonum
1697 2400 1838 2447 parati,
1869 2406 2126 2447 exspectantes
2147 2397 2376 2445 redemptio-

1394 2471 1477 2493 nem
1505 2457 1665 2493 liliorum
1687 2457 1766 2493 Dei.
1788 2460 1828 2493 In
1862 2457 1995 2492 horum
2019 2468 2176 2491 numero
2209 2467 2276 2490 nos
2298 2458 2376 2490 Do-

1396 2517 1518 2552 minus
1542 2525 1760 2565 computare
1792 2516 1977 2564 dignetur.
2000 2514 2114 2551 Valde
2134 2514 2232 2550 enim
2247 2542 2256 2558 ,
2279 2513 2375 2549 dile-

339 2574 531 2623 Apostoli,
553 2582 591 2609 ct
609 2587 740 2609 omncs
761 2573 824 2621 qui
847 2573 878 2608 ei
908 2572 978 2607 lide
1002 2571 1206 2607 adhaercnt.
1226 2574 1329 2607 Hanc
1344 2581 1376 2614 D
1393 2575 1544 2610 ctissimi
1562 2602 1570 2618 ‚
1604 2575 1734 2610 timere
1764 2574 1941 2610 debemus
1973 2574 2042 2609 hoc
2069 2573 2171 2621 quod
2192 2572 2376 2609 Dominus

340 2634 450 2669 vitem
467 2661 476 2677 ,
497 2633 530 2668 id
548 2642 603 2669 est
617 2662 625 2678 ,
645 2632 778 2669 Christi
796 2633 995 2667 humanam
1014 2639 1183 2666 naturam
1196 2659 1205 2675 ,
1225 2634 1324 2666 Deus

342 2696 447 2728 Pater
469 2692 663 2727 mundavit
686 2691 854 2726 faciendo
877 2691 1081 2725 immunem
1100 2702 1120 2724 a
1144 2688 1323 2737 peccatis,

339 2761 375 2788 et
399 2752 524 2787 dando
547 2752 702 2787 virtutes
721 2765 727 2786 :
753 2751 803 2786 sic
826 2750 912 2786 facit
931 2758 966 2785 et
985 2747 1219 2798 palmitibus,
1241 2749 1327 2784 licet

339 2824 414 2846 non
446 2811 600 2846 omnino
630 2810 724 2845 sicut
750 2818 786 2845 et
815 2809 974 2845 Christo.
1000 2807 1109 2845 L'nde
1136 2806 1325 2855 sequitur:

343 2874 496 2904 (htmem
519 2873 714 2917 palmitem
744 2873 779 2903 in
802 2882 859 2903 me
878 2881 950 2902 non
963 2865 1147 2913 serentem
1161 2864 1327 2912 finctum

339 2934 441 2964 tollet
456 2944 535 2964 eum
556 2945 566 2964 :
587 2939 620 2964 ct
639 2943 782 2963 omnem
799 2927 949 2976 (licifert
962 2926 1139 2974 sriawum,
1152 2925 1331 2974 purgabit

342 3003 425 3023 erim
442 3016 450 3030 ,
473 2998 509 3023 ul
524 2987 688 3034 fructum
707 2992 792 3035 plus
814 2985 962 3033 asserat.
989 2989 1128 3023 Omnes
1147 2985 1245 3020 enin]
1267 2983 1330 3032 qui

345 3048 492 3084 Christo
511 3047 703 3083 adha‘rent
725 3047 796 3082 lide
811 3076 819 3091 ,
843 3054 928 3082 sunt
948 3045 1117 3094 palmites
1140 3052 1332 3079 manentes

348 3107 383 3141 in
405 3106 564 3150 Christo,
594 3106 781 3141 salutifera
810 3106 897 3140 vite.
918 3104 988 3140 Sed
1013 3104 1072 3139 alii
1095 3103 1233 3138 faciunt
1254 3103 1333 3137 fru-

346 3174 446 3200 ctum
475 3180 480 3199 :
507 3166 566 3200 alii
602 3166 636 3201 in
658 3165 849 3200 sterilitate
873 3163 1088 3212 persistunt.
1109 3161 1180 3199 Alii
1199 3161 1335 3197 florent

392 3296 398 3309 ¹
421 3290 552 3331 Philipp.
570 3302 592 3320 1¹
607 3315 613 3322 ,
633 3295 661 3319 8.

1390 2636 1496 2669 Jcsus
1517 2633 1625 2668 dicit:
1653 2636 1806 2668 Omnem
1820 2635 2016 2680 palmitem
2037 2637 2074 2667 iu
2093 2645 2150 2667 me
2166 2629 2377 2678 nonferen-

1392 2701 1461 2727 tem
1470 2690 1636 2739 fructum
1651 2720 1661 2735 ,
1683 2695 1783 2727 tollet
1803 2706 1895 2727 eum.

1425 2767 1428 2770 ·
1450 2751 1504 2787 1⁴2.
1524 2755 1605 2788 Non
1627 2751 1857 2788 confidamus
1875 2764 1977 2800 ergO,
1999 2752 2130 2788 fratres
2152 2750 2376 2796 charissimi,

1395 2818 1536 2845 tantum
1567 2810 1603 2845 in
1628 2810 1823 2846 latitudine
1856 2811 2056 2855 foliorum,
2083 2811 2118 2846 in
2149 2810 2378 2859 expansione

1395 2881 1607 2913 ramorum,
1636 2868 1672 2904 in
1696 2869 1883 2905 viriditate
1913 2868 2124 2915 frondium3
2147 2869 2232 2917 quia
2250 2868 2319 2904 nisi
2339 2868 2377 2903 in

1395 2926 1503 2962 vinea
1537 2926 1688 2961 Domini
1718 2927 1914 2964 fecerimus
1947 2927 2132 2972 fructum,
2160 2926 2379 2963 excidemur

1396 2985 1486 3021 etin
1515 2985 1636 3033 ignem
1668 2986 1870 3021 mittemur.
1892 2990 1950 3022 An
1981 2986 2180 3034 ignoratis,
2200 2984 2378 3022 amantis-

1397 3043 1478 3079 simi
1512 3044 1601 3088 πηοί,
1632 3043 1733 3092 quod
1761 3044 1926 3080 esuriens
1955 3044 2137 3080 Dominus
2163 3043 2255 3079 vidit
2273 3056 2379 3079 secus

1397 3102 1494 3138 viam
1530 3103 1726 3138 ficulneam
1760 3116 1929 3151 magnam
1960 3103 2069 3139 latam
2095 3111 2131 3138 et
2156 3102 2378 3150 spatiosam,

1399 3161 1597 3198 habentem
1620 3162 1704 3197 folia
1724 3170 1759 3197 et
1786 3161 1958 3206 frondes,
1982 3161 2045 3209 qui
2067 3161 2103 3196 in
2124 3172 2165 3196 ea
2184 3173 2258 3196 non
2281 3160 2381 3195 inve-
