2504 3928
310 203 405 238 lust)
1010 202 1297 238 INSTRUCTIO
1327 203 1640 245 SACERDOTIS,
2246 202 2343 238 1060

306 278 448 321 sidera,
478 279 625 314 intuere
658 273 880 312 mentalibus
907 276 1026 312 oeulis
1052 277 1290 314 eminentiam
1306 278 1439 323 ³⁵¹l1‘a,
1462 278 1602 326 inquit,
1637 280 1793 313 millium
1811 276 2071 312 ministrabant
2097 281 2153 319 ei,
2177 286 2210 313 et
2229 280 2350 314 ‹lm-im

307 347 404 373 tuam
422 366 430 381 ‚
458 338 575 385 rogita
600 335 884 385 praa-ogativam
909 343 1030 379 tuam,
1054 336 1138 371 vido
1153 345 1290 372 sortem
1310 339 1335 372 A
1360 347 1515 372 centena
1549 339 1668 371 millia
1702 335 1922 370 ‹as-,visuelmnt
1954 339 1988 370 ei
2005 334 2032 369 ⁸.
2063 337 2218 384 Semper
2251 338 2350 372 enim

307 405 419 432 tuam.
442 401 548 432 (lertc
569 397 677 431 l'unes
698 394 914 429 ceciderunt
935 393 1000 430 tibi
1023 395 1056 430 in
1080 396 1268 443 praeelaris
1287 424 1294 441 ,

307 456 335 490 si
359 455 611 491 lia-reditatem
639 463 738 489 tuam
761 454 999 503 praerlaram¹
1025 467 1100 490 non
1125 455 1292 503 negligis.

309 514 467 550 Attende
489 521 670 562 quantum
706 517 804 549 Deus
827 521 911 549 tuus
941 521 975 548 te
998 514 1151 557 extulit,
1178 527 1298 562 quan-

308 582 385 608 tum
408 586 484 621 pra:
514 571 691 607 omnibus
719 571 897 607 creaturis
917 571 1145 607 sublimavit.
1169 572 1298 608 Oratio

310 639 370 666 tua
402 631 541 666 munda
566 631 634 673 sit,
666 630 753 678 quia
779 629 890 666 datur
920 631 1024 667 locus
1050 630 1130 666 voci
1162 638 1234 666 tua·
1261 630 1297 665 in

307 691 423 734 rtrlo,
457 703 540 726 eum
573 690 642 725 rite
676 689 813 725 assistis
844 690 954 724 saeris
985 688 1182 734 altaribus,
1214 702 1298 724 eum

309 749 580 785 saiwtissinnnn
600 748 818 796 mysterium
841 747 1000 783 eoelestis
1019 747 1187 783 saerilieii
1208 747 1300 782 eele-

311 809 418 844 tuan-c
447 807 620 844 intendis.
648 807 704 844 Ad
735 820 865 843 rorem
893 815 992 842 tuam
1020 806 1225 854 prolatam,
1255 805 1300 841 ad

310 867 466 903 xerbum
485 875 589 903 tuum
608 867 812 911 vivificum,
829 866 874 902 ad
892 865 1182 914 postulationem
1202 873 1300 900 tuam

308 928 530 971 salutarem,
558 939 726 962 summus
757 929 886 967 Pater,
920 924 1027 973 eujus
1057 931 1148 960 nutu
1177 924 1302 959 omnia

310 986 540 1030 subsistunt,
559 999 670 1034 quem
699 985 954 1021 indesinenter
976 983 1127 1020 laudant
1147 983 1299 1031 Angeli,

1363 397 1512 446 Angeli,
1534 396 1619 431 lieet
1639 395 1711 430 sint
1731 394 2051 431 administratores
2067 395 2219 443 spiritus
2233 424 2242 440 ,
2262 397 2351 431 etin

1364 455 1611 490 ministerimn
1636 453 1737 489 missi
1759 461 1917 502 propter
1934 453 2078 501 eosqui
2101 454 2352 490 haercditatvm

1365 514 1516 562 capiunt
1546 513 1699 557 salutis,
1729 511 1857 547 vident
1885 520 2006 548 tamen
2045 512 2173 548 faciem
2209 513 2326 548 Patris
2344 541 2352 555 ,

1365 585 1512 620 semper
1528 572 1704 607 assistunt
1725 570 1842 606 vultui
1863 569 2085 618 majestatis,
2107 571 2143 606 in
2160 584 2271 619 quem
2289 571 2355 607 de·-

1366 631 1530 667 siderant
1559 630 1798 679 prospicere:
1822 629 2022 680 fruuntur,
2044 642 2112 665 nec
2140 629 2326 665 fastidiunt
2346 658 2355 673 ‚

1367 690 1429 738 qui
1448 702 1493 724 eo
1517 689 1630 736 magis
1652 688 1722 723 l'rui
1743 687 1884 724 sitiunt.
1910 692 2056 735 Quanta
2078 689 2158 724 luce
2178 689 2298 725 eredis
2323 696 2357 723 te

1367 747 1617 784 circumfundi
1633 777 1641 792 ,
1659 756 1784 783 sancte
1801 748 1988 793 sacerdos,
2005 748 2040 783 in
2059 748 2257 797 praesentia
2272 756 2355 783 tan—

1371 818 1415 844 tze
1436 807 1655 856 1naj‹=statis;
1680 808 1714 843 in
1739 815 1810 843 tam
1835 808 1991 843 solemni
2016 807 2179 843 adventu
2207 816 2244 842 et
2263 820 2355 842 cou-

1370 875 1484 902 ventu
1496 866 1685 902 'l'rinitatis
1697 895 1706 911 ,
1718 874 1753 901 et
1767 866 1879 902 totius
1890 866 2029 902 militize
2042 867 2223 902 coelestis?
2234 870 2357 913 Quan-

1369 935 1440 963 tam
1473 927 1631 962 aestimas
1655 926 1859 962 claritatem
1888 926 2038 971 adesse,
2068 934 2104 961 et
2138 926 2256 962 inesse
2291 926 2356 961 toti

1367 987 1480 1022 euriae
1500 986 1667 1021 coelesti?
1690 989 1842 1021 Tantam
1864 985 2039 1021 nimirum
2060 993 2237 1034 quantam
2262 986 2358 1020 ferre

311 1046 368 1081 cui
386 1044 551 1094 jubilant
567 1053 664 1080 astra
688 1044 890 1087 matutina,
911 1055 1022 1091 quem
1048 1042 1204 1078 adorant
1229 1046 1301 1077 Do·
1326 1041 1351 1074 B
1371 1059 1444 1081 uon
1468 1059 1615 1094 posses,
1639 1045 1706 1080 nisi
1726 1045 1843 1080 virtus
1860 1044 2036 1081 Altissimi
2061 1052 2131 1081 tuae
2153 1043 2358 1080 infirmitati

312 1105 554 1149 minutiones,
575 1116 688 1152 quem
716 1111 882 1139 tremunt
903 1105 1129 1145 Potestates3
1158 1102 1221 1150 qui
1243 1114 1302 1136 re-

313 1164 419 1213 spicit
448 1172 583 1199 terram
612 1171 647 1198 et
677 1162 761 1198 l'aeit
790 1174 870 1197 eam
895 1167 1101 1205 tremere‘,
1131 1160 1195 1208 qui
1222 1159 1305 1194 fecit

314 1223 494 1259 mirabilia
514 1235 646 1271 magna
667 1221 768 1257 solus
782 1220 793 1241 ³
811 1235 817 1256 2
839 1221 917 1268 ipse
932 1247 941 1264 ‚
960 1219 1112 1267 inquam
1127 1247 1137 1264 ,
1157 1227 1280 1254 tantus
1296 1247 1305 1262 ,

314 1292 386 1319 tam
408 1283 633 1325 immensus,
661 1280 917 1316 dulcissimum
942 1278 1075 1315 Filium
1103 1290 1210 1313 suum
1238 1277 1306 1312 de—

314 1343 442 1392 ponit,
465 1350 499 1377 et
524 1341 695 1377 manibus
721 1339 793 1375 tuis
813 1338 993 1387 imponit;
1017 1337 1237 1372 transmittit
1262 1335 1308 1371 ab

314 1401 521 1445 altissimis,
539 1408 574 1435 et
598 1399 721 1447 digitis
740 1398 811 1433 tuis
836 1396 1012 1432 immittit.
1040 1395 1094 1431 lbi
1124 1395 1306 1430 holocau-

315 1469 412 1496 stum
443 1467 547 1494 tuum
579 1458 717 1507 pingue
744 1457 784 1491 lit
802 1483 810 1499 ,
834 1456 917 1504 plus
940 1467 1053 1503 qnam
1075 1454 1111 1489 in
1144 1453 1308 1489 millibus

315 1531 496 1568 agnorum
519 1525 555 1553 et
577 1517 734 1552 arietum
755 1514 966 1563 pinguium.

369 1579 430 1614 22.
452 1577 611 1613 Multtnn
628 1575 728 1611 enim
746 1582 941 1623 acceptum
961 1573 1028 1608 fuit
1044 1585 1182 1608 munus
1200 1570 1308 1616 Abel,

315 1637 379 1673 scd
402 1649 476 1672 non
498 1635 546 1671 ita
569 1649 576 1670 ι
601 1634 760 1670 multum
782 1633 919 1682 placuit
940 1631 1162 1668 sacrificium
1185 1630 1310 1667 Abra-

316 1697 372 1732 hae
392 1694 631 1744 patriarehae,
656 1692 720 1728 sed
742 1704 817 1727 non
838 1690 933 1727 adeo
959 1705 965 1726 :
990 1690 1148 1726 multum
1168 1703 1306 1739 appro-

315 1755 402 1791 bata
417 1754 485 1790 suit
502 1753 642 1789 oblatio
659 1750 929 1788 Melchisedech
944 1779 953 1795 ,
972 1749 1036 1786 scd
1054 1750 1171 1785 multo
1189 1749 1311 1784 minus

1369 1104 1414 1140 ad
1437 1104 1629 1140 {erendum
1655 1102 1910 1139 obumbraret.

1724 1233 1899 1272 CAPUT
1930 1233 2002 1271 IX.

1374 1347 1573 1378 Sacerdotum
1593 1353 1773 1389 potestatem
1789 1347 1937 1388 majorem
1959 1357 2024 1377 esse
2046 1345 2195 1387 dignitate
2212 1347 2360 1387 angelica.

1426 1457 1487 1493 23.
1509 1455 1673 1493 Attende
1694 1457 1824 1505 igitur,
1844 1464 1885 1492 ut
1903 1456 2082 1505 praedixi,
2104 1465 2141 1493 et
2158 1469 2306 1506 semper
2327 1458 2362 1493 in

1376 1523 1501 1553 mente
1519 1515 1615 1551 habe
1630 1543 1639 1560 ‚
1665 1514 1747 1564 jugi
1774 1515 1954 1550 memoria
1978 1515 2096 1551 retine
2123 1515 2278 1564 gratiam
2300 1515 2366 1551 tibi

1376 1575 1612 1624 singulariter
1631 1587 1651 1610 a
1675 1577 1756 1610 Deo
1777 1574 1972 1619 collatam,
1995 1586 2107 1622 quam
2128 1587 2197 1611 nec
2215 1575 2368 1623 Angelis

1377 1633 1569 1682 praestitit,
1590 1645 1659 1668 nec
1677 1632 1820 1668 caeteris
1840 1631 2055 1668 hominibus
2074 1633 2270 1669 concessit.
2294 1636 2366 1669 Pa-

1376 1693 1434 1729 nis
1456 1692 1556 1728 enim
1586 1692 1623 1727 in
1655 1690 1830 1727 manibus
1856 1691 1928 1727 tuis
1956 1691 1994 1727 in
2023 1704 2162 1740 corpus
2186 1691 2368 1740 unigeniti

1379 1751 1459 1788 Filii
1485 1751 1552 1788 Dei
1583 1749 1964 1795 transubstantiatur;
1988 1749 2118 1786 vinum
2146 1750 2184 1786 in
2208 1751 2367 1787 sanctis—

317 1815 401 1851 isto.
420 1813 592 1861 Denique
611 1810 703 1860 quid
723 1810 773 1846 ait
796 1810 1006 1859 propheta?
1027 1809 1255 1854 Sacrificium
1279 1816 1315 1842 et
1331 1813 1358 1847 C
1377 1811 1512 1846 simum
1540 1809 1759 1858 sanguinem
1789 1809 1940 1845 Domini
1971 1809 2090 1846 nostri
2119 1813 2207 1846 Jesu
2233 1809 2368 1846 Christi

317 1873 539 1908 oblationem
558 1874 727 1912 noluisti,
757 1870 1006 1904 holocaustam
1031 1876 1067 1902 et
1085 1880 1154 1914 pro
1173 1880 1311 1914 pecc-a-

318 1942 352 1968 to
372 1946 444 1968 mm
465 1934 684 1979 J)o.‹·tulasti;
713 1938 798 1964 tunc
823 1930 928 1971 dixi,
951 1928 1048 1961 Ecce
1069 1930 1178 1961 venio
1194 1923 1208 1949 4'
1228 1938 1235 1960 :
1255 1925 1312 1960 di-

321 1993 372 2028 xit
392 1992 474 2036 ille,
498 1990 562 2039 qui
592 2002 669 2026 non
700 2001 769 2038 per
797 1980 1016 2036 sanguinem
1037 1985 1227 2021 hircorum
1249 1992 1313 2020 aut

321 2052 552 2095 vitulorum,
585 2048 647 2085 sed
680 2060 748 2097 per
774 2046 973 2096 proprium
1004 2044 1222 2093 sanguinem
1256 2043 1313 2079 in-

321 2110 449 2146 troivit
466 2108 578 2146 semel
599 2108 635 2143 in
652 2110 784 2144 Sancta
796 2135 805 2152 ,
822 2114 961 2142 aeterna
978 2103 1239 2152 redemptione
1255 2103 1313 2138 in-

320 2178 430 2207 xenta
456 2168 482 2204 5.
519 2167 656 2205 Omnia
683 2167 720 2202 in
756 2168 873 2215 ligura
906 2163 1177 2212 contingebant
1213 2163 1313 2198 anti-

321 2230 416 2278 quis.
443 2228 513 2265 ltic
540 2226 696 2270 veritas,
729 2225 779 2261 ibi
810 2226 949 2272 ligura,
982 2222 1034 2258 ibi
1067 2221 1223 2267 umbra,
1254 2221 1315 2257 hic

321 2289 405 2333 lux;
427 2287 476 2323 ibi
495 2285 636 2329 nubes,
666 2284 726 2320 hic
752 2283 921 2328 claritas;
941 2281 993 2317 ibi
1023 2293 1140 2328 agnus
1165 2280 1313 2329 legalis,

323 2347 385 2382 hic
411 2358 528 2394 agnus
559 2344 742 2379 innocens
757 2371 766 2386 ,
792 2342 857 2390 qui
879 2341 976 2377 tollit
996 2347 1149 2389 peccata
1170 2339 1314 2374 mundi.

325 2410 444 2441 Verus
481 2411 536 2439 est
570 2403 668 2438 enim
703 2401 818 2438 Filius
851 2400 946 2444 Dei,
977 2411 1089 2447 quem
1128 2406 1166 2433 tu
1197 2411 1318 2433 sacer·

326 2464 393 2500 dos
432 2462 625 2506 immolas,
663 2473 774 2509 quem
809 2458 981 2495 manibus
1011 2465 1164 2501 tractas,
1202 2470 1313 2505 quem

328 2537 393 2559 ore
415 2522 548 2565 sumis,
576 2533 688 2568 quem
715 2519 752 2554 in
782 2530 920 2567 corpus
948 2525 1053 2553 tuum
1075 2516 1316 2561 transmittis,

1377 1878 1439 1906 tua
1469 1868 1733 1906 benedictione
1762 1868 2012 1905 convertitur.
2042 1869 2204 1905 Multum
2233 1868 2369 1904 ardent

1377 1929 1571 1978 Seraphim
1602 1937 1739 1965 sanctae
1761 1927 1934 1964 Trinitati
1962 1940 2039 1977 prae
2059 1928 2202 1964 caeteris
2228 1927 2370 1963 cunctis

1378 1987 1572 2037 spiritibus
1592 1988 1676 2024 loco
1702 1995 1739 2023 et
1764 1986 1945 2023 charitate
1972 1986 2178 2036 conjuncti.
2202 1987 2312 2025 Unde
2334 1995 2372 2024 et

1378 2047 1584 2092 Ardentes,
1606 2047 1683 2083 sive
1703 2045 1953 2083 Incendentes
1970 2046 2163 2095 Seraphim
2184 2046 2372 2095 interpre-

1379 2115 1518 2143 tantur.
1540 2105 1809 2155 Unusquisque
1831 2106 1930 2141 enirn
1949 2105 2044 2141 ordo
2064 2103 2146 2153 ejus
2168 2104 2220 2141 rei
2239 2117 2371 2142 cense-

1381 2173 1443 2201 tur
1464 2166 1634 2210 nomine,
1655 2178 1766 2214 quam
1783 2164 1972 2214 copiosius
1987 2164 2130 2213 accepit
2148 2163 2185 2199 in
2203 2176 2369 2200 munere.

1380 2228 1464 2261 Non
1484 2233 1606 2261 tamen
1630 2224 1700 2260 hoc
1717 2223 1912 2273 privilegio
1933 2223 2153 2273 praenitent,
2176 2231 2217 2259 ut
2233 2235 2372 2271 corpus

1381 2284 1440 2322 vel
1461 2283 1681 2332 sanguinem
1708 2282 1974 2331 Redemptoris
2001 2281 2119 2318 nostri
2146 2281 2183 2317 in
2205 2280 2372 2329 subjecta

1383 2351 1554 2380 ereatura
1579 2341 1821 2377 sanctificent.
1853 2340 2053 2377 Cherubim
2072 2367 2081 2384 ,
2113 2339 2250 2389 quibus
2280 2339 2374 2375 inest

1384 2401 1580 2452 plenitudo
1599 2400 1782 2444 scientiae,
1804 2399 1905 2448 quod
1922 2399 2031 2434 etiam
2050 2406 2232 2434 testantur
2248 2398 2374 2434 nomi-

1381 2474 1450 2506 ne,
1479 2459 1566 2508 quia
1600 2458 1817 2494 familiarius
1855 2457 2032 2494 omnibus
2065 2465 2296 2506 cognoscunt
2328 2457 2374 2493 de

1383 2518 1569 2567 mysteriis
1593 2516 1827 2564 coelestibus;
1853 2517 2037 2554 mirantur
2064 2517 2166 2566 quod
2196 2516 2376 2553 mirabilis

328 2581 391 2618 sed
409 2594 484 2616 non
503 2579 580 2615 sola
602 2578 646 2614 ad
669 2586 702 2613 te
726 2577 828 2612 venit
854 2577 915 2612 illa
935 2575 1119 2624 majestas.
1142 2575 1253 2611 Venit
1273 2574 1318 2610 ad
1337 2579 1367 2612 D
1383 2579 1475 2615 sacta
1495 2584 1551 2613 est
1568 2575 1722 2612 scientia
1742 2584 1779 2612 et
1796 2576 1963 2625 potentia
1978 2575 2219 2612 sacerdotalis
2238 2589 2284 2612 ex
2301 2576 2372 2620 eis,

329 2650 364 2677 te
381 2640 516 2684 Filius,
534 2637 597 2673 scd
617 2649 692 2673 non
716 2637 794 2672 sine
809 2639 929 2672 Patre.
955 2637 1028 2679 Qui
1045 2648 1101 2669 me
1121 2638 1239 2677 misit,
1262 2634 1319 2668 in-

330 2700 411 2748 quit
423 2728 431 2744 ,
449 2711 586 2733 ltu-cum
605 2706 674 2740 est,
695 2705 728 2731 et
744 2709 818 2731 mm
836 2709 892 2730 me
907 2697 1057 2742 reliquit
1069 2695 1184 2729 solum
1198 2692 1224 2728 ⁶.
1252 2696 1318 2729 Ve-

331 2759 385 2795 nit
412 2757 457 2793 ad
485 2765 518 2792 te
552 2756 685 2799 Filius,
709 2754 773 2790 sed
804 2767 879 2790 non
908 2754 987 2789 sine
1015 2752 1155 2802 Spiritu
1180 2760 1319 2788 sancto.

330 2816 427 2864 Quid
457 2815 555 2851 enim
592 2814 642 2849 ait
673 2813 858 2849 joannes?
891 2815 1010 2859 Super
1037 2824 1142 2858 quem
1178 2812 1320 2845 videris

332 2877 609 2911 (lescen(lentem
638 2876 814 2920 Spartam
839 2881 873 2907 et
903 2879 1134 2912 manentem,
1164 2875 1241 2917 ipse
1270 2878 1322 2904 est

333 2934 502 2970 Christus
516 2939 543 2967 7.
578 2935 698 2980 Super
724 2931 815 2966 alios
838 2929 1028 2966 descendit
1051 2928 1211 2978 Spiritus
1236 2941 1322 2965 san-

334 3002 437 3036 ctus,
461 2991 524 3027 sed
547 3003 622 3025 non
651 3002 798 3038 semper
825 2997 961 3025 manet.
994 2992 1115 3037 Super
1137 2987 1321 3025 Christum

336 3065 425 3087 xero
446 3061 593 3097 semper
613 3060 810 3084 mansurus
829 3046 1035 3083 descendit.
1056 3046 1171 3083 Adest
1189 3046 1325 3081 nihilo-

337 3111 573 3146 1=1innstotus
591 3120 841 3154 supernorum
862 3105 1047 3142 exercitus
1063 3105 1214 3141 civium.
1231 3106 1324 3139 Mil-

1385 2645 1421 2673 et
1443 2648 1520 2672 non
1543 2634 1688 2684 possint
1713 2634 1760 2670 ad
1780 2648 1874 2671 eam.
1900 2634 2062 2679 Throni,
2084 2633 2149 2683 qui
2178 2642 2289 2670 tantae
2316 2634 2376 2670 di-

1385 2695 1533 2744 gnitatis
1554 2702 1663 2738 sunt,
1684 2701 1726 2730 ut
1746 2694 1782 2730 in
1805 2694 1857 2730 eis
1877 2693 2058 2730 Dominus
2081 2692 2227 2737 sedeat,
2246 2701 2283 2729 et
2310 2705 2378 2742 per

1386 2766 1449 2790 eos
1472 2766 1537 2789 sua
1555 2752 1697 2802 judicia
1723 2752 1921 2797 decernat,
1949 2765 2025 2788 non
2054 2751 2124 2787 hoc
2145 2751 2375 2800 praevalent,

1387 2825 1463 2860 quo
1483 2811 1696 2848 sacerdotes
1722 2811 1982 2861 praeeminent.
2003 2810 2305 2855 Dominationes,
2329 2810 2379 2845 li-

1387 2878 1445 2906 eet
1462 2870 1669 2906 dominium
1690 2882 1802 2919 super
1821 2877 1975 2905 caeteros
1991 2882 2011 2904 a
2034 2870 2198 2905 Domino
2219 2881 2377 2918 aecepe-

1389 2930 1483 2974 rint;
1498 2930 1731 2978 Principatus
1746 2929 1917 2977 quamvis
1934 2928 2195 2977 principentur
2209 2928 2291 2964 aliis
2308 2927 2378 2964 sibi

1390 2986 1588 3036 subjectis;
1606 2991 1833 3031 Potestates,
1862 3000 1945 3023 eum
1972 2994 2186 3036 potentatus
2208 2986 2378 3022 sublimi-

1391 3054 1463 3082 tate
1482 3046 1768 3094 praecmineant;
1790 3045 1956 3082 Virtutes
1975 3045 2176 3090 coelorum,
2198 3057 2281 3080 cum
2307 3057 2379 3093 po-

1393 3112 1541 3141 testates
1557 3117 1682 3140 aereas
1702 3117 1766 3140 sua
1782 3104 1920 3139 virtute
1935 3111 2149 3148 coerceant,
2167 3115 2214 3138 ne
2229 3115 2379 3139 omnem

387 3239 394 3253 ¹
418 3232 493 3262 tuat.
511 3243 564 3267 xv,
583 3236 613 3262 (3,
644 3250 674 3253 -
694 3235 704 3250 ²
726 3230 804 3260 Ps-al.
822 3240 901 3265 mn,
918 3228 1159 3260 32.-3r<a1.
1174 3240 1295 3266 cxxxv,
1319 3231 1345 3259 i.
1364 3228 1663 3262 oe-ssl'sal.xxx1x,
1682 3229 1714 3263 7,
1731 3230 1808 3257 8.»-›
1829 3223 1840 3245 '³
1858 3224 1952 3255 llebr.
1971 3236 2002 3254 ix
2016 3248 2023 3262 ‚
2046 3228 2095 3255 12.
2123 3243 2149 3245 2-
2167 3223 2285 3256 s*Jnan.
2304 3235 2377 3259 vm„

343 3283 729 3316 2O.-31d.1‚33.-
751 3282 762 3302 ὅ
779 3284 857 3312 Dan.
881 3285 1020 3319 v11,1().
