2418 3949
541 379 718 418 CAPUT
746 380 817 419 VI.

179 496 328 525 Amorem
341 494 516 526 conservari
531 518 539 533 ,
555 494 648 526 etiam
661 495 736 525 dum
745 494 852 532 homo,
868 494 953 535 quasi
967 492 1082 524 invitus
1094 515 1101 529 ‚
1115 491 1175 533 legi

477 547 578 578 caruis
595 554 623 579 et
639 547 757 590 peccati
773 547 877 579 servit.

237 673 293 711 1-4.
316 673 428 711 Aliud
450 673 592 722 quippe
613 682 668 710 est
687 673 864 718 affectus,
887 671 989 709 aliud
1009 671 1171 708 affectio.

178 733 347 770 Affectus
374 741 430 769 est
462 732 526 781 qui
557 733 720 781 generali
748 733 907 782 quadam
941 732 1110 782 potentia
1138 738 1176 767 et

179 800 362 841 perpetua
382 791 543 841 quadam
564 793 704 828 virtute
729 792 834 828 firma
856 801 894 829 et
921 790 1044 829 stabili
1064 803 1174 826 men-

179 859 254 887 tem
273 851 461 900 possidet,
479 864 591 900 quam
608 864 678 900 per
696 852 851 900 gratiam
874 851 1052 887 obtinuit.
1072 850 1176 887 Affe—

179 910 323 947 ctiones
350 924 443 947 vero
472 919 559 947 sunt
580 924 673 960 quas
695 911 815 948 varias
840 912 966 948 varius
992 923 1118 947 rerum
1139 917 1176 945 et

181 978 397 1020 temporum
413 971 522 1007 affert
536 980 708 1008 eventus.
725 972 929 1008 Infirmitas
940 971 1038 1007 enim
1055 969 1176 1006 carnis

185 1042 232 1065 ex
262 1029 356 1066 vitio
387 1030 519 1080 primae
550 1031 705 1080 originis
732 1044 832 1081 saepe
860 1030 1041 1074 offendit,
1078 1041 1176 1078 sa³pe

662 238 806 273 LIBER
835 240 897 273 DE
926 238 1127 274 NATURA
1154 238 1214 272 ET
1242 239 1506 274 DIGMTATE
1534 238 1731 274 AMORIS.

1175 312 1189 330 2

2159 234 2236 269 ,330

1196 312 1226 330 ⁴⁹
1242 325 1350 351 natus
1369 326 1422 352 est
1440 329 1488 351 ex
1508 319 1606 359 Deo,
1625 324 1815 363 peccatum
1836 327 1910 350 non
1921 312 2040 362 sacit;
2059 317 2235 361 quoniam

1193 375 1225 406 A
1240 388 1364 409 semen
1378 380 1494 423 ipsius
1512 380 1550 410 in
1564 389 1605 410 co
1620 384 1745 411 manet
1758 389 1769 410 .·
1784 383 1820 410 et
1833 388 1906 409 non
1919 381 2043 422 potest
2054 386 2214 422 peccare
2221 400 2233 416 ,

1239 437 1328 480 quia
1347 447 1395 469 ea·
1413 437 1490 469 Deo
1509 444 1618 470 natus
1637 441 1726 470 esc2.
1747 433 1921 470 Notanda
1940 433 1996 468 vis
2010 431 2231 468 vorborum.

1239 495 1347 538 Non,
1367 494 1507 543 inquit,
1525 503 1724 542 peccatum
1737 492 1858 540 facie,
1882 492 1983 542 quod
2007 492 2148 541 patitur
2164 503 2236 540 po-

1241 552 1314 589 tius
1337 566 1449 601 quam
1481 553 1567 589 facit
1587 554 1653 602 qui
1682 562 1792 589 natus
1819 561 1874 589 est
1894 566 1941 589 ex
1966 555 2048 588 Deo
2072 565 2079 587 ι
2101 559 2138 587 et
2165 564 2238 586 ηοιι

1234 621 1359 659 potest
1373 626 1551 660 peccare,
1577 613 1858 662 perseverando
1883 612 2024 648 scilicet
2042 611 2081 647 in
2103 624 2238 660 pecca-

1241 679 1300 716 t03
1324 671 1414 707 dum
1436 672 1506 720 legi
1526 672 1617 717 Dei,
1641 672 1702 707 sui
1723 680 1850 709 mente
1871 673 2006 715 servit,
2030 671 2139 707 etiam
2159 682 2242 706 car-

1240 743 1325 766 nem
1342 729 1490 767 festinat
1505 730 1696 779 subigere,
1715 744 1798 780 quae
1815 732 2022 767 tentatione
2036 738 2072 766 et
2085 738 2238 779 peccato

1242 790 1483 835 incurrente,
1506 791 1578 839 legi
1600 791 1743 839 peccati
1762 789 1964 826 videbatur
1985 790 2139 826 servire.
2166 792 2240 826 Pe-

1243 858 1322 886 trus
1351 863 1435 886 cum
1461 850 1650 899 peccavit,
1682 850 1903 886 charitatem
1936 861 2014 885 non
2043 848 2192 884 amisit²¹
2223 862 2230 883 z

1241 910 1329 958 quia
1345 910 1514 959 peccavit
1530 910 1656 959 potins
1672 910 1710 945 in
1726 910 1923 946 veritatem
1938 937 1947 953 ,
1970 921 2080 957 quam
2097 908 2135 943 in
2153 907 2239 943 cha-

1242 969 1389 1006 ritatem
1404 998 1413 1013 ,
1444 982 1526 1006 cum
1548 968 1630 1018 ejus
1656 982 1694 1005 se
1714 982 1792 1005 non
1812 981 1892 1005 esse
1913 967 2092 1004 mentitus
2112 974 2167 1002 cst
2198 966 2237 1002 in

1243 1042 1308 1065 ore
1323 1057 1332 1075 ‚
1356 1029 1464 1078 cujus
1486 1037 1587 1065 totus
1606 1037 1686 1065 erat
1709 1029 1747 1064 in
1779 1027 1905 1064 corde.
1935 1027 2103 1075 Ideoque
2127 1037 2241 1073 nega-

177 1089 299 1136 cadit,
320 1103 418 1140 saepe
435 1091 537 1127 laedit
553 1093 730 1141 graviter,
752 1099 790 1128 et
808 1091 958 1128 laeditur
973 1098 1098 1126 mente
1116 1089 1176 1125 in-
1195 1090 1221 1123 B
1243 1088 1382 1124 tionem
1406 1088 1574 1125 falsitatis
1593 1088 1776 1124 continuo
1796 1086 1972 1135 lacrymis
1990 1086 2081 1122 lavit
2101 1084 2241 1120 veritas

178 1149 297 1186 terius
317 1149 492 1196 dolente,
514 1159 551 1187 et
570 1151 737 1200 patiente
756 1150 884 1200 potius
903 1162 1017 1199 quam
1043 1156 1176 1197 agente

176 1209 281 1257 quod
300 1222 498 1260 perperam
522 1211 612 1248 foris
632 1212 796 1260 geritur3
819 1224 888 1248 nec
905 1218 1028 1246 tamen
1051 1208 1176 1244 chari-

177 1276 291 1304 tatem
322 1269 528 1318 perdente,
557 1270 621 1308 sed
654 1284 698 1308 ex
727 1271 906 1307 charitate
936 1276 1108 1319 gemente
1140 1276 1177 1304 et

176 1327 361 1365 clamante
381 1329 428 1366 ad
447 1333 568 1366 Deum
589 1345 597 1366 ε
620 1330 763 1377 Infelix
782 1344 847 1377 ego
868 1332 997 1373 homo,
1018 1333 1100 1376 quis
1119 1341 1177 1363 me

177 1386 348 1424 liberabit
367 1390 414 1424 de
444 1403 595 1437 corpore
621 1393 749 1425 mortis
778 1390 917 1435 hujus?
947 1387 1060 1425 Unde
1088 1386 1178 1422 dicit

176 1447 383 1495 Apostolus
407 1462 414 1484 ε
441 1451 532 1497 Ege,
554 1449 696 1498 inquit,
719 1458 840 1484 meme
859 1451 973 1484 servio
993 1450 1066 1494 legi
1081 1449 1174 1490 Dei,

176 1520 289 1542 carne
310 1517 434 1544 autem
455 1511 528 1557 legi
546 1514 694 1558 peccati
712 1525 722 1543 :
743 1513 789 1546 Et
809 1521 958 1546 rursum
971 1536 980 1552 ,
1005 1509 1090 1542 Non
1111 1521 1176 1554 ego

176 1580 309 1614 operor
324 1570 436 1613 illud,
458 1570 526 1603 sed
539 1570 637 1615 quod
653 1568 794 1604 habitat
811 1573 848 1604 in
870 1582 928 1603 me
940 1567 1136 1615 peceatum
1150 1573 1174 1602 ¹.

176 1627 306 1675 Itaque
326 1627 495 1676 quisquis
511 1629 574 1665 ille
595 1637 669 1674 est,
691 1629 786 1664 sicut
805 1627 895 1664 dicit
910 1627 1042 1663 beatus
1056 1630 1173 1663 Joan-

176 1697 262 1730 nes,
284 1687 492 1723 secundum
516 1687 587 1724 hoc
607 1688 709 1737 quod
731 1696 841 1724 natus
861 1695 917 1723 est
941 1700 988 1723 ex
1008 1689 1111 1731 Deo,
1134 1685 1172 1721 id

175 1752 251 1789 est,
278 1746 485 1783 secundum
509 1748 702 1784 interioris
722 1747 886 1783 hominis
907 1747 1114 1791 rationein,
1134 1745 1171 1781 in

177 1810 321 1840 tantum
340 1817 416 1841 non
435 1814 565 1854 peccat
577 1836 586 1852 ,
603 1807 640 1843 in
658 1814 840 1855 quantum
859 1813 1054 1854 peccatum
1071 1805 1173 1854 quod

1243 1148 1432 1185 charitatis
1447 1148 1470 1185 3.
1491 1148 1549 1186 Sic
1569 1157 1606 1184 et
1624 1148 1746 1185 David
1770 1161 1855 1184 cum
1875 1146 2072 1196 peccavi&
2087 1174 2096 1189 ‚
2117 1144 2241 1181 chari-

1243 1217 1356 1245 tatem
1373 1222 1449 1245 non
1464 1208 1650 1258 perdidit,
1665 1207 1730 1244 sed
1746 1206 1943 1256 obstupuit
1957 1203 2240 1254 quodammodo

1241 1268 1278 1304 in
1295 1281 1341 1305 eo
1356 1268 1516 1304 charitas
1529 1267 1575 1304 ad
1592 1267 1852 1303 vehementem
1869 1263 2214 1302 tentationisictum
2232 1277 2240 1298 :

1242 1336 1279 1364 ct
1299 1328 1488 1365 charitatis
1506 1328 1544 1364 in
1563 1340 1608 1363 eo
1626 1339 1864 1376 nequaquam
1884 1326 1980 1361 facta
1995 1332 2052 1361 est
2071 1323 2241 1368 abolitio,

1243 1387 1307 1424 sed
1327 1388 1431 1437 quasi
1456 1387 1627 1436 quaedam
1649 1386 1866 1436 soporati03
1895 1398 1979 1434 quae
2008 1397 2098 1420 mox
2128 1391 2170 1419 ut
2196 1382 2241 1419 ad

1242 1460 1374 1484 vocem
1394 1448 1586 1495 arguentis
1612 1446 1811 1495 Prophetae
1827 1444 2042 1493 evigilavit,
2064 1443 2245 1479 continuo

1244 1507 1282 1542 in
1312 1507 1412 1543 illam
1445 1506 1717 1543 ardentissimae
1749 1505 1941 1541 charitatis
1967 1503 2242 1540 confessionem

1242 1567 1391 1616 erupit,
1425 1569 1581 1602 Peccam·
1614 1569 1772 1601 Domino
1797 1580 1809 1600 :
1836 1574 1873 1601 et
1901 1564 2085 1600 continuo
2113 1562 2244 1599 audire

1243 1627 1402 1671 meruit,
1421 1630 1602 1662 Dominus
1620 1628 1810 1661 transtulit
1824 1639 1847 1660 a
1865 1634 1899 1660 te
1911 1632 2104 1672 peccalum
2121 1631 2246 1665 t11um‚·

1240 1699 1315 1720 mm
1332 1689 1499 1721 morieris
1513 1684 1540 1720 ⁵.

1297 1747 1358 1783 15.
1380 1745 1514 1782 Adhuc
1541 1745 1579 1780 in
1606 1744 1718 1780 lande
1739 1744 1953 1788 charitatis,
1973 1754 2080 1778 amor
2108 1741 2146 1777 in
2169 1739 2241 1776 fide

1240 1814 1297 1842 est
1324 1814 1361 1842 et
1390 1818 1476 1854 spe,
1501 1805 1665 1841 charitas
1694 1804 1731 1840 in
1757 1817 1796 1840 se
1825 1804 1905 1853 ipsa
1936 1810 2011 1847 est,
2041 1809 2078 1837 et
2105 1813 2174 1850 per
2202 1812 2241 1835 se

175 1875 313 1912 corpus
332 1864 465 1901 mortis
484 1865 576 1903 foris
591 1874 789 1915 operatur,
812 1865 893 1901 odit
910 1865 1036 1914 potius
1057 1877 1169 1914 quam
1194 1866 1221 1901 C
1241 1866 1375 1915 ipsam.
1408 1868 1534 1902 Potest
1556 1864 1667 1900 etiam
1695 1876 1776 1900 esse
1805 1871 1847 1899 ut
1875 1862 1967 1898 fides
1994 1869 2030 1897 et
2059 1873 2144 1910 spes
2169 1859 2244 1895 sint

175 1922 381 1971 approbat,
401 1925 543 1962 semine
561 1926 768 1975 spiritualis
788 1925 991 1961 nativitatis
1004 1954 1013 1971 ,
1034 1937 1110 1973 quo
1129 1938 1174 1961 ex

174 1985 255 2018 Deo
276 1991 383 2020 natus
399 1993 456 2021 est
469 2013 477 2027 ‚
501 1998 588 2022 eum
610 1986 767 2022 interius
785 1993 1043 2021 conservante.
1063 1984 1175 2032 Quod

175 2042 242 2078 etsi
269 2042 418 2079 interim
451 2045 654 2093 aliquando
683 2046 837 2081 incursu
859 2044 1003 2094 peccati
1026 2043 1177 2080 laeditur

175 2110 212 2137 ct
239 2104 434 2149 atteritur,
467 2105 591 2141 radice
622 2114 745 2141 tamen
769 2106 960 2141 charitatis
988 2104 1024 2140 in
1054 2105 1170 2140 altum

175 2160 297 2198 defixa
315 2175 391 2198 non
413 2164 538 2212 perit:
562 2165 637 2200 imo
653 2165 776 2201 statim
799 2164 996 2201 fecundius
1014 2172 1050 2199 et
1067 2163 1173 2199 viva-

174 2220 252 2256 cius
272 2223 501 2260 convalescit
517 2224 555 2260 in
574 2237 677 2273 spem
697 2223 787 2260 boni
806 2225 965 2269 fructus,
987 2231 1023 2259 et
1042 2223 1171 2271 surgit.

174 2281 233 2317 Sic
252 2282 350 2318 enim
372 2282 462 2320 dicit
480 2283 611 2320 beatus
630 2288 794 2321 Joannes
810 2299 817 2320 :
840 2288 973 2321 Omnis
995 2288 1093 2318 enim
1111 2286 1175 2330 qui

1241 1925 1320 1961 sine
1338 1924 1518 1960 charitate
1538 1939 1545 1960 z
1564 1932 1606 1959 ut
1625 1931 1750 1959 autem
1773 1922 1935 1958 charitas
1953 1920 2062 1956 tidem
2082 1928 2118 1955 tt
2136 1931 2240 1968 spem

1241 1984 1277 2019 in
1293 1997 1332 2020 se
1350 1996 1426 2019 non
1446 1983 1656 2027 contineat,
1674 1995 1750 2018 non
1766 1989 2000 2031 potestesse.
2016 1979 2125 2017 Fides
2139 1978 2238 2014 enim

1241 2043 1344 2092 quod
1365 2051 1512 2079 amatur
1527 2055 1606 2078 esse
1631 2042 1780 2087 asserit,
1799 2054 1884 2090 spes
1901 2040 2101 2090 promittit.
2128 2044 2239 2075 Amat

1240 2104 1354 2152 igitur
1369 2104 1432 2152 qui
1451 2104 1487 2139 in
1509 2103 1581 2139 tide
1598 2111 1634 2139 et
1650 2115 1715 2152 spe
1731 2110 1851 2146 amat,
1869 2102 1965 2137 sicut
1981 2100 2095 2136 amari
2114 2106 2239 2148 potest

1238 2163 1340 2211 quod
1358 2163 1525 2199 creditur
1544 2157 1688 2198 tantum
1707 2170 1743 2198 et
1761 2170 1933 2211 speratur
1951 2175 1958 2196 :
1979 2160 2138 2196 charitas
2159 2172 2241 2194 cre-

1240 2222 1359 2258 ‹liturn
1381 2231 1417 2258 et
1440 2230 1631 2271 speratum
1655 2221 1732 2270 jam
1759 2220 1890 2263 habet,
1909 2220 1986 2269 jain
2020 2218 2237 2267 tenet‚jam

1240 2282 1517 2331 complectitur.
1547 2286 1666 2318 Amor
1694 2282 1808 2330 igitur
1830 2281 1916 2317 fidei
1947 2288 1983 2316 et
2012 2279 2092 2329 spei
2117 2282 2239 2316 Deum

222 2453 232 2471 ι
250 2445 342 2474 Rom.
356 2453 420 2481 vii,
437 2445 477 2474 24
497 2466 505 2480 ‚
526 2446 582 2479 25,
603 2445 655 2474 17.
669 2460 714 2465 —
737 2445 891 2474 ²1Joan.
908 2453 954 2478 ιιι,
971 2444 1003 2472 9.
1019 2459 1059 2464 -
1081 2440 1095 2464 3
1110 2441 1224 2473 Matth.
1239 2452 1332 2479 xxvi,
1349 2443 1467 2472 69-75.
1481 2459 1525 2463 —
1546 2440 1560 2466 ¹5
1578 2443 1762 2482 11Reg.x1.
1777 2459 1822 2463 —
1842 2438 1855 2461 5
1873 2439 1920 2471 Id.
1935 2451 2000 2476 ιιι,
2022 2441 2074 2469 13.

219 2520 234 2537 ⁸
256 2515 348 2556 Quod
366 2515 416 2547 hic
431 2515 504 2546 dicit
521 2522 628 2547 auctor
644 2516 682 2546 de
692 2522 818 2558 peccato
836 2515 940 2552 Petri,
957 2514 1143 2556 jamdudum
1164 2514 1223 2545 sibi
1241 2513 1354 2556 objecit
1371 2515 1402 2543 S.
1414 2512 1569 2550 Thomas,
1592 2515 1626 2549 2.
1651 2517 1667 2544 2
1683 2537 1691 2552 ,
1707 2524 1737 2555 q.
1755 2516 1794 2544 24
1811 2538 1818 2550 ,
1835 2519 1894 2544 art.
1916 2516 1968 2549 12,
1987 2511 2037 2542 ad.
2063 2515 2094 2546 2.
2115 2510 2241 2542 citando

173 2566 258 2599 hunc
276 2568 377 2599 locum
392 2568 479 2609 quasi
493 2580 530 2599 ex
550 2571 581 2599 S.
600 2568 758 2600 Bernardo
773 2568 991 2610 depromptum
1009 2578 1015 2599 :
1030 2567 1112 2598 unde
1126 2567 1230 2598 rideas
1247 2578 1310 2598 non
1327 2566 1422 2598 hodie
1440 2567 1574 2608 prinnini
1592 2565 1676 2597 hunc
1695 2572 1859 2597 tractatum
1882 2573 1911 2598 S.
1935 2565 2063 2597 Doctori
2090 2564 2238 2595 adscribi.

177 2619 418 2662 Respondetque
436 2620 616 2652 charitatem
631 2621 730 2652 amitti
753 2620 918 2662 dupliciter
935 2631 942 2651 :
958 2631 1019 2650 uno
1037 2619 1129 2651 modo
1147 2619 1263 2651 directe
1281 2631 1338 2662 per
1361 2619 1514 2650 actualem
1538 2626 1751 2661 contemptum
1766 2631 1773 2654 ;
1790 2626 1819 2650 et
1843 2619 1901 2649 hoc
1925 2618 2018 2649 modo
2036 2622 2162 2649 Petrum
2178 2628 2240 2648 non

174 2672 310 2704 amisisse
327 2672 507 2704 charitatem
524 2683 531 2704 ε
547 2674 607 2704 alio
624 2673 716 2704 modo
735 2673 884 2704 indirecte
895 2697 903 2711 ‚
922 2672 1047 2714 quando
1058 2673 1262 2704 committitur
1275 2672 1392 2714 aliquid
1405 2671 1595 2702 contrarium
1611 2671 1754 2703 charitati
1773 2678 1900 2714 propter
1913 2671 2048 2712 aliquam
2065 2671 2238 2712 passionem

174 2725 431 2766 concupiscentia*
451 2725 498 2755 rel
513 2725 649 2761 timoris;
667 2732 695 2757 ct
715 2725 775 2756 hoc
794 2725 888 2756 modo
907 2728 1032 2756 Petrum
1052 2731 1159 2756 contra
1177 2725 1357 2757 charitatem
1377 2724 1560 2759 facientem,
1581 2725 1718 2755 amisisse
1733 2724 1913 2755 charitatem
1930 2749 1937 2757 ,
1954 2723 2007 2754 scd
2028 2723 2089 2753 cito
2109 2734 2235 2764 recupe-

174 2788 269 2808 rasse.
288 2780 404 2808 verum
418 2777 483 2808 tm=c
497 2778 656 2820 responsio
671 2779 816 2809 Duvattio
833 2789 894 2809 non
909 2778 1035 2809 omniuo
1054 2779 1188 2816 arridet,
1211 2779 1264 2820 qui
1286 2779 1376 2808 aliam
1392 2777 1422 2808 in
1442 2776 1526 2807 hunc
1547 2778 1647 2808 locum
1671 2777 1759 2808 affert
1775 2802 1782 2815 ,
1805 2777 1834 2807 in
1854 2781 1870 2808 ἶ),
1885 2801 1892 2812 ,
1921 2780 1938 2807 2
1953 2801 1960 2810 .
1982 2787 2011 2817 q.
2029 2780 2045 2807 2
2071 2776 2108 2806 de
2125 2775 2233 2807 (Thari-

175 2836 253 2865 tate.
271 2835 328 2860 art.
349 2833 366 2861 7
390 2830 526 2861 :scilicet
547 2837 704 2862 auctorem
722 2830 772 2861 hic
794 2841 855 2861 non
877 2841 966 2871 agere
983 2831 1020 2861 de
1043 2831 1192 2862 charitate
1216 2829 1444 2872 supernaturali
1471 2835 1500 2860 et
1522 2829 1693 2869 theologica
1707 2854 1713 2864 ,
1731 2840 1799 2870 qna*
1815 2840 1870 2870 per
1885 2828 2045 2869 quodlibet
2073 2834 2232 2871 peccatum

176 2883 305 2913 mortale
324 2882 492 2917 amittitur:
510 2883 563 2914 scd
578 2883 617 2913 de
633 2884 765 2925 quadam
782 2883 932 2914 charitate
946 2884 1093 2924 acquisita
1116 2890 1144 2914 et
1161 2883 1376 2914 benevolentia
1396 2881 1531 2912 humana
1545 2906 1552 2919 ,
1571 2892 1629 2922 qua
1650 2885 1756 2912 Petrus
1776 2893 1846 2922 erga
1864 2881 2020 2912 Christum
2046 2881 2232 2916 ducebatur,

175 2945 267 2975 quam
281 2941 398 2966 certum
415 2941 533 2966 estnon
548 2935 639 2967 fuisse
655 2936 777 2978 penitus
796 2936 978 2966 exstinctam
999 2947 1054 2977 per
1073 2943 1252 2977 peccatum:
1273 2935 1325 2965 scd
1352 2941 1470 2965 tantum
1489 2935 1595 2975 aliquo
1613 2941 1702 2976 pacto
1721 2935 1851 2976 sopitam
1872 2946 1878 2965 :
1897 2934 1980 2976 ‹puid
1999 2935 2090 2965 ctiam
2111 2934 2149 2965 dc
2172 2937 2233 2965 Da-

177 2987 246 3018 xide
259 2987 425 3018 dicendum
439 2994 496 3019 cst.
516 2989 686 3020 Fatendum
701 2995 742 3021 est
766 2996 867 3020 tamen
887 2989 1072 3020 solutionem
1088 2993 1116 3020 S.
1135 2990 1265 3021 ‘l'liomw
1289 2987 1361 3017 satis
1384 2998 1450 3016 esse
1472 2986 1510 3016 ad
1529 2993 1662 3017 mentem
1688 2988 1841 3020 auctoris.
1858 2987 1909 3028 qui
1927 2998 1961 3018 ea
1989 2987 2110 3018 ratione
2136 2987 2234 3017 innuit

176 3043 299 3071 Petrum
314 3041 470 3081 peccando
485 3051 546 3071 non
564 3041 701 3073 amisisse
716 3041 918 3077 charitatem,
936 3056 947 3067 a·
970 3041 1042 3081 quia
1055 3065 1062 3077 ‚
1088 3057 1099 3068 .·

175 3092 326 3132 Quamvis
343 3093 435 3124 etiam
454 3092 513 3123 dici
532 3093 625 3135 possit
638 3116 646 3129 .
667 3100 845 3125 contextum
864 3093 946 3124 huuc
966 3092 1069 3124 efferri
1092 3095 1228 3125 oratorio
1253 3105 1338 3125 more
1351 3117 1357 3127 ,
1377 3104 1438 3133 quo
1457 3092 1588 3122 dicimus
1613 3103 1648 3123 ca
1675 3104 1736 3123 non
1758 3093 1855 3123 amitti
1879 3103 1949 3134 qua*
1966 3093 2026 3123 cito
2047 3103 2233 3134 recuperan-

1119 3042 1214 3083 inquit
1228 3067 1234 3076 ,
1262 3057 1274 3067 π
1296 3039 1432 3082 peccaxit
1454 3039 1554 3080 potius
1575 3040 1605 3070 in
1627 3040 1785 3071 xci-itatem
1799 3064 1806 3074 ,
1829 3051 1920 3081 quam
1948 3040 1976 3070 in
1999 3039 2191 3070 charitatem.
2221 3056 2231 3065 υ

178 3151 238 3175 tur.
258 3147 293 3175 Et
310 3144 386 3176 sicut
410 3145 490 3176 idem
507 3146 561 3176 iste
578 3152 686 3177 auctor
701 3146 743 3176 ait
758 3170 765 3182 ,
787 3156 856 3175 eum
875 3145 927 3186 qni
941 3151 1031 3175 natus
1051 3152 1093 3176 est
1111 3157 1147 3176 ex
1164 3150 1229 3177 Deo
1249 3158 1309 3177 uon
1325 3156 1452 3187 peccare
1467 3170 1473 3180 ,
1491 3145 1574 3186 quod
1589 3157 1650 3176 non
1666 3152 1838 3188 perseveret
1856 3146 1885 3176 iu
1904 3153 2029 3188 peccato
2048 3157 2054 3175 1
2075 3146 2116 3175 sic
2132 3145 2233 3175 dicen·

176 3196 275 3238 potuit
290 3221 297 3234 ,
318 3201 441 3229 reu-um
462 3205 492 3229 et
514 3199 666 3230 Davidem
692 3198 850 3241 peccando
873 3209 936 3228 nou
959 3197 1095 3229 amisisse
1126 3199 1308 3230 charitatem
1323 3223 1330 3234 ,
1356 3209 1468 3239 nempe
1491 3198 1520 3229 iu
1542 3198 1590 3229 illa
1613 3198 1786 3240 prix-‘itione
1813 3199 1852 3229 ad
1877 3200 1968 3229 linem
1991 3209 2086 3239 usquc
2112 3208 2232 3238 perma-

175 3249 288 3281 nendo.
309 3251 458 3293 Apposite
472 3251 658 3283 Gillebertus
682 3252 796 3286 abbas.
814 3261 956 3282 sermone
973 3251 1208 3293 quadragesimo
1224 3253 1354 3294 septimo
1372 3250 1402 3280 in
1421 3251 1583 3281 Canticum
1598 3251 1787 3282 canticorum
1799 3275 1806 3285 ,
1824 3263 1907 3282 ιιιιιιι.
1926 3256 1943 3281 :i
1960 3262 1966 3281 :
1985 3267 1995 3275 -
2011 3254 2081 3281 Non
2101 3250 2232 3291 imputa-

180 3318 190 3325 ι·
206 3309 266 3334 tur.

294 3317 305 3328 υ
329 3304 449 3334 macula
465 3305 580 3346 peccati
595 3329 602 3339 ,
626 3320 637 3330 ··
656 3304 727 3335 dum
746 3316 807 3335 non
832 3305 1016 3334 immoratur
1023 3328 1088 3334 .....
1105 3305 1198 3345 Quasi
1214 3315 1354 3335 excessus
1374 3315 1434 3335 non
1455 3311 1496 3335 cst
1516 3329 1522 3338 .
1548 3304 1599 3335 ubi
1622 3305 1699 3335 citus
1722 3316 1879 3346 regressus
1902 3311 1956 3335 cst.
1985 3320 1994 3328 ·
2019 3303 2100 3333 Yide
2126 3314 2230 3345 supra.

176 3364 245 3394 pag.
267 3357 347 3385 5327.
