2418 3949
154 268 170 301 1
181 264 255 301 ‘269

810 266 874 300 DE
903 266 1073 301 VERBIS
1102 266 1279 301 DOMINI
1308 268 1358 302 IN
1386 267 1552 303 COENA.

147 341 230 390 ipso
258 340 400 377 collatis
419 341 561 391 poteris
584 340 767 377 invenire.
794 341 904 377 Unde
933 339 1181 377 iiotand11111⁸⁴

2098 268 2202 305 1270

1185 339 1242 377 ⁵si
1274 355 1350 378 non
1382 352 1539 392 propter
1567 343 1709 393 aliquas
1740 344 1918 383 utilitates
1950 354 2114 393 nostras,
2145 350 2204 385 vel

147 409 218 446 est,
247 400 339 437 duas
367 414 446 437 esse
475 401 611 438 Christi
642 400 862 436 dilectiones
884 413 1023 437 :unam
1047 409 1142 437 tem·
1160 400 1188 433 A
1211 401 1395 450 speranda
1427 401 1630 448 beneficia,
1665 404 1722 440 vel
1755 414 1927 455 accepta,
1963 407 2020 442 vel
2050 416 2207 457 propter

146 461 312 509 poralem
325 489 334 506 ,
352 461 459 496 aliam
479 460 730 509 spiritualem,
746 473 859 496 unam
880 473 1118 496 communem
1131 488 1140 505 ,

145 519 253 554 aliam
277 519 486 568 specialem.
509 520 691 564 Primam,
715 519 853 555 scilicet
873 519 1137 568 temporalem,

145 579 397 614 communiter
411 577 522 626 justis
541 587 578 614 et
597 578 723 627 impiis
739 578 856 627 pietas
874 577 1059 615 Creatoris
1075 578 1142 614 ad-

147 635 269 672 hibuit
291 651 298 672 :
321 636 551 686 spiritualem
585 637 643 672 vel
676 637 872 686 specialem
895 637 953 686 pie
975 645 1013 672 et
1039 635 1140 684 juste

145 695 359 731 viventibus
388 704 534 732 tantum
565 695 749 732 attribuit.
770 699 858 732 Haec
885 696 1025 732 scilicet
1053 708 1141 745 spe-

145 755 248 792 cialis
268 755 437 792 bifariam
459 757 658 805 spargitur.
680 757 761 792 Alia
783 765 839 792 est
867 756 913 792 de
943 757 1141 793 collatione

144 815 350 860 virtutum,
372 816 443 851 alia
461 815 507 851 de
528 815 776 852 retributione
797 816 1016 852 meritorum
1043 830 1050 851 ε
1071 816 1142 852 alia

143 882 218 919 est,
245 887 319 923 qua
348 888 416 911 nos
440 876 645 912 virtutibus
676 884 807 912 contra
835 876 905 912 tela
926 875 1042 912 hostis
1072 888 1141 911 ne-

145 935 314 983 quissimi
337 934 512 981 roborat;
543 936 632 981 alia,
662 949 737 985 qua
763 949 832 972 nos
858 936 904 972 de
924 943 1053 971 nostro
1079 943 1139 984 ty-

145 1007 267 1031 ranno
301 995 463 1044 legitime
501 996 775 1045 triumphantes
809 995 928 1044 gloria
958 1003 1142 1044 perpetua

145 1054 249 1090 ditat.
265 1057 341 1091 Has
358 1054 448 1091 duas
468 1055 687 1092 dilectiones
707 1054 816 1091 nobis
832 1055 912 1104 ipsa
930 1055 991 1103 pia
1007 1054 1143 1091 Christi

1206 461 1425 506 affinitates,
1457 462 1513 497 vel
1548 464 1913 511 consanguinitates;
1949 465 2013 501 sed
2048 475 2206 516 propter

1206 520 1279 556 hoc
1308 528 1474 565 tantum,
1498 522 1600 570 quod
1634 531 1721 558 sunt
1751 532 1888 560 nostrae
1920 533 2061 561 naturae
2083 527 2204 574 parti—

1207 579 1328 629 cipes,
1361 579 1569 629 diligamus.
1603 582 1764 618 Proinde
1793 583 1999 619 secundum
2034 584 2105 620 hoc
2135 599 2203 621 nos

1207 651 1338 674 omnes
1359 640 1552 688 proximos
1570 640 1786 690 diligamus,
1810 650 1992 691 quantum
2014 644 2058 680 ad
2081 658 2203 681 mores

1206 697 1329 735 bonos
1348 707 1385 734 et
1405 698 1450 734 ad
1474 699 1589 735 vitam
1610 709 1786 737 aeternam
1809 703 2111 751 consequendam
2133 717 2201 740 eo-

1207 771 1288 793 rum
1321 758 1448 803 saluti,
1471 758 1566 794 sicut
1592 767 1629 795 et
1657 769 1795 796 nostrae
1828 774 1897 810 pro
1927 775 2035 810 posse
2065 776 2203 800 consu-

1206 817 1338 862 lendo,
1366 827 1403 853 et
1431 831 1562 854 eorum
1593 819 1891 864 necessitatibus,
1918 830 2030 870 prout
2051 822 2204 859 facultas

1207 875 1392 924 suppetit,
1413 875 1685 913 subveniendo.
1706 880 1826 913 Deum
1846 892 1892 914 ex
1914 887 1992 915 toto
2013 881 2126 916 corde
2147 881 2204 917 di-

1207 934 1375 983 ligimus,
1410 936 1438 971 si
1471 936 1526 971 illi
1557 936 1625 971 soli
1658 937 1863 973 secundum
1896 947 2063 975 nostrum
2094 953 2204 988 posse

1207 995 1356 1043 placere
1382 995 1667 1042 contendimus;
1689 997 1718 1032 si
1744 997 1823 1046 ipse
1851 998 1952 1033 solus
1976 1007 2031 1034 est
2058 998 2205 1036 deside-

1208 1054 1304 1089 rium
1343 1063 1532 1101 nostrum,
1562 1068 1647 1105 spes
1681 1065 1826 1102 nostra,
1857 1057 2018 1094 intentio
2050 1068 2202 1104 nostra,

144 1114 297 1150 dilectio
318 1114 439 1159 dedit,
462 1128 536 1164 qua
556 1115 687 1151 dilexit
707 1127 775 1151 nos
795 1122 832 1150 et
862 1115 952 1150 lavit
971 1114 1018 1150 ab
1038 1115 1142 1150 omni
1162 1110 1189 1144 Β
1209 1120 1309 1148 totus
1325 1126 1432 1149 amor
1447 1122 1588 1158 noster,
1607 1122 1681 1150 tota
1697 1114 1857 1151 charitas
1871 1124 2009 1152 nostra.
2026 1117 2203 1166 Alioquin

142 1173 430 1222 inquinamento
470 1174 590 1210 carnis
628 1182 665 1210 et
696 1173 849 1222 spiritus
884 1174 923 1209 in
961 1173 1142 1222 sanguine

144 1244 228 1268 su0.

196 1293 232 1328 5.
261 1292 364 1329 Sicut
392 1291 505 1341 igitur
538 1304 607 1328 nos
640 1291 807 1329 Christus
840 1292 982 1342 duplici
1013 1305 1141 1330 amore

142 1349 293 1395 dilexit;
313 1351 364 1387 ita
381 1364 449 1387 nos
464 1350 553 1387 bina
570 1351 751 1387 charitate
772 1351 929 1400 flagrare
947 1352 1139 1400 praecepit,

142 1409 344 1447 dilectione
361 1410 417 1447 sui
440 1419 477 1447 et
496 1410 698 1447 dilectione
716 1411 891 1459 proximi.
914 1411 950 1447 Si
979 1411 1141 1447 charita-

144 1477 217 1505 tem
252 1473 332 1506 Deo
366 1478 402 1506 et
430 1470 647 1506 hominibus
681 1470 795 1506 corde
830 1483 945 1520 puro,
979 1479 1016 1506 et
1050 1484 1143 1506 con-

143 1529 296 1565 scicntia
330 1529 449 1575 bona,
481 1538 519 1565 et
554 1529 625 1565 lide
661 1543 737 1565 non
774 1530 857 1566 licta
892 1529 1139 1576 exhibemus,

143 1588 248 1624 facile
268 1597 421 1638 peccato
441 1589 668 1633 resistimus,
695 1589 804 1625 bonis
825 1589 1002 1625 omnibus
1021 1589 1141 1625 abun—

141 1647 290 1694 damus,
309 1649 433 1685 saeculi
454 1648 713 1685 blandimenta
735 1648 943 1697 rejicimus,
965 1657 1000 1685 et
1017 1649 1143 1685 omnia

141 1707 253 1743 etiam
276 1721 360 1756 quae
380 1708 545 1744 diflicilia
566 1716 654 1744 sunt
674 1708 848 1744 humanae
869 1709 1059 1757 fragilitati
1083 1709 1141 1745 vel

140 1779 292 1816 aspera,
316 1768 426 1804 etiam
449 1780 534 1804 cum
557 1767 756 1804 dilectione
777 1768 1013 1817 perficimus,
1035 1768 1063 1804 si
1086 1777 1142 1805 ta-

142 1839 228 1862 men
249 1830 369 1863 Deum
391 1827 555 1877 perfecta
570 1827 771 1871 charitate,
791 1840 875 1876 quae
891 1826 1000 1864 nobis
1015 1827 1141 1863 abillo

1208 1172 1313 1207 illum
1347 1185 1424 1208 non
1457 1173 1623 1222 perfecte
1654 1174 1863 1224 diligimus,
1886 1188 1954 1211 nec
1986 1176 2204 1213 charitatem

1208 1239 1379 1268 tenemus
1396 1247 1404 1268 z
1422 1240 1460 1268 et
1476 1232 1540 1281 qui
1556 1233 1774 1269 charitatem
1792 1247 1867 1270 non
1884 1234 2015 1280 habet,
2029 1236 2106 1283 jam
2129 1250 2204 1273 non

1208 1300 1264 1328 est
1295 1290 1399 1339 ejus;
1431 1305 1500 1328 nec
1533 1292 1636 1329 illum
1669 1292 1823 1329 habebit
1853 1294 1888 1329 in
1919 1295 2115 1343 praemium
2149 1297 2207 1332 sui

1207 1350 1367 1397 laboris,
1390 1351 1454 1400 qui
1474 1352 1512 1387 in
1533 1351 1599 1387 hac
1619 1365 1830 1389 aerumnosa
1847 1353 2048 1390 solitudine
2067 1364 2206 1391 rectam

1207 1409 1377 1445 semitam
1411 1423 1487 1445 non
1516 1412 1678 1447 tenuerit
1709 1411 1909 1448 charitatis.
1943 1416 2031 1449 Haec
2052 1422 2124 1459 est,
2147 1415 2207 1450 in-

1207 1483 1341 1518 quam,
1361 1470 1492 1506 semita
1512 1470 1721 1517 charitatis,
1743 1484 1819 1507 non
1846 1472 1966 1508 solum
1990 1473 2206 1522 diligentem

1209 1528 1382 1577 diligere,
1402 1529 1467 1565 sed
1488 1530 1596 1565 etiam
1620 1530 1830 1576 odientem,
1856 1544 1931 1567 non
1951 1533 2074 1569 minus
2094 1546 2208 1582 quam

1208 1601 1247 1624 se
1267 1588 1389 1638 ipsum
1403 1618 1411 1634 ,
1431 1589 1494 1625 sed
1514 1589 1607 1625 sicut
1631 1603 1670 1626 se
1688 1591 1822 1640 ipsum.
1848 1592 1983 1628 Stricta
2000 1601 2036 1629 et
2053 1602 2208 1643 angusta

1209 1656 1263 1683 est
1291 1649 1422 1685 semita
1446 1649 1534 1693 ista,
1567 1658 1603 1685 et
1630 1651 1739 1699 pauci
1768 1651 1912 1687 vadunt
1943 1665 2010 1701 per
2034 1666 2129 1690 eam.
2150 1654 2208 1690 Illi

1209 1707 1277 1744 soli
1308 1708 1452 1744 vadunt
1478 1722 1545 1758 per
1572 1722 1672 1755 eam,
1694 1710 1757 1759 qui
1778 1719 1935 1760 propter
1963 1711 2148 1749 Christum
2171 1727 2209 1750 se

1209 1767 1311 1815 ipsos
1329 1767 1562 1817 despiciunt,
1581 1777 1618 1805 et
1631 1769 1768 1818 quibus
1784 1779 1915 1807 cuncta
1934 1780 2069 1821 prseter
2085 1773 2206 1822 ipsum

1209 1827 1395 1865 Christum
1436 1829 1633 1866 vilescunt.
1665 1830 1729 1866 Isti
1766 1830 1793 1866 si
1830 1831 1972 1880 aliquas
2007 1831 2210 1869 diabolicas

141 1893 217 1930 est,
239 1898 284 1921 ex
317 1894 396 1921 toto
428 1885 541 1922 corde
561 1894 598 1921 et
619 1899 665 1922 ex
688 1894 764 1921 tota
784 1886 907 1922 anima
928 1886 1138 1935 diligamus.
1158 1886 1185 1921 C
1208 1896 1350 1934 sentes,
1392 1889 1555 1925 viatores
1590 1889 1778 1926 charitatis
1811 1891 2000 1927 occultare
2041 1892 2209 1928 volentes

142 1947 254 1981 Hunc
283 1945 311 1981 si
339 1957 386 1981 ex
420 1953 499 1981 toto
530 1945 644 1981 corde
672 1945 877 1993 diligimus,
902 1945 993 1981 nihil
1015 1946 1085 1981 erit
1106 1946 1142 1981 iu

143 2003 272 2050 nobis,
310 2004 410 2041 unde
443 2005 584 2054 peccati
615 2004 810 2041 desideriis
845 2005 1062 2041 serviamus.
1098 2009 1143 2042 Et

142 2063 233 2112 quid
273 2072 328 2100 est
362 2067 482 2100 Deum
523 2064 706 2113 diligere?
741 2065 797 2100 llli
831 2066 901 2101 soli
941 2064 1139 2113 occupari,

140 2123 268 2159 animo
284 2123 484 2172 concipere
501 2123 667 2159 fruendae
682 2123 836 2159 visionis
852 2123 933 2172 ejus
949 2124 1139 2169 affectum,

141 2181 282 2218 habere
302 2182 444 2231 peccati
465 2181 614 2226 odium,
640 2182 771 2218 mundi
799 2182 986 2218 fastidium
1013 2197 1019 2218 :
1050 2183 1139 2218 dili-

142 2255 230 2291 gere
247 2242 462 2291 proximum
480 2255 591 2290 quem
613 2242 649 2277 in
669 2255 706 2278 se
724 2243 870 2278 censuit
886 2242 1138 2292 diligendum,

141 2302 180 2337 in
201 2302 283 2350 ipso
305 2314 433 2337 amore
466 2314 616 2338 servare
648 2302 854 2350 legitimum
877 2302 1050 2348 modum,
1073 2315 1141 2338 nec

141 2369 358 2410 pervertere
407 2361 619 2397 dilectionis
657 2361 830 2397 ordinem
875 2362 1136 2398 constitutum.

140 2420 320 2457 Ordinem
339 2419 549 2457 dilectionis
565 2421 617 2456 illi
635 2429 877 2470 pervertunt,
895 2434 963 2457 nec
984 2421 1139 2457 modum

139 2479 318 2529 diligendi
339 2480 574 2525 custodiunt,
597 2480 661 2528 qui
680 2489 743 2516 aut
761 2481 944 2517 mundum
964 2481 1027 2530 qui
1045 2493 1139 2516 con-

141 2538 366 2575 temnendus
394 2548 469 2583 est,
492 2539 675 2589 ‹liligunt3
698 2548 763 2575 aut
783 2553 945 2589 corpora
968 2553 1033 2576 sua
1064 2540 1137 2575 mi—

141 2610 211 2632 nus
231 2597 418 2645 diligenda
438 2598 523 2647 plus
547 2598 729 2647 diligunt3
751 2608 816 2635 aut
837 2600 1032 2648 proximos
1052 2613 1139 2636 suos

140 2669 216 2692 non
234 2657 329 2693 sieut
344 2669 382 2692 sc
398 2657 517 2706 ipsos,
531 2666 594 2693 aut
608 2661 725 2693 Deum
741 2659 825 2707 plus
838 2672 949 2707 quum
967 2672 1005 2695 se
1019 2659 1136 2708 ipSOS,

140 2717 237 2752 forte
259 2729 332 2751 uon
355 2716 527 2764 diligunt.
550 2721 695 2766 Corpus
716 2726 886 2754 nostrum
912 2732 931 2753 a
953 2717 1063 2754 nobis
1083 2726 1138 2754 est

139 2775 394 2825 diligendum,
428 2784 469 2812 ut
497 2777 605 2812 saluti
627 2776 709 2824 ejus
734 2785 797 2813 aut
817 2778 1002 2825 fragilitati
1026 2786 1137 2813 natu—

140 2834 266 2870 raliter
285 2835 545 2880 consulamus;
568 2843 607 2871 ut
635 2836 783 2884 spiritui
807 2836 981 2872 ordinate
1001 2837 1138 2872 serviat

138 2893 215 2928 suis
247 2892 431 2937 motibus,
463 2894 595 2929 animm
623 2902 660 2930 et
691 2895 826 2930 rationi
854 2896 890 2930 in
915 2896 1020 2931 nullo
1044 2908 1137 2931 con-

140 2951 314 2997 tradicat,
346 2960 386 2987 ut
416 2952 451 2987 in
488 2952 549 2988 die
581 2953 867 2990 resurrectionis
896 2955 1014 3003 gloria
1042 2954 1136 2990 felici

138 3010 357 3060 perenniter
376 3024 461 3047 cum
483 3012 648 3048 Domino
671 3013 782 3048 vivat.

480 3145 663 3184 SERMO
693 3145 784 3185 XV.

392 3260 425 3287 in
446 3268 526 3288 vers.
548 3261 584 3289 is.
601 3270 668 3301 cap.
686 3271 727 3289 xv
743 3261 884 3292 Joannis.

201 3370 226 3402 l.
253 3370 445 3405 Proximos
464 3380 610 3407 nostros
629 3380 717 3407 tuur
735 3372 922 3419 diligimus
941 3371 1031 3407 >ictu
1053 3386 1132 3410 uos.

1208 1947 1443 1994 invenerint,
1474 1957 1648 1997 tanquam
1685 1950 1785 1985 cervi
1813 1951 1957 1999 agiliter
1988 1952 2209 2001 fortiterque

1208 2015 1422 2053 currentes,
1455 2021 1584 2044 amore
1617 2009 1777 2045 coelestis
1810 2010 1938 2058 patriae
1967 2009 2090 2055 ducti,
2114 2011 2208 2047 ultra

1209 2065 1300 2102 dant
1337 2068 1491 2111 saltum,
1525 2076 1561 2104 ct
1593 2069 1715 2117 ipsum
1749 2068 1962 2113 diabolum,
2002 2070 2207 2106 fraternum

1208 2125 1336 2161 odium
1359 2135 1642 2175 suggerentem,
1670 2127 1860 2163 deducunt
1888 2128 1932 2164 ad
1964 2128 2120 2164 nihilum
2143 2145 2150 2165 :
2173 2138 2207 2166 et

1207 2184 1310 2233 ipsos
1330 2194 1455 2221 motus
1485 2186 1617 2232 animi,
1650 2200 1734 2222 cum
1766 2201 1812 2223 ex
1844 2187 1944 2224 illata
1971 2187 2039 2224 sibi
2069 2187 2209 2237 injuria

1207 2244 1489 2292 quodaminodo
1532 2245 1743 2295 perturbati
1787 2247 1942 2293 suerint,
1979 2248 2016 2283 in
2055 2249 2206 2284 fratrem

1208 2305 1482 2341 conviciantem
1514 2306 1677 2342 insanire
1708 2307 1920 2356 cupientes,
1949 2321 2055 2344 muno
2083 2309 2207 2345 chari-

1207 2364 1291 2399 tatis
1321 2364 1609 2413 coustringunt,
1652 2373 1688 2401 et
1726 2366 1887 2401 allidunt
1925 2366 1970 2402 ad
2000 2367 2204 2405 Christum.

1206 2423 1311 2458 Tales
1326 2423 1496 2472 profecto
1512 2425 1675 2460 animam
1692 2438 1795 2461 suam
1812 2434 1980 2475 ponunt,
1999 2429 2062 2476 qui
2079 2429 2208 2465 amicis

1205 2490 1242 2517 ct
1272 2482 1431 2518 inimicis
1461 2496 1498 2519 se
1530 2496 1598 2532 per
1626 2484 1842 2520 charitatem
1868 2494 2134 2534 prosternunt,
2168 2497 2207 2524 ut

1204 2554 1335 2578 omnes
1348 2542 1522 2579 homines
1539 2544 1772 2580 lucrifaciant
1784 2545 1943 2582 Christo.
1960 2547 2031 2593 Qui
2049 2548 2099 2583 sic
2116 2549 2205 2597 agit,

1205 2607 1241 2635 et
1261 2600 1396 2637 Christi
1421 2602 1621 2650 praeceptis
1641 2600 1787 2646 obedit,
1809 2611 1845 2638 et
1865 2603 1897 2639 ei
1919 2613 2086 2640 mutuam
2113 2606 2204 2642 cha-

1159 2658 1352 2695 Dritatcm
1388 2660 1594 2709 impendit3
1629 2662 1695 2697 iste
1730 2662 1765 2697 in
1798 2662 1955 2698 veritate
1983 2665 2124 2699 amicus
2150 2674 2205 2701 est

1205 2718 1341 2755 Christi
1373 2734 1379 2754 :
1414 2728 1449 2755 et
1480 2721 1566 2768 quia
1602 2729 1758 2769 propter
1792 2721 1913 2770 ipsum
1945 2722 2131 2759 Christum
2164 2737 2204 2760 se

1205 2778 1327 2826 ipsum
1367 2778 1467 2823 odit,
1498 2787 1532 2814 01
1562 2792 1676 2828 super
1707 2781 1832 2815 onmia
1865 2781 1968 2816 illum
2002 2781 2136 2831 diligit,
2166 2792 2203 2819 01

1203 2845 1362 2886 propter
1385 2837 1504 2886 ipsum
1527 2838 1689 2874 odientia
1719 2848 1851 2875 cuncta
1883 2840 2063 2876 charitate
2094 2856 2200 2878 eom-

1203 2896 1392 2945 plectitur,
1411 2896 1570 2943 gaudeat
1590 2898 1652 2946 qui
1673 2898 1752 2933 talis
1772 2907 1839 2934 051.

1258 2956 1293 2990 2.
1328 2956 1398 3003 Qui
1432 2956 1511 2991 talis
1532 2965 1606 3001 est,
1632 2970 1719 2993 vere
1740 2959 1946 2994 monachus
1971 2968 2025 2995 est
2045 2974 2051 2995 :
2074 2969 2109 2996 01
2136 2962 2199 3009 qui

1204 3014 1285 3050 talis
1304 3028 1377 3049 non
1398 3023 1470 3060 est,
1493 3016 1576 3051 licet
1602 3016 1647 3052 sit
1669 3017 1902 3059 cucullosus,
1929 3018 2009 3054 licet
2038 3020 2081 3055 sit
2104 3033 2199 3068 pau-

1203 3087 1335 3116 nosus,
1371 3074 1447 3110 sire
1477 3074 1650 3119 abrasus,
1684 3077 1761 3111 sive
1797 3086 2030 3122 tousuratus,
2066 3078 2197 3115 habeat

1202 3133 1385 3182 quidquid
1408 3135 1479 3179 vis,
1511 3135 1556 3170 sit
1587 3135 1771 3184 quidquid
1803 3137 1878 3181 vis,
1902 3146 1955 3173 est
1986 3138 2106 3187 imago
2140 3140 2196 3174 vel

1204 3193 1347 3242 pictura
1367 3194 1558 3240 monachi,
1580 3203 1614 3230 01
1638 3209 1711 3231 non
1736 3205 1789 3231 est
1809 3197 2024 3232 monachus.
2060 3198 2103 3233 td
2131 3212 2197 3233 xi·—

1203 3253 1418 3289 reeuudiam
1438 3254 1740 3303 phreueticorum
1760 3256 1855 3292 dieo.
1878 3259 1967 3292 Sunt
1989 3257 2139 3304 quidam
2162 3258 2196 3293 iu

1203 3313 1431 3348 monasterio
1464 3313 1598 3350 morbo
1638 3315 1857 3364 phrenetico
1893 3314 2121 3354 laborantes,
2153 3317 2197 3351 aul

1204 3371 1293 3406 iram
1331 3374 1515 3421 prompti,
1552 3374 1596 3409 ud
1631 3374 1861 3409 iracumlium
1899 3375 2116 3423 prarpariui,
2153 3375 2197 3411 .ι(1
