2418 3949
72 203 141 239 261

740 203 791 238 IN
820 201 1046 246 CANTICA,
1075 201 1237 236 SERMO
1265 202 1460 237 XXXVII.

2051 200 2126 237 2112

70 278 123 314 105
142 286 248 321 511111,
270 284 355 315 'non
373 289 479 327 aquae
498 276 605 312 vivae.
627 280 710 312 Non
727 284 850 326 potest
875 276 944 313 sibi
966 275 1345 313 eon-¹²⁰transibunt
1363 290 1446 312 cum
1468 275 1695 312 mortalitate
1717 276 1893 324 mysteria
1913 275 2063 321 nubila,
2086 285 2124 313 et

71 345 169 373 stare
198 336 382 374 discordia
408 365 417 383 ,
453 349 529 372 non
565 343 691 385 potest
735 336 833 372 inter
871 335 1059 386 parientes
1074 341 1106 374 A
1125 335 1205 371 sine
1219 335 1403 371 velamine
1424 348 1553 371 serena
1575 336 1711 371 veritas
1726 363 1735 381 ,
1754 344 1910 385 propter
1929 349 2042 385 quam
2060 337 2120 373 liic

70 396 226 433 schisma
259 405 442 447 perpetua
471 409 543 445 pax
569 395 720 432 servari.
753 399 880 445 Ipsum
901 395 1059 431 schisma

69 455 224 492 infidum
246 464 299 492 est
318 455 406 501 sibi,
436 454 566 503 nequit
587 453 656 491 sihi
678 454 867 490 cohaerere
895 453 1057 498 diutius,

68 515 170 563 quod
193 515 381 552 charitatis
405 521 593 565 pertentat
618 513 823 550 dissolvere
854 513 1053 562 glutinum.

68 573 104 611 Si
118 573 202 623 quis
223 582 257 610 tc
281 573 328 610 ad
350 574 418 610 1105
439 581 573 623 puteos
592 572 827 618 invitaverit,
854 571 1027 621 dirumpe
1044 598 1054 617 ,

67 632 97 668 si
116 640 225 681 potes
240 660 250 678 ,
265 639 401 681 puteos
429 630 710 667 Philistinorum
723 658 734 676 ,
754 637 791 666 et
805 642 920 679 aquas
940 628 1058 679 pesti-

67 692 185 729 lentes
205 692 347 729 exsicca
367 706 374 727 :
397 691 567 739 relinque
586 689 781 727 Philistaeis
799 697 934 740 puteos
953 702 1054 735 suos,

65 759 201 800 puteos
225 750 516 787 inimicitiarum.

121 810 155 846 7.
178 811 326 846 Sectare
342 816 478 858 puteos
495 807 701 844 coelestium
723 806 962 854 deliciarum,
982 820 1056 857 pu-

66 877 146 905 teos
164 881 345 918 aquarum
363 867 527 904 fidelium
542 895 551 913 ,
576 876 614 903 ct
633 879 817 916 aquarum
834 866 1055 912 viventium,

64 941 148 977 quae
166 927 446 977 fluuntimpetu
472 925 518 963 de
541 926 699 963 Libano.
728 930 818 963 Esto
841 926 910 963 1105
929 926 1054 971 horti,

65 996 102 1023 et
124 987 222 1024 horti
244 987 436 1032 conclusi,
456 994 497 1022 ut
516 999 592 1023 non
613 986 801 1036 diripiaris
823 1000 830 1022 :
853 994 889 1022 et
911 985 1056 1022 videbis

1126 402 1331 431 torrentem
1366 394 1550 431 effoderas
1567 422 1575 438 ,
1614 395 1781 431 hilariter
1811 404 1996 446 erumpet.
2032 397 2118 433 Istic

1123 452 1228 489 locus
1260 462 1315 490 est
1346 454 1499 503 speculo
1513 483 1522 499 ,
1557 454 1629 490 illie
1669 454 1818 491 directae
1855 456 2116 505 speculationi.

1123 511 1225 547 Solet
1247 520 1368 549 tamen
1391 513 1518 561 aliquo
1535 513 1648 549 modo
1671 513 1750 549 haec
1770 515 1975 563 speculatio
1991 515 2115 552 locum

1123 571 1284 607 alienum
1310 571 1518 620 pervadere
1540 585 1546 607 :
1569 579 1606 607 et
1628 572 1665 607 in
1694 573 1778 609 loco
1804 575 2117 622 peregrinationis

1123 641 1162 666 50
1179 629 1367 666 viantibus
1390 630 1558 666 hilariter
1581 631 1784 667 ostendens
1801 659 1810 676 ,
1834 633 1966 670 invitat
1983 633 2028 670 ad
2046 648 2117 684 pa-

1125 689 1245 725 triam.
1264 693 1358 725 Vere
1374 689 1526 737 quidem
1550 689 1703 725 festivus
1716 719 1724 734 ,
1743 691 1805 727 sed
1823 691 1928 728 siu-tis
1941 693 2116 729 1150111111(-

1123 749 1228 784 istius
1251 748 1379 784 aeterni
1408 756 1445 783 et
1474 747 1625 784 luminis
1647 748 1770 784 radius
1785 777 1794 793 ,
1815 758 1851 784 et
1871 750 2037 787 fluminis
2060 752 2115 787 ri—

1123 819 1202 842 vus.
1220 810 1302 842 vNou
1321 806 1456 843 emicat
1469 833 1478 851 ,
1500 819 1576 842 non
1593 807 1748 855 emergit
1767 807 1837 843 nisi
1858 807 1896 844 in
1922 809 2040 844 hortis
2053 838 2062 854 ‚
2079 819 2115 845 et

1122 866 1159 902 in
1179 866 1296 903 hortis
1322 865 1549 903 aromaticis.
1577 868 1607 902 O
1637 866 1795 902 altitudo
1820 866 2035 904 divitiarum
2056 882 2116 904 sa-

1123 925 1275 974 pientiae
1294 933 1330 962 et
1352 925 1516 962 scientiae
1536 924 1628 971 Dei,
1646 938 1757 974 quam
1781 925 1910 961 similis
1926 939 1964 962 05
1979 931 2114 976 puteo!

1123 988 1204 1021 Non
1229 993 1337 1034 potes
1368 984 1578 1031 exhauriri,
1603 997 1719 1034 aquas
1739 985 1844 1021 vivas
1873 985 2058 1032 effundis,
2081 996 2117 1022 et

64 1045 256 1096 quomodo
277 1045 343 1082 tibi
364 1046 554 1096 dirumpet
576 1046 760 1083 Dominus
780 1046 903 1082 fontes
923 1053 959 1081 et
979 1053 1056 1082 tor-
1072 1049 1099 1083 B
1120 1058 1234 1094 aquas
1250 1044 1419 1082 salubres
1439 1053 1477 1081 et
1493 1044 1640 1082 uberes.

65 1114 202 1142 rentes.
237 1108 466 1142 Conversare
489 1105 526 1140 in
558 1105 696 1150 horto,
725 1105 753 1141 si
784 1105 878 1141 forte
909 1113 946 1141 et
974 1105 1052 1154 ipse

65 1164 294 1201 convertaris
308 1164 345 1200 in
362 1173 535 1213 puteum,
551 1172 587 1200 et
604 1164 650 1201 de
665 1172 795 1201 ventre
813 1172 877 1200 tuo
898 1163 1053 1200 flumina

67 1223 185 1260 fluant
211 1236 317 1272 aquae
342 1224 449 1260 vivae.
486 1226 664 1270 Quaenam
694 1231 781 1259 sunt
810 1235 915 1272 aquae
936 1223 1051 1268 vivae,

65 1283 135 1319 nisi
162 1296 267 1333 aquae
298 1295 374 1320 non
408 1283 652 1319 deficientes?
682 1286 727 1319 Et
756 1282 907 1332 quidem
943 1281 1053 1318 honae

65 1354 191 1391 aquae,
210 1342 363 1378 haustus
377 1355 536 1391 quarum
557 1349 687 1378 aestum
703 1340 876 1378 desiderii
894 1341 973 1377 sine
991 1341 1054 1378 de-

65 1401 160 1438 fectu
181 1401 386 1450 refrigerat.
413 1401 544 1439 Saeculi
564 1400 838 1438 oblectamenta
861 1400 1054 1442 universa-

65 1460 149 1498 liter
177 1460 304 1498 falsam
343 1461 550 1510 praeferunt
588 1460 768 1509 refrigerii
798 1460 984 1510 speciem,
1019 1468 1055 1496 et

64 1521 276 1557 saecularem
298 1520 640 1570 concupiscentiam
669 1519 800 1556 sedant
826 1519 871 1555 ad
892 1519 1023 1556 horam
1044 1533 1052 1556 τ

65 1578 131 1615 sed
155 1579 262 1628 quasi
285 1578 354 1616 sub
382 1579 464 1629 ipso
494 1587 579 1616 ortu
612 1579 735 1615 statim
763 1587 960 1623 arescunt,
984 1591 1052 1615 nec

65 1636 188 1673 fluunt
199 1650 294 1674 vena
305 1638 463 1687 perenni
475 1652 484 1683 ;
498 1637 603 1686 quasi
620 1646 765 1674 torrens
780 1637 915 1686 raptim
934 1645 1053 1674 trans-

63 1704 174 1742 eunt,
197 1705 233 1732 et
251 1709 327 1733 non
344 1705 400 1733 est
422 1697 592 1733 invenire
611 1696 648 1733 in
667 1696 738 1732 hoe
756 1705 922 1732 torrente
937 1709 1053 1746 aquas

63 1755 177 1792 vivas.
199 1755 284 1792 Alio
309 1755 472 1804 quodam
501 1759 603 1792 Isaac
625 1755 718 1792 fodit
743 1755 778 1791 in
808 1763 994 1802 torrente,
1016 1764 1052 1793 et

1173 1105 1207 1139 8.
1235 1105 1328 1151 Quis
1364 1103 1468 1140 dabit
1490 1104 1644 1140 hortulo
1676 1116 1761 1145 meo
1794 1104 1859 1141 has
1897 1118 2011 1155 aquas
2028 1133 2037 1150 ‚
2080 1114 2116 1141 ct

1121 1163 1224 1199 cordi
1245 1176 1329 1200 meo
1348 1163 1449 1200 hunc
1474 1171 1630 1213 puteum
1650 1163 1898 1201 deliciarum?
1924 1164 1980 1200 Ab
1996 1169 2117 1200 occal—

1118 1227 1163 1257 tis
1191 1227 1281 1258 meis
1313 1225 1455 1259 manda
1495 1236 1554 1259 me
1567 1252 1577 1268 ‚
1621 1226 1799 1266 Domine,
1835 1233 1871 1259 ec
1897 1223 1945 1260 ab
1977 1228 2116 1260 aliems

1110 1296 1230 1331 parce
1242 1296 1341 1318 servo
1357 1291 1417 1319 tao
1429 1282 1456 1319 ⁴'.
1471 1285 1543 1320 Fac
1561 1295 1620 1319 me
1635 1282 1823 1320 Libanum
1843 1297 1851 1319 ε
1870 1296 2027 1332 asperge
2042 1297 2112 1327 me,

1119 1351 1153 1378 et
1173 1342 1397 1385 niandabor,·
1417 1345 1498 1378 lava
1519 1355 1594 1384 me,
1619 1350 1654 1376 et
1680 1355 1794 1390 saper
1811 1345 1928 1378 nivem
1959 1342 2112 1378 dealba-

1120 1400 1184 1436 bor
1198 1400 1223 1437 5.
1243 1403 1419 1437 Emunda
1435 1415 1492 1437 me
1514 1415 1536 1437 a
1553 1403 1686 1436 delicto
1704 1405 1890 1444 maximo,
1906 1410 1941 1437 et
1956 1410 2063 1437 erant
2076 1411 2115 1438 ac

1118 1463 1375 1508 complaceant
1393 1463 1539 1509 eloquia
1565 1465 1637 1495 oris
1655 1465 1728 1496 mei
1741 1488 1750 1503 ‚
1767 1469 1801 1495 et
1824 1463 2014 1496 meditatio
2036 1474 2113 1495 cnr-

1118 1521 1176 1554 dis
1192 1523 1264 1554 mei
1284 1523 1322 1554 in
1341 1528 1535 1566 conspecta
1555 1528 1615 1554 [aa
1632 1532 1777 1566 semper
1788 1516 1815 1555 (3.
1835 1522 1862 1556 F
1864 1532 1907 1555 ac
1922 1532 1980 1555 me
2001 1519 2115 1556 Liba-

1119 1591 1229 1624 num,
1246 1586 1287 1614 ut
1302 1579 1367 1616 has
1382 1578 1449 1614 tibi
1468 1591 1617 1628 semper
1631 1591 1746 1627 aquas
1763 1577 1967 1614 effundam.
1983 1581 2113 1623 Erant,

1120 1637 1261 1687 inquit,
1281 1647 1317 1673 ιιι
1341 1640 1608 1685 cimiplacvaal.
1631 1636 1729 1684 Quid
1754 1645 1811 1673 est
1838 1640 2113 1685 complaceant,

1119 1697 1188 1733 nisi
1214 1705 1254 1733 ut
1274 1706 1432 1746 utraque
1456 1697 1649 1746 placeant,
1679 1704 1715 1732 et
1739 1697 1890 1745 utrique
1916 1697 2115 1745 placeant?

1119 1757 1185 1795 Cui
1211 1758 1385 1806 utrique,
1416 1758 1485 1793 nisi
1510 1757 1600 1794 mihi
1626 1765 1663 1793 et
1688 1755 1787 1793 tibi?
1815 1760 1906 1804 Quae
1935 1765 2114 1806 utraque,

62 1826 176 1862 aquas
211 1814 316 1852 vivas
349 1814 494 1851 invenit
517 1822 542 1852 ¹.
583 1818 647 1851 Est
681 1814 780 1851 enim
809 1823 956 1851 torrens
987 1816 1052 1865 qui
1072 1819 1098 1854 C
1118 1817 1188 1854 nisi
1206 1817 1357 1866 eloquia
1380 1817 1522 1863 laudis,
1543 1825 1580 1852 et
1611 1815 1806 1852 meditatio
1830 1815 1977 1852 cordis?
1997 1819 2116 1865 Aquae

62 1871 186 1909 suavis
205 1872 365 1918 videtur,
383 1872 448 1909 sed
462 1873 633 1909 salutaris
648 1886 724 1909 non
740 1881 810 1918 est,
830 1886 898 1909 nec
918 1874 1055 1923 sempi-

65 1938 192 1967 ternus
210 1931 363 1979 quidem
379 1959 389 1977 ,
410 1932 506 1968 sicut
523 1932 707 1968 saecularis
730 1931 791 1967 ille
818 1946 929 1981 quein
954 1946 1054 1982 pree-

66 1988 229 2026 diximus
242 2018 250 2034 ‚
274 1989 398 2026 fluxus
418 1991 633 2039 voluptatis.
658 1993 703 2026 Et
717 1999 771 2026 est
792 1999 938 2027 torrens
955 1992 1053 2028 salu-

65 2048 154 2084 taris
183 2047 335 2097 quidem
350 2077 360 2094 ,
386 2048 450 2085 sed
474 2062 549 2086 11011
578 2050 828 2099 sempiternus
850 2064 856 2086 :
880 2050 910 2086 si
931 2059 1052 2087 tamen

62 2106 238 2143 effoderis
258 2107 295 2143 in
311 2120 377 2151 eo,
394 2121 509 2156 aquas
530 2108 632 2144 vivas
649 2108 825 2157 reperies.
853 2109 1050 2154 Habemus,

63 2165 184 2213 inquit
214 2168 368 2210 Petrus,
391 2167 599 2212 firmiorem
627 2167 883 2214 propheticam
912 2180 1051 2203 sermo-

61 2236 144 2258 nem
158 2252 170 2268 ‚
222 2228 282 2259 cm·
312 2222 526 2270 benefacitis
558 2227 789 2260 attendentcns-
816 2253 827 2270 ,
869 2234 1050 2274 [alequam

61 2286 222 2318 lacerna?
237 2286 370 2319 lac-eati
391 2288 429 2319 in
456 2288 658 2333 caliginoso
679 2287 775 2331 loco,
795 2288 910 2321 donec
927 2289 1052 2322 illace-

60 2350 140 2376 scat
154 2343 232 2377 dies
245 2369 254 2385 ,
275 2351 310 2378 et
331 2342 617 2390 l111·is(„⁵r·oi‘iat111'
635 2347 672 2379 iu
693 2344 860 2380 cordibus
879 2350 1011 2381 vestris
1023 2353 1048 2382 ².

60 2402 142 2435 Non
163 2400 422 2450 exstinguetur
442 2401 480 2438 in
507 2411 617 2438 nocte
645 2403 713 2439 ista
741 2403 922 2440 lucerna:
954 2404 1049 2440 inte-

61 2459 130 2495 rim
156 2459 254 2496 enim
282 2473 371 2498 usus
403 2459 485 2510 ejus
514 2462 745 2499 necessarius
772 2471 839 2499 est.
863 2463 935 2500 Sed
963 2476 1048 2499 cum

60 2517 138 2554 dies
161 2525 324 2555 aeternus
343 2519 526 2565 eluxerit,
552 2521 782 2570 propheticae
800 2522 952 2558 lucerna
969 2536 1051 2559 ees-

1119 1877 1199 1913 istae
1218 1877 1389 1913 viventes
1423 1884 1534 1920 sunt,
1557 1876 1644 1925 quia
1679 1888 1828 1924 semper
1859 1875 2116 1924 complacent,

1120 1949 1268 1986 semper
1284 1936 1408 1972 fluunt
1432 1949 1438 1971 :
1459 1934 1523 1971 sed
1543 1947 1618 1970 non
1637 1933 1761 1970 fluunt
1785 1932 1854 1969 nisi
1875 1932 1921 1968 de
1938 1931 2084 1969 Libano
2103 1960 2112 1976 ,

1119 2009 1187 2032 nec
1215 1997 1314 2032 lente
1339 1994 1519 2043 quidem,
1551 1993 1615 2029 sed
1640 2006 1726 2029 eum
1757 1992 1915 2041 impetu.
1956 1995 2114 2040 Magnus

1120 2055 1282 2105 impetus
1298 2053 1455 2090 violenti
1482 2065 1613 2089 sensus
1633 2051 1771 2088 amoris
1793 2065 1800 2086 :
1821 2050 1949 2086 dulces
1971 2058 2110 2094 tamen,

1120 2128 1195 2150 non
1225 2113 1394 2150 difficiles
1436 2111 1559 2148 aditus
1594 2109 1717 2147 habet.
1757 2113 1916 2158 Magnus
1950 2109 2113 2158 impetus

1117 2173 1222 2222 ejus,
1249 2173 1336 2222 quia
1363 2184 1482 2220 usque
1501 2170 1547 2207 ad
1573 2170 1749 2206 affectum
1776 2169 1956 2218 pertingit
1984 2169 2112 2204 effica-

1118 2233 1231 2279 citer,
1270 2240 1307 2268 et
1333 2230 1506 2267 exhaurit
1543 2230 1722 2265 suaviter.
1762 2232 1919 2276 Magnus
1951 2227 2115 2277 impetus

1117 2291 1219 2340 ejus,
1251 2290 1357 2339 cujus
1393 2287 1641 2325 vehementiae
1664 2287 1836 2323 resistere
1864 2286 1915 2322 nil
1944 2294 2069 2335 potest
2103 2300 2111 2322 :

1120 2351 1208 2386 Cam
1231 2355 1390 2398 impeta,
1409 2348 1550 2397 inquit,
1571 2349 1618 2382 de
1633 2346 1788 2382 Libana.
1806 2345 1999 2395 Expressit
2019 2358 2112 2381 eau—

1115 2422 1193 2446 sam
1231 2407 1514 2452 redundantiae,
1551 2405 1704 2442 nomine
1732 2403 1879 2441 Libani.
1926 2403 2110 2441 Munditia

1116 2469 1220 2504 locus
1237 2475 1293 2504 est
1319 2465 1566 2503 redundantis
1589 2465 1744 2509 1113111110,
1769 2472 1806 2500 01
1827 2477 1942 2513 aquas
1957 2463 2110 2512 sapien-

1117 2527 1176 2563 tiae
1193 2526 1364 2562 salutaris
1385 2524 1545 2561 effundit
1564 2539 1571 2559 :
1594 2523 1640 2559 de
1660 2522 1823 2559 candido
1838 2530 2110 2571 prorumpunt,

61 2574 156 2611 saliit
182 2575 383 2623 doctrinm,
407 2585 443 2612 01
470 2578 639 2614 litterarii
669 2580 853 2616 sermonis
881 2581 1048 2617 exsicca·
1068 2590 1152 2624 Det
1184 2585 1381 2622 candidius
1416 2583 1592 2620 reddunt.
1628 2585 1798 2630 Congere
1823 2582 1861 2617 in
1898 2594 2040 2625 unum,
2073 2590 2111 2616 et

61 2632 163 2670 bitur
200 2642 358 2672 torrens.
393 2636 477 2672 Sive
512 2637 611 2673 enim
641 2638 849 2687 prophetiae
884 2652 1045 2676 evacua-

61 2691 223 2739 buntur,
252 2694 328 2730 sive
359 2694 493 2744 linguae
523 2695 743 2743 cessabunt,
781 2698 858 2733 sive
892 2699 1046 2735 scientia

62 2751 294 2798 destruetur3
314 2753 446 2790 futura:
462 2755 767 2793 manifestationis
783 2766 953 2807 respectu
969 2766 1048 2794 tur-

64 2809 191 2856 bidus,
214 2818 254 2847 ut
281 2812 332 2849 sie
364 2812 502 2859 dicam,
524 2814 559 2850 in
583 2815 735 2851 modum
768 2818 943 2853 torrentis
966 2817 1048 2854 fluit

63 2882 175 2905 sacrae
191 2882 313 2906 sermo
338 2872 560 2920 Scriptum-ae,
578 2873 766 2911 instruens
791 2888 861 2912 nos
882 2889 950 2926 per
965 2890 1049 2926 spe-

63 2929 188 2965 culum
219 2937 256 2965 et
280 2929 318 2966 in
347 2932 553 2979 aenigmate.
588 2933 690 2970 Illius
711 2943 857 2980 autem,
881 2950 965 2985 quse
995 2945 1049 2972 est

64 2989 155 3025 faeie
174 2988 220 3025 ad
242 2989 370 3027 fziciem
385 3019 395 3037 ‚
416 2992 570 3029 visionis
584 2992 609 3039 ³,
631 3008 746 3040 verte,
772 3008 878 3044 purae
897 3005 983 3033 511111
1013 3005 1047 3032 01

66 3061 248 3097 perennes
266 3063 384 3099 aquae.
404 3055 486 3088 Non
507 3052 665 3089 deerunt
689 3054 760 3090 illae
786 3054 851 3092 tihi
866 3084 875 3100 ‚
909 3069 985 3092 non
1009 3065 1049 3092 tu

64 3107 146 3146 illis.
175 3112 267 3146 Cum
290 3111 523 3148 mortalitatis
545 3112 656 3161 liujus
677 3115 862 3151 transierit
885 3123 1049 3161 10110115,

119 3247 125 3261 ¹
146 3246 224 3271 (Zeu.
250 3253 346 3278 xxvi.
372 3247 422 3275 111.
442 3263 458 3266 ἡ
476 3263 482 3265 Δ

67 3301 81 3313 “’
99 3295 175 3325 l'sad.
198 3305 229 3323 xx
244 3306 292 3329 111,
315 3300 322 3325 1
340 3299 348 3325 'i
367 3320 373 3333 ‚
396 3299 445 3327 1.).

505 3251 515 3265 ’
543 3249 567 3276 ΙΙ
586 3249 664 3277 l‘etr.
692 3259 722 3282 1,
755 3251 803 3278 tt).
825 3268 839 3270 ν
857 3267 865 3269 —
888 3247 1122 3285 ³11301·.x1n,
1145 3252 1181 3284 8,
1207 3252 1255 3278 1¹2.

1111 2645 1218 2694 quasi
1237 2645 1274 2681 in
1297 2656 1471 2681 acervum
1493 2642 1688 2679 accumula
1718 2641 1868 2678 delicias
1895 2641 1993 2677 istas.
2014 2640 2107 2677 vide

1112 2713 1149 2740 et
1182 2704 1379 2740 considera
1414 2710 1596 2752 puteum,
1636 2701 1848 2745 Libanum,
1886 2699 2070 2749 impetum
2096 2728 2106 2744 ,

1113 2776 1228 2813 aquas
1246 2763 1360 2799 vivas.
1379 2760 1648 2810 Deprehendcs
1668 2760 1704 2795 in
1727 2759 1784 2794 his
1803 2765 1813 2808 ζ
1832 2758 1861 2794 51
1885 2758 2012 2794 animo
2037 2757 2106 2794 ad-

1113 2830 1237 2858 vertas
1254 2821 1265 2870 )
1286 2833 1401 2869 aquas
1417 2820 1504 2856 istas
1525 2827 1563 2854 et
1582 2830 1732 2854 serenas
1756 2828 1856 2861 esse,
1875 2825 1912 2853 et
1930 2824 2106 2861 secretas,

1115 2889 1152 2916 et
1179 2880 1438 2924 vehementes,
1461 2886 1496 2913 et
1522 2890 1597 2913 non
1627 2876 1855 2912 deficientes.
1890 2879 2027 2912 Putcus
2048 2887 2105 2911 sc-

1116 2948 1258 2976 cretum
1285 2938 1473 2988 designat,
1500 2936 1738 2973 serenitatem
1766 2935 1944 2972 Libanus.
1966 2938 2007 2971 111
2035 2935 2107 2970 1111-

1114 3007 1204 3048 petu
1240 2998 1363 3033 omnis
1398 2997 1491 3033 alius
1531 2995 1754 3032 exhauritur
1787 2995 1966 3036 affectus,
1999 3007 2107 3043 aqua:

1114 3057 1211 3094 viva*
1242 3056 1414 3092 nesciunt
1435 3055 1639 3092 exhauriri.
1664 3058 1790 3091 Bonus
1809 3054 1920 3090 etiam
1944 3053 2107 3091 Libanus

1118 3115 1229 3159 lides,
1257 3129 1302 3151 eo
1324 3114 1427 3164 quod
1451 3114 1522 3151 lide
1547 3113 1662 3150 corda
1684 3113 1930 3150 mundentur.
1955 3112 2012 3149 Ab
2036 3113 2107 3148 hoc

1305 3267 1318 3271 Δ·
1350 3253 1357 3272 ¹
1383 3249 1460 3279 l'sal.
1487 3259 1582 3283 xviii.
1608 3251 1667 3284 13,
1701 3250 1748 3278 li.
1839 3244 1848 3264 3
1869 3245 1944 3275 l‘sal.
1969 3256 1998 3278 1.,
2019 3250 2048 3274 (1,
