2418 3949
213 219 306 255 1381
803 222 868 257 DE
897 224 1091 260 VILLICO
1120 225 1437 270 1MQU1TA‘US,
1469 228 1643 263 SERMO.
2156 230 2251 266 1352

202 309 244 330 eo
260 301 283 332 ¹.
312 295 436 344 Hujus
459 303 583 332 tamen
611 295 853 345 obligationis
874 298 997 335 nodus
1021 298 1246 336 celeriter⁷⁰⁰
1255 306 1496 348 generatione
1509 303 1681 348 suafiliis
1699 305 1813 346 lucis;
1832 303 1970 340 dictum
1988 312 2043 340 cst
2061 304 2190 351 nobis,
2210 314 2251 341 ut

201 355 392 404 rumpitur
406 383 416 400 ,
448 355 478 392 si
502 354 599 391 bene
621 356 838 404 perficiatur
862 357 964 406 quod
984 358 1156 407 sequitur
1179 372 1186 394 :
1206 360 1236 392 A
1257 359 1488 396 saecularium
1505 361 1673 397 inutilem
1691 362 1882 398 imitemur
1901 363 2154 412 prudentiam,
2177 366 2250 402 sic-

198 414 356 458 scilicet,
379 415 471 449 Sede
488 419 560 449 cito
571 441 583 457 ,
606 424 645 450 et
663 415 781 450 scribe
803 421 987 464 octoginta
1002 431 1015 460 ,·
1042 417 1081 453 id
1108 424 1185 461 est,

197 471 354 509 humilia
376 481 410 509 te
428 472 547 523 (sicut
566 474 835 524 exposuimus)
860 475 897 511 in
921 475 1185 512 observatione

196 532 461 568 mandatorum
482 533 571 577 Dei,
588 540 626 568 et
644 542 743 569 certa
757 547 822 583 spe
839 534 1064 571 baereditatis
1081 542 1184 570 aeter-

195 604 265 627 nae.
284 595 341 628 De
357 591 451 627 cado
469 600 506 627 et
522 604 612 628 coro
629 592 757 628 dicant
781 593 844 630 alii
864 607 935 643 pro
953 593 1185 630 abundantia

194 663 326 687 sensus
345 651 402 687 sui
418 650 510 700 quid
533 652 739 698 senserint3
763 665 832 702 ego
863 666 977 703 super
1003 654 1059 690 his
1092 653 1184 690 nihil

192 710 296 746 aliud
316 710 402 746 dico
415 739 424 755 ,
444 710 514 746 nisi
538 711 640 760 quod
657 713 958 762 unumquodque
982 726 1046 750 vas
1067 721 1122 749 est
1137 711 1185 749 ad

193 769 490 806 mensurandum
515 771 552 806 in
571 784 640 808 suo
657 784 793 820 genere
811 786 819 808 :
839 781 876 809 et
894 773 955 809 hic
975 772 1184 822 significare

190 837 353 878 possunt
366 838 592 875 mensurate,
607 829 645 866 id
660 838 714 866 est
727 831 905 878 discrete,
921 831 1058 868 debere
1074 844 1183 880 agere

190 889 438 938 poenitente53
458 890 563 939 quasi
580 890 632 926 sic
647 890 818 927 occidant
836 891 981 928 hostem
996 918 1006 936 ,
1025 903 1073 927 ne
1089 890 1183 939 peri-

189 955 294 984 mant
315 948 460 995 civem,
491 950 669 998 quoniam
697 950 879 999 scriptum
904 958 960 986 est
987 964 994 985 :
1023 952 1062 986 Si
1088 958 1183 985 recte

189 1005 328 1055 offeras
338 1037 350 1053 ,
375 1018 410 1044 et
429 1023 502 1044 non
530 1018 626 1044 recte
645 1011 791 1045 dividas
803 1037 814 1053 ,
837 1014 1002 1057 peccasti
1016 1015 1040 1044 ².
1070 1012 1184 1046 Recte

1253 425 1294 453 ut
1316 420 1464 468 Moyses
1479 418 1531 455 ibi
1550 433 1619 455 nos
1646 421 1800 469 mystice
1826 420 1951 466 docet,
1973 422 2125 460 dicens:
2156 425 2244 459 Cum

1252 489 1416 524 egressus
1425 476 1547 524 fueris
1564 481 1616 513 ml
1625 492 1791 527 pugnam
1803 508 1814 523 ,
1836 486 1867 515 si
1895 483 2032 517 videris
2059 485 2243 518 mulierem

1243 535 1463 582 pulchram,
1485 546 1521 571 ec
1536 540 1768 573 adamaveris
1793 553 1873 574 eam
1889 568 1898 582 ,
1926 543 2033 575 rades
2064 544 2099 576 ei
2123 556 2243 577 cresa-

1253 598 1358 637 riem,
1379 602 1448 631 etc.
1463 605 1502 631 et
1519 601 1589 632 erit
1602 597 1669 632 cibi
1686 612 1781 632 uxor
1797 596 1822 634 5.
1841 601 1887 634 Et
1907 598 2048 636 dictum
2066 609 2121 637 est
2136 601 2241 637 simi—

1250 653 1335 689 liter
1353 653 1400 689 ad
1416 667 1586 704 magnam
1614 666 1778 693 nostram
1801 657 2120 704 erubescentiam,
2148 674 2190 696 ac
2213 661 2243 697 si

1250 711 1405 749 dixisset
1420 713 1530 750 nobis
1549 715 1641 751 illud
1659 716 1853 765 propbetae
1870 731 1877 752 ε
1897 718 2090 763 Erubesce,
2110 721 2238 763 Sidou,

1247 777 1304 807 ait
1321 786 1422 808 mare
1433 771 1460 809 ⁶.
1480 775 1642 811 Grandis
1661 776 1759 811 enim
1779 775 1887 813 nobis
1909 777 2019 814 debet
2036 791 2113 814 esse
2135 792 2242 815 vere-

1248 830 1382 867 cundia
1397 859 1406 875 ,
1426 832 1528 880 quod
1554 834 1618 869 lilii
1639 834 1858 882 perditionis
1878 837 2130 886 promptiores
2155 847 2243 874 sunt

1246 889 1286 925 in
1302 890 1526 939 appetendis
1541 892 1663 937 malis,
1680 906 1790 941 quam
1807 906 1875 930 nos
1890 907 2018 930 sumus
2034 896 2071 930 in
2086 896 2242 932 coelesti—

1248 947 1319 984 bus
1342 949 1504 996 gaudiis,
1535 950 1582 986 de
1609 950 1748 999 quibus
1774 951 1905 988 beatus
1930 954 2134 1003 Gregorius
2161 956 2237 991 ait:

1250 1024 1264 1038 «
1288 1008 1360 1055 Qui
1393 1009 1552 1045 coelestis
1584 1010 1670 1045 vitae
1701 1009 1937 1047 dulcedinem
1950 1039 1959 1056 ,
1987 1012 2026 1048 in
2056 1022 2238 1061 quantuni

188 1066 402 1114 offerimus,
421 1082 505 1105 cum
534 1067 637 1105 bono
659 1068 784 1105 studio
809 1067 953 1105 bonum
982 1081 1078 1118 opus
1102 1069 1180 1118 agi·
1199 1065 1228 1099 Β
1249 1085 1262 1099 υ
1284 1066 1510 1117 possibilitas
1536 1068 1718 1113 admittit,
1739 1070 1903 1118 perfecte
1931 1072 2168 1120 cognoverit3
2197 1086 2240 1108 ea

188 1139 296 1163 mus:
315 1128 379 1164 sed
403 1141 478 1165 non
497 1137 597 1164 recte
623 1128 846 1174 dividimus,
865 1129 895 1165 si
912 1128 1180 1165 discretionem

186 1185 326 1223 habere
346 1187 383 1223 in
405 1186 508 1224 bono
532 1200 647 1237 opere
663 1195 936 1237 postponamus
955 1202 962 1224 :
986 1200 1098 1236 quam
1116 1188 1182 1237 qui

187 1244 414 1292 dissimulat,
431 1247 541 1282 etiam
562 1254 663 1282 recte
678 1246 860 1293 offerens,
877 1246 971 1283 sicut
985 1246 1117 1283 beatus
1131 1247 1181 1283 ait

187 1305 414 1354 Gregorius,
432 1313 562 1354 peccat
573 1303 600 1341 ³.

243 1364 299 1400 12.
328 1364 504 1413 Sequitur
521 1378 530 1399 :
551 1365 604 1400 Et
625 1365 790 1400 laudavit
813 1366 986 1399 dominus
1011 1367 1177 1401 villicum

186 1427 412 1471 iniquitatis,
433 1438 475 1459 eo
495 1425 598 1471 quod
609 1425 814 1472 prudenter
831 1429 976 1473 egisset.
996 1426 1089 1461 Sunt
1114 1425 1179 1474 qui

185 1481 372 1518 mirantur
393 1481 494 1518 unde
518 1482 596 1518 haec
622 1482 701 1518 laus
726 1483 971 1531 processerit,
993 1497 1078 1520 cum
1101 1497 1179 1520 non

185 1539 332 1577 dicatur
358 1540 405 1577 ad
436 1541 596 1577 litteram
627 1541 851 1590 persolvisse
882 1541 1076 1589 debitum,
1113 1543 1179 1580 sed

183 1607 360 1635 curtasse.
391 1599 500 1647 Quod
528 1599 558 1635 si
586 1599 670 1648 quis
703 1600 845 1648 egerit,
877 1601 1046 1637 attendat
1075 1602 1179 1651 quod

183 1659 311 1708 potius
329 1659 467 1695 imitari
492 1658 604 1695 debet
631 1659 822 1704 villicum,
853 1673 965 1708 quam
989 1661 1177 1698 admirari.

183 1718 417 1756 Saeculariter
437 1718 535 1755 enim
556 1717 765 1767 prudenter
783 1718 879 1767 egit,
900 1719 964 1768 qui
984 1733 1068 1768 quae
1089 1720 1178 1756 red-

183 1778 274 1815 dere
291 1791 369 1815 non
386 1779 511 1829 potuit
523 1807 532 1824 ‚
556 1791 604 1815 ne
621 1791 734 1828 super
751 1778 808 1814 his
825 1787 1046 1828 argueretur
1062 1779 1175 1826 furto,

1247 1143 1261 1158 »
1282 1139 1366 1175 quae
1387 1127 1425 1162 in
1451 1127 1560 1163 terris
1583 1136 1794 1173 amaverat,
1825 1128 1986 1165 libenter
2011 1139 2143 1167 cuncta
2169 1131 2238 1167 de-

1246 1204 1260 1217 »
1282 1185 1474 1234 relinquit.
1492 1202 1506 1218 »

1302 1245 1361 1282 13.
1383 1248 1430 1281 Et
1446 1244 1492 1281 ad
1513 1244 1590 1281 haec
1606 1244 1805 1281 incitamur
1822 1258 1906 1281 cum
1934 1244 2072 1282 dicitur
2087 1262 2095 1283 ε
2113 1250 2240 1284 Facite

1245 1304 1349 1341 vobis
1374 1309 1514 1340 amicos
1541 1306 1587 1339 de
1609 1317 1821 1340 mammona
1847 1309 2070 1352 iniquilatis,
2098 1316 2138 1341 ut
2159 1321 2238 1343 cum

1245 1364 1470 1412 defeceritis,
1493 1365 1675 1412 recipiant
1688 1378 1753 1399 vos
1770 1370 1808 1400 in
1825 1373 1968 1399 oeterrm
1984 1364 2235 1404 tabernacula.

1243 1427 1369 1461 Bonus
1384 1436 1508 1460 sermo
1525 1431 1563 1460 et
1579 1423 1683 1459 omni
1700 1424 1917 1473 acceptione
1935 1422 2083 1472 dignus,
2101 1425 2240 1463 docens

1244 1495 1314 1519 nos
1333 1495 1418 1518 cum
1443 1482 1515 1518 illis
1535 1482 1733 1518 amicitiam
1754 1482 1936 1531 jungere,
1961 1484 2025 1532 qui
2052 1496 2122 1520 nos
2146 1498 2217 1534 pos

1244 1551 1332 1579 sunt
1364 1542 1403 1578 in
1433 1550 1573 1578 aeterna
1605 1554 1730 1578 secum
1764 1541 2002 1578 tabernacula
2037 1543 2235 1580 collocare.

1246 1604 1318 1650 Qui
1346 1602 1519 1638 videlicet
1540 1610 1629 1638 sunt
1654 1602 1727 1647 illi,
1749 1602 1818 1638 nisi
1839 1615 1935 1650 quos
1959 1603 2131 1651 superius
2151 1603 2239 1639 brc-

1245 1662 1343 1698 viter
1373 1662 1578 1705 annotavi,
1613 1662 1762 1710 parvuli
1793 1670 1828 1698 et
1858 1675 2042 1711 pauperes
2071 1663 2239 1699 Christi?

1244 1723 1346 1768 Quos
1369 1721 1457 1769 quia
1484 1720 1668 1757 Dominus
1698 1729 1820 1766 amat,
1848 1721 1930 1769 ipso
1958 1729 2050 1757 teste
2075 1722 2140 1770 qui
2165 1722 2239 1767 ait,

1247 1782 1316 1815 Vos
1336 1784 1448 1815 amici
1464 1785 1537 1814 mei
1553 1784 1637 1814 estis
1651 1785 1663 1808 7
1683 1792 1690 1814 :
1709 1778 1755 1814 ab
1773 1778 1828 1814 his
1847 1792 1913 1815 nos
1931 1779 2106 1816 faciamus
2122 1781 2240 1816 amari

182 1846 290 1875 caute
307 1838 465 1882 celavit,
484 1846 520 1874 et
541 1838 745 1874 secundum
766 1837 962 1886 cujusdam
979 1838 1094 1875 verba
1117 1839 1177 1876 di-
1198 1835 1224 1871 C
1245 1839 1291 1876 de
1308 1852 1374 1885 eo,
1394 1839 1498 1889 quod
1517 1838 1614 1875 idem
1639 1839 1826 1875 Dominus
1850 1851 1919 1875 nos
1940 1839 2067 1875 docuit
2089 1839 2240 1885 dicens,

181 1899 319 1944 centis,
342 1898 379 1936 Si
402 1911 477 1934 non
495 1906 614 1943 caste,
635 1898 764 1934 saltem
790 1906 896 1934 caute
913 1897 926 1947 (
943 1906 999 1934 est
1017 1911 1179 1948 namque

182 1959 340 1996 minoris
359 1959 479 2008 culpae
495 1958 704 2008 quemlibet
729 1971 767 1996 se
787 1959 908 1995 solum
928 1958 1016 1995 dare
1041 1960 1176 2004 morti,

180 2032 293 2068 quam
313 2019 343 2055 si
360 2027 517 2055 caeteros
536 2032 661 2055 secum
680 2019 785 2054 tollat
800 2018 1024 2068 contagione
1046 2031 1180 2068 pecca-

181 2079 209 2115 ti
226 2078 239 2129 )
257 2093 265 2115 :
284 2086 322 2114 et
339 2078 443 2128 quod
464 2077 534 2114 sibi
553 2078 715 2128 perutile
735 2091 956 2126 summaque
976 2077 1178 2127 prudentia

181 2138 271 2184 suit3
286 2137 373 2187 quia
386 2137 487 2187 apud
505 2150 602 2186 quos
620 2137 851 2187 reciperetur
867 2137 1009 2181 effecit,
1027 2136 1057 2173 si
1072 2149 1177 2173 amo-

179 2206 332 2234 veretur
349 2210 370 2234 a
387 2197 625 2234 villicatione.
650 2197 722 2235 Sed
743 2205 780 2232 et
796 2197 905 2233 altius
927 2197 1074 2245 loquar.
1095 2197 1178 2233 Pla-

180 2269 228 2293 ne
269 2256 474 2294 secundum
513 2256 691 2293 moralem
733 2256 1017 2305 intelligentiam
1061 2256 1178 2292 multa

179 2316 289 2353 laude
321 2325 376 2353 est
406 2316 566 2365 dignus,
597 2316 661 2365 qui
689 2315 821 2352 relicto
855 2328 984 2351 errore
1011 2315 1178 2364 pristinae

177 2376 493 2418 conversationis,
515 2375 623 2411 diviti
644 2378 726 2411 Deo
749 2374 996 2418 satisfaciens,
1018 2373 1114 2410 redit
1130 2373 1177 2410 ad

178 2435 348 2484 gratiam.
368 2438 414 2471 Et
434 2443 591 2484 propter
606 2434 677 2470 boc
693 2447 779 2471 eum
797 2434 975 2470 dominus
992 2433 1175 2480 laudavit,

177 2494 267 2543 quia
285 2494 363 2531 sive
383 2494 454 2530 hoc
474 2493 587 2530 modo
602 2523 611 2539 ‚
634 2494 694 2530 vel
715 2493 787 2530 hoc
808 2493 922 2530 modo
951 2492 1097 2529 dicatur
1122 2493 1175 2529 se-

178 2553 295 2599 cisse,
320 2553 530 2603 prudenter
555 2554 640 2602 egit.
669 2556 745 2590 Nec
768 2561 918 2589 moveat
944 2566 1172 2602 quemquam

178 2613 282 2662 quod
302 2612 453 2657 dicitur,
474 2616 681 2660 iniquitatis
695 2624 799 2647 :non
820 2612 919 2648 enim
943 2612 1098 2660 ponitur
1115 2612 1175 2648 hic

177 2685 223 2708 eo
248 2671 351 2721 quod
367 2680 547 2721 operetur
563 2671 607 2707 ad
626 2671 773 2708 laudem
787 2699 796 2716 ,
814 2671 878 2707 sed
899 2670 944 2706 ad
963 2683 1094 2706 eorum
1110 2671 1175 2720 qui

178 2730 379 2767 audierunt
397 2730 600 2767 tollendam
627 2730 928 2780 desperationem
944 2758 953 2774 ‚
980 2729 1076 2765 sicut
1097 2733 1174 2766 Do-

178 2790 302 2827 minus
325 2798 481 2826 testatur
499 2790 544 2827 ad
566 2791 788 2840 prophetam
801 2818 810 2835 ,
830 2789 976 2834 dicens,
995 2791 1174 2836 Multipli-

177 2860 276 2886 catce
295 2859 377 2886 sant
397 2850 631 2897 Infirmitates
658 2863 804 2894 eorum,
826 2858 958 2897 postea
983 2850 1173 2883 arcelera-

178 2918 315 2945 verunt.
339 2910 419 2944 Non
447 2908 675 2958 congregabo
700 2909 953 2944 conventicula
977 2920 1102 2942 eorum
1127 2908 1174 2942 de

177 2968 441 3018 sanguinibus,
477 2983 543 3004 nee
573 2982 713 3004 memor
739 2982 799 3004 ero
828 2971 1019 3003 nominum
1051 2980 1173 3001 comm

175 3043 247 3078 per
267 3028 368 3064 labia
392 3028 518 3064 1110114.
544 3029 600 3065 Ad
628 3028 698 3065 hoc
718 3028 818 3065 enim
848 3028 1042 3064 Matthaeus
1067 3040 1174 3063 suum

178 3101 388 3138 cognomen
407 3088 561 3124 retinuit
578 3088 818 3123 publicanus.
837 3090 918 3124 Hoc
933 3086 1036 3136 quod
1055 3086 1179 3135 scqui-

181 3155 243 3183 tul·
256 3175 266 3192 ,
290 3149 467 3195 quiafilii
488 3148 595 3193 liujus
613 3149 740 3183 soecnli
755 3149 1016 3195 prudentiores
1036 3154 1119 3181 suut
1140 3150 1177 3181 iu

230 3284 239 3298 ¹
261 3280 381 3309 lJoan.
404 3289 463 3315 ιιι,
487 3281 538 3310 17.
556 3297 600 3301 -
624 3284 637 3300 ²
656 3282 797 3314 Gen.1v,
819 3281 850 3314 7.
869 3280 958 3319 juxta
978 3280 1080 3309 Lxx.
1097 3297 1138 3302 —
1159 3275 1171 3298 ³
1194 3278 1305 3309 Moral.
1322 3277 1376 3309 lib.
1392 3280 1448 3308 ζίυ,
1470 3288 1535 3316 vap.
1557 3278 1605 3306 ti.

640 3334 648 3347 l

188 3333 297 3362 10-13.
319 3350 358 3353 —
386 3329 401 3351 ὗ
422 3331 492 3362 lsai.
511 3343 617 3370 axin,
637 3343 666 3362 «ι.
687 3350 728 3354 —-
748 3337 760 3361 7
781 3333 872 3362 Joau.
891 3342 947 3369 xv,
975 3335 983 3361 1
1001 3333 1023 3361 ’1.

1245 1902 1292 1935 de
1309 1914 1521 1935 mammona
1538 1903 1757 1946 iniquitatis.
1783 1899 1862 1934 Vile
1880 1907 1934 1934 est
1957 1900 2118 1948 pretium
2133 1927 2142 1945 ,
2173 1900 2239 1936 sed

1245 1960 1386 2010 emptio
1407 1960 1536 1996 multa.
1558 1962 1771 1996 Mammona
1792 1971 1954 2007 namque
1980 1958 2118 1995 divitiae
2137 1972 2238 1995 nun-

1245 2027 1444 2069 cupantur,
1471 2032 1555 2068 quae
1580 2018 1759 2054 dicuntur
1783 2018 1942 2066 iniquae,
1975 2030 2051 2053 non
2080 2026 2240 2067 propter

1245 2091 1307 2124 se,
1334 2078 1398 2116 sed
1423 2086 1578 2128 propter
1601 2077 1806 2133 iniquitatis
1829 2076 2002 2112 effectum
2027 2076 2090 2125 qui
2112 2077 2241 2113 evenit

1242 2151 1289 2174 ex
1306 2151 1345 2174 se
1362 2152 1369 2173 :
1389 2138 1484 2174 sicut
1500 2136 1614 2173 arbor
1633 2137 1693 2173 illa
1709 2149 1792 2185 quae
1812 2136 1997 2185 appellata
2016 2144 2071 2171 est
2086 2135 2240 2172 scientia

1242 2196 1333 2234 boni
1361 2206 1399 2234 et
1425 2197 1531 2243 mali3
1557 2210 1634 2233 non
1660 2195 1762 2245 quod
1792 2196 1904 2232 ullam
1933 2194 2088 2231 liaberet
2114 2196 2238 2231 scien-

1245 2257 1354 2302 tiam,
1375 2257 1439 2294 sed
1466 2256 1569 2306 quod
1599 2264 1794 2305 tangentes
1821 2268 1902 2291 cam
1931 2263 2062 2291 contra
2093 2267 2236 2304 praece—

1245 2326 1350 2366 ptum
1370 2345 1380 2362 ‚
1416 2316 1506 2352 boni
1542 2316 1683 2365 pariter
1710 2323 1746 2350 et
1775 2315 1862 2350 mali
1893 2314 2126 2363 contingeret
2157 2326 2238 2350 esse

1243 2377 1413 2414 scientes.
1441 2377 1510 2413 Hic
1542 2376 1627 2411 satis
1656 2373 1893 2417 ostenditur,
1927 2372 2030 2422 quod
2060 2386 2107 2408 ex
2143 2373 2239 2409 sacili

1241 2444 1401 2487 possunt
1417 2436 1524 2472 amici
1548 2435 1701 2484 superni
1716 2434 1815 2470 cives
1834 2432 1974 2469 haberi.
2002 2435 2056 2468 Ex
2074 2445 2236 2480 quorum

1240 2496 1412 2532 amicitiis
1439 2495 1503 2544 qui
1532 2494 1673 2530 fructus
1704 2492 1813 2529 nobis
1840 2491 2061 2541 proveniat,
2094 2491 2238 2528 Veritas

1239 2554 1512 2603 subsequenter
1529 2552 1712 2597 ostendit,
1731 2564 1814 2587 cum
1835 2551 1929 2587 dixit
1949 2564 1955 2585 :
1985 2552 2035 2586 [st
2059 2554 2240 2597 recipiant

1192 2609 1224 2642 D
1244 2628 1309 2649 vas
1337 2619 1375 2648 in
1407 2622 1548 2648 (eterna
1583 2611 1833 2647 tabernacula.
1868 2609 2026 2646 Videtur
2059 2608 2117 2644 hic
2147 2609 2236 2645 oriri

1240 2671 1397 2720 quaestio
1422 2671 1458 2706 iu
1484 2683 1529 2706 eo
1546 2669 1648 2718 quod
1662 2667 1893 2717 pauperibus
1917 2665 2138 2702 attribuitur
2154 2679 2235 2702 sus-

1240 2731 1363 2780 ceptio
1382 2739 1419 2765 et
1447 2729 1647 2765 retributio
1686 2727 1998 2763 benefacientium
2028 2724 2119 2769 sibi,
2148 2738 2234 2761 cum

1240 2789 1381 2825 donum
1413 2789 1528 2824 solius
1554 2788 1621 2823 Dci
1652 2787 1715 2830 sit,
1749 2787 1902 2821 veniens
1933 2798 1978 2820 cx
2007 2784 2085 2832 ejus
2118 2786 2235 2820 multa

1240 2847 1478 2884 miseratione
1494 2856 1530 2883 et
1555 2846 1683 2895 gratia.
1702 2849 1794 2893 Quae
1817 2845 1973 2880 multum
1995 2843 2097 2879 facilc
2116 2844 2234 2879 501κί-

1241 2916 1313 2950 tur,
1337 2906 1366 2942 si
1384 2905 1598 2941 attendatur
1615 2904 1718 2953 quod
1741 2904 1805 2940 Dei
1828 2904 1940 2940 Filius
1962 2910 2128 2938 nostram
2156 2915 2237 2938 car-

1242 2979 1326 3002 ncm
1350 2965 1556 3014 suscipit-us
1579 2965 1695 3000 sactus
1717 2972 1770 2999 cst
1790 2976 1933 3013 pauper
1957 2975 2026 3011 pro
2051 2961 2180 3005 nubis3
2199 2971 2235 2997 ct

1242 3026 1278 3062 id
1297 3025 1399 3074 quod
1419 3024 1646 3074 pauperibus
1666 3033 1857 3073 erogatur,
1879 3022 1946 3058 sibi
1968 3023 2103 3058 lactum
2124 3022 2236 3057 suissc

1244 3086 1363 3130 dicat,
1395 3094 1429 3120 ct
1460 3098 1498 3120 sc
1527 3082 1736 3120 retribuere
1763 3081 2109 3118 bem-facientibust
2134 3081 2235 3129 quud

1245 3144 1296 3181 ibi
1315 3152 1485 3188 testatur,
1507 3143 1568 3179 ubi
1591 3143 1636 3178 dc
1658 3142 1822 3191 parvulis
1852 3142 2009 3189 loquens
2032 3141 2079 3176 ait
2095 3169 2103 3181 ,
2125 3144 2239 3186 Qua·-

1651 3295 1662 3297 -
1694 3275 1870 3306 ll‘x.1l.xv„
1897 3278 1919 3303 '·.
1947 3291 1979 3294 -
2007 3271 2017 3292 3'
2040 3275 2131 3302 lhzzl.
2153 3284 2231 3302 xxi.
