2504 3928
316 183 390 217 875

317 264 438 294 musea
473 273 579 302 neca,
615 259 781 294 culumba
816 273 922 302 mea,
949 259 1117 306 formosa
1151 268 1255 297 mea'

933 184 1054 219 x'l'rls
1083 185 1310 230 MYSTICA,
1342 187 1428 221 st-:U
1462 188 1744 223 TRACTATUS

2279 190 2353 226 87ss

1281 277 1287 297 :
1318 260 1363 279 ⁴³²
1379 262 1511 310 ligandi
1529 271 1565 298 et
1594 261 1761 298 solvendi
1781 269 2002 311 potestatem
2023 262 2152 299 babes!
2174 264 2244 301 Sed
2264 278 2354 314 pro-

317 331 400 366 qua:
436 318 534 360 sola,
573 318 655 352 lieet
679 331 784 361 raro,
812 318 938 366 aliquo
971 320 1084 355 modo
1116 320 1300 358 arbitrans
1320 326 1346 358 Α
1371 330 1451 370 pter
1480 321 1772 356 misericordiam
1805 329 1903 357 tuam
1935 321 2066 369 ligatus
2088 335 2149 367 es,
2177 332 2217 358 ut
2240 336 2307 359 nos
2335 338 2355 360 a

317 390 355 412 se
379 376 706 426 comprcliendisse
728 378 952 426 proclamat,
979 382 1100 415 lavem·
1117 394 1223 428 que-m
1242 384 1303 417 di-

317 439 398 482 liga
419 442 549 471 nulum
571 451 674 480 ηιι·(ι,·
702 441 803 472 temti
833 439 958 481 illum,
987 453 1054 474 uec
1083 442 1262 476 ‹litm'lmm
1279 447 1302 477 ².

317 495 388 530 Sed
407 495 451 530 ad
481 495 578 530 lumc
597 495 753 543 gradum
785 510 859 532 non
894 497 997 534 lacilc
1024 499 1106 546 quis
1126 499 1303 535 aseendit.

319 556 392 589 'Nos
412 553 523 600 igitur
540 554 661 590 adbuc
688 555 808 599 intus,
833 555 868 591 id
892 565 945 592 est
968 557 1004 593 in
1028 571 1208 606 corpore,
1228 571 1305 594 ma-

317 619 468 655 nentes,
489 620 671 660 quantum
701 627 898 663 possmnus
917 628 1084 652 amemus
1098 645 1106 661 ‚
1137 617 1305 653 redame-

318 682 420 714 mus,
441 671 712 720 amplectamur
728 673 964 710 vulneratum
985 684 1178 719 nostrum,
1199 676 1305 725 cujus

319 728 422 779 impii
450 730 622 778 agricolae
644 731 820 768 foderunt
838 747 970 770 manus
991 743 1028 770 et
1048 735 1161 784 pedes
1178 763 1187 780 ,
1210 736 1305 771 latus

317 796 353 823 et
381 801 447 824 cor
467 803 474 824 t
494 798 726 840 stemusque,
746 801 785 828 ut
812 806 878 828 cor
897 802 1065 829 nostrum
1083 794 1218 830 durum
1236 794 1305 830 ad-

318 846 389 883 hue
405 857 440 883 ct
459 848 698 898 impoenitens
718 852 855 887 amoris
872 853 927 888 sui
946 853 1097 889 vinculo
1113 854 1304 890 constrin-

316 919 403 955 gere
417 935 426 952 ,
444 916 479 944 et
495 907 622 957 jaculo
639 911 837 948 vulnerare
853 911 1039 961 dignetur.

673 1042 850 1081 CAPUT
880 1043 952 1083 lv.

322 1154 367 1181 Dc
383 1151 511 1184 vinculis
527 1160 640 1185 nostrae
654 1155 747 1192 Vitis,
767 1155 796 1186 id
811 1162 852 1187 est
866 1180 873 1193 ,
890 1157 928 1188 de
946 1157 1036 1188 variis
1046 1157 1159 1190 Christi
1181 1160 1310 1190 xinculis

737 1215 766 1239 et
788 1209 897 1251 poenis.

380 1324 437 1359 12.
466 1325 618 1373 Ligatur
647 1326 745 1362 vitis.
765 1328 855 1374 Quis
886 1328 1035 1364 vincula
1062 1337 1199 1366 nostrae
1221 1331 1314 1367 vitis

323 1394 399 1417 non
433 1383 578 1419 videat?
606 1384 806 1422 Videamus
842 1394 965 1422 tamen
995 1388 1066 1423 boc
1100 1389 1307 1426 vinculum.

324 1440 508 1486 Primum,
527 1441 740 1480 obedientia
762 1445 840 1480 fuit.
871 1444 1047 1482 obedivit
1079 1447 1178 1482 enim
1211 1449 1310 1484 Patri

323 1512 441 1548 usque
457 1500 502 1537 ad
524 1511 682 1538 mortem
694 1531 704 1549 ,
719 1512 878 1539 mortem
895 1513 1018 1541 autem
1037 1506 1157 1543 crucis
1167 1504 1193 1542 ³.
1215 1507 1312 1544 obe-

322 1557 416 1594 divit
443 1560 553 1596 Matri
581 1569 617 1597 et
645 1562 786 1611 Joseph
818 1563 1022 1599 secundum
1051 1564 1142 1600 illud
1166 1580 1173 1601 :
1204 1567 1314 1602 Venit

322 1618 512 1654 Nazareth
534 1634 612 1656 cum
643 1627 716 1666 eis,
737 1632 772 1658 ct
794 1632 872 1658 erat
888 1623 1058 1659 subditus
1075 1628 1148 1660 illis
1159 1626 1186 1662 ⁴.
1209 1626 1312 1664 Obe—

322 1677 416 1714 divit
445 1680 543 1716 enim
571 1681 609 1717 in
645 1682 802 1719 terrenis
826 1682 1041 1732 jndicibus,
1069 1685 1218 1722 solvens
1252 1686 1311 1723 di—

322 1736 542 1775 drachmum
554 1737 577 1774 ⁵.
605 1741 819 1778 Secundum
840 1742 1056 1789 vinculum,
1078 1752 1208 1781 uterus
1227 1745 1312 1782 Vir-

1373 381 1528 416 miseriis
1550 380 1684 416 nostris
1714 381 1852 415 faceres
1871 379 2075 416 absolutos.
2095 384 2125 417 Ο
2145 394 2255 430 quam
2283 383 2357 418 im-

1371 440 1471 475 mitia
1489 440 1638 475 suerunt
1662 439 1811 474 illorum
1833 439 2169 475 immitissimorum
2186 441 2355 486 vincula,

1370 496 1506 545 quibus
1529 502 1676 545 Agnum
1711 496 1944 532 mitissimum
1975 496 2205 533 vinciebant!
2239 497 2356 534 video

1371 557 1486 592 oculis
1516 556 1648 592 mentis
1674 563 1728 599 te,
1754 555 1912 591 Domine
1936 558 2041 601 Jesu,
2068 565 2140 592 tam
2162 556 2263 594 duris
2287 570 2357 593 ne-

1372 616 1480 652 xibus
1517 617 1735 661 astrictum,
1771 624 1946 664 tanquam
1980 616 2162 651 latronem
2188 616 2282 652 tralii
2311 616 2357 652 ad

1365 675 1549 724 judicium
1577 675 1758 724 principis
1783 675 2038 720 sacerdotum,
2061 683 2097 711 et
2118 675 2205 711 inde
2226 674 2273 711 ad
2295 675 2357 711 Pi-

1372 736 1486 771 latum
1517 735 1626 771 rideo
1642 764 1650 779 ,
1674 743 1710 771 et
1735 734 1981 784 perhorresco
1997 763 2006 780 ,
2040 743 2077 771 et
2110 734 2276 770 admiror
2291 763 2301 779 ‚
2323 742 2360 770 et

1370 794 1592 831 admirando
1614 795 1831 838 deficerem,
1858 794 1926 829 nisi
1944 793 2046 842 quod
2068 793 2206 842 liquide
2223 806 2360 841 cogno-

1370 867 1433 889 sco
1455 862 1488 890 te
1518 855 1622 904 prius
1653 855 1688 890 in
1711 854 1824 889 corde
1853 853 2041 889 charitatis
2071 852 2228 888 nexibus
2250 852 2360 887 fuisse

1371 914 1627 959 constrictum,
1643 914 1706 962 qui
1724 912 1769 949 ad
1785 913 1969 949 deteriora
1984 912 2131 947 vincula
2147 910 2360 947 sul'l'ercnda

1373 981 1407 1008 te
1428 973 1559 1009 leviter
1579 973 1764 1009 attrahere
1782 980 2000 1022 potuerunt.
2019 971 2145 1009 Gratia
2166 971 2213 1006 sit
2232 971 2361 1006 vincu-

1330 1034 1357 1067 B
1377 1032 1419 1067 lis
1450 1032 1543 1076 tuis,
1572 1031 1671 1067 bone
1690 1034 1776 1067 Jesu
1792 1059 1801 1076 ,
1830 1043 1914 1079 quae
1944 1038 2070 1066 nostra
2091 1038 2164 1065 tam
2188 1036 2362 1078 potenter

1374 1091 1611 1140 diruperunt.

1434 1155 1490 1190 13.
1512 1152 1692 1199 Quintum
1719 1151 1787 1186 fuit
1808 1149 2022 1194 vinculum,
2045 1162 2121 1197 quo
2142 1148 2276 1196 ligatus
2297 1146 2365 1182 suit

1375 1214 1419 1250 ad
1443 1214 1677 1256 columnam,
1699 1223 1782 1246 eum
1805 1210 2065 1258 flagellaretur.
2084 1212 2306 1256 Quanquam
2327 1213 2365 1242 et

1375 1274 1454 1323 ipsa
1475 1272 1637 1319 flagella,
1668 1283 1750 1319 quae
1771 1282 1907 1318 corpus
1933 1268 2014 1317 ejus
2034 1266 2258 1311 circuibant,
2287 1278 2364 1302 non

1377 1333 1584 1379 incongrue
1620 1341 1820 1379 possumus
1857 1328 2006 1364 vincula
2050 1326 2252 1376 appellare.
2293 1324 2365 1361 Sed

1376 1390 1548 1440 quamvis
1567 1388 1743 1432 immitia,
1771 1387 1943 1435 quamvis
1969 1386 2086 1431 dura,
2110 1384 2281 1434 quamvis
2306 1383 2367 1420 in-

1373 1449 1494 1498 justa,
1516 1448 1630 1496 diligo
1651 1447 1883 1495 flagellorum
1910 1447 2065 1482 istorum
2085 1445 2256 1489 vincula,
2278 1443 2366 1492 qui-

1376 1505 1447 1543 bus
1489 1504 1776 1542 sacratissimum
1821 1515 1959 1552 corpus
2000 1511 2104 1539 tuum
2146 1501 2275 1538 datum
2311 1507 2368 1537 est

1377 1566 1614 1614 contingere,
1645 1576 1729 1613 quae
1761 1571 1824 1599 tuo
1856 1562 2055 1612 purissimo
2083 1561 2262 1610 sanguine
2290 1572 2367 1596 non

1377 1625 1617 1662 mediocriter
1636 1631 1721 1659 sunt
1742 1622 1904 1666 imbuta,
1929 1635 1952 1658 o
1972 1621 2071 1658 bone
2090 1625 2189 1658 Jesu.
2211 1621 2247 1658 Si
2266 1620 2366 1657 enim

1377 1684 1526 1733 sanguis
1557 1692 1641 1719 tuus
1669 1682 1706 1718 in
1737 1681 1986 1731 flagellatione
2016 1681 2085 1717 suit
2117 1689 2189 1717 tam
2215 1680 2367 1729 copiose

1377 1744 1587 1789 effusus,ut
1603 1742 1777 1778 columna
1792 1741 1905 1789 guttis
1921 1740 2022 1777 illius
2039 1752 2208 1789 respersa
2227 1739 2368 1784 adhuc,

323 1795 440 1853 ginis,
458 1797 504 1835 de
517 1812 592 1848 qua
602 1800 770 1837 canimus
788 1816 795 1837 :
812 1818 826 1833 «
842 1802 937 1849 Quia
953 1815 1064 1851 quem
1081 1804 1164 1840 coeli
1179 1817 1312 1854 capere
1331 1803 1358 1839 C
1377 1803 1473 1839 sicut
1497 1802 1694 1846 asseritur,
1714 1800 1827 1837 rubra
1847 1808 1971 1836 servet
1991 1799 2162 1853 vestigia3
2183 1806 2367 1848 quantum

321 1872 336 1887 υ
354 1868 429 1892 non
452 1866 645 1907 poterant,
663 1868 727 1896 tuo
745 1869 874 1897 sancto
890 1862 1033 1910 gremio
1053 1863 1243 1899 contulisti
1255 1862 1282 1900 ⁶.
1297 1881 1311 1895 »

322 1916 508 1964 Tertium,
540 1918 576 1954 in
605 1920 790 1969 praesepio
816 1921 903 1966 fuit,
941 1921 1148 1958 secundum
1180 1922 1273 1959 illud
1300 1937 1307 1959 :

321 1993 336 2010 α
358 1979 465 2027 Vagit
495 1980 617 2017 infans
645 1981 743 2018 inter
771 1989 872 2018 arcta
902 1982 1076 2019 conditus
1106 1983 1311 2032 praesepia,

325 2055 338 2068 »ι
361 2038 528 2076 membra
556 2041 689 2089 pannis
708 2041 878 2077 involuta
894 2041 1007 2090 Virgo
1028 2050 1146 2078 mater
1162 2042 1310 2091 alligat,

326 2116 339 2129 υ
361 2098 494 2147 pedes,
524 2113 674 2145 manus,
704 2109 815 2149 atque
833 2114 941 2137 crura
962 2101 1090 2137 stricta
1118 2101 1232 2149 cingit
1257 2102 1312 2137 sa-

326 2174 340 2188 »
361 2158 435 2194 scia
454 2165 479 2193 7.
505 2176 518 2190 »
549 2162 733 2206 Quartum
763 2160 956 2196 vinculum
987 2160 1055 2196 fuit
1085 2160 1206 2205 sunis,
1237 2173 1313 2209 quo

324 2217 526 2265 ligabatur,
560 2232 645 2255 cum
682 2228 880 2269 caperetur
911 2234 919 2256 :
953 2219 1002 2256 ita
1043 2220 1142 2256 enim
1177 2219 1312 2266 habes,

331 2278 451 2320 Tum,
477 2276 651 2313 videlicet
673 2291 758 2314 cum
785 2277 942 2314 traditus
969 2286 1088 2324 esset,
1108 2283 1317 2325 injecerunt

325 2350 457 2372 'nanus
487 2341 524 2372 [n
549 2339 698 2380 lesam,
728 2347 762 2373 et
784 2342 991 2373 vinxerunt
1013 2351 1094 2373 eum
1116 2336 1143 2373 ⁸.
1173 2341 1204 2375 O
1234 2342 1314 2375 Rex

325 2409 474 2444 regum,
498 2404 534 2431 et
561 2397 722 2432 Domine
747 2396 1044 2443 dominantium,
1065 2396 1155 2444 quid
1188 2396 1254 2432 tibi
1278 2405 1316 2433 et

323 2455 505 2491 vinculis?
522 2456 704 2504 Ligantur
718 2455 832 2501 vites,
851 2469 916 2499 ne,
937 2455 1126 2504 sijaceant
1142 2455 1180 2490 in
1199 2463 1313 2502 terra,

323 2522 388 2550 aut
408 2514 638 2560 minuantur,
656 2522 718 2550 aut
733 2522 998 2563 corrumpatur
1013 2514 1156 2550 fructus
1171 2527 1312 2550 earum.

1377 1862 1566 1911 sanguinis
1600 1860 1748 1897 credam
1780 1859 1870 1908 ipsis
1906 1859 2059 1909 flagellis
2089 1871 2226 1908 corpus
2263 1867 2367 1894 tuum

1378 1921 1613 1957 mitissimum
1642 1917 1900 1956 scindentibus
1930 1918 2142 1955 inhaesisse?
2160 1921 2249 1955 Tam
2277 1917 2369 1954 dure.

1379 1980 1582 2029 flagellatus
1598 1987 1653 2016 est
1672 1978 1875 2023 Dominus,
1896 1986 1937 2014 ut
1953 1978 2103 2027 sanguis
2122 1977 2202 2026 ejus
2221 1989 2369 2014 sursum

1378 2039 1414 2074 in
1436 2052 1520 2075 aera
1544 2038 1754 2075 resultaret.
1774 2036 1866 2074 Vide
1888 2045 2009 2073 autem
2031 2050 2142 2085 quam
2161 2035 2258 2073 bene
2284 2036 2370 2072 huic

1378 2098 1547 2148 ligationi
1574 2097 1793 2141 conveniat,
1818 2096 1920 2145 quod
1949 2096 2034 2133 vitis
2063 2095 2109 2133 ad
2129 2096 2254 2145 palum
2273 2096 2368 2144 liga-

1381 2166 1448 2194 tur.
1471 2157 1568 2204 Quid
1589 2157 1687 2193 enim
1710 2156 1811 2193 aliud
1831 2169 1899 2205 per
1917 2157 2044 2205 palum
2065 2169 2177 2205 quam
2201 2157 2281 2206 ipsa
2303 2169 2369 2192 co·-

1379 2219 1524 2264 lumna,
1543 2218 1602 2254 cui
1628 2217 1813 2254 Dominus
1838 2221 1946 2254 Jesus
1970 2217 2140 2265 alligatus
2165 2216 2369 2265 accipitur?

1380 2278 1482 2315 Sicut
1515 2277 1613 2313 enim
1647 2276 1731 2312 vitis
1762 2276 1868 2325 palo,
1904 2276 1955 2312 ita
1986 2276 2153 2313 Christus
2185 2276 2369 2312 columnae

1381 2337 1564 2387 alligatur.

1438 2396 1496 2432 14.
1518 2399 1671 2433 Sextum
1687 2395 1879 2431 vinculum
1899 2395 1966 2431 suit
1981 2408 2120 2431 corona
2141 2395 2202 2431 illa
2218 2395 2368 2444 spinea,

1380 2469 1464 2491 cum
1502 2467 1634 2504 magna
1665 2453 1913 2490 amaritudine
1945 2453 2037 2489 illud
2068 2462 2179 2503 eaput
2211 2453 2370 2490 amabile

1380 2514 1659 2563 complectens,
1691 2522 1726 2549 et
1754 2514 1958 2549 multorum
1992 2514 2207 2549 aculeorum
2235 2513 2272 2549 in
2304 2514 2370 2550 illo

322 2573 624 2623 Incorruptibilis
651 2582 775 2610 autem
806 2574 948 2610 fructus
966 2574 1034 2609 suit
1059 2572 1161 2621 ejus,
1186 2581 1223 2609 et
1244 2581 1311 2610 est.
1330 2581 1363 2614 D
1382 2574 1487 2623 signa
1506 2573 1742 2621 relinquens,
1761 2573 1983 2621 sanguineas
2012 2573 2141 2621 utique
2159 2581 2282 2621 guttas
2300 2572 2371 2609 eli-

322 2636 446 2680 Quare
478 2646 567 2681 ergo
601 2633 768 2682 ligatur?
795 2636 894 2669 Bene
920 2632 1075 2681 quidam
1110 2645 1195 2677 rex,
1227 2645 1311 2668 cum

322 2705 522 2742 percussus
541 2693 703 2728 humana
732 2693 862 2741 sagitta
882 2700 1073 2742 peteretur
1095 2700 1136 2728 ut
1153 2705 1191 2728 se
1208 2692 1313 2741 ligari

323 2752 577 2801 permitteret,
609 2751 730 2788 donec
759 2751 1015 2798 excideretur,
1049 2752 1135 2800 quia
1165 2752 1309 2788 levissi-

323 2826 384 2848 mo
403 2821 507 2848 motu
529 2820 687 2848 mortem
710 2820 836 2860 posset
869 2812 1062 2848 incurrere
1084 2827 1092 2848 :
1114 2829 1128 2843 «
1144 2815 1227 2848 Non
1249 2811 1311 2847 de-

322 2888 335 2902 »
356 2879 435 2915 eet,
457 2889 470 2902 »
494 2871 635 2919 inquit3
670 2888 684 2902 «
700 2871 834 2907 vinciri
868 2884 992 2920 regem
1013 2878 1040 2907 9.
1058 2888 1073 2903 1>
1101 2870 1235 2907 Libera
1268 2871 1314 2907 sit

322 2930 419 2977 regis
439 2938 476 2965 et
495 2943 644 2978 semper
660 2930 760 2965 salva
781 2938 956 2978 potestas.
972 2933 1002 2967 Ο
1025 2933 1127 2966 Deus
1141 2929 1312 2976 deorum,

321 2996 503 3035 quantum
534 3002 624 3036 ergo
656 2988 874 3037 derogatum
905 2990 972 3025 suit
999 2989 1161 3025 libertati
1186 2997 1222 3025 et
1244 3002 1314 3038 po-

324 3045 447 3081 tentiae
469 3048 559 3081 tuae!
580 3049 649 3082 'l'ot
665 3045 758 3082 adeo
779 3046 901 3095 ligaris
922 3047 1101 3094 vinculis,
1123 3047 1187 3096 qui
1214 3048 1316 3084 solus

371 3184 802 3221 ¹(1antic.=1,13.1‘·.-
823 3186 903 3216 ²1d.
923 3189 1028 3223 111‚-'a.

1379 2633 1500 2678 ciens,
1521 2641 1577 2677 et,
1595 2641 1636 2668 ut
1654 2641 1764 2681 puto,
1779 2633 1816 2668 in
1833 2632 1959 2668 faciem
1976 2631 2228 2668 venerabilem
2248 2640 2371 2669 trans-

1379 2693 1552 2738 mittens,
1575 2693 1636 2728 vix
1661 2691 1782 2728 adbuc
1808 2692 1853 2727 de
1877 2692 1996 2741 sputis
2021 2692 2184 2729 Judaicis
2209 2692 2370 2729 exsicca-

1380 2760 1464 2787 tam.
1483 2751 1642 2788 Crudele
1664 2751 1733 2787 suit
1758 2751 1949 2787 vinculum
1976 2752 2047 2787 hoc
2075 2760 2211 2800 praeter
2239 2764 2370 2800 poenas

1379 2824 1470 2859 quas
1496 2811 1650 2860 pertulit
1676 2811 1713 2846 in
1744 2810 1867 2860 ligno,
1891 2811 2044 2847 lionoris
2070 2811 2273 2860 plurimum
2300 2811 2369 2847 lia-

1380 2869 1471 2906 bens
1502 2879 1538 2906 et
1573 2869 1728 2906 decoris.
1762 2874 1793 2907 0
1827 2883 1892 2907 rex
1927 2871 2056 2919 gloriae
2088 2870 2251 2907 Domine
2281 2874 2368 2908 Jesu

1379 2929 1544 2974 Christe,
1560 2942 1698 2964 corona
1720 2930 1888 2965 omnium
1912 2938 1945 2966 te
1963 2930 2220 2966 confitentium
2233 2957 2243 2974 ,
2261 2938 2295 2966 te
2308 2942 2369 2966 se-

1379 2987 1594 3036 quentium,
1614 2988 1861 3036 pugnantium
1890 3001 1958 3037 pro
1982 2997 2034 3034 te,
2062 2989 2270 3024 viventium
2299 3002 2368 3038 pro

1382 3055 1434 3093 te,
1461 3047 1691 3083 manentium
1719 3047 1755 3082 in
1784 3050 1837 3083 te!
1862 3047 1946 3095 quis
1970 3056 2004 3083 te
2030 3055 2102 3083 tam
2131 3060 2258 3084 amaro
2284 3048 2370 3084 vin-

1050 3205 1092 3209 —
1108 3183 1121 3207 3
1143 3186 1279 3228 Philipp.
1306 3198 1349 3224 ιι,
1379 3189 1410 3216 8.
1428 3203 1470 3208 ——-
1489 3186 1502 3211 4
1518 3189 1589 3217 Luc.
1612 3197 1657 3220 ιι,
1677 3189 1728 3216 51.
1746 3204 1786 3207 -—
1808 3183 1819 3206 ⁵
1843 3185 1955 3215 Manli.
1984 3196 2054 3214 xvii
2070 3210 2077 3222 ,
2100 3189 2212 3216 fitz-223.
2235 3204 2273 3208 —
2299 3184 2367 3217 ⁶111

324 3238 530 3278 lli-sponsorio
547 3237 584 3267 dv
600 3238 764 3267 N'atixitate
788 3239 924 3269 Domini.
944 3257 986 3260 —
1003 3246 1015 3267 7
1035 3242 1067 3270 ln
1093 3242 1215 3280 llymno
1229 3239 1330 3269 ostien
1346 3238 1508 3269 Passionis.
1535 3257 1578 3261 -ο
1599 3239 1612 3260 ⁸
1628 3238 1741 3269 Mauh.
1761 3249 1837 3267 xxvi
1856 3262 1861 3272 ,

1888 3241 1948 3272 50,
1967 3245 1994 3268 et
2021 3241 2121 3269 Mai-v.
2140 3250 2207 3276 xiv,
2238 3242 2292 3270 ³10.
2323 3257 2361 3261 —·

321 3298 335 3318 f·
353 3291 456 3321 hunnile
478 3290 550 3331 qnid
569 3290 606 3320 de
624 3290 800 3321 Alexandro
822 3296 860 3331 Q.
878 3291 1018 3325 Curtius.
1039 3292 1092 3322 lib.
1117 3295 1149 3329 ἵ),
1166 3303 1232 3333 cap.
1255 3296 1303 3323 ll.
1326 3295 1400 3323 Item
1415 3291 1452 3322 de
1467 3294 1500 3323 (J.
1522 3292 1622 3322 Mario
1638 3290 1818 3322 l‘lutarrlius
1840 3291 1870 3321 in
1886 3290 2084 3332 Apoplitlieg.
2103 3295 2194 3324 Rom.
