2418 3949
0 227 9 264 ψ».
0 13 14 220 -ε-ι-,π-..μ-
4 11 6 15 .

186 225 287 261 1409
786 227 948 262 SERMO
977 228 1040 262 DE
1070 228 1104 262 S.
1135 228 1335 264 ANDREA
1364 229 1625 264 APOSTOLO.
2125 230 2223 266 1-''110

183 303 235 352 git
265 310 304 338 et
328 301 539 352 praeelegit,
570 301 759 338 Andream
788 304 899 352 elegit
934 304 1275 354 apostolum‚⁷'⁸et
1294 304 1439 340 occasio
1459 304 1704 340 confessionis
1730 317 1768 341 se
1796 304 1955 350 obtulit3
1988 305 2224 341 reddendum

182 360 289 409 cujus
325 361 600 397 solemnitatem
637 369 674 397 et
704 361 880 409 vocibus,
915 371 951 399 et
994 363 1172 400 cordibus
1188 364 1220 397 A
1237 371 1292 399 est
1310 363 1413 411 quod
1428 362 1515 399 alibi
1532 364 1792 412 promisimus,
1812 373 2008 413 totumque
2025 366 2225 400 conferen-

183 419 437 456 inclamamus.
466 423 496 458 Ο
532 420 651 456 dulcis
684 422 890 471 Apostolus
921 431 958 459 et
986 423 1175 472 primitiva

183 480 332 517 vocatio
359 479 510 516 Domini
535 480 758 525 Salvatoris,
781 482 846 530 qui
872 482 911 518 in
938 482 1059 531 ipsum
1079 495 1173 532 apo-

183 540 355 576 stolicum
379 539 536 575 chorum
564 540 656 575 tanti
684 541 872 589 prioratus
896 541 1098 591 insignitur
1121 541 1176 577 fa-

182 598 307 647 stigio!
329 602 413 635 Non
431 597 656 648 subterfugit
672 612 760 643 nos,
784 600 872 648 quia
892 599 1174 648 quodammodo

184 657 409 694 tenerrimus
431 665 498 703 est,
519 665 556 693 et
570 657 718 694 dulcior
733 658 769 694 in
788 658 967 695 cordibus
984 659 1151 695 fidelium
1163 687 1172 705 ,

181 715 289 765 cujus
304 716 429 765 passio
458 724 561 752 tanta
585 717 740 766 spiritus
765 718 968 754 devotione
997 717 1171 764 distillat,

182 783 224 812 ut
256 784 401 812 mentes
437 776 670 812 audientium
709 776 818 826 adipe
862 785 898 812 et
940 776 1172 826 pinguedine

181 835 326 884 replere
343 834 525 871 videatur.
546 835 656 872 Unde
677 848 754 871 non
774 836 962 872 immerito
982 836 1020 871 in
1040 836 1170 885 singu-

179 894 296 930 larem
313 894 544 931 auctoritatis
563 907 685 932 arcem
701 904 872 945 suscepta
887 904 955 940 est,
976 908 1087 944 quam
1108 894 1173 943 qui

180 952 359 990 viderunt
380 954 610 1003 scripserunt
623 954 706 991 orbi
719 983 729 1000 ,
748 963 785 991 et
805 955 964 991 ministri
982 955 1085 991 fuere
1099 967 1173 990 ser-

180 1012 315 1048 monis.
335 1013 491 1048 Vocatio
512 1011 606 1061 ejus,
622 1013 700 1049 vita
717 1012 799 1061 ejus
814 1022 851 1050 et
870 1014 994 1063 passio
1015 1013 1172 1062 cognitae

181 1079 268 1107 sunt
291 1069 400 1107 vobis
430 1086 438 1107 :

181 1130 343 1179 amplius
365 1131 617 1180 exspectetis?

235 1189 269 1225 3.
291 1193 560 1226 Verumtamen
582 1199 710 1226 movet
731 1204 790 1227 me
810 1191 919 1227 lectio
942 1191 1171 1240 apostolica,

182 1255 224 1283 ut
242 1247 510 1297 aliquantisper
526 1248 572 1284 de
593 1262 636 1285 ea
665 1258 797 1286 vestrae
816 1251 1035 1287 reverentiae
1052 1251 1172 1287 collo-

179 1319 350 1356 quamur.
371 1307 432 1344 Ait
449 1309 547 1344 enim
562 1320 569 1342 :
590 1309 710 1345 Corde
729 1312 889 1345 creditur
903 1311 1150 1354 adjustitiam
1160 1336 1171 1352 ,

181 1381 244 1403 ore
261 1376 385 1403 autem
411 1366 588 1414 consessio
604 1369 658 1414 fic
678 1370 732 1403 acl
758 1372 927 1405 salutem.
955 1372 1058 1404 Dicit
1075 1372 1173 1404 enim

180 1426 372 1473 Scriptura
391 1439 403 1460 .·
428 1428 559 1461 Omnis
578 1430 644 1473 qui
658 1428 776 1462 credit
791 1431 830 1462 in
846 1432 967 1475 ipsum
995 1441 1068 1462 12on
1086 1440 1175 1462 con-

170 1483 361 1532 Δγ’ὶιηάεῐιιν.
393 1484 477 1521 Tria
500 1494 769 1535 proponuntur
786 1486 845 1522 hic
871 1501 878 1522 :
901 1494 936 1522 et
957 1485 1069 1522 corde
1087 1499 1171 1522 cre-

179 1544 270 1581 dere
285 1543 542 1593 adjustitiam,
560 1553 597 1581 et
615 1558 680 1581 ore
696 1546 864 1582 confiteri
881 1546 928 1582 ad
948 1546 1119 1589 salutem,
1137 1553 1173 1581 et

178 1603 217 1639 in
239 1603 345 1639 illum
369 1603 544 1648 credere,
567 1604 605 1640 in
632 1617 745 1653 quem
765 1605 830 1654 qui
860 1604 1062 1641 crediderit
1095 1617 1171 1641 non

179 1661 445 1698 confundetur.
463 1663 592 1699 Solum
610 1676 675 1699 cor
689 1663 852 1700 hominis
873 1677 991 1713 capax
1010 1671 1066 1700 est
1086 1676 1173 1699 ora—

180 1721 291 1758 tionis
314 1729 351 1757 et
378 1721 619 1771 susceptibile
648 1723 915 1771 mysteriorum
946 1722 1037 1766 Dei,
1069 1721 1172 1770 quod

179 1788 380 1830 purgatum
400 1788 514 1829 atque
533 1781 692 1830 politum
719 1781 839 1830 ipsam
859 1781 1065 1817 divinitatis
1082 1780 1171 1816 sub-

175 1840 350 1876 stantiam
379 1839 593 1876 considerat
626 1855 633 1876 :
667 1841 736 1877 etsi
769 1853 847 1877 non
865 1839 1173 1890 comprehendit,

175 1899 428 1948 apprehendit
445 1908 581 1936 tamen.
597 1902 670 1937 Cor
684 1901 789 1936 estin
804 1908 960 1949 pectore
971 1928 980 1945 ‚
997 1900 1121 1936 anima
1132 1900 1171 1935 in

174 1957 301 2004 corde,
324 1971 429 1995 mens
447 1958 486 1994 in
502 1958 646 2003 anima,
667 1959 758 1996 lides
776 1959 814 1995 in
832 1968 977 2005 mente,
1004 1959 1172 1996 Christus

174 2017 214 2053 in
235 2017 321 2054 fide.
346 2021 392 2054 Et
411 2018 482 2054 hoc
502 2027 570 2064 est,
594 2027 703 2068 puto,
723 2018 827 2068 quod
848 2018 936 2055 dicit
954 2019 1171 2068 Apostolus,

175 2076 346 2113 habitare
379 2078 559 2114 Christum
586 2092 659 2127 per
675 2080 799 2126 fidem
831 2083 868 2114 ia
899 2078 1067 2115 cordibus
1101 2092 1171 2113 ηο-

174 2140 256 2172 stris
277 2143 299 2173 ¹.
330 2139 410 2173 1-100
439 2137 553 2187 igitur
581 2138 620 2174 in
647 2138 933 2174 meracissimam
966 2138 1171 2186 eliquatum

174 2203 231 2231 est
250 2195 454 2244 puritatem
468 2224 479 2242 ‚
505 2210 590 2233 cum
618 2198 743 2233 omnia
765 2197 943 2246 mysteria
962 2197 1172 2233 christianae

175 2254 263 2290 fidei
274 2254 348 2291 lidc
367 2256 529 2306 percipis
546 2256 785 2302 inconcussa,
804 2257 973 2306 nihilque
989 2265 1044 2293 est
1064 2256 1168 2305 quod

176 2313 244 2350 tibi
262 2313 535 2352 dubitationem
558 2316 674 2366 parit,
697 2316 782 2352 licet
801 2329 879 2352 non
901 2315 1028 2352 videas
1054 2315 1171 2351 ratio-

175 2385 275 2409 nem.
299 2376 387 2410 Haec
404 2382 460 2410 est
476 2383 733 2411 consummata
747 2374 893 2423 justitia
905 2403 914 2420 ‚
930 2375 1093 2424 perfecta
1104 2388 1172 2410 ve-

175 2432 264 2469 ritas
276 2461 286 2479 ,
304 2441 341 2469 et
357 2446 445 2469 vera
465 2434 665 2483 perfectio,
689 2435 718 2471 si
736 2443 859 2470 tamen
888 2435 965 2471 oris
985 2434 1168 2470 confessio

178 2490 444 2540 subsequatur.
463 2492 571 2530 Fides
596 2493 696 2529 enim
727 2493 850 2530 cordis
873 2494 952 2530 sine
978 2494 1054 2530 oris
1076 2493 1170 2539 lide,

175 2559 239 2587 aut
261 2552 363 2588 nulla
392 2560 470 2598 est,
503 2561 567 2589 aut
593 2566 731 2602 parva,
769 2554 961 2591 Salvatore
994 2554 1141 2590 dicente
1163 2568 1171 2589 ε

1240 422 1329 458 dum
1358 423 1461 471 quod
1489 422 1534 458 de
1557 424 1791 459 confessione
1813 424 2005 459 sentimus.
2037 424 2223 460 Patientes

1240 489 1363 517 autem
1393 489 1530 526 estote,
1554 490 1592 517 et
1615 482 1644 517 si
1665 482 1759 517 forte
1779 483 1992 530 protensius
2013 494 2225 517 sermonem

1240 540 1464 585 extender03
1487 553 1555 576 vos
1585 541 1769 577 intendite
1797 554 1880 589 quae
1916 542 2104 587 dicuntur,
2138 541 2226 589 quia

1239 607 1373 635 vestrae
1399 600 1549 635 utilitati
1577 600 1833 648 proferuntur.
1858 601 1924 637 Via
1942 602 2039 636 enim
2063 609 2117 636 est
2147 601 2225 636 sine

1239 671 1313 706 qua
1334 671 1445 694 nemo
1461 659 1564 694 venit
1577 658 1623 694 ad
1643 662 1788 695 Patrem
1810 674 1816 695 :
1837 673 1947 708 qnam
1965 660 2026 707 qni
2046 659 2224 708 perdidit,

1239 718 1403 768 perdidit
1424 721 1557 754 Deum.
1579 721 1670 756 Cum
1689 719 1788 755 enini
1815 719 1860 755 dc
1888 720 2064 755 vitiorum
2091 719 2226 767 abysso

1239 776 1409 825 disponis
1430 789 1640 825 emergere,
1660 777 1706 812 ad
1726 777 1828 812 illum
1854 778 2041 826 praecipue
2059 776 2103 812 sit
2124 778 2227 812 rest.-

1237 835 1339 884 gium
1361 836 1553 880 tuum,cui
1575 843 1635 871 tua
1660 837 1783 871 anima
1805 837 2001 872 commissa
2018 845 2093 881 est,
2111 849 2223 884 quem

1237 894 1418 943 imposuit
1445 897 1546 930 Deus
1563 908 1677 943 super
1697 903 1810 943 caput
1836 903 1955 930 tuum.
1982 899 2056 931 Nec
2083 904 2117 930 te
2139 908 2223 930 mo-

1237 961 1323 989 veat
1342 953 1371 989 si
1388 953 1600 989 illitteratus
1620 954 1688 999 sit,
1713 955 1771 990 vel
1786 954 2026 999 indiscretus,
2052 954 2138 1002 quia
2155 955 2225 990 hoc

1238 1011 1360 1060 ipsum
1381 1012 1528 1061 signum
1547 1013 1766 1048 humilitatis
1780 1021 1847 1058 est,
1865 1026 1948 1061 quae
1962 1021 2114 1061 generat
2130 1026 2224 1048 con—

473 1079 510 1108 et
539 1085 641 1108 nunc
674 1072 765 1122 quid
791 1081 963 1122 superest
994 1081 1034 1109 ut
1064 1086 1084 1109 a
1111 1085 1170 1108 me
1190 1071 1217 1104 B
1237 1071 1450 1107 sessionem.
1472 1074 1662 1107 Memento
1680 1072 1766 1120 quia
1786 1084 1861 1107 non
1884 1080 1939 1108 est
1958 1080 2134 1121 1)otestas‚
2157 1072 2227 1107 nisi

1237 1143 1257 1166 a
1272 1134 1366 1167 Deo.
1391 1132 1511 1178 Super
1527 1131 1738 1165 cathedram
1754 1159 1764 1174 ,
1784 1131 1905 1178 inquit
1921 1159 1929 1175 ,
1959 1133 2083 1176 Mox-si
2101 1132 2228 1165 sedent

1238 1188 1375 1225 Scriboe
1394 1198 1429 1224 et
1440 1189 1640 1224 Plcarisoei.
1658 1192 1702 1224 Et
1720 1197 1759 1224 tu
1777 1189 1928 1224 attende
1947 1202 2021 1224 non
2038 1188 2082 1223 ad
2098 1188 2229 1224 seden-

1239 1257 1334 1294 tem,
1368 1248 1432 1285 sed
1465 1247 1612 1293 sedem;
1643 1248 1878 1294 cathedram,
1908 1261 1984 1284 non
2012 1260 2226 1296 personam.

1241 1308 1352 1356 Quod
1372 1309 1401 1344 si
1425 1308 1520 1344 sorte
1543 1308 1603 1343 vel
1624 1308 1772 1344 licentia
1799 1307 1880 1355 ejus
1899 1308 1945 1344 ad
1964 1308 2076 1343 alium
2104 1316 2228 1342 trans—

1241 1368 1368 1416 fugere
1395 1368 1657 1416 permittatur3
1679 1375 1718 1403 tu
1751 1376 1874 1403 tamen
1899 1367 2004 1416 prius
2028 1367 2062 1402 ei
2086 1367 2228 1402 reveles

1241 1427 1294 1463 tui
1313 1426 1439 1463 cordis
1458 1439 1636 1462 arcanum
1658 1441 1665 1461 ε
1686 1426 1773 1475 quia
1800 1439 1876 1461 non
1899 1435 1953 1462 cst
1973 1426 2084 1475 plena
2107 1426 2228 1470 salus,

1240 1486 1270 1522 si
1297 1486 1358 1522 ille
1386 1486 1527 1534 fugitur
1550 1493 1613 1521 aut
1637 1485 1910 1530 contemnitur,
1933 1486 1992 1521 cui
2017 1485 2229 1528 adhaerere,

1239 1554 1276 1582 et
1293 1558 1404 1594 quem
1421 1544 1609 1580 honorare
1626 1543 1821 1580 debueras.
1841 1544 1951 1590 Quod
1967 1544 1995 1579 si
2014 1545 2137 1579 minus
2151 1543 2230 1579 suf-

1239 1604 1367 1639 ficiens
1402 1602 1467 1638 tibi
1500 1602 1649 1638 videtur
1680 1601 1761 1650 ejus
1792 1602 2013 1646 instructio,
2044 1610 2147 1650 patet
2182 1600 2229 1636 ad

1238 1662 1450 1699 libertatem
1482 1662 1564 1707 via,
1592 1670 1633 1698 ut
1662 1674 1788 1697 coram
1817 1662 1888 1697 alio
1919 1662 2082 1697 litterato
2116 1670 2229 1709 atque

1238 1722 1400 1759 discreto
1421 1721 1591 1758 effundas
1612 1734 1678 1756 cor
1705 1729 1830 1765 tuum3
1857 1729 2046 1756 reservato
2075 1720 2127 1755 illi
2148 1720 2228 1768 pri—

1237 1781 1372 1829 vilegio
1395 1794 1463 1817 suo
1478 1809 1487 1825 ,
1507 1780 1565 1815 cui
1588 1788 1627 1816 tu
1646 1788 1744 1815 tuam
1764 1779 1926 1815 animam
1944 1779 2228 1815 commendasti.

1294 1842 1329 1877 5.
1352 1844 1428 1877 Nec
1458 1839 1525 1875 tibi
1554 1838 1781 1883 blandiaris,
1818 1838 1846 1874 si
1882 1838 2043 1887 graviter
2060 1837 2229 1887 peccanti

1237 1900 1357 1936 levior
1378 1899 1624 1949 poenitentia,
1642 1899 1700 1934 vel
1730 1911 1751 1934 a
1770 1898 1978 1943 nesciente,
2003 1898 2062 1933 vel
2081 1911 2101 1932 a
2121 1896 2229 1932 dissi-

1237 1960 1405 1995 mulante
1434 1958 1610 2002 dictatur,
1639 1971 1723 1993 cum
1751 1957 1788 1992 in
1822 1957 2047 2006 purgatoriis
2081 1955 2230 2004 ignibus

1237 2017 1509 2068 perficiendum
1531 2018 1599 2063 sit,
1625 2016 1809 2065 quidquid
1829 2017 1889 2052 hic
1918 2017 2042 2052 minus
2075 2015 2226 2058 feceris,

1237 2078 1327 2127 quia
1347 2077 1482 2127 dignos
1509 2077 1650 2112 fructus
1670 2076 1901 2124 poenitentiae
1918 2075 2052 2124 quaerit
2078 2074 2226 2110 Altissi-

1238 2149 1333 2172 mus.
1355 2136 1458 2172 Licet
1481 2143 1605 2171 autem
1626 2148 1702 2170 non
1723 2134 1882 2170 evaserit
1902 2146 2033 2170 manus
2049 2133 2228 2181 Omnipo-

1239 2195 1371 2241 tentis,
1390 2195 1455 2244 qui
1477 2194 1542 2231 tibi
1565 2207 1642 2230 non
1658 2195 1767 2243 plene
1783 2194 1994 2238 consuluit3
2017 2192 2081 2228 tibi
2105 2200 2227 2227 tamen

1239 2256 1334 2292 ratio
1351 2255 1527 2303 magistra
1551 2253 1746 2303 praesidet,
1769 2266 1853 2302 quae
1875 2261 1909 2288 te
1931 2252 2064 2288 doceat
2082 2259 2226 2287 tartum

1239 2329 1258 2352 a
1285 2315 1392 2351 licitis
1411 2314 1621 2358 abstinere,
1646 2321 1830 2362 quantum
1853 2321 1887 2348 te
1908 2311 2122 2348 memineris
2152 2309 2226 2344 illi-

1239 2375 1309 2411 cita
1328 2382 1576 2423 perpetrasse.
1594 2375 1624 2408 Α
1642 2371 1828 2408 vestibulo
1852 2371 1964 2419 igitur
1979 2369 2090 2417 liujus
2103 2381 2224 2404 sacra-

1240 2433 1390 2469 tissimae
1412 2431 1560 2468 virtutis
1588 2443 1720 2467 omnes
1739 2430 1823 2466 illos
1852 2429 2108 2473 excludimus,
2133 2440 2228 2475 quos

1239 2492 1286 2528 ad
1307 2491 1580 2528 confessionem
1603 2491 1661 2526 vel
1689 2491 1801 2525 timor
1823 2489 1941 2539 cogit,
1963 2488 2050 2536 quia
2082 2494 2228 2522 extorta

1239 2551 1423 2587 confessio
1453 2563 1530 2586 non
1562 2558 1617 2585 est
1644 2548 1848 2593 consessio3
1879 2549 1936 2583 vel
1969 2548 2128 2583 aliorum
2161 2559 2226 2581 ac-

181 2612 256 2655 Qtti
279 2624 336 2645 me
356 2611 538 2646 erubuerit
555 2621 591 2647 ee
611 2626 710 2647 meos
732 2626 928 2659 sermones,
941 2614 1037 2648 Ιιιιηι·
1054 2616 1173 2648 Filius
1191 2614 1223 2647 D
1239 2611 1382 2647 cusatio
1402 2610 1537 2654 trahit,
1561 2609 1648 2657 qnia
1669 2621 1745 2643 non
1766 2616 1822 2644 est
1842 2607 2046 2651 consessio,
2073 2605 2137 2642 sed
2170 2605 2228 2640 of—

177 2670 336 2706 hominis
364 2671 549 2707 erubescet
569 2678 601 2718 ²,
622 2681 693 2708 etc.
725 2676 771 2709 Et
796 2674 982 2722 propheta
1011 2688 1018 2709 t
1056 2676 1172 2710 Periit

164 2730 269 2776 fides
289 2739 324 2765 et
348 2729 477 2766 ablata
497 2741 548 2767 est
570 2734 616 2767 (le
635 2746 698 2767 ore
718 2746 855 2769 eorum.
877 2736 960 2769 Non
982 2732 1094 2778 dixit,
1119 2737 1172 2769 De

177 2788 316 2835 corde3
348 2788 433 2835 sed,
457 2791 503 2825 de
528 2805 590 2826 ore
604 2805 615 2826 .·
635 2792 722 2840 qnia
744 2792 837 2828 nihil
859 2793 957 2828 valet
981 2791 1072 2828 lidos
1087 2805 1172 2828 cor-

178 2847 235 2883 dis
254 2847 334 2884 sinc
352 2848 424 2883 lide
442 2849 531 2894 oris,
550 2863 618 2886 nec
634 2850 724 2887 lides
740 2851 816 2887 oris
838 2851 917 2887 sine
937 2851 1008 2887 lide
1022 2850 1167 2895 cor‹lis;

178 2921 263 2943 cum
284 2908 353 2944 ista
369 2907 568 2956 justitiam,
592 2910 654 2946 illa
675 2910 791 2946 donet
808 2911 985 2956 salutem;
1007 2912 1094 2959 quia
1111 2924 1170 2946 sa-

180 2967 268 3002 lusa
284 2965 449 3015 justitia‚
478 2968 534 3004 vel
552 2968 698 3017 justitia
715 2983 735 3006 a
755 2971 874 3006 salute
903 2970 1067 3019 separari
1094 2983 1170 3005 non

179 3034 350 3075 possunt.
373 3027 490 3064 Crede
518 3041 608 3078 ergo
630 3037 667 3065 et
697 3031 898 3075 consum-03
928 3030 1170 3066 nihilominus

178 3087 356 3122 confitere
372 3095 409 3122 et
427 3088 537 3123 crede
557 3103 565 3125 :
583 3090 670 3138 quia
689 3090 780 3127 lides
799 3090 844 3126 ad
858 3089 1062 3138 justitiam,
1080 3103 1171 3127 con-

182 3147 291 3182 fessio
313 3148 352 3182 fit
374 3146 419 3183 ad
435 3149 608 3185 salutem.

233 3205 269 3241 li.
293 3208 339 3242 Et
355 3207 662 3257 quandoquidem
685 3209 720 3244 in
745 3208 820 3245 lunc
840 3209 1061 3246 devenimus
1075 3209 1167 3254 loca,

231 3338 239 3352 ¹
258 3331 370 3374 Ephe&
388 3344 448 3370 111,
474 3337 524 3366 17.
558 3354 585 3357 --
612 3340 783 3369 ²1.11c.1x.
807 3341 859 3367 ᾙῖ.

338 3403 426 3426 Tou.
459 3404 492 3427 V.

1238 2670 1377 2713 sensio3
1407 2669 1465 2704 vel
1488 2668 1543 2703 sui
1575 2667 1767 2703 excusatio
1794 2666 1917 2709 ducit,
1949 2665 2035 2713 quia
2065 2677 2140 2700 non
2172 2671 2228 2697 est

1238 2728 1444 2772 consessio,
1479 2726 1543 2761 sod
1575 2726 1765 2769 defensio;
1799 2725 1857 2760 vel
1892 2723 2071 2772 jactantia
2108 2723 2228 2758 inanis

1239 2786 1358 2835 rapit,
1381 2785 1469 2834 quia
1487 2797 1563 2819 non
1585 2792 1639 2819 est
1659 2782 1846 2818 confessio
1862 2810 1871 2826 ,
1892 2781 1955 2816 sed
1978 2780 2124 2824 illusio;
2143 2788 2177 2814 et
2198 2779 2226 2814 si

1237 2859 1320 2895 quaa
1337 2845 1416 2881 alise
1438 2851 1559 2893 pestes
1582 2850 1669 2878 sunt
1683 2870 1692 2886 ‚
1716 2855 1799 2889 quae
1818 2839 2103 2876 obuinlnuitorio
2123 2839 2224 2874 vela-

1238 2906 1336 2942 mine
1355 2904 1446 2940 tanti
1463 2901 1689 2940 §aeramenti
1705 2901 1881 2936 simulant
1895 2900 2140 2935 sanctitati-ni.
2156 2902 2228 2935 Cor

1237 2966 1274 3001 in
1296 2964 1516 3012 semetipso,
1538 2970 1573 2998 et
1590 2974 1634 2996 rx
1652 2961 1852 3008 semetipso
1874 2959 2075 2995 contritum
2100 2966 2134 2993 ct
2156 2958 2227 2993 lni-

1239 3025 1440 3068 miliatum,
1462 3022 1508 3058 ad
1532 3020 1644 3068 liujus
1665 3019 1935 3069 pusilii-ationis
1956 3026 2074 3067 potest
2097 3030 2226 3051 asu-112

1238 3084 1326 3119 dere
1348 3081 1562 3131 puritatem.
1581 3078 1785 3115 Ostendam
1814 3077 1879 3112 tibi
1901 3090 2017 3113 unum
2036 3075 2226 3123 justorum

1234 3142 1439 3192 justissime
1477 3141 1731 3175 confitentem.
1765 3137 1909 3184 Quaeris
1952 3137 2123 3184 quisnam
2160 3135 2227 3168 sit)

1241 3202 1377 3240 l‘saltes
1392 3199 1545 3238 Domini
1565 3206 1632 3234 cst.
1657 3200 1763 3241 Diri,
1785 3197 1918 3245 inquit,
1937 3195 2142 3240 saalim-(201-
2157 3197 2226 3228 ml·
