2418 3949
109 160 185 196 6-'19

109 237 347 287 investigans.
368 237 519 282 Oratio,
540 244 596 272 est
619 235 756 272 devota
785 234 907 271 cordis
933 231 1132 270 intentio⁵¹

528 159 681 195 SCALA
708 157 1110 199 CLAUSTRALIUM,
1142 156 1247 191 SIVE
1274 157 1338 191 DE
1365 158 1505 193 MODO
1534 157 1731 193 ORANDI.

1140 231 1153 248 ²
1166 231 1301 280 pedem
1318 232 1406 281 figit.
1421 234 1605 270 Interiora
1617 241 1799 283 penetrat,
1816 232 1959 281 singula
1975 231 2151 268 rimatur:

2079 152 2154 189 650

108 297 147 333 in
169 300 290 333 Deum
312 309 381 346 pro
402 296 506 332 malis
529 295 769 339 amovendis,
787 293 951 330 ethonis
971 291 1095 340 adipi·
1112 294 1143 326 A
1163 299 1304 327 attente
1324 292 1534 329 considerat
1554 292 1655 341 quod
1677 305 1751 328 non
1773 292 1885 336 dixit,
1907 294 2020 326 Beati
2038 304 2148 325 mun-

109 355 266 392 scendis.
307 355 608 404 Contemplatio,
646 362 701 391 est
730 353 865 389 mentis
902 353 940 388 in
975 355 1096 388 Deum

109 428 299 464 suspensae
335 415 512 460 elevatio,
541 422 689 450 aeternae
725 412 935 449 dulcedinis
962 409 1096 459 gaudia

109 473 321 522 degustans.

474 582 647 623 CAPUT
676 583 728 620 Π.

262 704 434 747 Descriptio
451 703 621 735 officiorum
638 708 770 744 quatuor
789 700 948 742 graduum.

162 832 196 868 2.
226 829 430 881 Assignatis
453 841 542 878 ergo
571 836 736 877 quatuor
754 826 938 876 graduum
962 825 1100 861 descri-

108 891 326 943 ptionibus,
360 897 474 929 restat
506 896 548 924 ut
575 900 707 924 eorum
736 886 859 922 officia
889 884 1096 920 videamus.

107 955 229 988 Beatae
255 950 369 999 igitur
390 949 476 984 vitae
505 946 741 984 dulcedinem
773 945 884 980 lectio
914 942 1096 991 inquirit,

1165 352 1211 384 do
1225 362 1404 399 corpore,
1419 352 1502 397 sed,
1518 355 1626 388 corde
1640 367 1650 386 .·
1664 353 1751 401 quia
1769 364 1844 387 non
1862 350 2001 387 suflicit
2018 361 2151 384 manus

1163 407 1301 443 habere
1321 409 1492 446 innoxias
1509 423 1528 446 a
1547 412 1644 447 malo
1658 423 1773 459 opere
1787 438 1796 454 ‚
1819 410 1888 445 nisi
1909 422 1927 445 a
1949 408 2072 458 pravis
2089 419 2151 442 co-

1163 466 1406 514 gitationibus
1427 468 1653 505 mundemur
1672 470 1709 505 in
1729 476 1866 505 mente.
1890 467 2001 515 Quod
2021 475 2152 503 aucto-

1165 525 1273 561 ritate
1310 528 1506 576 prophetae
1542 530 1787 568 confirmatur
1821 527 1979 564 dicentis
2013 542 2020 562 z
2059 528 2151 572 Quis

1164 587 1337 620 ascendet
1356 591 1393 620 in
1414 597 1571 622 montem
1600 591 1782 623 Domim‘?
1808 596 1871 622 aut
1888 592 1967 634 quis
1984 585 2094 621 stabit
2111 589 2149 618 ln

1165 645 1243 677 loco
1268 654 1396 680 sancto
1423 647 1532 692 ejus?
1556 651 1740 683 Innocens
1766 645 1937 682 manibus
1957 655 1990 681 et
2012 646 2151 680 mando

1165 705 1272 738 corde
1288 703 1314 740 ³.
1335 708 1429 741 Item
1450 706 1662 742 considerat
1676 736 1685 752 ,
1707 715 1890 755 quantum
1915 706 2010 741 hanc
2031 703 2153 740 cordis

1165 762 1386 800 munditiam
1409 764 1565 813 optabat
1585 764 1683 801 idem
1712 766 1918 815 propheta,
1949 765 2015 813 qui
2043 775 2154 799 orans

1165 821 1334 867 dicebat,
1376 824 1447 858 Cor
1475 827 1672 867 mundum,
1705 825 1851 874 inquit,
1885 838 1971 860 crea
1999 829 2038 859 in
2069 836 2152 864 me,

1168 881 1293 916 Βείις·ἱ
1314 897 1321 917 :
1343 882 1431 918 item
1447 911 1456 927 ‚
1488 884 1529 918 Se·
1555 888 1691 932 aspexi
1713 889 1946 932 iniquitatem
1976 889 2014 918 ite
2048 886 2156 918 corde

1164 954 1263 984 men,
1295 955 1368 978 non
1405 945 1585 979 exaudiet
1608 946 1786 979 Dominus
1806 944 1830 980 ⁵.
1866 945 2011 993 Cogitat
2041 957 2152 993 quam

106 1010 300 1048 meditatio
315 1008 478 1053 invenit,
495 1007 615 1043 oratio
631 1005 815 1056 postulat,
831 1001 1099 1051 contemplatio
1117 1001 1144 1034 B
1164 1001 1346 1039 sollicitus
1375 1010 1454 1039 erat
1485 1003 1521 1039 in
1542 1003 1610 1039 hac
1636 1003 1806 1040 custodia
1826 1003 1958 1040 beatus
1976 1004 2068 1050 Job,
2092 1005 2154 1054 qui

108 1070 292 1119 degustat.
322 1067 434 1106 Unde
456 1068 536 1117 ipse
556 1066 743 1103 Dominus
763 1063 853 1099 dicit
873 1076 880 1098 :
903 1064 1072 1108 Quaerite
1085 1089 1095 1105 ‚

109 1138 144 1165 et
161 1132 374 1170 invenieti55
389 1129 557 1174 pulsate,
576 1133 612 1160 et
627 1128 818 1172 aperimur
831 1121 933 1157 vobis
951 1127 974 1157 ¹.
993 1123 1100 1168 Quae-

108 1188 178 1224 rite
197 1185 374 1236 legendo,
399 1192 437 1221 et
457 1183 658 1220 invenietis
678 1180 896 1218 meditando
917 1195 924 1217 :
954 1179 1101 1229 pulsate

108 1245 274 1291 orando,
297 1252 334 1281 et
353 1243 544 1293 aperietur
564 1241 674 1278 vobis
694 1239 999 1290 contemplando.
1029 1241 1102 1275 Le-

108 1304 183 1341 ctio
203 1303 308 1353 quasi
329 1302 490 1339 solidum
511 1301 637 1338 cibum
655 1301 711 1337 ori
731 1300 892 1350 apponit
909 1314 917 1335 ι
940 1298 1101 1334 medita-

109 1363 161 1400 tio
175 1363 346 1399 masticat
362 1370 399 1399 et
415 1362 551 1411 frangit
565 1376 572 1397 :
591 1360 713 1397 oratio
730 1371 902 1408 saporem
921 1357 1099 1406 acquirit:

109 1421 377 1471 contemplatio
397 1430 452 1458 est
476 1422 558 1470 ipsa
579 1419 740 1456 dulcedo
761 1431 845 1468 quae
861 1416 1046 1467 jucundat
1066 1423 1104 1451 et

110 1481 240 1518 reficit.
261 1481 391 1518 Lectio
405 1509 414 1525 ,
437 1481 474 1517 in
497 1481 655 1525 cortice3
673 1479 867 1516 meditatio
882 1506 890 1522 ,
913 1478 949 1513 iu
971 1476 1102 1525 adipe;

110 1540 251 1586 oratio,
273 1540 309 1575 in
326 1539 502 1576 desiderii
522 1539 798 1589 postulatione3
820 1535 1103 1584 contemplatio,

107 1599 147 1635 in
170 1599 316 1648 adeptae
333 1597 542 1635 dulcedinis
562 1597 822 1634 delectatione.
844 1594 954 1642 Quod
976 1602 1017 1630 ut
1035 1606 1101 1629 ex-

108 1658 273 1708 pressius
292 1657 411 1694 videri
437 1657 573 1706 possit,
598 1669 715 1692 unum
741 1656 787 1691 de
806 1654 932 1690 multis
959 1665 1102 1702 suppo-

110 1729 196 1752 nam
211 1715 440 1765 exemplum.
455 1718 497 1751 In
515 1715 676 1751 lectione
689 1713 802 1750 audio
820 1728 827 1748 ι
844 1713 957 1748 Beati
967 1713 1103 1746 mundo

1166 1059 1313 1097 dicebat
1334 1077 1341 1097 :
1364 1063 1500 1110 Pepigi
1509 1061 1638 1110 soedus
1657 1076 1739 1098 cum
1763 1067 1874 1099 aculis
1893 1068 1998 1105 meis,
2026 1077 2073 1098 ne
2091 1079 2156 1098 co-

1164 1124 1325 1170 gitarem
1363 1123 1511 1169 quidem
1543 1124 1590 1157 de
1620 1126 1766 1171 virgine
1781 1121 1808 1158 ⁶.
1844 1126 1940 1159 Ecce
1975 1133 2157 1172 quantum

1167 1179 1334 1217 arctabat
1363 1194 1402 1217 se
1427 1182 1486 1218 vir
1518 1189 1686 1227 sanctus,
1712 1182 1776 1231 qui
1806 1182 2004 1219 claudebat
2030 1184 2160 1220 oculos

1167 1253 1255 1277 suos
1284 1253 1331 1276 ne
1364 1239 1510 1277 videret
1541 1240 1763 1286 vanitatem,
1790 1254 1836 1277 ne
1863 1242 1959 1278 forte
1988 1243 2160 1279 incautus

1168 1300 1372 1349 respiceret
1387 1299 1489 1348 quod
1501 1308 1631 1349 postea
1647 1300 1789 1337 invitus
1803 1299 2044 1338 desideraret.
2057 1305 2161 1338 Post-

1168 1371 1280 1406 quam
1316 1358 1395 1394 haec
1428 1366 1465 1394 et
1498 1357 1716 1406 hujusmodi
1743 1358 1788 1394 de
1819 1359 1943 1396 cordis
1977 1360 2162 1397 munditia

1169 1418 1430 1466 pertractavit,
1455 1418 1588 1467 incipit
1607 1418 1771 1466 cogitare
1798 1417 1844 1454 de
1869 1418 1951 1467 ejus
1980 1421 2162 1468 praemio,

1160 1490 1281 1526 ,quam
1301 1478 1506 1526 gloriosum
1525 1486 1561 1514 et
1576 1476 1868 1514 delectabile'est
1885 1478 2013 1516 videre
2031 1480 2160 1516 faciem

1170 1536 1418 1573 desideratam
1448 1537 1620 1582 Domini,
1644 1537 1803 1586 speciosi
1831 1538 1950 1574 forma
1979 1552 2058 1588 prae
2079 1540 2163 1576 filiis

1165 1595 1382 1641 hominum3
1397 1609 1473 1632 non
1488 1609 1567 1632 esse
1579 1596 1656 1644 jam
1670 1596 1861 1645 abjectum
1877 1606 1913 1634 et
1934 1599 2046 1635 vilem
2058 1629 2066 1644 ‚
2084 1613 2162 1636 non

1167 1654 1367 1692 habentem
1397 1656 1558 1705 speciem
1580 1670 1654 1706 qua
1672 1657 1823 1693 vestivit
1843 1670 1928 1693 eum
1958 1667 2077 1695 mater
2096 1673 2162 1696 sua

1169 1717 1386 1763 Synagoga:
1406 1714 1470 1751 sed
1487 1715 1583 1751 stola
1599 1715 1890 1752 immortalitatis
1906 1715 2080 1753 indutum
2093 1746 2103 1762 ,
2126 1727 2162 1754 et

110 1776 232 1819 corde,
252 1779 430 1822 quoniam
447 1775 517 1821 ipsi
540 1776 658 1809 Deum
675 1772 854 1809 videbunt
866 1777 891 1807 ².
911 1774 1005 1807 Ecce
1020 1769 1104 1805 bre·
1123 1775 1150 1811 C
1169 1783 1393 1810 coronatum
1411 1774 1621 1811 diademate
1632 1803 1641 1819 ‚
1656 1788 1733 1823 quo
1746 1776 1942 1812 coronavit
1955 1789 2040 1812 eum
2056 1780 2167 1813 Pater

109 1846 155 1870 ve
175 1833 334 1870 verbum
348 1862 358 1880 ‚
380 1833 445 1870 sed
463 1833 567 1869 suavi
589 1841 626 1869 et
642 1831 840 1881 multiplici
856 1843 966 1867 sensu
987 1830 1104 1866 refer-

111 1902 203 1930 tum.
222 1893 277 1930 Ad
292 1901 440 1942 pastum
459 1893 592 1928 animae
607 1892 712 1940 quasi
731 1903 842 1927 uvam
864 1889 1102 1933 ministravit,

110 1964 222 2000 quam
238 1959 438 2000 postquam
458 1951 583 1987 anima
600 1950 798 1999 diligenter
812 1949 995 1999 inspexit,
1015 1948 1105 1984 dicit

109 2011 207 2046 intra
223 2023 262 2046 se
279 2025 287 2046 :
303 2013 428 2047 Potest
443 2009 582 2058 aliquid
598 2009 689 2045 boni
702 2022 793 2045 esse.
812 2007 960 2045 Redibo
975 2007 1020 2043 ad
1038 2020 1104 2053 cor

111 2082 235 2105 meum
249 2098 258 2115 ,
275 2077 312 2105 et
327 2067 480 2104 tentabo
495 2068 524 2104 si
543 2069 639 2104 forte
657 2067 866 2116 intelligere
882 2074 919 2102 et
934 2066 1102 2102 invenire

109 2136 244 2177 potero
273 2127 494 2163 munditiam
521 2127 629 2163 hanc.
659 2126 826 2163 Pretiosa
853 2125 953 2162 enim
976 2133 1012 2161 et
1035 2124 1102 2161 de-

110 2186 318 2223 siderabilis
345 2194 401 2222 est
423 2198 480 2222 res
502 2186 571 2221 ista
585 2213 595 2230 ,
618 2185 724 2234 cujus
745 2196 979 2234 possessores
1000 2183 1099 2220 beati

109 2246 300 2289 dicuntur,
316 2244 452 2294 quibus
467 2245 562 2280 visio
580 2244 668 2288 Dei,
684 2256 767 2292 quae
785 2252 840 2279 est
854 2243 931 2278 vita
947 2250 1098 2288 aeterna,

108 2304 360 2355 promittitur,
389 2317 473 2353 quae
494 2312 549 2340 tot
568 2316 682 2339 sacrae
702 2303 906 2352 Scripturae
930 2303 1100 2338 testimo-

107 2364 181 2401 niis
195 2362 441 2400 collaudatur.
462 2366 544 2399 Hoc
561 2375 650 2411 ergo
667 2362 736 2398 sibi
754 2362 903 2410 plenius
919 2361 1099 2411 explicari

108 2423 342 2467 desiderans,
358 2422 487 2471 incipit
501 2422 595 2457 hanc
609 2434 722 2457 unam
738 2421 931 2457 masticare
950 2429 987 2457 et
1004 2422 1100 2456 fran-

108 2494 214 2530 gere,
234 2494 390 2529 eamque
417 2481 522 2529 quasi
541 2481 580 2517 in
599 2481 777 2516 torculari
802 2480 909 2529 ponit
932 2494 939 2515 :
964 2479 1100 2515 deinde

108 2541 246 2576 excitat
275 2540 456 2576 rationem
481 2539 527 2575 ad
556 2539 823 2588 inquirendum
849 2540 942 2588 quid
968 2539 1037 2584 sit,
1061 2548 1097 2576 et
1114 2545 1147 2578 D

109 2598 303 2647 quomodo
331 2597 460 2634 haberi
494 2599 611 2648 possit
638 2599 716 2635 haec
744 2598 838 2634 adeo
869 2598 1034 2648 pretiosa
1061 2607 1098 2634 et

110 2656 366 2693 desiderabilis
389 2656 587 2692 munditia.

462 2788 636 2827 CAPUT
668 2790 740 2827 111.

412 2901 554 2933 officium
573 2903 791 2933 meditationis.

164 3015 198 3050 3.
227 3013 416 3050 Accedens
432 3027 520 3063 ergo
543 3014 672 3051 sedula
697 3014 912 3057 meditatio,
943 3028 1016 3050 unu
1043 3028 1100 3050 re-

113 3082 236 3109 manet
261 3081 384 3118 extra,
405 3086 479 3110 non
503 3074 616 3110 haeret
644 3075 678 3110 in
707 3074 924 3122 superlicio,
944 3074 1100 3109 ulterius

161 3203 168 3216 '
190 3197 301 3227 Mnuh.
319 3208 365 3227 vn
381 3222 388 3233 ,
406 3201 435 3228 7.
455 3217 494 3221 -
515 3204 524 3219 ²
545 3198 590 3229 ld.
612 3210 642 3232 v,
663 3202 693 3229 8.
715 3217 749 3220 νυ
773 3197 877 3229 ³1‘sal.
900 3203 1052 3235 xx111‚3,
1072 3201 1102 3228 su.

113 3257 124 3261 -
144 3249 217 3277 rsat.
246 3260 316 3281 xv..
345 3254 392 3278 ις’.
471 3248 482 3267 ’¹
504 3249 615 3281 Manu..
636 3262 663 3280 v.
687 3255 703 3279 ε

1170 1846 1257 1869 suus
1285 1833 1322 1869 in
1347 1833 1407 1869 die
1428 1834 1714 1870 resurrectionis
1732 1843 1768 1870 et
1791 1835 1941 1883 gloriae,
1968 1835 2027 1872 dic
2050 1850 2161 1886 quam

1171 1892 1255 1928 fecit
1272 1894 1470 1930 Dominus.
1492 1894 1638 1942 Cogitat
1659 1893 1761 1942 quod
1782 1894 1819 1929 in
1841 1894 1903 1930 illa
1923 1895 2069 1932 visione
2092 1897 2163 1932 erit

1171 1954 1316 1989 satietas
1338 1953 1420 1997 illa,
1454 1952 1499 1989 de
1524 1966 1598 2002 qua
1621 1953 1711 1989 dicit
1737 1953 1950 2002 propheta:
1974 1955 2160 1998 satiabor,

1170 2025 1249 2046 cum
1272 2017 1495 2059 apparuerit
1516 2014 1637 2060 gloria
1664 2021 1728 2047 tua
1742 2018 1768 2047 7.
1796 2012 1957 2049 Videsne
1977 2022 2162 2062 quantum

1169 2071 1324 2119 liquoris
1341 2072 1529 2108 emanavit
1548 2085 1595 2107 ex
1616 2073 1768 2108 minima
1782 2085 1871 2118 uva3
1889 2082 2052 2121 quantus
2069 2075 2166 2121 ignis

1168 2142 1213 2166 ex
1231 2130 1298 2165 hac
1318 2130 1476 2166 scintilla
1493 2138 1600 2166 ortus
1617 2138 1693 2175 est3
1715 2139 1898 2179 quantum
1919 2131 1998 2168 haec
2016 2133 2163 2169 modica

1167 2201 1285 2225 massa
1300 2217 1309 2233 ,
1333 2192 1444 2224 Beati
1460 2191 1595 2224 mundo
1613 2192 1739 2234 corde,
1759 2195 1937 2237 quoniam
1953 2196 2025 2239 ipsi
2044 2195 2162 2227 Deum

1166 2246 1395 2293 videbantss,
1419 2249 1455 2284 in
1477 2248 1614 2284 incude
1635 2249 1890 2286 meditationis
1909 2259 2062 2288 extensa
2082 2254 2164 2288 est?

1166 2308 1237 2344 Sed
1251 2316 1433 2356 quantum
1452 2307 1574 2344 adhuc
1590 2316 1717 2357 posset
1731 2308 1903 2353 extendi,
1922 2311 1950 2345 si
1968 2311 2164 2348 accederet

1166 2366 1299 2415 aliquis
1316 2366 1401 2402 talia
1416 2368 1623 2415 expertus?
1640 2367 1768 2404 Sentio
1789 2367 1888 2404 enim
1907 2368 2010 2417 quod
2026 2378 2163 2419 puteus

1167 2425 1265 2461 altus
1291 2433 1374 2461 est:
1396 2425 1461 2461 sed
1492 2438 1561 2473 ego
1591 2425 1713 2461 adhuc
1749 2426 1854 2463 rudis
1886 2427 1979 2472 tiro,
2014 2428 2051 2463 in
2084 2442 2161 2478 quo

1167 2498 1286 2534 pauca
1307 2485 1385 2520 haec
1406 2484 1595 2520 haurirem
1619 2485 1682 2521 vix
1702 2486 1843 2526 inveni.

1217 2545 1251 2581 4.
1275 2545 1339 2581 His
1359 2544 1483 2579 anima
1504 2543 1644 2579 facibus
1662 2545 1911 2590 inflammata,
1934 2546 1990 2582 his
2011 2548 2161 2585 incitata

1166 2602 1361 2639 desideriis
1373 2631 1381 2647 ‚
1399 2602 1516 2638 fracto
1534 2601 1723 2638 alabastro
1740 2604 1960 2640 suavitatem
1977 2609 2159 2654 unguenti

1165 2662 1385 2712 praesentire
1413 2661 1568 2710 incipit,
1602 2661 1761 2697 necdum
1796 2671 1926 2711 gustu,
1960 2665 2025 2700 sed
2053 2669 2157 2714 quasi

1166 2722 1311 2758 narium
1329 2720 1500 2757 odoratu.
1515 2724 1559 2756 Et
1574 2721 1644 2756 hoc
1657 2721 1796 2769 colligit
1811 2735 1922 2770 quam
1939 2736 2052 2760 suave
2063 2736 2159 2762 esset

1165 2780 1277 2828 hujus
1313 2779 1506 2815 mundium
1539 2780 1677 2815 sentire
1712 2781 1983 2829 experientiam
2004 2812 2012 2826 ‚
2050 2785 2158 2833 cujus

1166 2839 1448 2874 meditationem
1480 2838 1584 2873 novit
1611 2837 1705 2873 adeo
1737 2852 1816 2875 esse
1834 2839 2054 2888 jucundam.
2088 2844 2158 2880 Sed

1166 2897 1257 2946 quid
1277 2897 1408 2932 faciet?
1431 2895 1600 2931 Habendi
1622 2895 1809 2933 desiderio
1827 2907 1976 2942 a¹stuat‚
2000 2901 2062 2936 sed
2084 2915 2159 2939 non

1167 2955 1311 2990 invenit
1343 2953 1442 3002 apud
1474 2966 1512 2989 se
1543 2954 1737 3001 quomodo
1769 2955 1906 2992 habere
1937 2960 2052 3006 possit
2086 2976 2093 2996 ε
2125 2971 2161 2997 ct

1166 3021 1309 3061 quanto
1332 3012 1416 3060 plus
1444 3013 1621 3060 inquirit,
1644 3014 1728 3063 plus
1759 3015 1845 3051 sitit.
1878 3020 1974 3053 Dum
2003 3022 2161 3068 apponit

1167 3071 1470 3114 uwditationcm‚
1493 3072 1650 3120 apponit
1678 3081 1713 3108 et
1744 3073 1913 3111 dolorem
1940 3092 1946 3112 :
1972 3079 2057 3125 quia
2085 3081 2159 3115 sitit

1182 3204 1193 3222 θ
1212 3199 1287 3227 l’sal.
1308 3209 1316 3225 ι
1335 3201 1468 3232 ,1Ἰ.--
1489 3196 1767 3235 ⁵t¹÷al.1xv‚18.
1854 3202 1944 3232 ‘'Job
1965 3215 2054 3234 xxxi.
2082 3208 2089 3232 1
