<?xml version="1.0" encoding="UTF-8"?>
<!DOCTYPE html PUBLIC "-//W3C//DTD XHTML 1.0 Transitional//EN"
    "http://www.w3.org/TR/xhtml1/DTD/xhtml1-transitional.dtd">
<html xmlns="http://www.w3.org/1999/xhtml" xml:lang="en" lang="en">
 <head>
  <title>
</title>
<meta http-equiv="Content-Type" content="text/html;charset=utf-8" />
  <meta name='ocr-system' content='tesseract 3.04.00' />
  <meta name='ocr-capabilities' content='ocr_page ocr_carea ocr_par ocr_line ocrx_word'/>
</head>
<body>
  <div class='ocr_page' id='page_1' title='image "./operaomniapostho05bern/operaomniapostho05bern_0147.png"; bbox 0 0 2418 3949; ppageno 0'>
   <div class='ocr_carea' id='block_1_1' title="bbox 90 214 158 251">
    <p class='ocr_par' dir='ltr' id='par_1_1' title="bbox 90 214 158 251">
     <span class='ocr_line' id='line_1_1' title="bbox 90 214 158 251; baseline 0.015 -1"><span class='ocrx_word' id='word_1_1' title='bbox 90 214 158 251; x_wconf 76' lang='lat'>281</span> 
     </span>
    </p>
   </div>
   <div class='ocr_carea' id='block_1_2' title="bbox 807 212 1412 257">
    <p class='ocr_par' dir='ltr' id='par_1_2' title="bbox 807 212 1412 257">
     <span class='ocr_line' id='line_1_2' title="bbox 807 212 1412 257; baseline -0.003 -8"><span class='ocrx_word' id='word_1_2' title='bbox 807 215 856 249; x_wconf 78' lang='lat' dir='ltr'>IN</span> <span class='ocrx_word' id='word_1_3' title='bbox 885 213 1111 257; x_wconf 72' lang='lat' dir='ltr'>CANTICA,</span> <span class='ocrx_word' id='word_1_4' title='bbox 1142 212 1305 248; x_wconf 77' lang='lat' dir='ltr'>SERMo</span> <span class='ocrx_word' id='word_1_5' title='bbox 1334 215 1412 249; x_wconf 73' lang='lat' dir='ltr'>XL.</span> 
     </span>
    </p>
   </div>
   <div class='ocr_carea' id='block_1_3' title="bbox 2068 217 2142 254">
    <p class='ocr_par' dir='ltr' id='par_1_3' title="bbox 2068 217 2142 254">
     <span class='ocr_line' id='line_1_3' title="bbox 2068 217 2142 254; baseline 0.014 -1"><span class='ocrx_word' id='word_1_6' title='bbox 2068 217 2142 254; x_wconf 81' lang='lat'>282</span> 
     </span>
    </p>
   </div>
   <div class='ocr_carea' id='block_1_4' title="bbox 87 288 2142 402">
    <p class='ocr_par' dir='ltr' id='par_1_4' title="bbox 87 288 2142 402">
     <span class='ocr_line' id='line_1_4' title="bbox 87 288 2142 343; baseline 0.001 -15"><span class='ocrx_word' id='word_1_7' title='bbox 87 305 132 328; x_wconf 89' lang='lat' dir='ltr'>co</span> <span class='ocrx_word' id='word_1_8' title='bbox 149 292 230 342; x_wconf 88' lang='lat' dir='ltr'>ipso</span> <span class='ocrx_word' id='word_1_9' title='bbox 244 289 731 328; x_wconf 80' lang='lat' dir='ltr'>suaviterintusasficimur.</span> <span class='ocrx_word' id='word_1_10' title='bbox 747 290 901 326; x_wconf 85' lang='lat' dir='ltr'>Multam</span> <span class='ocrx_word' id='word_1_11' title='bbox 917 290 963 325; x_wconf 88' lang='lat' dir='ltr'>de</span> <span class='ocrx_word' id='word_1_12' title='bbox 982 288 1338 338; x_wconf 72' lang='lat' dir='ltr'>mar—¹³⁷Nusqnam</span> <span class='ocrx_word' id='word_1_13' title='bbox 1370 290 1486 337; x_wconf 76' lang='lat' dir='ltr'>magis</span> <span class='ocrx_word' id='word_1_14' title='bbox 1510 290 1682 327; x_wconf 71' lang='lat' dir='ltr'>humanm</span> <span class='ocrx_word' id='word_1_15' title='bbox 1711 292 1848 329; x_wconf 87' lang='lat' dir='ltr'>mentis</span> <span class='ocrx_word' id='word_1_16' title='bbox 1875 291 1990 330; x_wconf 85' lang='lat' dir='ltr'>fastus</span> <span class='ocrx_word' id='word_1_17' title='bbox 2021 296 2142 343; x_wconf 57' lang='lat' dir='ltr'>rcpri&lt;</span> 
     </span>
     <span class='ocr_line' id='line_1_5' title="bbox 88 348 2142 402; baseline 0.001 -14"><span class='ocrx_word' id='word_1_18' title='bbox 88 352 180 400; x_wconf 88' lang='lat' dir='ltr'>tyris</span> <span class='ocrx_word' id='word_1_19' title='bbox 200 351 413 397; x_wconf 85' lang='lat' dir='ltr'>Laurentii,</span> <span class='ocrx_word' id='word_1_20' title='bbox 436 349 543 399; x_wconf 87' lang='lat' dir='ltr'>cnjus</span> <span class='ocrx_word' id='word_1_21' title='bbox 569 350 658 385; x_wconf 82' lang='lat' dir='ltr'>festa</span> <span class='ocrx_word' id='word_1_22' title='bbox 679 362 779 385; x_wconf 90' lang='lat' dir='ltr'>nunc</span> <span class='ocrx_word' id='word_1_23' title='bbox 805 349 968 398; x_wconf 78' lang='lat' dir='ltr'>agimus,</span> <span class='ocrx_word' id='word_1_24' title='bbox 988 362 1078 398; x_wconf 80' lang='lat' dir='ltr'>agro</span> <span class='ocrx_word' id='word_1_25' title='bbox 1101 350 1130 383; x_wconf 88' lang='lat' dir='ltr'>A</span> <span class='ocrx_word' id='word_1_26' title='bbox 1150 349 1265 385; x_wconf 84' lang='lat' dir='ltr'>mitur</span> <span class='ocrx_word' id='word_1_27' title='bbox 1291 348 1550 386; x_wconf 78' lang='lat' dir='ltr'>humiliatione</span> <span class='ocrx_word' id='word_1_28' title='bbox 1577 364 1644 387; x_wconf 87' lang='lat' dir='ltr'>nec</span> <span class='ocrx_word' id='word_1_29' title='bbox 1675 351 1788 388; x_wconf 84' lang='lat' dir='ltr'>sames</span> <span class='ocrx_word' id='word_1_30' title='bbox 1821 353 2142 402; x_wconf 76' lang='lat' dir='ltr'>contemplatione</span> 
     </span>
    </p>
   </div>
   <div class='ocr_carea' id='block_1_5' title="bbox 82 408 1078 1049">
    <p class='ocr_par' dir='ltr' id='par_1_5' title="bbox 82 408 1078 1049">
     <span class='ocr_line' id='line_1_6' title="bbox 87 408 1078 459; baseline -0.003 -13"><span class='ocrx_word' id='word_1_31' title='bbox 87 411 277 459; x_wconf 88' lang='lat' dir='ltr'>myrrham</span> <span class='ocrx_word' id='word_1_32' title='bbox 296 409 515 455; x_wconf 74' lang='lat' dir='ltr'>demessuit,</span> <span class='ocrx_word' id='word_1_33' title='bbox 536 416 703 444; x_wconf 76' lang='lat' dir='ltr'>aromata</span> <span class='ocrx_word' id='word_1_34' title='bbox 723 408 1078 454; x_wconf 78' lang='lat' dir='ltr'>multa300nsessi0-</span> 
     </span>
     <span class='ocr_line' id='line_1_7' title="bbox 87 466 1076 518; baseline -0.002 -14"><span class='ocrx_word' id='word_1_35' title='bbox 87 469 145 506; x_wconf 88' lang='lat' dir='ltr'>nis</span> <span class='ocrx_word' id='word_1_36' title='bbox 167 469 377 518; x_wconf 86' lang='lat' dir='ltr'>myrrham,</span> <span class='ocrx_word' id='word_1_37' title='bbox 398 467 646 505; x_wconf 87' lang='lat' dir='ltr'>confessionis</span> <span class='ocrx_word' id='word_1_38' title='bbox 667 475 844 504; x_wconf 81' lang='lat' dir='ltr'>aromata.</span> <span class='ocrx_word' id='word_1_39' title='bbox 869 466 927 504; x_wconf 89' lang='lat' dir='ltr'>Ad</span> <span class='ocrx_word' id='word_1_40' title='bbox 953 466 1076 515; x_wconf 78' lang='lat' dir='ltr'>ignem</span> 
     </span>
     <span class='ocr_line' id='line_1_8' title="bbox 85 527 1077 577; baseline -0.002 -13"><span class='ocrx_word' id='word_1_41' title='bbox 85 528 185 564; x_wconf 87' lang='lat' dir='ltr'>enim</span> <span class='ocrx_word' id='word_1_42' title='bbox 206 528 414 577; x_wconf 88' lang='lat' dir='ltr'>applicatus</span> <span class='ocrx_word' id='word_1_43' title='bbox 428 527 614 565; x_wconf 85' lang='lat' dir='ltr'>Christum</span> <span class='ocrx_word' id='word_1_44' title='bbox 631 527 824 563; x_wconf 86' lang='lat' dir='ltr'>consessus</span> <span class='ocrx_word' id='word_1_45' title='bbox 840 534 914 571; x_wconf 85' lang='lat' dir='ltr'>est,</span> <span class='ocrx_word' id='word_1_46' title='bbox 938 538 1077 575; x_wconf 84' lang='lat' dir='ltr'>corpus</span> 
     </span>
     <span class='ocr_line' id='line_1_9' title="bbox 85 585 1077 634; baseline -0.004 -10"><span class='ocrx_word' id='word_1_47' title='bbox 85 601 193 625; x_wconf 90' lang='lat' dir='ltr'>suum</span> <span class='ocrx_word' id='word_1_48' title='bbox 213 587 382 633; x_wconf 76' lang='lat' dir='ltr'>tradidit,</span> <span class='ocrx_word' id='word_1_49' title='bbox 400 588 450 624; x_wconf 89' lang='lat' dir='ltr'>ita</span> <span class='ocrx_word' id='word_1_50' title='bbox 467 595 505 623; x_wconf 93' lang='lat' dir='ltr'>ut</span> <span class='ocrx_word' id='word_1_51' title='bbox 526 586 676 623; x_wconf 83' lang='lat' dir='ltr'>arderet</span> <span class='ocrx_word' id='word_1_52' title='bbox 693 600 700 622; x_wconf 87' lang='lat'><strong>:</strong></span> <span class='ocrx_word' id='word_1_53' title='bbox 722 586 914 622; x_wconf 85' lang='lat' dir='ltr'>facultates</span> <span class='ocrx_word' id='word_1_54' title='bbox 930 585 1077 634; x_wconf 89' lang='lat' dir='ltr'>dispcr—</span> 
     </span>
     <span class='ocr_line' id='line_1_10' title="bbox 85 645 1078 696; baseline -0.004 -13"><span class='ocrx_word' id='word_1_55' title='bbox 85 646 131 683; x_wconf 85' lang='lat' dir='ltr'>sit</span> <span class='ocrx_word' id='word_1_56' title='bbox 157 647 401 696; x_wconf 84' lang='lat' dir='ltr'>pauperibus.</span> <span class='ocrx_word' id='word_1_57' title='bbox 428 649 523 684; x_wconf 87' lang='lat' dir='ltr'>Caro</span> <span class='ocrx_word' id='word_1_58' title='bbox 549 645 631 694; x_wconf 87' lang='lat' dir='ltr'>ejus</span> <span class='ocrx_word' id='word_1_59' title='bbox 655 653 817 682; x_wconf 87' lang='lat' dir='ltr'>cremata</span> <span class='ocrx_word' id='word_1_60' title='bbox 845 652 900 681; x_wconf 89' lang='lat' dir='ltr'>est</span> <span class='ocrx_word' id='word_1_61' title='bbox 921 653 1078 694; x_wconf 85' lang='lat' dir='ltr'>propter</span> 
     </span>
     <span class='ocr_line' id='line_1_11' title="bbox 84 703 1077 753; baseline -0.002 -12"><span class='ocrx_word' id='word_1_62' title='bbox 84 705 293 752; x_wconf 85' lang='lat' dir='ltr'>Christum,</span> <span class='ocrx_word' id='word_1_63' title='bbox 319 704 384 741; x_wconf 87' lang='lat' dir='ltr'>scd</span> <span class='ocrx_word' id='word_1_64' title='bbox 411 718 478 741; x_wconf 90' lang='lat' dir='ltr'>cor</span> <span class='ocrx_word' id='word_1_65' title='bbox 504 705 620 753; x_wconf 76' lang='lat' dir='ltr'>magis</span> <span class='ocrx_word' id='word_1_66' title='bbox 651 705 690 741; x_wconf 93' lang='lat' dir='ltr'>in</span> <span class='ocrx_word' id='word_1_67' title='bbox 717 704 863 742; x_wconf 85' lang='lat' dir='ltr'>Christo</span> <span class='ocrx_word' id='word_1_68' title='bbox 887 717 894 739; x_wconf 92' lang='lat'><strong>:</strong></span> <span class='ocrx_word' id='word_1_69' title='bbox 921 703 1006 740; x_wconf 84' lang='lat' dir='ltr'>ideo</span> <span class='ocrx_word' id='word_1_70' title='bbox 1030 703 1077 739; x_wconf 90' lang='lat' dir='ltr'>de</span> 
     </span>
     <span class='ocr_line' id='line_1_12' title="bbox 83 762 1077 800; baseline -0.002 0"><span class='ocrx_word' id='word_1_71' title='bbox 83 764 263 800; x_wconf 88' lang='lat' dir='ltr'>craticula</span> <span class='ocrx_word' id='word_1_72' title='bbox 287 771 443 799; x_wconf 87' lang='lat' dir='ltr'>vocatur</span> <span class='ocrx_word' id='word_1_73' title='bbox 462 763 509 799; x_wconf 90' lang='lat' dir='ltr'>ad</span> <span class='ocrx_word' id='word_1_74' title='bbox 532 763 697 799; x_wconf 89' lang='lat' dir='ltr'>hortum.</span> <span class='ocrx_word' id='word_1_75' title='bbox 720 767 767 799; x_wconf 79' lang='lat' dir='ltr'>Et</span> <span class='ocrx_word' id='word_1_76' title='bbox 792 762 881 799; x_wconf 92' lang='lat' dir='ltr'>dum</span> <span class='ocrx_word' id='word_1_77' title='bbox 903 762 940 798; x_wconf 90' lang='lat' dir='ltr'>in</span> <span class='ocrx_word' id='word_1_78' title='bbox 966 762 1077 799; x_wconf 91' lang='lat' dir='ltr'>erati-</span> 
     </span>
     <span class='ocr_line' id='line_1_13' title="bbox 83 821 1076 868; baseline 0 -10"><span class='ocrx_word' id='word_1_79' title='bbox 83 823 166 858; x_wconf 86' lang='lat' dir='ltr'>cula</span> <span class='ocrx_word' id='word_1_80' title='bbox 185 830 281 868; x_wconf 89' lang='lat' dir='ltr'>erat,</span> <span class='ocrx_word' id='word_1_81' title='bbox 299 821 346 858; x_wconf 89' lang='lat' dir='ltr'>ab</span> <span class='ocrx_word' id='word_1_82' title='bbox 364 822 475 858; x_wconf 87' lang='lat' dir='ltr'>horto</span> <span class='ocrx_word' id='word_1_83' title='bbox 495 835 572 858; x_wconf 92' lang='lat' dir='ltr'>non</span> <span class='ocrx_word' id='word_1_84' title='bbox 593 821 733 858; x_wconf 86' lang='lat' dir='ltr'>aberat.</span> <span class='ocrx_word' id='word_1_85' title='bbox 750 826 858 858; x_wconf 89' lang='lat' dir='ltr'>Nunc</span> <span class='ocrx_word' id='word_1_86' title='bbox 879 830 1020 858; x_wconf 86' lang='lat' dir='ltr'>tantum</span> <span class='ocrx_word' id='word_1_87' title='bbox 1038 822 1076 858; x_wconf 92' lang='lat' dir='ltr'>in</span> 
     </span>
     <span class='ocr_line' id='line_1_14' title="bbox 82 880 1078 929; baseline -0.001 -11"><span class='ocrx_word' id='word_1_88' title='bbox 82 881 214 927; x_wconf 86' lang='lat' dir='ltr'>horto,</span> <span class='ocrx_word' id='word_1_89' title='bbox 235 893 312 917; x_wconf 91' lang='lat' dir='ltr'>non</span> <span class='ocrx_word' id='word_1_90' title='bbox 334 889 458 917; x_wconf 90' lang='lat' dir='ltr'>tamen</span> <span class='ocrx_word' id='word_1_91' title='bbox 479 889 580 917; x_wconf 86' lang='lat' dir='ltr'>totus</span> <span class='ocrx_word' id='word_1_92' title='bbox 600 881 638 917; x_wconf 90' lang='lat' dir='ltr'>in</span> <span class='ocrx_word' id='word_1_93' title='bbox 658 893 715 917; x_wconf 90' lang='lat' dir='ltr'>eo.</span> <span class='ocrx_word' id='word_1_94' title='bbox 736 884 832 918; x_wconf 89' lang='lat' dir='ltr'>Caro</span> <span class='ocrx_word' id='word_1_95' title='bbox 853 880 934 929; x_wconf 82' lang='lat' dir='ltr'>ejus</span> <span class='ocrx_word' id='word_1_96' title='bbox 954 881 1078 918; x_wconf 88' lang='lat' dir='ltr'>adhuc</span> 
     </span>
     <span class='ocr_line' id='line_1_15' title="bbox 82 939 1074 989; baseline 0.001 -13"><span class='ocrx_word' id='word_1_97' title='bbox 82 939 119 976; x_wconf 90' lang='lat' dir='ltr'>in</span> <span class='ocrx_word' id='word_1_98' title='bbox 141 939 385 989; x_wconf 79' lang='lat' dir='ltr'>corruptione</span> <span class='ocrx_word' id='word_1_99' title='bbox 411 947 575 985; x_wconf 91' lang='lat' dir='ltr'>tenetur,</span> <span class='ocrx_word' id='word_1_100' title='bbox 598 939 768 976; x_wconf 89' lang='lat' dir='ltr'>nondum</span> <span class='ocrx_word' id='word_1_101' title='bbox 791 940 989 977; x_wconf 86' lang='lat' dir='ltr'>rcssoruit:</span> <span class='ocrx_word' id='word_1_102' title='bbox 1011 954 1074 977; x_wconf 89' lang='lat' dir='ltr'>rc-</span> 
     </span>
     <span class='ocr_line' id='line_1_16' title="bbox 83 998 1076 1049; baseline 0.003 -15"><span class='ocrx_word' id='word_1_103' title='bbox 83 998 234 1036; x_wconf 83' lang='lat' dir='ltr'>ssorebit</span> <span class='ocrx_word' id='word_1_104' title='bbox 264 1007 390 1035; x_wconf 87' lang='lat' dir='ltr'>autem</span> <span class='ocrx_word' id='word_1_105' title='bbox 425 1012 509 1035; x_wconf 86' lang='lat' dir='ltr'>cum</span> <span class='ocrx_word' id='word_1_106' title='bbox 546 999 659 1035; x_wconf 85' lang='lat' dir='ltr'>fucrit</span> <span class='ocrx_word' id='word_1_107' title='bbox 685 1012 824 1049; x_wconf 90' lang='lat' dir='ltr'>corpus</span> <span class='ocrx_word' id='word_1_108' title='bbox 857 1000 1076 1037; x_wconf 86' lang='lat' dir='ltr'>humilitatis</span> 
     </span>
    </p>
   </div>
   <div class='ocr_carea' id='block_1_6' title="bbox 1140 407 2141 1052">
    <p class='ocr_par' dir='ltr' id='par_1_6' title="bbox 1141 407 2141 693">
     <span class='ocr_line' id='line_1_17' title="bbox 1142 407 2139 454; baseline 0.006 -11"><span class='ocrx_word' id='word_1_109' title='bbox 1142 407 1316 454; x_wconf 86' lang='lat' dir='ltr'>satiatur,</span> <span class='ocrx_word' id='word_1_110' title='bbox 1348 421 1415 444; x_wconf 86' lang='lat' dir='ltr'>nce</span> <span class='ocrx_word' id='word_1_111' title='bbox 1444 409 1631 446; x_wconf 80' lang='lat' dir='ltr'>fastidium</span> <span class='ocrx_word' id='word_1_112' title='bbox 1665 411 1849 447; x_wconf 75' lang='lat' dir='ltr'>excitatur</span> <span class='ocrx_word' id='word_1_113' title='bbox 1883 412 2139 450; x_wconf 84' lang='lat' dir='ltr'>aemulatione.</span> 
     </span>
     <span class='ocr_line' id='line_1_18' title="bbox 1143 458 2137 517; baseline 0.006 -14"><span class='ocrx_word' id='word_1_114' title='bbox 1143 458 1385 516; x_wconf 74' lang='lat' dir='ltr'>Comparatio</span> <span class='ocrx_word' id='word_1_115' title='bbox 1418 467 1611 515; x_wconf 83' lang='lat' dir='ltr'>humiliat3</span> <span class='ocrx_word' id='word_1_116' title='bbox 1645 469 1803 506; x_wconf 86' lang='lat' dir='ltr'>imitatio</span> <span class='ocrx_word' id='word_1_117' title='bbox 1834 479 2008 517; x_wconf 78' lang='lat' dir='ltr'>exercet3</span> <span class='ocrx_word' id='word_1_118' title='bbox 2043 485 2137 509; x_wconf 89' lang='lat' dir='ltr'>con·-</span> 
     </span>
     <span class='ocr_line' id='line_1_19' title="bbox 1142 525 2140 581; baseline 0.007 -20"><span class='ocrx_word' id='word_1_119' title='bbox 1142 525 1321 562; x_wconf 89' lang='lat' dir='ltr'>sideratio</span> <span class='ocrx_word' id='word_1_120' title='bbox 1342 526 1516 563; x_wconf 87' lang='lat' dir='ltr'>delectat.</span> <span class='ocrx_word' id='word_1_121' title='bbox 1542 528 1667 564; x_wconf 88' lang='lat' dir='ltr'>Prima</span> <span class='ocrx_word' id='word_1_122' title='bbox 1688 530 1846 577; x_wconf 74' lang='lat' dir='ltr'>premit,</span> <span class='ocrx_word' id='word_1_123' title='bbox 1868 530 2033 567; x_wconf 86' lang='lat' dir='ltr'>secunda</span> <span class='ocrx_word' id='word_1_124' title='bbox 2053 545 2140 581; x_wconf 86' lang='lat' dir='ltr'>pro-</span> 
     </span>
     <span class='ocr_line' id='line_1_20' title="bbox 1141 586 2141 640; baseline 0.008 -20"><span class='ocrx_word' id='word_1_125' title='bbox 1141 593 1271 630; x_wconf 76' lang='lat' dir='ltr'>vocat3</span> <span class='ocrx_word' id='word_1_126' title='bbox 1294 586 1401 621; x_wconf 86' lang='lat' dir='ltr'>tertia</span> <span class='ocrx_word' id='word_1_127' title='bbox 1423 586 1553 634; x_wconf 89' lang='lat' dir='ltr'>pascit.</span> <span class='ocrx_word' id='word_1_128' title='bbox 1573 588 1713 624; x_wconf 86' lang='lat' dir='ltr'>Premit</span> <span class='ocrx_word' id='word_1_129' title='bbox 1731 590 1980 637; x_wconf 74' lang='lat' dir='ltr'>immensitas,</span> <span class='ocrx_word' id='word_1_130' title='bbox 1995 604 2141 640; x_wconf 82' lang='lat' dir='ltr'>provo-</span> 
     </span>
     <span class='ocr_line' id='line_1_21' title="bbox 1143 644 1751 693; baseline 0.007 -14"><span class='ocrx_word' id='word_1_131' title='bbox 1143 652 1202 679; x_wconf 84' lang='lat' dir='ltr'>cat</span> <span class='ocrx_word' id='word_1_132' title='bbox 1227 644 1427 690; x_wconf 73' lang='lat' dir='ltr'>honestas,</span> <span class='ocrx_word' id='word_1_133' title='bbox 1457 644 1575 693; x_wconf 84' lang='lat' dir='ltr'>pascit</span> <span class='ocrx_word' id='word_1_134' title='bbox 1602 646 1751 683; x_wconf 77' lang='lat' dir='ltr'>veritas.</span> 
     </span>
    </p>

    <p class='ocr_par' dir='ltr' id='par_1_7' title="bbox 1140 703 2141 1052">
     <span class='ocr_line' id='line_1_22' title="bbox 1195 703 2141 759; baseline 0.01 -21"><span class='ocrx_word' id='word_1_135' title='bbox 1195 704 1230 739; x_wconf 86' lang='lat'>8.</span> <span class='ocrx_word' id='word_1_136' title='bbox 1262 703 1436 752; x_wconf 87' lang='lat' dir='ltr'>Denique</span> <span class='ocrx_word' id='word_1_137' title='bbox 1470 705 1585 752; x_wconf 89' lang='lat' dir='ltr'>paulo</span> <span class='ocrx_word' id='word_1_138' title='bbox 1614 714 1700 753; x_wconf 89' lang='lat' dir='ltr'>post</span> <span class='ocrx_word' id='word_1_139' title='bbox 1734 707 1814 755; x_wconf 90' lang='lat' dir='ltr'>ipse</span> <span class='ocrx_word' id='word_1_140' title='bbox 1850 707 2030 755; x_wconf 87' lang='lat' dir='ltr'>dilectus,</span> <span class='ocrx_word' id='word_1_141' title='bbox 2061 710 2141 759; x_wconf 90' lang='lat' dir='ltr'>ipse</span> 
     </span>
     <span class='ocr_line' id='line_1_23' title="bbox 1141 762 2141 814; baseline 0.007 -16"><span class='ocrx_word' id='word_1_142' title='bbox 1141 774 1303 812; x_wconf 88' lang='lat' dir='ltr'>sponsus</span> <span class='ocrx_word' id='word_1_143' title='bbox 1328 762 1469 798; x_wconf 89' lang='lat' dir='ltr'>amicos</span> <span class='ocrx_word' id='word_1_144' title='bbox 1497 771 1534 798; x_wconf 87' lang='lat' dir='ltr'>et</span> <span class='ocrx_word' id='word_1_145' title='bbox 1561 762 1797 800; x_wconf 88' lang='lat' dir='ltr'>charissimos</span> <span class='ocrx_word' id='word_1_146' title='bbox 1824 765 1894 802; x_wconf 83' lang='lat' dir='ltr'>sibi</span> <span class='ocrx_word' id='word_1_147' title='bbox 1921 768 2078 814; x_wconf 86' lang='lat' dir='ltr'>invitat,</span> <span class='ocrx_word' id='word_1_148' title='bbox 2101 778 2141 805; x_wconf 92' lang='lat' dir='ltr'>ut</span> 
     </span>
     <span class='ocr_line' id='line_1_24' title="bbox 1142 820 2138 876; baseline 0.007 -20"><span class='ocrx_word' id='word_1_149' title='bbox 1142 821 1344 857; x_wconf 86' lang='lat' dir='ltr'>comedant</span> <span class='ocrx_word' id='word_1_150' title='bbox 1370 829 1407 857; x_wconf 91' lang='lat' dir='ltr'>et</span> <span class='ocrx_word' id='word_1_151' title='bbox 1438 820 1589 867; x_wconf 86' lang='lat' dir='ltr'>bibant,</span> <span class='ocrx_word' id='word_1_152' title='bbox 1614 830 1651 858; x_wconf 91' lang='lat' dir='ltr'>ct</span> <span class='ocrx_word' id='word_1_153' title='bbox 1677 823 1915 861; x_wconf 85' lang='lat' dir='ltr'>inebrientur</span> <span class='ocrx_word' id='word_1_154' title='bbox 1945 840 1952 861; x_wconf 91' lang='lat'><strong>:</strong></span> <span class='ocrx_word' id='word_1_155' title='bbox 1984 840 2138 876; x_wconf 87' lang='lat' dir='ltr'>quoque</span> 
     </span>
     <span class='ocr_line' id='line_1_25' title="bbox 1143 879 2137 934; baseline 0.008 -19"><span class='ocrx_word' id='word_1_156' title='bbox 1143 879 1266 929; x_wconf 87' lang='lat' dir='ltr'>major</span> <span class='ocrx_word' id='word_1_157' title='bbox 1300 880 1372 916; x_wconf 92' lang='lat' dir='ltr'>illis</span> <span class='ocrx_word' id='word_1_158' title='bbox 1398 880 1615 917; x_wconf 88' lang='lat' dir='ltr'>innascatur</span> <span class='ocrx_word' id='word_1_159' title='bbox 1648 882 1828 928; x_wconf 82' lang='lat' dir='ltr'>aviditas,</span> <span class='ocrx_word' id='word_1_160' title='bbox 1857 883 1902 920; x_wconf 87' lang='lat' dir='ltr'>de</span> <span class='ocrx_word' id='word_1_161' title='bbox 1932 897 2002 920; x_wconf 89' lang='lat' dir='ltr'>suo</span> <span class='ocrx_word' id='word_1_162' title='bbox 2032 887 2137 934; x_wconf 87' lang='lat' dir='ltr'>prius</span> 
     </span>
     <span class='ocr_line' id='line_1_26' title="bbox 1140 939 2138 990; baseline 0.005 -14"><span class='ocrx_word' id='word_1_163' title='bbox 1140 939 1333 976; x_wconf 87' lang='lat' dir='ltr'>blanditur</span> <span class='ocrx_word' id='word_1_164' title='bbox 1354 948 1391 976; x_wconf 88' lang='lat' dir='ltr'>ct</span> <span class='ocrx_word' id='word_1_165' title='bbox 1416 940 1598 990; x_wconf 87' lang='lat' dir='ltr'>proponit</span> <span class='ocrx_word' id='word_1_166' title='bbox 1620 941 1807 977; x_wconf 72' lang='lat' dir='ltr'>convivio.</span> <span class='ocrx_word' id='word_1_167' title='bbox 1842 943 1994 978; x_wconf 77' lang='lat' dir='ltr'>Cometlc&#39;</span> <span class='ocrx_word' id='word_1_168' title='bbox 2005 942 2138 990; x_wconf 77' lang='lat' dir='ltr'>savum</span> 
     </span>
     <span class='ocr_line' id='line_1_27' title="bbox 1141 1001 2139 1052; baseline 0.006 -18"><span class='ocrx_word' id='word_1_169' title='bbox 1141 1013 1221 1036; x_wconf 79' lang='lat' dir='ltr'>cnm</span> <span class='ocrx_word' id='word_1_170' title='bbox 1248 1002 1356 1035; x_wconf 77' lang='lat' dir='ltr'>melle</span> <span class='ocrx_word' id='word_1_171' title='bbox 1379 1012 1471 1035; x_wconf 75' lang='lat' dir='ltr'>meo,</span> <span class='ocrx_word' id='word_1_172' title='bbox 1498 1002 1639 1045; x_wconf 89' lang='lat' dir='ltr'>Tuum,</span> <span class='ocrx_word' id='word_1_173' title='bbox 1665 1004 1755 1037; x_wconf 90' lang='lat' dir='ltr'>Jcsu</span> <span class='ocrx_word' id='word_1_174' title='bbox 1784 1001 1904 1048; x_wconf 87' lang='lat' dir='ltr'>hone,</span> <span class='ocrx_word' id='word_1_175' title='bbox 1935 1010 2139 1052; x_wconf 87' lang='lat' dir='ltr'>utrumque</span> 
     </span>
    </p>
   </div>
   <div class='ocr_carea' id='block_1_7' title="bbox 83 1058 2139 1109">
    <p class='ocr_par' dir='ltr' id='par_1_8' title="bbox 83 1058 2139 1109">
     <span class='ocr_line' id='line_1_28' title="bbox 83 1058 2139 1109; baseline 0.002 -15"><span class='ocrx_word' id='word_1_176' title='bbox 83 1067 220 1095; x_wconf 84' lang='lat' dir='ltr'>nostrae</span> <span class='ocrx_word' id='word_1_177' title='bbox 245 1059 440 1095; x_wconf 83' lang='lat' dir='ltr'>conforme</span> <span class='ocrx_word' id='word_1_178' title='bbox 465 1058 617 1108; x_wconf 85' lang='lat' dir='ltr'>corpori</span> <span class='ocrx_word' id='word_1_179' title='bbox 637 1058 815 1095; x_wconf 87' lang='lat' dir='ltr'>claritatis</span> <span class='ocrx_word' id='word_1_180' title='bbox 841 1063 941 1096; x_wconf 86' lang='lat' dir='ltr'>Jesu.</span> <span class='ocrx_word' id='word_1_181' title='bbox 971 1063 1076 1096; x_wconf 90' lang='lat' dir='ltr'>Tunc</span> <span class='ocrx_word' id='word_1_182' title='bbox 1093 1060 1120 1094; x_wconf 90' lang='lat' dir='ltr'>B</span> <span class='ocrx_word' id='word_1_183' title='bbox 1141 1066 1216 1104; x_wconf 88' lang='lat' dir='ltr'>est,</span> <span class='ocrx_word' id='word_1_184' title='bbox 1234 1066 1270 1094; x_wconf 88' lang='lat' dir='ltr'>et</span> <span class='ocrx_word' id='word_1_185' title='bbox 1292 1058 1385 1094; x_wconf 88' lang='lat' dir='ltr'>illud</span> <span class='ocrx_word' id='word_1_186' title='bbox 1408 1058 1480 1094; x_wconf 87' lang='lat' dir='ltr'>mel</span> <span class='ocrx_word' id='word_1_187' title='bbox 1498 1058 1600 1106; x_wconf 88' lang='lat' dir='ltr'>quod</span> <span class='ocrx_word' id='word_1_188' title='bbox 1619 1058 1700 1105; x_wconf 89' lang='lat' dir='ltr'>das,</span> <span class='ocrx_word' id='word_1_189' title='bbox 1719 1068 1756 1095; x_wconf 87' lang='lat' dir='ltr'>et</span> <span class='ocrx_word' id='word_1_190' title='bbox 1772 1059 1866 1096; x_wconf 88' lang='lat' dir='ltr'>illud</span> <span class='ocrx_word' id='word_1_191' title='bbox 1882 1061 1986 1109; x_wconf 88' lang='lat' dir='ltr'>quod</span> <span class='ocrx_word' id='word_1_192' title='bbox 2002 1074 2050 1098; x_wconf 90' lang='lat' dir='ltr'>cs.</span> <span class='ocrx_word' id='word_1_193' title='bbox 2067 1063 2139 1099; x_wconf 87' lang='lat' dir='ltr'>Sed</span> 
     </span>
    </p>
   </div>
   <div class='ocr_carea' id='block_1_8' title="bbox 80 1117 1080 1817">
    <p class='ocr_par' dir='ltr' id='par_1_9' title="bbox 80 1117 1080 1817">
     <span class='ocr_line' id='line_1_29' title="bbox 83 1117 1080 1168; baseline 0.002 -15"><span class='ocrx_word' id='word_1_194' title='bbox 83 1125 198 1154; x_wconf 91' lang='lat' dir='ltr'>metet</span> <span class='ocrx_word' id='word_1_195' title='bbox 216 1117 507 1154; x_wconf 83' lang='lat' dir='ltr'>immortalitatis</span> <span class='ocrx_word' id='word_1_196' title='bbox 524 1117 715 1166; x_wconf 88' lang='lat' dir='ltr'>myrrham</span> <span class='ocrx_word' id='word_1_197' title='bbox 729 1146 738 1164; x_wconf 89' lang='lat'>‚</span> <span class='ocrx_word' id='word_1_198' title='bbox 756 1131 868 1167; x_wconf 91' lang='lat' dir='ltr'>quam</span> <span class='ocrx_word' id='word_1_199' title='bbox 890 1118 970 1167; x_wconf 85' lang='lat' dir='ltr'>ipse</span> <span class='ocrx_word' id='word_1_200' title='bbox 985 1131 1080 1168; x_wconf 74' lang='lat' dir='ltr'>prcc-</span> 
     </span>
     <span class='ocr_line' id='line_1_30' title="bbox 83 1176 1079 1225; baseline 0.002 -13"><span class='ocrx_word' id='word_1_201' title='bbox 83 1176 260 1222; x_wconf 90' lang='lat' dir='ltr'>messuit,</span> <span class='ocrx_word' id='word_1_202' title='bbox 282 1185 319 1213; x_wconf 91' lang='lat' dir='ltr'>ct</span> <span class='ocrx_word' id='word_1_203' title='bbox 348 1185 515 1213; x_wconf 88' lang='lat' dir='ltr'>aromata</span> <span class='ocrx_word' id='word_1_204' title='bbox 543 1176 779 1212; x_wconf 82' lang='lat' dir='ltr'>multimodae</span> <span class='ocrx_word' id='word_1_205' title='bbox 805 1177 946 1225; x_wconf 84' lang='lat' dir='ltr'>gloriae.</span> <span class='ocrx_word' id='word_1_206' title='bbox 974 1181 1079 1214; x_wconf 90' lang='lat' dir='ltr'>Tunc</span> 
     </span>
     <span class='ocr_line' id='line_1_31' title="bbox 83 1235 1074 1282; baseline 0.001 -10"><span class='ocrx_word' id='word_1_207' title='bbox 83 1248 169 1272; x_wconf 89' lang='lat' dir='ltr'>vere</span> <span class='ocrx_word' id='word_1_208' title='bbox 191 1235 364 1273; x_wconf 86' lang='lat' dir='ltr'>invitabit</span> <span class='ocrx_word' id='word_1_209' title='bbox 382 1244 419 1272; x_wconf 88' lang='lat' dir='ltr'>et</span> <span class='ocrx_word' id='word_1_210' title='bbox 443 1235 542 1272; x_wconf 87' lang='lat' dir='ltr'>dicct</span> <span class='ocrx_word' id='word_1_211' title='bbox 563 1250 571 1272; x_wconf 71' lang='grc' dir='ltr'>ε</span> <span class='ocrx_word' id='word_1_212' title='bbox 595 1237 690 1272; x_wconf 75' lang='lat' dir='ltr'>Veni</span> <span class='ocrx_word' id='word_1_213' title='bbox 711 1240 747 1272; x_wconf 71' lang='grc' dir='ltr'>[η</span> <span class='ocrx_word' id='word_1_214' title='bbox 765 1237 908 1273; x_wconf 79' lang='lat' dir='ltr'>hortum</span> <span class='ocrx_word' id='word_1_215' title='bbox 932 1250 1074 1282; x_wconf 79' lang='lat' dir='ltr'>meum,</span> 
     </span>
     <span class='ocr_line' id='line_1_32' title="bbox 81 1295 1077 1345; baseline 0.002 -14"><span class='ocrx_word' id='word_1_216' title='bbox 81 1309 184 1331; x_wconf 82' lang='lat' dir='ltr'>soror</span> <span class='ocrx_word' id='word_1_217' title='bbox 203 1309 287 1332; x_wconf 82' lang='lat' dir='ltr'>mea</span> <span class='ocrx_word' id='word_1_218' title='bbox 309 1309 459 1344; x_wconf 76' lang='lat' dir='ltr'>sponsa.</span> <span class='ocrx_word' id='word_1_219' title='bbox 486 1299 591 1332; x_wconf 90' lang='lat' dir='ltr'>Tunc</span> <span class='ocrx_word' id='word_1_220' title='bbox 614 1295 838 1345; x_wconf 80' lang='lat' dir='ltr'>gloriabitur</span> <span class='ocrx_word' id='word_1_221' title='bbox 860 1297 971 1345; x_wconf 86' lang='lat' dir='ltr'>plene</span> <span class='ocrx_word' id='word_1_222' title='bbox 992 1310 1077 1333; x_wconf 88' lang='lat' dir='ltr'>cum</span> 
     </span>
     <span class='ocr_line' id='line_1_33' title="bbox 80 1355 1077 1404; baseline 0 -12"><span class='ocrx_word' id='word_1_223' title='bbox 80 1355 313 1392; x_wconf 85' lang='lat' dir='ltr'>aromatibus</span> <span class='ocrx_word' id='word_1_224' title='bbox 340 1355 417 1392; x_wconf 92' lang='lat' dir='ltr'>suis</span> <span class='ocrx_word' id='word_1_225' title='bbox 445 1368 484 1391; x_wconf 91' lang='lat' dir='ltr'>se</span> <span class='ocrx_word' id='word_1_226' title='bbox 517 1355 708 1404; x_wconf 89' lang='lat' dir='ltr'>myrrham</span> <span class='ocrx_word' id='word_1_227' title='bbox 740 1355 947 1392; x_wconf 87' lang='lat' dir='ltr'>messuisse.</span> <span class='ocrx_word' id='word_1_228' title='bbox 972 1359 1077 1393; x_wconf 91' lang='lat' dir='ltr'>Tunc</span> 
     </span>
     <span class='ocr_line' id='line_1_34' title="bbox 80 1415 1075 1466; baseline 0 -14"><span class='ocrx_word' id='word_1_229' title='bbox 80 1415 179 1452; x_wconf 90' lang='lat' dir='ltr'>enim</span> <span class='ocrx_word' id='word_1_230' title='bbox 199 1424 238 1452; x_wconf 87' lang='lat' dir='ltr'>et</span> <span class='ocrx_word' id='word_1_231' title='bbox 257 1415 440 1466; x_wconf 87' lang='lat' dir='ltr'>passionis</span> <span class='ocrx_word' id='word_1_232' title='bbox 464 1428 540 1452; x_wconf 85' lang='lat' dir='ltr'>suae</span> <span class='ocrx_word' id='word_1_233' title='bbox 564 1423 600 1451; x_wconf 86' lang='lat' dir='ltr'>et</span> <span class='ocrx_word' id='word_1_234' title='bbox 625 1428 800 1464; x_wconf 86' lang='lat' dir='ltr'>precum,</span> <span class='ocrx_word' id='word_1_235' title='bbox 817 1427 902 1463; x_wconf 78' lang='lat' dir='ltr'>quae</span> <span class='ocrx_word' id='word_1_236' title='bbox 925 1415 962 1450; x_wconf 92' lang='lat' dir='ltr'>in</span> <span class='ocrx_word' id='word_1_237' title='bbox 986 1428 1075 1452; x_wconf 90' lang='lat' dir='ltr'>aro—</span> 
     </span>
     <span class='ocr_line' id='line_1_35' title="bbox 82 1474 1079 1524; baseline -0.001 -12"><span class='ocrx_word' id='word_1_238' title='bbox 82 1474 243 1512; x_wconf 87' lang='lat' dir='ltr'>matibus</span> <span class='ocrx_word' id='word_1_239' title='bbox 255 1475 463 1524; x_wconf 80' lang='lat' dir='ltr'>signantur,</span> <span class='ocrx_word' id='word_1_240' title='bbox 479 1474 647 1523; x_wconf 87' lang='lat' dir='ltr'>potietur</span> <span class='ocrx_word' id='word_1_241' title='bbox 661 1475 812 1511; x_wconf 88' lang='lat' dir='ltr'>csscctu.</span> <span class='ocrx_word' id='word_1_242' title='bbox 829 1478 921 1511; x_wconf 92' lang='lat' dir='ltr'>Cum</span> <span class='ocrx_word' id='word_1_243' title='bbox 938 1475 1079 1511; x_wconf 83' lang='lat' dir='ltr'>clamo-</span> 
     </span>
     <span class='ocr_line' id='line_1_36' title="bbox 82 1533 1077 1583; baseline -0.001 -12"><span class='ocrx_word' id='word_1_244' title='bbox 82 1546 122 1571; x_wconf 83' lang='lat' dir='ltr'>re</span> <span class='ocrx_word' id='word_1_245' title='bbox 142 1534 325 1583; x_wconf 88' lang='lat' dir='ltr'>siquidem</span> <span class='ocrx_word' id='word_1_246' title='bbox 345 1533 471 1570; x_wconf 87' lang='lat' dir='ltr'>valido</span> <span class='ocrx_word' id='word_1_247' title='bbox 491 1542 528 1570; x_wconf 90' lang='lat' dir='ltr'>et</span> <span class='ocrx_word' id='word_1_248' title='bbox 548 1533 723 1582; x_wconf 85' lang='lat' dir='ltr'>lacrymis</span> <span class='ocrx_word' id='word_1_249' title='bbox 747 1545 876 1582; x_wconf 79' lang='lat' dir='ltr'>preces</span> <span class='ocrx_word' id='word_1_250' title='bbox 895 1534 1077 1581; x_wconf 77' lang='lat' dir='ltr'>offerens,</span> 
     </span>
     <span class='ocr_line' id='line_1_37' title="bbox 81 1591 1077 1641; baseline 0.001 -13"><span class='ocrx_word' id='word_1_251' title='bbox 81 1592 278 1628; x_wconf 82' lang='lat' dir='ltr'>exauditus</span> <span class='ocrx_word' id='word_1_252' title='bbox 291 1600 346 1628; x_wconf 93' lang='lat' dir='ltr'>est</span> <span class='ocrx_word' id='word_1_253' title='bbox 358 1605 428 1641; x_wconf 88' lang='lat' dir='ltr'>pro</span> <span class='ocrx_word' id='word_1_254' title='bbox 443 1605 510 1628; x_wconf 86' lang='lat' dir='ltr'>sua</span> <span class='ocrx_word' id='word_1_255' title='bbox 524 1591 755 1635; x_wconf 82' lang='lat' dir='ltr'>reverentia,</span> <span class='ocrx_word' id='word_1_256' title='bbox 770 1591 886 1628; x_wconf 84' lang='lat' dir='ltr'>sactus</span> <span class='ocrx_word' id='word_1_257' title='bbox 900 1591 1077 1629; x_wconf 90' lang='lat' dir='ltr'>omnibus</span> 
     </span>
     <span class='ocr_line' id='line_1_38' title="bbox 80 1649 1076 1700; baseline 0.002 -16"><span class='ocrx_word' id='word_1_258' title='bbox 80 1649 430 1700; x_wconf 85' lang='lat' dir='ltr'>obtemperantibus</span> <span class='ocrx_word' id='word_1_259' title='bbox 443 1650 513 1687; x_wconf 86' lang='lat' dir='ltr'>sihi</span> <span class='ocrx_word' id='word_1_260' title='bbox 528 1663 636 1687; x_wconf 87' lang='lat' dir='ltr'>eausa</span> <span class='ocrx_word' id='word_1_261' title='bbox 653 1650 782 1686; x_wconf 86' lang='lat' dir='ltr'>salutis</span> <span class='ocrx_word' id='word_1_262' title='bbox 794 1658 944 1686; x_wconf 79' lang='lat' dir='ltr'>aetcrnae</span> <span class='ocrx_word' id='word_1_263' title='bbox 960 1657 982 1686; x_wconf 91' lang='lat'>¹.</span> <span class='ocrx_word' id='word_1_264' title='bbox 1003 1653 1076 1686; x_wconf 84' lang='lat' dir='ltr'>Vo-</span> 
     </span>
     <span class='ocr_line' id='line_1_39' title="bbox 83 1709 1078 1759; baseline 0.001 -15"><span class='ocrx_word' id='word_1_265' title='bbox 83 1712 137 1754; x_wconf 84' lang='lat' dir='ltr'>lo,</span> <span class='ocrx_word' id='word_1_266' title='bbox 159 1709 299 1759; x_wconf 87' lang='lat' dir='ltr'>inquit,</span> <span class='ocrx_word' id='word_1_267' title='bbox 320 1719 359 1746; x_wconf 81' lang='lat' dir='ltr'>ut</span> <span class='ocrx_word' id='word_1_268' title='bbox 377 1709 438 1745; x_wconf 77' lang='lat' dir='ltr'>ubi</span> <span class='ocrx_word' id='word_1_269' title='bbox 459 1723 525 1758; x_wconf 78' lang='lat' dir='ltr'>ego</span> <span class='ocrx_word' id='word_1_270' title='bbox 547 1723 648 1754; x_wconf 65' lang='lat' dir='ltr'>mun,</span> <span class='ocrx_word' id='word_1_271' title='bbox 671 1712 750 1745; x_wconf 78' lang='lat' dir='ltr'>illic</span> <span class='ocrx_word' id='word_1_272' title='bbox 774 1713 822 1745; x_wconf 79' lang='lat' dir='ltr'>sit</span> <span class='ocrx_word' id='word_1_273' title='bbox 845 1719 881 1745; x_wconf 81' lang='lat' dir='ltr'>ec</span> <span class='ocrx_word' id='word_1_274' title='bbox 907 1713 1078 1745; x_wconf 78' lang='lat' dir='ltr'>minister</span> 
     </span>
     <span class='ocr_line' id='line_1_40' title="bbox 81 1767 1073 1817; baseline -0.001 -13"><span class='ocrx_word' id='word_1_275' title='bbox 81 1782 183 1804; x_wconf 82' lang='lat' dir='ltr'>meus</span> <span class='ocrx_word' id='word_1_276' title='bbox 196 1775 221 1805; x_wconf 81' lang='lat'>².</span> <span class='ocrx_word' id='word_1_277' title='bbox 241 1768 337 1815; x_wconf 88' lang='lat' dir='ltr'>Ubi,</span> <span class='ocrx_word' id='word_1_278' title='bbox 359 1768 427 1805; x_wconf 93' lang='lat' dir='ltr'>nisi</span> <span class='ocrx_word' id='word_1_279' title='bbox 447 1769 485 1804; x_wconf 87' lang='lat' dir='ltr'>in</span> <span class='ocrx_word' id='word_1_280' title='bbox 502 1768 613 1804; x_wconf 87' lang='lat' dir='ltr'>horto</span> <span class='ocrx_word' id='word_1_281' title='bbox 635 1769 733 1804; x_wconf 79' lang='lat' dir='ltr'>suo?</span> <span class='ocrx_word' id='word_1_282' title='bbox 755 1768 836 1804; x_wconf 78' lang='lat' dir='ltr'>Erit</span> <span class='ocrx_word' id='word_1_283' title='bbox 860 1767 932 1804; x_wconf 89' lang='lat' dir='ltr'>hoc</span> <span class='ocrx_word' id='word_1_284' title='bbox 951 1768 990 1803; x_wconf 91' lang='lat' dir='ltr'>in</span> <span class='ocrx_word' id='word_1_285' title='bbox 1007 1781 1073 1817; x_wconf 77' lang='lat' dir='ltr'>ge-</span> 
     </span>
    </p>
   </div>
   <div class='ocr_carea' id='block_1_9' title="bbox 81 1826 1680 1875">
    <p class='ocr_par' dir='ltr' id='par_1_10' title="bbox 81 1826 1680 1875">
     <span class='ocr_line' id='line_1_41' title="bbox 81 1826 1680 1875; baseline 0.001 -11"><span class='ocrx_word' id='word_1_286' title='bbox 81 1829 217 1864; x_wconf 89' lang='lat' dir='ltr'>neralis</span> <span class='ocrx_word' id='word_1_287' title='bbox 232 1827 516 1865; x_wconf 85' lang='lat' dir='ltr'>resurrectionis</span> <span class='ocrx_word' id='word_1_288' title='bbox 535 1827 788 1875; x_wconf 85' lang='lat' dir='ltr'>completione</span> <span class='ocrx_word' id='word_1_289' title='bbox 805 1841 812 1863; x_wconf 92' lang='lat'><strong>:</strong></span> <span class='ocrx_word' id='word_1_290' title='bbox 828 1826 1071 1864; x_wconf 88' lang='lat' dir='ltr'>nihilominus</span> <span class='ocrx_word' id='word_1_291' title='bbox 1090 1826 1116 1862; x_wconf 93' lang='lat' dir='ltr'>C</span> <span class='ocrx_word' id='word_1_292' title='bbox 1138 1829 1177 1864; x_wconf 89' lang='lat' dir='ltr'>in</span> <span class='ocrx_word' id='word_1_293' title='bbox 1198 1829 1300 1873; x_wconf 75' lang='lat' dir='ltr'>fam,</span> <span class='ocrx_word' id='word_1_294' title='bbox 1320 1832 1423 1865; x_wconf 90' lang='lat' dir='ltr'>Deus</span> <span class='ocrx_word' id='word_1_295' title='bbox 1442 1828 1478 1863; x_wconf 90' lang='lat' dir='ltr'>in</span> <span class='ocrx_word' id='word_1_296' title='bbox 1496 1828 1649 1865; x_wconf 89' lang='lat' dir='ltr'>homine</span> <span class='ocrx_word' id='word_1_297' title='bbox 1673 1843 1680 1865; x_wconf 90' lang='lat'>:</span> 
     </span>
    </p>
   </div>
   <div class='ocr_carea' id='block_1_10' title="bbox 78 1885 1072 2586">
    <p class='ocr_par' dir='ltr' id='par_1_11' title="bbox 81 1885 932 1936">
     <span class='ocr_line' id='line_1_42' title="bbox 81 1885 932 1936; baseline -0.005 -12"><span class='ocrx_word' id='word_1_298' title='bbox 81 1895 202 1924; x_wconf 77' lang='lat' dir='ltr'>tamen</span> <span class='ocrx_word' id='word_1_299' title='bbox 222 1895 259 1923; x_wconf 92' lang='lat' dir='ltr'>et</span> <span class='ocrx_word' id='word_1_300' title='bbox 283 1886 396 1923; x_wconf 90' lang='lat' dir='ltr'>modo</span> <span class='ocrx_word' id='word_1_301' title='bbox 416 1888 456 1923; x_wconf 85' lang='lat' dir='ltr'>lit</span> <span class='ocrx_word' id='word_1_302' title='bbox 475 1899 542 1936; x_wconf 87' lang='lat' dir='ltr'>per</span> <span class='ocrx_word' id='word_1_303' title='bbox 561 1885 932 1934; x_wconf 86' lang='lat' dir='ltr'>contemplationem.</span> 
     </span>
    </p>

    <p class='ocr_par' dir='ltr' id='par_1_12' title="bbox 78 1944 1072 2586">
     <span class='ocr_line' id='line_1_43' title="bbox 133 1944 1070 1994; baseline -0.003 -11"><span class='ocrx_word' id='word_1_304' title='bbox 133 1947 170 1983; x_wconf 89' lang='lat'>7.</span> <span class='ocrx_word' id='word_1_305' title='bbox 201 1946 314 1994; x_wconf 88' lang='lat' dir='ltr'>Quasi</span> <span class='ocrx_word' id='word_1_306' title='bbox 338 1946 438 1982; x_wconf 87' lang='lat' dir='ltr'>enim</span> <span class='ocrx_word' id='word_1_307' title='bbox 464 1946 503 1981; x_wconf 90' lang='lat' dir='ltr'>in</span> <span class='ocrx_word' id='word_1_308' title='bbox 530 1945 682 1981; x_wconf 90' lang='lat' dir='ltr'>hortum</span> <span class='ocrx_word' id='word_1_309' title='bbox 706 1944 788 1993; x_wconf 79' lang='lat' dir='ltr'>ejus</span> <span class='ocrx_word' id='word_1_310' title='bbox 814 1944 1070 1993; x_wconf 80' lang='lat' dir='ltr'>ingredimur,</span> 
     </span>
     <span class='ocr_line' id='line_1_44' title="bbox 80 2003 1072 2053; baseline -0.003 -11"><span class='ocrx_word' id='word_1_311' title='bbox 80 2019 164 2042; x_wconf 85' lang='lat' dir='ltr'>cum</span> <span class='ocrx_word' id='word_1_312' title='bbox 199 2005 401 2042; x_wconf 78' lang='lat' dir='ltr'>affectuose</span> <span class='ocrx_word' id='word_1_313' title='bbox 437 2003 698 2053; x_wconf 76' lang='lat' dir='ltr'>condigneque</span> <span class='ocrx_word' id='word_1_314' title='bbox 736 2012 774 2040; x_wconf 83' lang='lat' dir='ltr'>et</span> <span class='ocrx_word' id='word_1_315' title='bbox 811 2004 1072 2040; x_wconf 76' lang='lat' dir='ltr'>desideranter</span> 
     </span>
     <span class='ocr_line' id='line_1_45' title="bbox 79 2063 1071 2114; baseline -0.001 -14"><span class='ocrx_word' id='word_1_316' title='bbox 79 2065 318 2114; x_wconf 82' lang='lat' dir='ltr'>speculamur</span> <span class='ocrx_word' id='word_1_317' title='bbox 345 2063 475 2113; x_wconf 87' lang='lat' dir='ltr'>quales</span> <span class='ocrx_word' id='word_1_318' title='bbox 493 2063 609 2099; x_wconf 82' lang='lat' dir='ltr'>futuri</span> <span class='ocrx_word' id='word_1_319' title='bbox 633 2076 761 2100; x_wconf 89' lang='lat' dir='ltr'>sumus</span> <span class='ocrx_word' id='word_1_320' title='bbox 780 2076 849 2112; x_wconf 82' lang='lat' dir='ltr'>per</span> <span class='ocrx_word' id='word_1_321' title='bbox 870 2063 1012 2112; x_wconf 86' lang='lat' dir='ltr'>ipsum,</span> <span class='ocrx_word' id='word_1_322' title='bbox 1034 2072 1071 2099; x_wconf 89' lang='lat' dir='ltr'>et</span> 
     </span>
     <span class='ocr_line' id='line_1_46' title="bbox 79 2122 1067 2174; baseline -0.001 -14"><span class='ocrx_word' id='word_1_323' title='bbox 79 2124 201 2174; x_wconf 87' lang='lat' dir='ltr'>qualis</span> <span class='ocrx_word' id='word_1_324' title='bbox 215 2123 293 2172; x_wconf 88' lang='lat' dir='ltr'>jam</span> <span class='ocrx_word' id='word_1_325' title='bbox 319 2136 516 2172; x_wconf 81' lang='lat' dir='ltr'>resurgens</span> <span class='ocrx_word' id='word_1_326' title='bbox 533 2123 651 2159; x_wconf 87' lang='lat' dir='ltr'>sactus</span> <span class='ocrx_word' id='word_1_327' title='bbox 671 2131 727 2159; x_wconf 88' lang='lat' dir='ltr'>est</span> <span class='ocrx_word' id='word_1_328' title='bbox 746 2123 825 2172; x_wconf 89' lang='lat' dir='ltr'>ipse</span> <span class='ocrx_word' id='word_1_329' title='bbox 843 2136 914 2171; x_wconf 88' lang='lat' dir='ltr'>pro</span> <span class='ocrx_word' id='word_1_330' title='bbox 936 2122 1045 2159; x_wconf 86' lang='lat' dir='ltr'>nobis</span> <span class='ocrx_word' id='word_1_331' title='bbox 1058 2150 1067 2167; x_wconf 95' lang='lat'>,</span> 
     </span>
     <span class='ocr_line' id='line_1_47' title="bbox 80 2181 1070 2231; baseline -0.004 -11"><span class='ocrx_word' id='word_1_332' title='bbox 80 2192 118 2220; x_wconf 90' lang='lat' dir='ltr'>ct</span> <span class='ocrx_word' id='word_1_333' title='bbox 142 2184 178 2220; x_wconf 90' lang='lat' dir='ltr'>in</span> <span class='ocrx_word' id='word_1_334' title='bbox 204 2183 418 2231; x_wconf 87' lang='lat' dir='ltr'>exemplum</span> <span class='ocrx_word' id='word_1_335' title='bbox 443 2181 563 2218; x_wconf 87' lang='lat' dir='ltr'>nobis.</span> <span class='ocrx_word' id='word_1_336' title='bbox 587 2181 686 2229; x_wconf 89' lang='lat' dir='ltr'>Quid</span> <span class='ocrx_word' id='word_1_337' title='bbox 707 2181 813 2226; x_wconf 80' lang='lat' dir='ltr'>dico,</span> <span class='ocrx_word' id='word_1_338' title='bbox 834 2183 1070 2230; x_wconf 75' lang='lat' dir='ltr'>Resurgcns?</span> 
     </span>
     <span class='ocr_line' id='line_1_48' title="bbox 78 2238 1067 2286; baseline -0.003 -9"><span class='ocrx_word' id='word_1_339' title='bbox 78 2249 116 2277; x_wconf 88' lang='lat' dir='ltr'>ct</span> <span class='ocrx_word' id='word_1_340' title='bbox 138 2249 224 2277; x_wconf 88' lang='lat' dir='ltr'>ante</span> <span class='ocrx_word' id='word_1_341' title='bbox 246 2239 559 2276; x_wconf 83' lang='lat' dir='ltr'>resurrectionem</span> <span class='ocrx_word' id='word_1_342' title='bbox 577 2239 700 2274; x_wconf 90' lang='lat' dir='ltr'>omnis</span> <span class='ocrx_word' id='word_1_343' title='bbox 718 2238 955 2275; x_wconf 88' lang='lat' dir='ltr'>conversatio</span> <span class='ocrx_word' id='word_1_344' title='bbox 972 2238 1067 2286; x_wconf 87' lang='lat' dir='ltr'>ejus,</span> 
     </span>
     <span class='ocr_line' id='line_1_49' title="bbox 79 2297 1069 2349; baseline -0.004 -12"><span class='ocrx_word' id='word_1_345' title='bbox 79 2301 179 2337; x_wconf 89' lang='lat' dir='ltr'>horti</span> <span class='ocrx_word' id='word_1_346' title='bbox 213 2298 456 2349; x_wconf 79' lang='lat' dir='ltr'>pulcherrimi</span> <span class='ocrx_word' id='word_1_347' title='bbox 486 2298 642 2348; x_wconf 88' lang='lat' dir='ltr'>gratiam</span> <span class='ocrx_word' id='word_1_348' title='bbox 674 2297 845 2347; x_wconf 80' lang='lat' dir='ltr'>p1·aesert;</span> <span class='ocrx_word' id='word_1_349' title='bbox 872 2297 937 2333; x_wconf 86' lang='lat' dir='ltr'>sed</span> <span class='ocrx_word' id='word_1_350' title='bbox 965 2297 1069 2346; x_wconf 88' lang='lat' dir='ltr'>quod</span> 
     </span>
     <span class='ocr_line' id='line_1_50' title="bbox 78 2356 1070 2408; baseline -0.004 -12"><span class='ocrx_word' id='word_1_351' title='bbox 78 2367 164 2396; x_wconf 87' lang='lat' dir='ltr'>ante</span> <span class='ocrx_word' id='word_1_352' title='bbox 182 2358 380 2408; x_wconf 88' lang='lat' dir='ltr'>plantavit,</span> <span class='ocrx_word' id='word_1_353' title='bbox 397 2365 526 2407; x_wconf 88' lang='lat' dir='ltr'>postca</span> <span class='ocrx_word' id='word_1_354' title='bbox 544 2357 710 2393; x_wconf 87' lang='lat' dir='ltr'>messuit.</span> <span class='ocrx_word' id='word_1_355' title='bbox 729 2360 771 2393; x_wconf 92' lang='lat' dir='ltr'>In</span> <span class='ocrx_word' id='word_1_356' title='bbox 794 2356 1070 2393; x_wconf 88' lang='lat' dir='ltr'>resurrectione</span> 
     </span>
     <span class='ocr_line' id='line_1_51' title="bbox 78 2415 1070 2465; baseline -0.004 -10"><span class='ocrx_word' id='word_1_357' title='bbox 78 2427 117 2455; x_wconf 90' lang='lat' dir='ltr'>ct</span> <span class='ocrx_word' id='word_1_358' title='bbox 133 2417 357 2455; x_wconf 87' lang='lat' dir='ltr'>maturitatis</span> <span class='ocrx_word' id='word_1_359' title='bbox 368 2445 377 2463; x_wconf 91' lang='lat'>‚</span> <span class='ocrx_word' id='word_1_360' title='bbox 394 2425 432 2453; x_wconf 90' lang='lat' dir='ltr'>et</span> <span class='ocrx_word' id='word_1_361' title='bbox 445 2416 640 2453; x_wconf 89' lang='lat' dir='ltr'>messionis</span> <span class='ocrx_word' id='word_1_362' title='bbox 655 2424 711 2453; x_wconf 89' lang='lat' dir='ltr'>est</span> <span class='ocrx_word' id='word_1_363' title='bbox 730 2425 877 2465; x_wconf 87' lang='lat' dir='ltr'>tempus</span> <span class='ocrx_word' id='word_1_364' title='bbox 890 2445 900 2462; x_wconf 91' lang='lat'>,</span> <span class='ocrx_word' id='word_1_365' title='bbox 917 2415 1070 2465; x_wconf 89' lang='lat' dir='ltr'>quando</span> 
     </span>
     <span class='ocr_line' id='line_1_52' title="bbox 79 2475 1068 2526; baseline -0.003 -12"><span class='ocrx_word' id='word_1_366' title='bbox 79 2477 337 2526; x_wconf 85' lang='lat' dir='ltr'>unusquisque</span> <span class='ocrx_word' id='word_1_367' title='bbox 354 2475 525 2512; x_wconf 88' lang='lat' dir='ltr'>laborum</span> <span class='ocrx_word' id='word_1_368' title='bbox 544 2488 699 2512; x_wconf 91' lang='lat' dir='ltr'>suorum</span> <span class='ocrx_word' id='word_1_369' title='bbox 718 2476 861 2513; x_wconf 81' lang='lat' dir='ltr'>fructus</span> <span class='ocrx_word' id='word_1_370' title='bbox 875 2475 1068 2525; x_wconf 80' lang='lat' dir='ltr'>percipiet.</span> 
     </span>
     <span class='ocr_line' id='line_1_53' title="bbox 78 2533 1070 2586; baseline -0.003 -13"><span class='ocrx_word' id='word_1_371' title='bbox 78 2537 189 2586; x_wconf 87' lang='lat' dir='ltr'>Quod</span> <span class='ocrx_word' id='word_1_372' title='bbox 215 2549 304 2586; x_wconf 81' lang='lat' dir='ltr'>crgo</span> <span class='ocrx_word' id='word_1_373' title='bbox 332 2548 403 2572; x_wconf 92' lang='lat' dir='ltr'>nos</span> <span class='ocrx_word' id='word_1_374' title='bbox 431 2535 468 2571; x_wconf 91' lang='lat' dir='ltr'>in</span> <span class='ocrx_word' id='word_1_375' title='bbox 501 2535 654 2571; x_wconf 91' lang='lat' dir='ltr'>hortum</span> <span class='ocrx_word' id='word_1_376' title='bbox 683 2548 793 2571; x_wconf 87' lang='lat' dir='ltr'>sumn</span> <span class='ocrx_word' id='word_1_377' title='bbox 816 2543 942 2581; x_wconf 87' lang='lat' dir='ltr'>vocat,</span> <span class='ocrx_word' id='word_1_378' title='bbox 968 2533 1070 2584; x_wconf 90' lang='lat' dir='ltr'>quod</span> 
     </span>
    </p>
   </div>
   <div class='ocr_carea' id='block_1_11' title="bbox 1134 1117 2144 2588">
    <p class='ocr_par' dir='ltr' id='par_1_13' title="bbox 1134 1117 2144 2588">
     <span class='ocr_line' id='line_1_54' title="bbox 1144 1117 2140 1168; baseline 0.004 -15"><span class='ocrx_word' id='word_1_379' title='bbox 1144 1117 1216 1153; x_wconf 92' lang='lat' dir='ltr'>hoc</span> <span class='ocrx_word' id='word_1_380' title='bbox 1239 1117 1277 1153; x_wconf 90' lang='lat' dir='ltr'>in</span> <span class='ocrx_word' id='word_1_381' title='bbox 1302 1117 1386 1153; x_wconf 90' lang='lat' dir='ltr'>loco</span> <span class='ocrx_word' id='word_1_382' title='bbox 1408 1118 1481 1153; x_wconf 90' lang='lat' dir='ltr'>mel</span> <span class='ocrx_word' id='word_1_383' title='bbox 1500 1118 1594 1153; x_wconf 90' lang='lat' dir='ltr'>illud</span> <span class='ocrx_word' id='word_1_384' title='bbox 1615 1118 1719 1167; x_wconf 88' lang='lat' dir='ltr'>quod</span> <span class='ocrx_word' id='word_1_385' title='bbox 1738 1131 1778 1155; x_wconf 90' lang='lat' dir='ltr'>es</span> <span class='ocrx_word' id='word_1_386' title='bbox 1798 1119 1898 1168; x_wconf 88' lang='lat' dir='ltr'>ipse,</span> <span class='ocrx_word' id='word_1_387' title='bbox 1922 1129 2061 1157; x_wconf 86' lang='lat' dir='ltr'>nostrae</span> <span class='ocrx_word' id='word_1_388' title='bbox 2083 1122 2140 1157; x_wconf 88' lang='lat' dir='ltr'>in-</span> 
     </span>
     <span class='ocr_line' id='line_1_55' title="bbox 1146 1177 2142 1227; baseline 0.003 -14"><span class='ocrx_word' id='word_1_389' title='bbox 1146 1177 1359 1226; x_wconf 83' lang='lat' dir='ltr'>telligentiae</span> <span class='ocrx_word' id='word_1_390' title='bbox 1383 1189 1422 1213; x_wconf 91' lang='lat' dir='ltr'>se</span> <span class='ocrx_word' id='word_1_391' title='bbox 1448 1177 1661 1227; x_wconf 88' lang='lat' dir='ltr'>promptius</span> <span class='ocrx_word' id='word_1_392' title='bbox 1689 1177 1812 1214; x_wconf 86' lang='lat' dir='ltr'>ossert.</span> <span class='ocrx_word' id='word_1_393' title='bbox 1837 1180 1913 1215; x_wconf 89' lang='lat' dir='ltr'>Cur</span> <span class='ocrx_word' id='word_1_394' title='bbox 1940 1192 2018 1215; x_wconf 91' lang='lat' dir='ltr'>non</span> <span class='ocrx_word' id='word_1_395' title='bbox 2048 1179 2142 1216; x_wconf 84' lang='lat' dir='ltr'>dicis</span> 
     </span>
     <span class='ocr_line' id='line_1_56' title="bbox 1145 1234 2140 1281; baseline 0.004 -11"><span class='ocrx_word' id='word_1_396' title='bbox 1145 1234 1272 1271; x_wconf 78' lang='lat' dir='ltr'>savum</span> <span class='ocrx_word' id='word_1_397' title='bbox 1297 1242 1424 1281; x_wconf 91' lang='lat' dir='ltr'>tuum,</span> <span class='ocrx_word' id='word_1_398' title='bbox 1450 1234 1547 1271; x_wconf 89' lang='lat' dir='ltr'>sicut</span> <span class='ocrx_word' id='word_1_399' title='bbox 1567 1235 1639 1270; x_wconf 90' lang='lat' dir='ltr'>mel</span> <span class='ocrx_word' id='word_1_400' title='bbox 1662 1236 1797 1271; x_wconf 79' lang='lat' dir='ltr'>tuum?</span> <span class='ocrx_word' id='word_1_401' title='bbox 1816 1238 1892 1273; x_wconf 88' lang='lat' dir='ltr'>Cur</span> <span class='ocrx_word' id='word_1_402' title='bbox 1915 1236 1984 1273; x_wconf 88' lang='lat' dir='ltr'>hac</span> <span class='ocrx_word' id='word_1_403' title='bbox 2004 1237 2140 1274; x_wconf 86' lang='lat' dir='ltr'>distin-</span> 
     </span>
     <span class='ocr_line' id='line_1_57' title="bbox 1144 1293 2144 1343; baseline 0.004 -14"><span class='ocrx_word' id='word_1_404' title='bbox 1144 1293 1271 1329; x_wconf 89' lang='lat' dir='ltr'>ctione</span> <span class='ocrx_word' id='word_1_405' title='bbox 1298 1306 1400 1330; x_wconf 90' lang='lat' dir='ltr'>nunc</span> <span class='ocrx_word' id='word_1_406' title='bbox 1428 1293 1569 1330; x_wconf 80' lang='lat' dir='ltr'>uteris?</span> <span class='ocrx_word' id='word_1_407' title='bbox 1589 1297 1636 1330; x_wconf 84' lang='lat' dir='ltr'>Et</span> <span class='ocrx_word' id='word_1_408' title='bbox 1656 1293 1762 1331; x_wconf 81' lang='lat' dir='ltr'>favus</span> <span class='ocrx_word' id='word_1_409' title='bbox 1787 1303 1872 1332; x_wconf 92' lang='lat' dir='ltr'>tuus</span> <span class='ocrx_word' id='word_1_410' title='bbox 1890 1304 1965 1343; x_wconf 89' lang='lat' dir='ltr'>est,</span> <span class='ocrx_word' id='word_1_411' title='bbox 1989 1297 2084 1333; x_wconf 88' lang='lat' dir='ltr'>sicut</span> <span class='ocrx_word' id='word_1_412' title='bbox 2106 1306 2144 1333; x_wconf 89' lang='lat' dir='ltr'>ct</span> 
     </span>
     <span class='ocr_line' id='line_1_58' title="bbox 1143 1353 2142 1406; baseline 0.005 -18"><span class='ocrx_word' id='word_1_413' title='bbox 1143 1353 1217 1389; x_wconf 87' lang='lat' dir='ltr'>mel</span> <span class='ocrx_word' id='word_1_414' title='bbox 1242 1361 1347 1389; x_wconf 88' lang='lat' dir='ltr'>tuum</span> <span class='ocrx_word' id='word_1_415' title='bbox 1372 1367 1380 1389; x_wconf 75' lang='grc' dir='ltr'><strong><em>ε</em></strong></span> <span class='ocrx_word' id='word_1_416' title='bbox 1404 1353 1577 1402; x_wconf 82' lang='lat' dir='ltr'>quamvis</span> <span class='ocrx_word' id='word_1_417' title='bbox 1596 1354 1791 1391; x_wconf 82' lang='lat' dir='ltr'>manifeste</span> <span class='ocrx_word' id='word_1_418' title='bbox 1813 1355 1911 1391; x_wconf 90' lang='lat' dir='ltr'>istud</span> <span class='ocrx_word' id='word_1_419' title='bbox 1932 1357 2142 1406; x_wconf 82' lang='lat' dir='ltr'>exprimas,</span> 
     </span>
     <span class='ocr_line' id='line_1_59' title="bbox 1143 1412 2140 1463; baseline 0.005 -15"><span class='ocrx_word' id='word_1_420' title='bbox 1143 1426 1228 1449; x_wconf 90' lang='lat' dir='ltr'>cum</span> <span class='ocrx_word' id='word_1_421' title='bbox 1255 1412 1350 1449; x_wconf 90' lang='lat' dir='ltr'>illud</span> <span class='ocrx_word' id='word_1_422' title='bbox 1379 1413 1497 1449; x_wconf 88' lang='lat' dir='ltr'>sileas.</span> <span class='ocrx_word' id='word_1_423' title='bbox 1520 1417 1598 1450; x_wconf 87' lang='lat' dir='ltr'>Tua</span> <span class='ocrx_word' id='word_1_424' title='bbox 1619 1422 1675 1450; x_wconf 90' lang='lat' dir='ltr'>cst</span> <span class='ocrx_word' id='word_1_425' title='bbox 1697 1422 1856 1463; x_wconf 87' lang='lat' dir='ltr'>utraque</span> <span class='ocrx_word' id='word_1_426' title='bbox 1881 1423 2016 1452; x_wconf 90' lang='lat' dir='ltr'>natura</span> <span class='ocrx_word' id='word_1_427' title='bbox 2043 1431 2050 1452; x_wconf 74' lang='grc' dir='ltr'>ε</span> <span class='ocrx_word' id='word_1_428' title='bbox 2074 1417 2140 1453; x_wconf 87' lang='lat' dir='ltr'>scd</span> 
     </span>
     <span class='ocr_line' id='line_1_60' title="bbox 1144 1471 2140 1520; baseline 0.002 -11"><span class='ocrx_word' id='word_1_429' title='bbox 1144 1471 1271 1510; x_wconf 85' lang='lat' dir='ltr'>divina</span> <span class='ocrx_word' id='word_1_430' title='bbox 1301 1479 1384 1517; x_wconf 85' lang='lat' dir='ltr'>tua,</span> <span class='ocrx_word' id='word_1_431' title='bbox 1411 1480 1449 1507; x_wconf 92' lang='lat' dir='ltr'>et</span> <span class='ocrx_word' id='word_1_432' title='bbox 1475 1471 1582 1519; x_wconf 88' lang='lat' dir='ltr'>quasi</span> <span class='ocrx_word' id='word_1_433' title='bbox 1616 1472 1837 1508; x_wconf 87' lang='lat' dir='ltr'>naturaliter</span> <span class='ocrx_word' id='word_1_434' title='bbox 1867 1481 1948 1520; x_wconf 92' lang='lat' dir='ltr'>tua;</span> <span class='ocrx_word' id='word_1_435' title='bbox 1975 1473 2140 1511; x_wconf 84' lang='lat' dir='ltr'>humana</span> 
     </span>
     <span class='ocr_line' id='line_1_61' title="bbox 1145 1531 2140 1582; baseline 0.005 -16"><span class='ocrx_word' id='word_1_436' title='bbox 1145 1544 1221 1567; x_wconf 90' lang='lat' dir='ltr'>non</span> <span class='ocrx_word' id='word_1_437' title='bbox 1242 1539 1298 1567; x_wconf 83' lang='lat' dir='ltr'>est</span> <span class='ocrx_word' id='word_1_438' title='bbox 1314 1531 1420 1579; x_wconf 90' lang='lat' dir='ltr'>quasi</span> <span class='ocrx_word' id='word_1_439' title='bbox 1438 1531 1658 1567; x_wconf 88' lang='lat' dir='ltr'>naturaliter</span> <span class='ocrx_word' id='word_1_440' title='bbox 1676 1540 1758 1577; x_wconf 87' lang='lat' dir='ltr'>tua,</span> <span class='ocrx_word' id='word_1_441' title='bbox 1779 1532 1843 1568; x_wconf 86' lang='lat' dir='ltr'>sed</span> <span class='ocrx_word' id='word_1_442' title='bbox 1865 1533 1980 1582; x_wconf 85' lang='lat' dir='ltr'>magis</span> <span class='ocrx_word' id='word_1_443' title='bbox 2000 1547 2140 1571; x_wconf 88' lang='lat' dir='ltr'>assum-</span> 
     </span>
     <span class='ocr_line' id='line_1_62' title="bbox 1142 1590 2139 1639; baseline 0.003 -13"><span class='ocrx_word' id='word_1_444' title='bbox 1142 1598 1225 1639; x_wconf 86' lang='lat' dir='ltr'>pta,</span> <span class='ocrx_word' id='word_1_445' title='bbox 1241 1599 1278 1626; x_wconf 92' lang='lat' dir='ltr'>et</span> <span class='ocrx_word' id='word_1_446' title='bbox 1298 1590 1515 1639; x_wconf 71' lang='lat' dir='ltr'>dignatione</span> <span class='ocrx_word' id='word_1_447' title='bbox 1538 1590 1604 1626; x_wconf 84' lang='lat' dir='ltr'>tibi</span> <span class='ocrx_word' id='word_1_448' title='bbox 1625 1591 1757 1627; x_wconf 83' lang='lat' dir='ltr'>effecta</span> <span class='ocrx_word' id='word_1_449' title='bbox 1777 1600 1832 1627; x_wconf 82' lang='lat' dir='ltr'>est</span> <span class='ocrx_word' id='word_1_450' title='bbox 1853 1593 2045 1629; x_wconf 89' lang='lat' dir='ltr'>naturalis.</span> <span class='ocrx_word' id='word_1_451' title='bbox 2069 1596 2139 1629; x_wconf 82' lang='lat' dir='ltr'>Co-</span> 
     </span>
     <span class='ocr_line' id='line_1_63' title="bbox 1141 1649 2140 1698; baseline 0.005 -14"><span class='ocrx_word' id='word_1_452' title='bbox 1141 1652 1241 1685; x_wconf 78' lang='lat' dir='ltr'>medi</span> <span class='ocrx_word' id='word_1_453' title='bbox 1262 1649 1392 1698; x_wconf 78' lang='lat' dir='ltr'>favum</span> <span class='ocrx_word' id='word_1_454' title='bbox 1420 1664 1500 1685; x_wconf 78' lang='lat' dir='ltr'>cum</span> <span class='ocrx_word' id='word_1_455' title='bbox 1529 1653 1637 1686; x_wconf 70' lang='lat' dir='ltr'>melle</span> <span class='ocrx_word' id='word_1_456' title='bbox 1663 1665 1755 1687; x_wconf 76' lang='lat' dir='ltr'>mea.</span> <span class='ocrx_word' id='word_1_457' title='bbox 1779 1655 1875 1688; x_wconf 84' lang='lat' dir='ltr'>Ante</span> <span class='ocrx_word' id='word_1_458' title='bbox 1903 1665 2017 1688; x_wconf 81' lang='lat' dir='ltr'>sacrae</span> <span class='ocrx_word' id='word_1_459' title='bbox 2044 1666 2140 1689; x_wconf 88' lang='lat' dir='ltr'>con-</span> 
     </span>
     <span class='ocr_line' id='line_1_64' title="bbox 1141 1709 2139 1758; baseline 0.005 -14"><span class='ocrx_word' id='word_1_460' title='bbox 1141 1718 1291 1758; x_wconf 88' lang='lat' dir='ltr'>ceptum</span> <span class='ocrx_word' id='word_1_461' title='bbox 1319 1709 1480 1757; x_wconf 75' lang='lat' dir='ltr'>Virginis</span> <span class='ocrx_word' id='word_1_462' title='bbox 1499 1709 1604 1758; x_wconf 88' lang='lat' dir='ltr'>quasi</span> <span class='ocrx_word' id='word_1_463' title='bbox 1627 1711 1698 1746; x_wconf 87' lang='lat' dir='ltr'>mel</span> <span class='ocrx_word' id='word_1_464' title='bbox 1719 1711 1842 1746; x_wconf 88' lang='lat' dir='ltr'>solum</span> <span class='ocrx_word' id='word_1_465' title='bbox 1870 1720 1975 1757; x_wconf 87' lang='lat' dir='ltr'>erat,</span> <span class='ocrx_word' id='word_1_466' title='bbox 2001 1720 2038 1748; x_wconf 92' lang='lat' dir='ltr'>et</span> <span class='ocrx_word' id='word_1_467' title='bbox 2057 1713 2139 1750; x_wconf 89' lang='lat' dir='ltr'>sine</span> 
     </span>
     <span class='ocr_line' id='line_1_65' title="bbox 1141 1768 2133 1814; baseline 0.005 -11"><span class='ocrx_word' id='word_1_468' title='bbox 1141 1769 1246 1814; x_wconf 64' lang='lat' dir='ltr'>savo,</span> <span class='ocrx_word' id='word_1_469' title='bbox 1275 1768 1444 1804; x_wconf 89' lang='lat' dir='ltr'>nondum</span> <span class='ocrx_word' id='word_1_470' title='bbox 1468 1768 1659 1806; x_wconf 88' lang='lat' dir='ltr'>incarnata</span> <span class='ocrx_word' id='word_1_471' title='bbox 1683 1770 1879 1807; x_wconf 78' lang='lat' dir='ltr'>Divinitas.</span> <span class='ocrx_word' id='word_1_472' title='bbox 1902 1775 2035 1807; x_wconf 86' lang='lat' dir='ltr'>Postea</span> <span class='ocrx_word' id='word_1_473' title='bbox 2061 1773 2133 1809; x_wconf 81' lang='lat' dir='ltr'>incl</span> 
     </span>
     <span class='ocr_line' id='line_1_66' title="bbox 1703 1830 2133 1868; baseline 0.007 -3"><span class='ocrx_word' id='word_1_474' title='bbox 1703 1842 1804 1866; x_wconf 90' lang='lat' dir='ltr'>nunc</span> <span class='ocrx_word' id='word_1_475' title='bbox 1824 1838 1949 1866; x_wconf 85' lang='lat' dir='ltr'>autem</span> <span class='ocrx_word' id='word_1_476' title='bbox 1972 1830 2077 1867; x_wconf 79' lang='lat' dir='ltr'>savus</span> <span class='ocrx_word' id='word_1_477' title='bbox 2094 1831 2133 1868; x_wconf 89' lang='lat' dir='ltr'>in</span> 
     </span>
     <span class='ocr_line' id='line_1_67' title="bbox 1140 1886 2135 1938; baseline 0.004 -17"><span class='ocrx_word' id='word_1_478' title='bbox 1140 1886 1251 1922; x_wconf 87' lang='lat' dir='ltr'>melle</span> <span class='ocrx_word' id='word_1_479' title='bbox 1266 1914 1275 1931; x_wconf 87' lang='lat'>‚</span> <span class='ocrx_word' id='word_1_480' title='bbox 1294 1886 1409 1922; x_wconf 90' lang='lat' dir='ltr'>homo</span> <span class='ocrx_word' id='word_1_481' title='bbox 1424 1886 1572 1923; x_wconf 86' lang='lat' dir='ltr'>Deitate</span> <span class='ocrx_word' id='word_1_482' title='bbox 1592 1889 1761 1924; x_wconf 79' lang='lat' dir='ltr'>vestitus.</span> <span class='ocrx_word' id='word_1_483' title='bbox 1783 1890 1833 1923; x_wconf 84' lang='lat' dir='ltr'>Et</span> <span class='ocrx_word' id='word_1_484' title='bbox 1847 1892 1879 1924; x_wconf 81' lang='lat' dir='ltr'>si</span> <span class='ocrx_word' id='word_1_485' title='bbox 1899 1894 2135 1938; x_wconf 77' lang='lat' dir='ltr'>cognovimus</span> 
     </span>
     <span class='ocr_line' id='line_1_68' title="bbox 1143 1946 2138 1998; baseline 0.002 -16"><span class='ocrx_word' id='word_1_486' title='bbox 1143 1946 1326 1982; x_wconf 78' lang='lat' dir='ltr'>Christum</span> <span class='ocrx_word' id='word_1_487' title='bbox 1343 1948 1545 1981; x_wconf 75' lang='lat' dir='ltr'>secundum</span> <span class='ocrx_word' id='word_1_488' title='bbox 1561 1960 1726 1990; x_wconf 78' lang='lat' dir='ltr'>caruem,</span> <span class='ocrx_word' id='word_1_489' title='bbox 1741 1949 1810 1983; x_wconf 83' lang='lat' dir='ltr'>sed</span> <span class='ocrx_word' id='word_1_490' title='bbox 1812 1952 1896 1994; x_wconf 81' lang='lat' dir='ltr'>jam</span> <span class='ocrx_word' id='word_1_491' title='bbox 1908 1962 1982 1984; x_wconf 81' lang='lat' dir='ltr'>non</span> <span class='ocrx_word' id='word_1_492' title='bbox 1999 1962 2138 1998; x_wconf 79' lang='lat' dir='ltr'>coguo-</span> 
     </span>
     <span class='ocr_line' id='line_1_69' title="bbox 1138 2004 2136 2054; baseline 0.005 -14"><span class='ocrx_word' id='word_1_493' title='bbox 1138 2009 1266 2049; x_wconf 68' lang='lat' dir='ltr'>m‘mtcS,</span> <span class='ocrx_word' id='word_1_494' title='bbox 1288 2005 1339 2040; x_wconf 88' lang='lat' dir='ltr'>ait</span> <span class='ocrx_word' id='word_1_495' title='bbox 1358 2005 1564 2054; x_wconf 86' lang='lat' dir='ltr'>Apostolus</span> <span class='ocrx_word' id='word_1_496' title='bbox 1579 2004 1603 2042; x_wconf 75' lang='lat'>3.</span> <span class='ocrx_word' id='word_1_497' title='bbox 1626 2006 1727 2042; x_wconf 90' lang='lat' dir='ltr'>Sicut</span> <span class='ocrx_word' id='word_1_498' title='bbox 1743 2015 1823 2042; x_wconf 90' lang='lat' dir='ltr'>erat</span> <span class='ocrx_word' id='word_1_499' title='bbox 1838 2010 1940 2044; x_wconf 90' lang='lat' dir='ltr'>Deus</span> <span class='ocrx_word' id='word_1_500' title='bbox 1957 2008 2136 2045; x_wconf 90' lang='lat' dir='ltr'>recondi-</span> 
     </span>
     <span class='ocr_line' id='line_1_70' title="bbox 1138 2065 2137 2116; baseline 0.005 -16"><span class='ocrx_word' id='word_1_501' title='bbox 1138 2072 1196 2100; x_wconf 89' lang='lat' dir='ltr'>tus</span> <span class='ocrx_word' id='word_1_502' title='bbox 1225 2065 1264 2101; x_wconf 91' lang='lat' dir='ltr'>in</span> <span class='ocrx_word' id='word_1_503' title='bbox 1288 2077 1401 2100; x_wconf 88' lang='lat' dir='ltr'>carne</span> <span class='ocrx_word' id='word_1_504' title='bbox 1417 2092 1426 2110; x_wconf 90' lang='lat'>,</span> <span class='ocrx_word' id='word_1_505' title='bbox 1454 2065 1506 2101; x_wconf 87' lang='lat' dir='ltr'>sic</span> <span class='ocrx_word' id='word_1_506' title='bbox 1526 2077 1628 2101; x_wconf 88' lang='lat' dir='ltr'>nunc</span> <span class='ocrx_word' id='word_1_507' title='bbox 1648 2065 1728 2102; x_wconf 89' lang='lat' dir='ltr'>vice</span> <span class='ocrx_word' id='word_1_508' title='bbox 1749 2078 1857 2102; x_wconf 80' lang='lat' dir='ltr'>versa</span> <span class='ocrx_word' id='word_1_509' title='bbox 1876 2067 1956 2116; x_wconf 87' lang='lat' dir='ltr'>ipsa</span> <span class='ocrx_word' id='word_1_510' title='bbox 1976 2081 2064 2104; x_wconf 93' lang='lat' dir='ltr'>caro</span> <span class='ocrx_word' id='word_1_511' title='bbox 2081 2077 2137 2105; x_wconf 84' lang='lat' dir='ltr'>cst</span> 
     </span>
     <span class='ocr_line' id='line_1_71' title="bbox 1135 2123 2132 2174; baseline 0.004 -15"><span class='ocrx_word' id='word_1_512' title='bbox 1135 2124 1320 2160; x_wconf 87' lang='lat' dir='ltr'>occultata</span> <span class='ocrx_word' id='word_1_513' title='bbox 1340 2123 1378 2159; x_wconf 89' lang='lat' dir='ltr'>in</span> <span class='ocrx_word' id='word_1_514' title='bbox 1399 2127 1480 2160; x_wconf 89' lang='lat' dir='ltr'>Deo</span> <span class='ocrx_word' id='word_1_515' title='bbox 1503 2138 1510 2160; x_wconf 91' lang='lat'>:</span> <span class='ocrx_word' id='word_1_516' title='bbox 1533 2132 1570 2160; x_wconf 90' lang='lat' dir='ltr'>et</span> <span class='ocrx_word' id='word_1_517' title='bbox 1589 2124 1619 2161; x_wconf 92' lang='lat' dir='ltr'>si</span> <span class='ocrx_word' id='word_1_518' title='bbox 1639 2124 1846 2173; x_wconf 77' lang='lat' dir='ltr'>glorificata</span> <span class='ocrx_word' id='word_1_519' title='bbox 1862 2133 1918 2162; x_wconf 90' lang='lat' dir='ltr'>est</span> <span class='ocrx_word' id='word_1_520' title='bbox 1940 2139 2028 2163; x_wconf 90' lang='lat' dir='ltr'>caro</span> <span class='ocrx_word' id='word_1_521' title='bbox 2050 2127 2132 2174; x_wconf 91' lang='lat' dir='ltr'>illa,</span> 
     </span>
     <span class='ocr_line' id='line_1_72' title="bbox 1136 2181 2136 2231; baseline 0.006 -14"><span class='ocrx_word' id='word_1_522' title='bbox 1136 2190 1178 2218; x_wconf 92' lang='lat' dir='ltr'>ut</span> <span class='ocrx_word' id='word_1_523' title='bbox 1192 2181 1270 2230; x_wconf 88' lang='lat' dir='ltr'>jam</span> <span class='ocrx_word' id='word_1_524' title='bbox 1292 2182 1497 2231; x_wconf 89' lang='lat' dir='ltr'>spiritualis</span> <span class='ocrx_word' id='word_1_525' title='bbox 1515 2183 1580 2229; x_wconf 88' lang='lat' dir='ltr'>sit,</span> <span class='ocrx_word' id='word_1_526' title='bbox 1598 2191 1635 2218; x_wconf 88' lang='lat' dir='ltr'>et</span> <span class='ocrx_word' id='word_1_527' title='bbox 1653 2183 1882 2220; x_wconf 80' lang='lat' dir='ltr'>infirmitatis</span> <span class='ocrx_word' id='word_1_528' title='bbox 1902 2185 1952 2221; x_wconf 93' lang='lat' dir='ltr'>nil</span> <span class='ocrx_word' id='word_1_529' title='bbox 1970 2185 2136 2231; x_wconf 89' lang='lat' dir='ltr'>habcns;</span> 
     </span>
     <span class='ocr_line' id='line_1_73' title="bbox 1137 2241 2137 2294; baseline 0.006 -18"><span class='ocrx_word' id='word_1_530' title='bbox 1137 2248 1259 2276; x_wconf 87' lang='lat' dir='ltr'>tamen</span> <span class='ocrx_word' id='word_1_531' title='bbox 1295 2249 1350 2276; x_wconf 85' lang='lat' dir='ltr'>cst</span> <span class='ocrx_word' id='word_1_532' title='bbox 1383 2241 1530 2276; x_wconf 88' lang='lat' dir='ltr'>occulta</span> <span class='ocrx_word' id='word_1_533' title='bbox 1563 2241 1866 2290; x_wconf 87' lang='lat' dir='ltr'>quodammodo,</span> <span class='ocrx_word' id='word_1_534' title='bbox 1897 2243 1988 2280; x_wconf 88' lang='lat' dir='ltr'>(lum</span> <span class='ocrx_word' id='word_1_535' title='bbox 2020 2245 2137 2294; x_wconf 80' lang='lat' dir='ltr'>magis</span> 
     </span>
     <span class='ocr_line' id='line_1_74' title="bbox 1137 2299 2136 2348; baseline 0.006 -14"><span class='ocrx_word' id='word_1_536' title='bbox 1137 2312 1245 2344; x_wconf 87' lang='lat' dir='ltr'>cum,</span> <span class='ocrx_word' id='word_1_537' title='bbox 1270 2300 1307 2335; x_wconf 91' lang='lat' dir='ltr'>in</span> <span class='ocrx_word' id='word_1_538' title='bbox 1329 2312 1374 2335; x_wconf 89' lang='lat' dir='ltr'>co</span> <span class='ocrx_word' id='word_1_539' title='bbox 1396 2299 1499 2347; x_wconf 89' lang='lat' dir='ltr'>quod</span> <span class='ocrx_word' id='word_1_540' title='bbox 1521 2299 1601 2348; x_wconf 90' lang='lat' dir='ltr'>ipse</span> <span class='ocrx_word' id='word_1_541' title='bbox 1628 2308 1684 2336; x_wconf 89' lang='lat' dir='ltr'>cst</span> <span class='ocrx_word' id='word_1_542' title='bbox 1709 2304 1829 2347; x_wconf 88' lang='lat' dir='ltr'>Deus,</span> <span class='ocrx_word' id='word_1_543' title='bbox 1850 2302 2080 2340; x_wconf 88' lang='lat' dir='ltr'>attendimus</span> <span class='ocrx_word' id='word_1_544' title='bbox 2100 2313 2136 2340; x_wconf 88' lang='lat' dir='ltr'>et</span> 
     </span>
     <span class='ocr_line' id='line_1_75' title="bbox 1134 2357 2137 2405; baseline 0.006 -12"><span class='ocrx_word' id='word_1_545' title='bbox 1134 2357 1349 2394; x_wconf 88' lang='lat' dir='ltr'>adoramus.</span> <span class='ocrx_word' id='word_1_546' title='bbox 1379 2357 1672 2405; x_wconf 88' lang='lat' dir='ltr'>Quodammodo</span> <span class='ocrx_word' id='word_1_547' title='bbox 1701 2359 1823 2395; x_wconf 90' lang='lat' dir='ltr'>carnis</span> <span class='ocrx_word' id='word_1_548' title='bbox 1849 2360 1955 2398; x_wconf 80' lang='lat' dir='ltr'>savus</span> <span class='ocrx_word' id='word_1_549' title='bbox 1980 2362 2137 2400; x_wconf 87' lang='lat' dir='ltr'>Deitatis</span> 
     </span>
     <span class='ocr_line' id='line_1_76' title="bbox 1136 2416 2137 2462; baseline 0.005 -10"><span class='ocrx_word' id='word_1_550' title='bbox 1136 2417 1173 2453; x_wconf 93' lang='lat' dir='ltr'>in</span> <span class='ocrx_word' id='word_1_551' title='bbox 1206 2417 1315 2452; x_wconf 89' lang='lat' dir='ltr'>melle</span> <span class='ocrx_word' id='word_1_552' title='bbox 1347 2416 1589 2462; x_wconf 88' lang='lat' dir='ltr'>reconditur,</span> <span class='ocrx_word' id='word_1_553' title='bbox 1617 2417 1708 2454; x_wconf 89' lang='lat' dir='ltr'>dum</span> <span class='ocrx_word' id='word_1_554' title='bbox 1736 2418 2029 2457; x_wconf 87' lang='lat' dir='ltr'>admirationem</span> <span class='ocrx_word' id='word_1_555' title='bbox 2064 2435 2137 2457; x_wconf 89' lang='lat' dir='ltr'>no-</span> 
     </span>
     <span class='ocr_line' id='line_1_77' title="bbox 1135 2475 2134 2529; baseline 0.007 -19"><span class='ocrx_word' id='word_1_556' title='bbox 1135 2483 1248 2511; x_wconf 91' lang='lat' dir='ltr'>stram</span> <span class='ocrx_word' id='word_1_557' title='bbox 1272 2484 1308 2511; x_wconf 90' lang='lat' dir='ltr'>et</span> <span class='ocrx_word' id='word_1_558' title='bbox 1330 2475 1441 2512; x_wconf 86' lang='lat' dir='ltr'>lidem</span> <span class='ocrx_word' id='word_1_559' title='bbox 1466 2476 1513 2512; x_wconf 87' lang='lat' dir='ltr'>ad</span> <span class='ocrx_word' id='word_1_560' title='bbox 1533 2489 1572 2513; x_wconf 87' lang='lat' dir='ltr'>se</span> <span class='ocrx_word' id='word_1_561' title='bbox 1598 2478 1712 2514; x_wconf 82' lang='lat' dir='ltr'>traxit</span> <span class='ocrx_word' id='word_1_562' title='bbox 1726 2492 1773 2514; x_wconf 82' lang='lat' dir='ltr'>ex</span> <span class='ocrx_word' id='word_1_563' title='bbox 1798 2479 1948 2529; x_wconf 81' lang='lat' dir='ltr'>integro</span> <span class='ocrx_word' id='word_1_564' title='bbox 1971 2481 2134 2517; x_wconf 79' lang='lat' dir='ltr'>manife-</span> 
     </span>
     <span class='ocr_line' id='line_1_78' title="bbox 1136 2534 2134 2588; baseline 0.007 -19"><span class='ocrx_word' id='word_1_565' title='bbox 1136 2542 1240 2570; x_wconf 83' lang='lat' dir='ltr'>statae</span> <span class='ocrx_word' id='word_1_566' title='bbox 1270 2534 1480 2571; x_wconf 79' lang='lat' dir='ltr'>reverentia</span> <span class='ocrx_word' id='word_1_567' title='bbox 1505 2534 1721 2584; x_wconf 85' lang='lat' dir='ltr'>majestatis.</span> <span class='ocrx_word' id='word_1_568' title='bbox 1742 2540 1824 2573; x_wconf 85' lang='lat' dir='ltr'>Jam</span> <span class='ocrx_word' id='word_1_569' title='bbox 1849 2552 1939 2588; x_wconf 77' lang='lat' dir='ltr'>crgo</span> <span class='ocrx_word' id='word_1_570' title='bbox 1960 2548 2047 2588; x_wconf 87' lang='lat' dir='ltr'>post</span> <span class='ocrx_word' id='word_1_571' title='bbox 2070 2553 2134 2576; x_wconf 87' lang='lat' dir='ltr'>rc-</span> 
     </span>
    </p>
   </div>
   <div class='ocr_carea' id='block_1_12' title="bbox 79 2593 2133 2645">
    <p class='ocr_par' dir='ltr' id='par_1_14' title="bbox 79 2593 2133 2645">
     <span class='ocr_line' id='line_1_79' title="bbox 79 2593 2133 2645; baseline 0.001 -12"><span class='ocrx_word' id='word_1_572' title='bbox 79 2596 270 2645; x_wconf 86' lang='lat' dir='ltr'>myrrham</span> <span class='ocrx_word' id='word_1_573' title='bbox 297 2603 334 2631; x_wconf 89' lang='lat' dir='ltr'>ct</span> <span class='ocrx_word' id='word_1_574' title='bbox 359 2603 526 2632; x_wconf 88' lang='lat' dir='ltr'>aromata</span> <span class='ocrx_word' id='word_1_575' title='bbox 551 2607 618 2631; x_wconf 90' lang='lat' dir='ltr'>sua</span> <span class='ocrx_word' id='word_1_576' title='bbox 644 2607 683 2631; x_wconf 89' lang='lat' dir='ltr'>se</span> <span class='ocrx_word' id='word_1_577' title='bbox 712 2594 908 2631; x_wconf 87' lang='lat' dir='ltr'>messuisse</span> <span class='ocrx_word' id='word_1_578' title='bbox 933 2593 1071 2631; x_wconf 91' lang='lat' dir='ltr'>subne-</span> <span class='ocrx_word' id='word_1_579' title='bbox 1087 2599 1118 2632; x_wconf 96' lang='lat' dir='ltr'>D</span> <span class='ocrx_word' id='word_1_580' title='bbox 1137 2594 1381 2630; x_wconf 81' lang='lat' dir='ltr'>surrectionis</span> <span class='ocrx_word' id='word_1_581' title='bbox 1416 2594 1574 2644; x_wconf 77' lang='lat' dir='ltr'>gloriam</span> <span class='ocrx_word' id='word_1_582' title='bbox 1611 2596 1781 2633; x_wconf 85' lang='lat' dir='ltr'>Christus</span> <span class='ocrx_word' id='word_1_583' title='bbox 1812 2598 1976 2634; x_wconf 84' lang='lat' dir='ltr'>eomedit</span> <span class='ocrx_word' id='word_1_584' title='bbox 2009 2599 2133 2636; x_wconf 72' lang='lat' dir='ltr'>larum</span> 
     </span>
    </p>
   </div>
   <div class='ocr_carea' id='block_1_13' title="bbox 73 2653 1070 3236">
    <p class='ocr_par' dir='ltr' id='par_1_15' title="bbox 73 2653 1070 3236">
     <span class='ocr_line' id='line_1_80' title="bbox 79 2653 1068 2703; baseline -0.003 -11"><span class='ocrx_word' id='word_1_585' title='bbox 79 2656 166 2701; x_wconf 88' lang='lat' dir='ltr'>ctit;</span> <span class='ocrx_word' id='word_1_586' title='bbox 186 2654 232 2691; x_wconf 87' lang='lat' dir='ltr'>ad</span> <span class='ocrx_word' id='word_1_587' title='bbox 252 2653 580 2703; x_wconf 89' lang='lat' dir='ltr'>contemplandam</span> <span class='ocrx_word' id='word_1_588' title='bbox 604 2653 889 2690; x_wconf 88' lang='lat' dir='ltr'>resurrectionis</span> <span class='ocrx_word' id='word_1_589' title='bbox 911 2653 1068 2702; x_wconf 78' lang='lat' dir='ltr'>gloriam</span> 
     </span>
     <span class='ocr_line' id='line_1_81' title="bbox 78 2712 1069 2762; baseline -0.001 -11"><span class='ocrx_word' id='word_1_590' title='bbox 78 2714 275 2760; x_wconf 86' lang='lat' dir='ltr'>hortatur,</span> <span class='ocrx_word' id='word_1_591' title='bbox 302 2726 385 2762; x_wconf 76' lang='lat' dir='ltr'>qua:</span> <span class='ocrx_word' id='word_1_592' title='bbox 414 2713 538 2749; x_wconf 83' lang='lat' dir='ltr'>sutura</span> <span class='ocrx_word' id='word_1_593' title='bbox 564 2721 620 2749; x_wconf 91' lang='lat' dir='ltr'>cst</span> <span class='ocrx_word' id='word_1_594' title='bbox 644 2726 712 2762; x_wconf 90' lang='lat' dir='ltr'>per</span> <span class='ocrx_word' id='word_1_595' title='bbox 736 2713 859 2762; x_wconf 89' lang='lat' dir='ltr'>ipsum</span> <span class='ocrx_word' id='word_1_596' title='bbox 880 2712 916 2749; x_wconf 89' lang='lat' dir='ltr'>in</span> <span class='ocrx_word' id='word_1_597' title='bbox 938 2712 1069 2760; x_wconf 88' lang='lat' dir='ltr'>nobis,</span> 
     </span>
     <span class='ocr_line' id='line_1_82' title="bbox 80 2770 1070 2823; baseline -0.002 -13"><span class='ocrx_word' id='word_1_598' title='bbox 80 2774 139 2810; x_wconf 89' lang='lat' dir='ltr'>vel</span> <span class='ocrx_word' id='word_1_599' title='bbox 154 2786 237 2823; x_wconf 86' lang='lat' dir='ltr'>quae</span> <span class='ocrx_word' id='word_1_600' title='bbox 249 2772 326 2822; x_wconf 88' lang='lat' dir='ltr'>jam</span> <span class='ocrx_word' id='word_1_601' title='bbox 347 2772 384 2808; x_wconf 93' lang='lat' dir='ltr'>in</span> <span class='ocrx_word' id='word_1_602' title='bbox 403 2772 485 2821; x_wconf 88' lang='lat' dir='ltr'>ipso</span> <span class='ocrx_word' id='word_1_603' title='bbox 503 2772 690 2820; x_wconf 79' lang='lat' dir='ltr'>praecessit</span> <span class='ocrx_word' id='word_1_604' title='bbox 707 2785 776 2821; x_wconf 89' lang='lat' dir='ltr'>pro</span> <span class='ocrx_word' id='word_1_605' title='bbox 796 2770 920 2808; x_wconf 91' lang='lat' dir='ltr'>nobis.</span> <span class='ocrx_word' id='word_1_606' title='bbox 935 2775 1070 2808; x_wconf 76' lang='lat' dir='ltr'>Nonne</span> 
     </span>
     <span class='ocr_line' id='line_1_83' title="bbox 73 2830 1070 2881; baseline 0.001 -13"><span class='ocrx_word' id='word_1_607' title='bbox 73 2831 265 2881; x_wconf 88' lang='lat' dir='ltr'>jucundus</span> <span class='ocrx_word' id='word_1_608' title='bbox 278 2840 315 2868; x_wconf 90' lang='lat' dir='ltr'>et</span> <span class='ocrx_word' id='word_1_609' title='bbox 331 2844 418 2868; x_wconf 79' lang='lat' dir='ltr'>vere</span> <span class='ocrx_word' id='word_1_610' title='bbox 432 2830 661 2867; x_wconf 79' lang='lat' dir='ltr'>delectabilis</span> <span class='ocrx_word' id='word_1_611' title='bbox 676 2844 896 2881; x_wconf 78' lang='lat' dir='ltr'>progressus</span> <span class='ocrx_word' id='word_1_612' title='bbox 912 2832 1070 2869; x_wconf 81' lang='lat' dir='ltr'>introire</span> 
     </span>
     <span class='ocr_line' id='line_1_84' title="bbox 77 2891 1068 2940; baseline 0 -12"><span class='ocrx_word' id='word_1_613' title='bbox 77 2892 115 2928; x_wconf 88' lang='lat' dir='ltr'>in</span> <span class='ocrx_word' id='word_1_614' title='bbox 145 2892 296 2928; x_wconf 87' lang='lat' dir='ltr'>hortum</span> <span class='ocrx_word' id='word_1_615' title='bbox 314 2891 469 2937; x_wconf 88' lang='lat' dir='ltr'>Christi,</span> <span class='ocrx_word' id='word_1_616' title='bbox 487 2891 644 2928; x_wconf 87' lang='lat' dir='ltr'>introire</span> <span class='ocrx_word' id='word_1_617' title='bbox 665 2891 701 2927; x_wconf 92' lang='lat' dir='ltr'>in</span> <span class='ocrx_word' id='word_1_618' title='bbox 723 2891 976 2940; x_wconf 77' lang='lat' dir='ltr'>plantationes</span> <span class='ocrx_word' id='word_1_619' title='bbox 996 2895 1068 2928; x_wconf 90' lang='lat' dir='ltr'>Do-</span> 
     </span>
     <span class='ocr_line' id='line_1_85' title="bbox 79 2949 1067 3000; baseline 0 -13"><span class='ocrx_word' id='word_1_620' title='bbox 79 2951 171 2987; x_wconf 88' lang='lat' dir='ltr'>mini</span> <span class='ocrx_word' id='word_1_621' title='bbox 191 2950 354 2999; x_wconf 84' lang='lat' dir='ltr'>quodam</span> <span class='ocrx_word' id='word_1_622' title='bbox 376 2958 578 3000; x_wconf 87' lang='lat' dir='ltr'>prospectu</span> <span class='ocrx_word' id='word_1_623' title='bbox 601 2949 647 2986; x_wconf 90' lang='lat' dir='ltr'>de</span> <span class='ocrx_word' id='word_1_624' title='bbox 667 2950 806 2986; x_wconf 87' lang='lat' dir='ltr'>virtute</span> <span class='ocrx_word' id='word_1_625' title='bbox 825 2951 863 2986; x_wconf 91' lang='lat' dir='ltr'>in</span> <span class='ocrx_word' id='word_1_626' title='bbox 891 2951 1067 2988; x_wconf 83' lang='lat' dir='ltr'>virtutem</span> 
     </span>
     <span class='ocr_line' id='line_1_86' title="bbox 77 3008 1065 3059; baseline 0 -13"><span class='ocrx_word' id='word_1_627' title='bbox 77 3009 181 3059; x_wconf 78' lang='lat' dir='ltr'>ejus?</span> <span class='ocrx_word' id='word_1_628' title='bbox 196 3013 411 3058; x_wconf 84' lang='lat' dir='ltr'>Prospectu,</span> <span class='ocrx_word' id='word_1_629' title='bbox 428 3008 580 3058; x_wconf 89' lang='lat' dir='ltr'>inquam</span> <span class='ocrx_word' id='word_1_630' title='bbox 594 3024 603 3055; x_wconf 92' lang='lat'>;</span> <span class='ocrx_word' id='word_1_631' title='bbox 620 3022 696 3045; x_wconf 90' lang='lat' dir='ltr'>non</span> <span class='ocrx_word' id='word_1_632' title='bbox 708 3008 829 3045; x_wconf 90' lang='lat' dir='ltr'>audeo</span> <span class='ocrx_word' id='word_1_633' title='bbox 844 3018 1065 3058; x_wconf 80' lang='lat' dir='ltr'>provectum</span> 
     </span>
     <span class='ocr_line' id='line_1_87' title="bbox 79 3066 1066 3117; baseline 0 -13"><span class='ocrx_word' id='word_1_634' title='bbox 79 3067 215 3104; x_wconf 83' lang='lat' dir='ltr'>dicere.</span> <span class='ocrx_word' id='word_1_635' title='bbox 230 3070 320 3103; x_wconf 89' lang='lat' dir='ltr'>Nam</span> <span class='ocrx_word' id='word_1_636' title='bbox 334 3066 379 3103; x_wconf 90' lang='lat' dir='ltr'>ad</span> <span class='ocrx_word' id='word_1_637' title='bbox 392 3067 574 3103; x_wconf 85' lang='lat' dir='ltr'>virtutum</span> <span class='ocrx_word' id='word_1_638' title='bbox 593 3067 708 3117; x_wconf 89' lang='lat' dir='ltr'>ipsius</span> <span class='ocrx_word' id='word_1_639' title='bbox 724 3067 920 3104; x_wconf 85' lang='lat' dir='ltr'>veritatem</span> <span class='ocrx_word' id='word_1_640' title='bbox 936 3076 971 3103; x_wconf 81' lang='lat' dir='ltr'>ct</span> <span class='ocrx_word' id='word_1_641' title='bbox 988 3069 1066 3117; x_wconf 88' lang='lat' dir='ltr'>ple-</span> 
     </span>
     <span class='ocr_line' id='line_1_88' title="bbox 78 3126 1066 3177; baseline 0 -14"><span class='ocrx_word' id='word_1_642' title='bbox 78 3127 288 3164; x_wconf 90' lang='lat' dir='ltr'>nitudinem</span> <span class='ocrx_word' id='word_1_643' title='bbox 315 3126 399 3175; x_wconf 84' lang='lat' dir='ltr'>quis</span> <span class='ocrx_word' id='word_1_644' title='bbox 418 3126 488 3164; x_wconf 82' lang='lat' dir='ltr'>sibi</span> <span class='ocrx_word' id='word_1_645' title='bbox 511 3136 733 3177; x_wconf 87' lang='lat' dir='ltr'>provectum</span> <span class='ocrx_word' id='word_1_646' title='bbox 754 3127 979 3176; x_wconf 73' lang='lat' dir='ltr'>pollicetur?</span> <span class='ocrx_word' id='word_1_647' title='bbox 998 3132 1066 3164; x_wconf 88' lang='lat' dir='ltr'>Ju-</span> 
     </span>
     <span class='ocr_line' id='line_1_89' title="bbox 79 3186 1063 3236; baseline 0.001 -14"><span class='ocrx_word' id='word_1_648' title='bbox 79 3186 224 3223; x_wconf 88' lang='lat' dir='ltr'>cundus</span> <span class='ocrx_word' id='word_1_649' title='bbox 236 3186 423 3235; x_wconf 72' lang='lat' dir='ltr'>digressus</span> <span class='ocrx_word' id='word_1_650' title='bbox 443 3186 553 3236; x_wconf 87' lang='lat' dir='ltr'>plane</span> <span class='ocrx_word' id='word_1_651' title='bbox 566 3215 575 3233; x_wconf 90' lang='lat'>,</span> <span class='ocrx_word' id='word_1_652' title='bbox 595 3195 632 3223; x_wconf 84' lang='lat' dir='ltr'>et</span> <span class='ocrx_word' id='word_1_653' title='bbox 652 3186 876 3223; x_wconf 88' lang='lat' dir='ltr'>connnodus</span> <span class='ocrx_word' id='word_1_654' title='bbox 897 3186 1063 3235; x_wconf 85' lang='lat' dir='ltr'>quidem.</span> 
     </span>
    </p>
   </div>
   <div class='ocr_carea' id='block_1_14' title="bbox 131 3311 848 3352">
    <p class='ocr_par' dir='ltr' id='par_1_16' title="bbox 131 3311 848 3352">
     <span class='ocr_line' id='line_1_90' title="bbox 131 3311 848 3352; baseline 0.006 -11"><span class='ocrx_word' id='word_1_655' title='bbox 131 3317 138 3332; x_wconf 89' lang='lat'>¹</span> <span class='ocrx_word' id='word_1_656' title='bbox 159 3311 254 3343; x_wconf 62' lang='lat' dir='ltr'>lli-br.</span> <span class='ocrx_word' id='word_1_657' title='bbox 272 3323 303 3349; x_wconf 83' lang='lat' dir='ltr'>v,</span> <span class='ocrx_word' id='word_1_658' title='bbox 330 3314 361 3349; x_wconf 92' lang='lat'>7,</span> <span class='ocrx_word' id='word_1_659' title='bbox 381 3316 412 3344; x_wconf 78' lang='grc'>9.</span> <span class='ocrx_word' id='word_1_660' title='bbox 440 3333 479 3336; x_wconf 81' lang='lat'>--</span> <span class='ocrx_word' id='word_1_661' title='bbox 508 3318 517 3333; x_wconf 87' lang='lat'>²</span> <span class='ocrx_word' id='word_1_662' title='bbox 540 3317 633 3346; x_wconf 85' lang='lat' dir='ltr'>Joan.</span> <span class='ocrx_word' id='word_1_663' title='bbox 655 3325 716 3352; x_wconf 82' lang='lat' dir='ltr'>xu,</span> <span class='ocrx_word' id='word_1_664' title='bbox 738 3317 791 3345; x_wconf 75' lang='lat'>20.</span> <span class='ocrx_word' id='word_1_665' title='bbox 824 3333 848 3335; x_wconf 51' lang='lat'>2-</span> 
     </span>
    </p>
   </div>
   <div class='ocr_carea' id='block_1_15' title="bbox 1132 2654 2135 3230">
    <p class='ocr_par' dir='ltr' id='par_1_17' title="bbox 1132 2654 2135 3230">
     <span class='ocr_line' id='line_1_91' title="bbox 1136 2654 2134 2699; baseline 0.005 -11"><span class='ocrx_word' id='word_1_666' title='bbox 1136 2666 1221 2689; x_wconf 90' lang='lat' dir='ltr'>cum</span> <span class='ocrx_word' id='word_1_667' title='bbox 1246 2654 1355 2689; x_wconf 88' lang='lat' dir='ltr'>melle</span> <span class='ocrx_word' id='word_1_668' title='bbox 1378 2667 1466 2699; x_wconf 87' lang='lat' dir='ltr'>suo,</span> <span class='ocrx_word' id='word_1_669' title='bbox 1487 2662 1524 2690; x_wconf 90' lang='lat' dir='ltr'>ct</span> <span class='ocrx_word' id='word_1_670' title='bbox 1548 2654 1627 2690; x_wconf 85' lang='lat' dir='ltr'>sine</span> <span class='ocrx_word' id='word_1_671' title='bbox 1647 2655 1806 2691; x_wconf 84' lang='lat' dir='ltr'>earnalis</span> <span class='ocrx_word' id='word_1_672' title='bbox 1828 2656 2053 2693; x_wconf 75' lang='lat' dir='ltr'>infirmitatis</span> <span class='ocrx_word' id='word_1_673' title='bbox 2074 2658 2134 2693; x_wconf 91' lang='lat' dir='ltr'>in-</span> 
     </span>
     <span class='ocr_line' id='line_1_92' title="bbox 1132 2711 2134 2763; baseline 0.005 -15"><span class='ocrx_word' id='word_1_674' title='bbox 1132 2711 1233 2761; x_wconf 86' lang='lat' dir='ltr'>juria</span> <span class='ocrx_word' id='word_1_675' title='bbox 1252 2713 1287 2749; x_wconf 92' lang='lat' dir='ltr'>in</span> <span class='ocrx_word' id='word_1_676' title='bbox 1305 2722 1506 2763; x_wconf 63' lang='lat' dir='ltr'>assumptae</span> <span class='ocrx_word' id='word_1_677' title='bbox 1523 2714 1646 2750; x_wconf 86' lang='lat' dir='ltr'>carnis</span> <span class='ocrx_word' id='word_1_678' title='bbox 1662 2714 1869 2751; x_wconf 85' lang='lat' dir='ltr'>substantia</span> <span class='ocrx_word' id='word_1_679' title='bbox 1885 2715 2134 2753; x_wconf 85' lang='lat' dir='ltr'>delectatione</span> 
     </span>
     <span class='ocr_line' id='line_1_93' title="bbox 1136 2771 2135 2822; baseline 0.003 -15"><span class='ocrx_word' id='word_1_680' title='bbox 1136 2771 1262 2808; x_wconf 75' lang='lat' dir='ltr'>divina</span> <span class='ocrx_word' id='word_1_681' title='bbox 1282 2781 1319 2808; x_wconf 89' lang='lat' dir='ltr'>ct</span> <span class='ocrx_word' id='word_1_682' title='bbox 1338 2771 1408 2808; x_wconf 87' lang='lat' dir='ltr'>sibi</span> <span class='ocrx_word' id='word_1_683' title='bbox 1429 2772 1499 2809; x_wconf 87' lang='lat' dir='ltr'>soli</span> <span class='ocrx_word' id='word_1_684' title='bbox 1516 2773 1640 2808; x_wconf 82' lang='lat' dir='ltr'>nativa</span> <span class='ocrx_word' id='word_1_685' title='bbox 1660 2774 1879 2822; x_wconf 74' lang='lat' dir='ltr'>perfruitur.</span> <span class='ocrx_word' id='word_1_686' title='bbox 1903 2774 2135 2822; x_wconf 74' lang='lat' dir='ltr'>Comedifit-</span> 
     </span>
     <span class='ocr_line' id='line_1_94' title="bbox 1136 2831 2132 2870; baseline 0.004 -4"><span class='ocrx_word' id='word_1_687' title='bbox 1136 2846 1216 2867; x_wconf 77' lang='lat' dir='ltr'>eum</span> <span class='ocrx_word' id='word_1_688' title='bbox 1238 2845 1318 2866; x_wconf 73' lang='lat' dir='ltr'>cum</span> <span class='ocrx_word' id='word_1_689' title='bbox 1342 2834 1448 2867; x_wconf 65' lang='lat' dir='ltr'>melle</span> <span class='ocrx_word' id='word_1_690' title='bbox 1465 2845 1544 2867; x_wconf 80' lang='lat' dir='ltr'>meo</span> <span class='ocrx_word' id='word_1_691' title='bbox 1560 2847 1570 2866; x_wconf 91' lang='lat'>.·</span> <span class='ocrx_word' id='word_1_692' title='bbox 1585 2831 1660 2867; x_wconf 72' lang='lat' dir='ltr'>bibi</span> <span class='ocrx_word' id='word_1_693' title='bbox 1676 2837 1804 2868; x_wconf 75' lang='lat' dir='ltr'>viuum</span> <span class='ocrx_word' id='word_1_694' title='bbox 1828 2847 1948 2869; x_wconf 59' lang='lat' dir='ltr'>nusum</span> <span class='ocrx_word' id='word_1_695' title='bbox 1968 2848 2047 2870; x_wconf 77' lang='lat' dir='ltr'>cum</span> <span class='ocrx_word' id='word_1_696' title='bbox 2071 2838 2132 2870; x_wconf 81' lang='lat' dir='ltr'>la-</span> 
     </span>
     <span class='ocr_line' id='line_1_95' title="bbox 1136 2890 2134 2942; baseline 0.004 -16"><span class='ocrx_word' id='word_1_697' title='bbox 1136 2900 1190 2926; x_wconf 67' lang='lat' dir='ltr'>cta·</span> <span class='ocrx_word' id='word_1_698' title='bbox 1207 2905 1299 2926; x_wconf 74' lang='lat' dir='ltr'>meo.</span> <span class='ocrx_word' id='word_1_699' title='bbox 1320 2894 1401 2927; x_wconf 89' lang='lat' dir='ltr'>Jam</span> <span class='ocrx_word' id='word_1_700' title='bbox 1420 2890 1512 2927; x_wconf 81' lang='lat' dir='ltr'>dicis</span> <span class='ocrx_word' id='word_1_701' title='bbox 1530 2899 1635 2927; x_wconf 87' lang='lat' dir='ltr'>tuum</span> <span class='ocrx_word' id='word_1_702' title='bbox 1657 2904 1736 2928; x_wconf 86' lang='lat' dir='ltr'>csse</span> <span class='ocrx_word' id='word_1_703' title='bbox 1756 2900 1960 2942; x_wconf 84' lang='lat' dir='ltr'>utrumque</span> <span class='ocrx_word' id='word_1_704' title='bbox 1983 2901 2055 2929; x_wconf 90' lang='lat' dir='ltr'>tam</span> <span class='ocrx_word' id='word_1_705' title='bbox 2079 2894 2134 2931; x_wconf 86' lang='lat' dir='ltr'>lac</span> 
     </span>
     <span class='ocr_line' id='line_1_96' title="bbox 1133 2951 2131 3001; baseline 0.004 -15"><span class='ocrx_word' id='word_1_706' title='bbox 1133 2964 1245 3000; x_wconf 86' lang='lat' dir='ltr'>quam</span> <span class='ocrx_word' id='word_1_707' title='bbox 1265 2951 1405 2986; x_wconf 69' lang='lat' dir='ltr'>vinum.</span> <span class='ocrx_word' id='word_1_708' title='bbox 1425 2953 1503 2986; x_wconf 88' lang='lat' dir='ltr'>Tua</span> <span class='ocrx_word' id='word_1_709' title='bbox 1522 2959 1608 2986; x_wconf 88' lang='lat' dir='ltr'>sunt</span> <span class='ocrx_word' id='word_1_710' title='bbox 1625 2951 1725 2988; x_wconf 90' lang='lat' dir='ltr'>enim</span> <span class='ocrx_word' id='word_1_711' title='bbox 1746 2952 1941 3001; x_wconf 85' lang='lat' dir='ltr'>utriusque</span> <span class='ocrx_word' id='word_1_712' title='bbox 1956 2951 2044 3001; x_wconf 85' lang='lat' dir='ltr'>jura</span> <span class='ocrx_word' id='word_1_713' title='bbox 2062 2966 2131 2990; x_wconf 89' lang='lat' dir='ltr'>na-</span> 
     </span>
     <span class='ocr_line' id='line_1_97' title="bbox 1136 3010 2132 3060; baseline 0.004 -15"><span class='ocrx_word' id='word_1_714' title='bbox 1136 3018 1226 3046; x_wconf 64' lang='lat' dir='ltr'>turae</span> <span class='ocrx_word' id='word_1_715' title='bbox 1240 3038 1249 3055; x_wconf 93' lang='lat'>,</span> <span class='ocrx_word' id='word_1_716' title='bbox 1272 3010 1468 3058; x_wconf 79' lang='lat' dir='ltr'>utriusque</span> <span class='ocrx_word' id='word_1_717' title='bbox 1489 3011 1658 3060; x_wconf 85' lang='lat' dir='ltr'>propria,</span> <span class='ocrx_word' id='word_1_718' title='bbox 1684 3025 1758 3048; x_wconf 89' lang='lat' dir='ltr'>non</span> <span class='ocrx_word' id='word_1_719' title='bbox 1779 3012 1932 3049; x_wconf 84' lang='lat' dir='ltr'>alterius</span> <span class='ocrx_word' id='word_1_720' title='bbox 1951 3013 2040 3049; x_wconf 76' lang='lat' dir='ltr'>vitia</span> <span class='ocrx_word' id='word_1_721' title='bbox 2065 3028 2072 3048; x_wconf 91' lang='lat'>:</span> <span class='ocrx_word' id='word_1_722' title='bbox 2096 3022 2132 3049; x_wconf 90' lang='lat' dir='ltr'>et</span> 
     </span>
     <span class='ocr_line' id='line_1_98' title="bbox 1133 3068 2130 3115; baseline 0.002 -11"><span class='ocrx_word' id='word_1_723' title='bbox 1133 3070 1227 3106; x_wconf 82' lang='lat' dir='ltr'>sicut</span> <span class='ocrx_word' id='word_1_724' title='bbox 1249 3068 1342 3104; x_wconf 86' lang='lat' dir='ltr'>hihit</span> <span class='ocrx_word' id='word_1_725' title='bbox 1359 3069 1487 3105; x_wconf 72' lang='lat' dir='ltr'>vinum</span> <span class='ocrx_word' id='word_1_726' title='bbox 1509 3083 1662 3115; x_wconf 82' lang='lat' dir='ltr'>novum,</span> <span class='ocrx_word' id='word_1_727' title='bbox 1679 3071 1774 3107; x_wconf 85' lang='lat' dir='ltr'>itaet</span> <span class='ocrx_word' id='word_1_728' title='bbox 1794 3072 1848 3107; x_wconf 89' lang='lat' dir='ltr'>lac</span> <span class='ocrx_word' id='word_1_729' title='bbox 1864 3085 2019 3108; x_wconf 69' lang='lat' dir='ltr'>norum.</span> <span class='ocrx_word' id='word_1_730' title='bbox 2041 3074 2130 3107; x_wconf 75' lang='grc' dir='ltr'><em>(ἰιηι</em></span> 
     </span>
     <span class='ocr_line' id='line_1_99' title="bbox 1133 3128 2133 3177; baseline 0.003 -14"><span class='ocrx_word' id='word_1_731' title='bbox 1133 3131 1244 3171; x_wconf 70' lang='lat' dir='ltr'>lacte,</span> <span class='ocrx_word' id='word_1_732' title='bbox 1266 3128 1409 3177; x_wconf 83' lang='lat' dir='ltr'>inquit,</span> <span class='ocrx_word' id='word_1_733' title='bbox 1433 3143 1537 3171; x_wconf 67' lang='lat' dir='ltr'>nmo,-</span> <span class='ocrx_word' id='word_1_734' title='bbox 1564 3129 1599 3165; x_wconf 88' lang='lat' dir='ltr'>id</span> <span class='ocrx_word' id='word_1_735' title='bbox 1624 3138 1698 3175; x_wconf 84' lang='lat' dir='ltr'>cst,</span> <span class='ocrx_word' id='word_1_736' title='bbox 1722 3144 1805 3167; x_wconf 84' lang='lat' dir='ltr'>cum</span> <span class='ocrx_word' id='word_1_737' title='bbox 1833 3131 1928 3168; x_wconf 84' lang='lat' dir='ltr'>lacte</span> <span class='ocrx_word' id='word_1_738' title='bbox 1953 3130 2133 3167; x_wconf 76' lang='lat' dir='ltr'>novitatis</span> 
     </span>
     <span class='ocr_line' id='line_1_100' title="bbox 1134 3187 1736 3230; baseline 0.005 -8"><span class='ocrx_word' id='word_1_739' title='bbox 1134 3195 1224 3230; x_wconf 67' lang='lat' dir='ltr'>tuae,</span> <span class='ocrx_word' id='word_1_740' title='bbox 1250 3200 1323 3223; x_wconf 89' lang='lat' dir='ltr'>non</span> <span class='ocrx_word' id='word_1_741' title='bbox 1344 3187 1569 3225; x_wconf 78' lang='lat' dir='ltr'>infirmitatis</span> <span class='ocrx_word' id='word_1_742' title='bbox 1587 3197 1736 3225; x_wconf 57' lang='lat' dir='ltr'>nostran</span> 
     </span>
    </p>
   </div>
   <div class='ocr_carea' id='block_1_16' title="bbox 883 3311 1152 3350">
    <p class='ocr_par' dir='ltr' id='par_1_18' title="bbox 883 3311 1152 3350">
     <span class='ocr_line' id='line_1_101' title="bbox 883 3311 1152 3350; baseline 0 -6"><span class='ocrx_word' id='word_1_743' title='bbox 883 3311 1027 3345; x_wconf 59' lang='grc' dir='ltr'>311(ῑυι·.</span> <span class='ocrx_word' id='word_1_744' title='bbox 1049 3326 1079 3350; x_wconf 65' lang='lat' dir='ltr'>r,</span> <span class='ocrx_word' id='word_1_745' title='bbox 1102 3318 1152 3345; x_wconf 67' lang='lat' dir='ltr'>lt&#39;».</span> 
     </span>
    </p>
   </div>
  </div>
 </body>
</html>
