2418 3949
64 194 141 230 305

763 194 811 227 IN
841 190 1069 232 CANTICA,
1100 189 1263 224 SERMO
1291 189 1422 223 XLIV.

2039 182 2115 219 306

64 269 223 320 probata
242 277 298 306 est
315 283 323 306 ε
342 281 428 305 nam
445 275 502 304 est
524 265 695 316 quaedam
725 267 877 316 myrrha
893 279 976 315 quae
995 277 1056 301 re-
1069 262 1114 281 ¹⁴⁹
1127 263 1206 299 tuli.
1227 267 1269 299 In
1287 263 1399 299 alium
1422 261 1640 298 differamus
1661 268 1878 305 tractatum,
1895 258 2050 308 gratiam
2071 257 2118 294 ab

64 329 185 379 proba
205 338 271 366 est.
294 331 386 366 Cum
415 326 555 363 videris
581 326 833 375 quorumdam
853 325 1054 376 puerilium
1072 327 1100 361 A
1120 335 1165 359 eo
1179 330 1396 372 expetentes
1413 330 1450 357 et
1469 328 1746 370 exspectantes,
1762 319 1828 369 qui
1846 317 1959 355 habet
1974 319 2118 354 clavem

62 390 258 427 hominum
282 389 418 438 digitos
439 386 631 437 prohibita
652 386 788 435 passim
810 386 914 434 signa
935 383 1054 420 distil-

63 450 160 495 lare,
191 449 323 498 agilem
352 460 505 484 manum
537 446 704 495 undique
736 444 960 494 petulantis,
995 442 1054 479 vel

62 508 231 558 perversi
249 508 405 544 affectus
431 506 568 542 indicia
587 518 782 555 spargere;
805 512 847 540 ut
869 502 1052 547 arbitror,

62 567 351 617 indisciplinatae
393 564 688 603 conversationis
733 561 1022 600 amaritudinem
1038 590 1048 607 ‚

62 627 169 676 quasi
197 625 397 676 reprobam
428 625 638 673 myrrham,
671 624 763 659 istos
789 621 946 658 fundere
978 633 1055 656 non

63 686 228 736 negabis.
243 690 301 723 An
317 698 393 721 non
407 684 514 733 quasi
528 684 681 732 myrrha
696 682 844 719 lascivia
860 681 958 727 talis,
972 692 1056 730 quae

66 755 103 783 et
117 746 272 782 fratrum
291 744 547 794 disciplinatos
562 756 686 779 mores
703 742 918 786 contristat,
934 748 970 776 et
987 738 1057 775 sibi

63 806 101 842 in
125 813 316 855 posterum
335 803 567 840 confusionis
583 811 619 838 et
639 802 867 852 poenitentiae
886 809 940 837 est
961 799 1058 850 pari-

63 874 146 902 tura
166 864 402 901 moestitiam?
424 862 688 899 Probatissima
704 875 796 897 vero
814 860 966 910 myrrha
983 867 1052 904 est,

62 937 147 974 quae
161 924 200 960 in
217 923 343 960 multis
364 922 593 972 argumentis
610 921 778 958 exercitii
802 920 983 969 regularis
998 927 1054 955 est

63 991 211 1033 reperta
240 980 450 1019 laudabilis.
484 984 530 1017 Et
558 980 737 1029 regularis
768 979 986 1015 exercitatio
1015 986 1052 1014 et

63 1041 207 1078 hostilis
237 1041 405 1087 vexatio,
437 1048 596 1089 utraque
625 1038 833 1088 probabilis
862 1045 940 1083 est,
969 1051 1051 1073 cum
1071 1037 1098 1070 B

63 1102 250 1151 patientiae
265 1101 384 1137 virtus
396 1128 405 1144 ‚
424 1108 570 1136 servata
585 1098 795 1147 integritate
813 1110 898 1141 sua,
921 1097 1054 1132 amari-

65 1160 194 1196 tudine
222 1160 337 1196 nimia
367 1172 443 1195 non
476 1158 735 1207 corrumpitur
765 1170 807 1193 ac
837 1156 1050 1205 degenerat.

63 1219 202 1256 Recole
222 1227 409 1268 tempora,
430 1216 780 1267 quibusjuoencula
794 1216 916 1252 adbuc
929 1216 1054 1252 Eccle-

63 1278 115 1314 sia
135 1278 181 1314 ad
201 1290 308 1314 aures
328 1277 492 1327 pulsavit
511 1277 736 1321 Gentilium,
757 1284 800 1312 ut
825 1275 964 1312 dilecto
985 1288 1053 1311 suo

64 1336 210 1373 Christo
235 1336 281 1373 ad
311 1336 425 1373 corda
454 1336 622 1385 ipsorum
657 1336 794 1372 ostium
824 1335 1053 1385 aperiretur,

62 1403 208 1445 pateret
223 1396 346 1433 aditus
365 1411 372 1432 :
388 1409 499 1445 quam
518 1396 739 1431 innumeros
756 1394 953 1431 desudavit
966 1407 1055 1443 ago—

64 1468 129 1492 nes
143 1484 152 1502 ,
175 1464 314 1505 quanta
334 1456 495 1492 confecit
515 1456 713 1504 martyria,
735 1469 846 1504 quam
867 1454 1056 1493 continuis

63 1522 120 1551 est
135 1522 268 1551 vexata
280 1515 492 1564 suppliciis!
514 1519 609 1551 Vere
623 1514 728 1564 digiti
748 1514 829 1562 ejus
845 1514 946 1564 pleni
960 1527 1057 1562 myr—

63 1573 130 1610 rha
150 1572 434 1622 probatissima,
453 1587 498 1610 eo
521 1574 623 1623 quod
644 1574 948 1610 omnimodarum
970 1586 1057 1623 pas—

62 1632 212 1669 sionum
232 1633 462 1682 argumentis
484 1633 680 1670 honestata
700 1641 755 1669 est
772 1633 892 1669 virtus
912 1632 993 1681 ejus
1012 1632 1051 1668 in

61 1690 254 1729 laboribus
273 1692 363 1729 suis.

116 1752 153 1788 9.
173 1754 265 1789 Cum
283 1751 499 1800 hujusmodi
518 1751 690 1789 manibus
709 1752 860 1801 satagite
875 1780 884 1797 ,
907 1752 1051 1796 fratres,

64 1811 210 1860 aperire
233 1811 379 1857 Verbo,
400 1812 668 1861 speculationis
697 1811 888 1848 dulcedini
908 1811 1051 1847 aditum
1074 1803 1101 1838 C

62 1883 288 1919 praeparare.
319 1874 510 1908 Bonorum
541 1879 692 1907 actuum
722 1871 881 1915 meritis,
919 1870 1054 1906 mentis

63 1937 195 1965 vestrae
216 1942 382 1966 recessus
403 1930 548 1966 Christo
570 1929 722 1966 uberius
743 1928 967 1966 reserabitis.
989 1928 1053 1964 vi-

63 1987 148 2024 dete
177 1989 206 2025 si
238 1988 377 2025 laboris
409 1996 446 2025 et
480 1989 706 2038 fatigationis
735 1997 866 2024 vestrae
899 1987 1052 2036 myrrha

64 2048 190 2084 multis
205 2056 259 2084 est
273 2048 540 2097 experimentis
560 2057 707 2097 reperta
722 2047 940 2091 laudabilis,
959 2047 1053 2082 sicut

65 2120 197 2143 aurum
224 2107 328 2156 quod
357 2120 425 2156 per
445 2108 566 2156 ignem
595 2106 790 2156 probatur.
821 2110 940 2152 Digiti
960 2110 1049 2149 mei,

64 2168 208 2216 inquit,
224 2172 332 2216 pleni
348 2170 496 2214 myrrha
510 2168 787 2215 probatis-sium.
809 2166 1052 2203 Discretionis

63 2226 294 2274 significatur
315 2226 499 2262 subtilitas
514 2255 522 2271 ‚
544 2235 581 2262 et
603 2227 790 2262 unctionis
816 2225 968 2261 ubertas
987 2239 994 2259 :
1016 2232 1053 2259 et

62 2283 197 2333 digitos
214 2285 312 2320 enim
331 2284 437 2330 dicit,
453 2293 490 2321 et
506 2286 648 2334 plenoS.
667 2285 855 2321 Distillant
869 2312 878 2328 ,
895 2291 931 2319 et
952 2283 1052 2333 pleni

62 2351 170 2380 sunt:
185 2343 476 2379 vicissitudinem
493 2343 648 2387 liabent,
665 2357 740 2380 non
755 2343 1052 2379 evacuationem.

61 2402 495 2452 Interpolanturjejunia
509 2403 711 2439 resectione
724 2433 732 2448 ‚
747 2402 894 2439 labores
911 2402 1053 2450 requie,

61 2461 196 2510 vigiliae
227 2475 372 2499 somno.
403 2462 626 2499 Vicissitudo
654 2462 894 2498 refectionem
925 2460 1053 2506 affert,

63 2533 140 2556 non
173 2521 373 2558 defectum.
406 2524 540 2569 Digiti,
570 2522 711 2569 inquit,
749 2526 820 2556 mei
845 2523 950 2568 pleni
974 2529 1056 2554 suut

63 2580 212 2625 myrrha
222 2580 496 2627 probatissima.
513 2579 850 2629 Contemplationis
866 2587 973 2628 optas
988 2577 1051 2613 de-
1071 2576 1103 2608 D

65 2639 165 2675 licias
178 2667 188 2685 ,
210 2640 337 2689 sponsi
353 2640 589 2689 amplexibus
606 2653 650 2676 ex
672 2640 750 2676 otio
770 2639 930 2689 perfrui,
948 2639 1051 2675 illum

63 2698 184 2734 solum
203 2699 327 2735 cordis
345 2699 397 2735 tui
413 2700 605 2735 continere
625 2700 794 2735 secreto?
812 2699 887 2734 noli
903 2697 948 2734 ad
968 2711 1055 2747 ape-

65 2757 236 2794 riendum
255 2759 401 2803 vacuis,
422 2759 498 2794 noli
520 2759 631 2794 aridis
649 2771 847 2795 occurrere
864 2757 1050 2794 manibus.

67 2816 175 2852 Actio
186 2818 540 2866 contemplationem
558 2818 765 2866 praecurrit.
778 2821 928 2865 Quanto
940 2817 1055 2866 magis

67 2876 218 2924 myrrha
236 2877 474 2913 continentiae
489 2886 525 2913 et
544 2877 756 2913 afflictionis
772 2876 1055 2912 mortificaveris

65 2935 221 2971 affectus
237 2936 433 2980 animales,
453 2944 556 2972 tanto
573 2936 785 2973 uberiorem
807 2936 947 2972 aditum
967 2935 1055 2971 dile-

67 3002 127 3030 cto
143 2995 345 3044 paraveris.
365 2996 535 3045 Denique
552 2996 724 3045 sequitur
741 3011 748 3032 :
770 2997 960 3031 Pessulum
977 2997 1058 3029 aecii

67 3058 139 3089 mei
168 3059 302 3102 aperui
326 3057 470 3092 dilecto.
498 3059 579 3092 Non
602 3068 802 3104 possumus
829 3055 863 3090 in
885 3054 1055 3103 angustia

68 3113 290 3150 terminandi
310 3114 492 3151 sermonis
509 3114 621 3164 liujus
635 3116 770 3151 ostium
790 3114 936 3164 aperire
953 3114 1055 3163 capi-

1119 381 1240 418 David
1255 409 1264 424 ‚
1295 382 1374 417 sine
1394 394 1469 430 qua
1488 393 1600 416 nenio
1621 379 1764 430 aperit,
1789 382 1897 416 Jesus
1926 377 2121 422 Christus;

1120 441 1185 490 qui
1215 440 1308 476 vivit
1327 447 1364 476 et
1393 446 1523 490 regnat
1552 451 1620 487 per
1646 437 1773 474 omnia
1799 436 1935 473 saecula
1962 435 2119 472 saeculo-

1122 512 1219 536 rum.
1244 503 1379 536 Amen.

1120 641 1860 653 ιινικν-νιιιωνιυινιιινινιυιιιιιιινιιινιυιῑιννκνιιι
1865 638 2103 649 ssu-,mmm-
2109 638 2119 646 ι

1362 768 1614 825 SERMO
1674 766 1878 822 XLIV.

1118 916 1276 948 Pessulum
1305 915 1377 946 ostli
1402 916 1460 945 mei
1486 913 1595 959 aperui
1613 912 1754 950 dileclo;
1779 918 1815 942 al
1839 910 1892 943 ille
1907 909 2121 941 declinaverat

1165 978 1259 1015 atque
1281 970 1458 1000 transierat.
1476 969 1596 1000 Anima
1616 978 1686 998 mea
1701 965 1877 1011 liquefacta
1889 971 1933 996 est
1947 971 1978 995 ul
1996 962 2119 994 locutus

1164 1031 1221 1055 est.
1240 1023 1358 1056 Cautic.
1380 1033 1448 1065 cap.
1474 1033 1504 1058 v,
1527 1019 1566 1058 ,ix
1588 1025 1618 1052 6.

1514 1148 1727 1162 —d-voo-b—

1177 1278 1208 1314 1.
1239 1276 1362 1314 Hodie
1395 1275 1525 1320 vobis,
1550 1275 1704 1320 fratres,
1736 1273 1782 1310 de
1812 1272 2006 1322 apertione
2029 1268 2114 1306 ostii

1120 1337 1314 1373 disserturi
1331 1349 1472 1373 sumus.
1491 1339 1583 1372 Nam
1602 1335 1802 1372 hesternus
1821 1344 1946 1370 sermo
1966 1331 2012 1367 de
2028 1341 2117 1379 ope-

1123 1396 1287 1441 ratione,
1308 1409 1392 1445 quae
1418 1396 1523 1431 velut
1545 1394 1716 1444 quaedam
1739 1393 1783 1430 ad
1803 1391 2038 1442 apertionem
2060 1396 2116 1425 est

1122 1457 1183 1493 via
1195 1485 1204 1501 ,
1220 1457 1394 1492 ultimum
1413 1464 1591 1492 tractatus
1605 1455 1722 1490 nostri
1741 1453 1892 1502 digessit
1904 1449 2115 1487 articulum.

1122 1520 1226 1553 Bona
1246 1516 1357 1565 plane
1374 1516 1545 1565 operatio
1558 1544 1566 1560 ‚
1586 1528 1670 1564 quae
1686 1511 1977 1550 immortalitatis
1996 1517 2033 1546 et
2057 1508 2117 1544 in-

1124 1575 1379 1624 corruptionis
1402 1588 1506 1624 spem
1533 1583 1569 1611 et
1591 1575 1753 1623 speciem
1775 1584 1923 1622 semper
1943 1568 2114 1619 praefert,

1118 1647 1203 1683 quae
1232 1647 1309 1670 non
1342 1634 1501 1670 seminat
1531 1633 1568 1669 in
1601 1646 1731 1677 carne,
1754 1645 1800 1668 ne
1829 1628 2113 1678 corruptionem

1118 1694 1205 1730 inde
1226 1701 1351 1729 metat.
1373 1693 1527 1730 Utinam
1546 1693 1582 1728 in
1604 1693 1760 1728 veritate
1781 1704 1849 1739 ego
1872 1689 1996 1725 dicere
2018 1698 2111 1735 pos-

1119 1753 1208 1798 sim,
1234 1753 1320 1801 quia
1345 1752 1498 1800 myrrha
1520 1752 1559 1787 in
1581 1751 1754 1787 manibus
1776 1749 1866 1786 meis
1888 1759 2048 1796 semper.
2076 1745 2116 1780 Si

1119 1817 1223 1859 qais,
1262 1811 1382 1860 inquit
1417 1815 1543 1855 Jesus,
1565 1809 1704 1857 jecerit
1729 1812 1957 1845 voluntatem
1986 1806 2112 1840 Patrt‘s

1119 1876 1190 1907 mei
1201 1901 1211 1916 ‚
1234 1880 1425 1919 cognoscet
1443 1873 1489 1906 (le
1508 1872 1675 1906 doctrina
1694 1884 1777 1905 mea
1792 1876 1814 1904 ¹.
1835 1872 1930 1905 Ecce
1950 1864 2114 1914 qualiter

1118 1931 1267 1980 pietatis
1282 1938 1385 1966 aetus
1401 1930 1541 1966 aditum
1561 1937 1700 1966 reserat
1714 1927 1891 1965 veritatis.
1907 1923 2003 1962 Boni
2017 1928 2117 1958 certe

1117 1997 1239 2035 actus,
1261 1989 1324 2038 qui
1346 1997 1383 2025 et
1404 1988 1564 2037 quadam
1585 1987 1908 2037 contemperantia
1925 1992 1962 2020 et
1982 1980 2116 2018 mode-

1118 2050 1263 2085 ratione
1281 2049 1430 2085 discreti
1448 2058 1552 2094 sunt,
1571 2057 1608 2085 et
1625 2048 1815 2085 unctionis
1833 2044 2036 2082 devotione
2055 2052 2116 2077 re-

1118 2107 1220 2155 pleti.
1245 2111 1335 2143 Jure
1359 2106 1529 2143 manibus
1550 2106 1808 2154 unguentariis
1828 2102 1996 2153 aperitur
2011 2097 2114 2136 Cliri-

1117 2174 1195 2210 sto,
1221 2167 1285 2214 qui
1303 2166 1348 2202 de
1365 2166 1545 2202 unctione
1566 2178 1705 2201 nomen
1725 2164 1880 2212 accepit.
1898 2163 1942 2197 Et
1958 2157 2113 2195 forsitan

1119 2227 1189 2262 nisi
1211 2240 1279 2275 per
1301 2235 1455 2262 unctum
1486 2227 1623 2262 ostium
1645 2224 1790 2274 ingredi
1812 2223 1940 2260 nescit.
1963 2219 2054 2257 Ideo
2075 2218 2114 2254 in

1120 2287 1262 2334 templo
1277 2286 1322 2321 (le
1337 2286 1444 2334 lignis
1461 2287 1644 2322 olivarum
1663 2285 1796 2321 ostiola
1815 2285 1909 2319 facta
1924 2288 2033 2324 sunt,
2049 2290 2118 2327 per

1119 2357 1202 2392 quae
1217 2345 1252 2379 in
1269 2347 1402 2381 Sancta
1418 2352 1632 2379 sanctorum
1647 2342 1769 2379 aditus
1783 2345 1964 2391 pateret².
1978 2335 2114 2384 Hujus-

1121 2402 1221 2438 modi
1249 2403 1347 2438 enim
1366 2410 1402 2438 et
1429 2402 1517 2451 ligni
1540 2402 1693 2438 materia
1713 2398 1952 2450 unguentarii
1971 2403 2025 2432 est
2044 2393 2114 2430 mi-

1121 2462 1236 2498 nistra
1258 2462 1425 2511 liquoris.
1454 2462 1596 2499 Ostiola
1616 2461 1714 2498 dicta
1736 2469 1846 2505 sunt,
1869 2467 1905 2495 et
1927 2457 2112 2493 olivarum

1121 2529 1243 2557 arctus
1265 2522 1441 2558 introitus
1461 2535 1468 2556 ε
1492 2521 1556 2557 sed
1578 2521 1613 2557 in
1638 2519 1865 2570 pinguedine
1886 2517 2012 2567 gratiae
2034 2513 2115 2550 sine

1121 2581 1340 2617 difficultate
1364 2580 1526 2617 illaberis
1541 2609 1549 2623 ‚
1574 2580 1637 2617 ubi
1659 2580 1805 2616 subtilis
1824 2587 1879 2615 est
1899 2576 2114 2624 intelligen-

1120 2641 1165 2676 tia
1181 2669 1189 2685 ,
1213 2649 1250 2676 et
1270 2649 1453 2676 secretum
1473 2640 1702 2688 mysterium.
1722 2642 1804 2675 'Non
1822 2637 2032 2674 laboriosos
2047 2646 2113 2682 pa-

1121 2698 1215 2735 tebit
1235 2700 1441 2747 ingressus,
1466 2699 1495 2735 si
1524 2699 1738 2735 devotionis
1760 2707 1795 2733 et
1819 2695 2008 2733 charitatis
2028 2693 2113 2728 olco

1121 2758 1227 2807 quasi
1250 2758 1346 2793 ostio
1373 2758 1539 2793 volueris
1568 2758 1635 2793 uti.
1661 2761 1705 2793 Et
1736 2765 1826 2806 puto
1848 2753 1950 2804 quod
1971 2764 2114 2789 convc-

1121 2818 1228 2853 niens
1255 2825 1309 2852 cst
1339 2817 1385 2853 de
1421 2817 1562 2866 templo
1598 2817 1852 2852 testimonium
1882 2814 2072 2864 prolatum
2103 2825 2110 2846 ε

1128 2880 1317 2926 Templum
1336 2882 1432 2912 enim
1447 2881 1518 2913 Dei
1530 2887 1697 2913 sanetum
1712 2886 1780 2920 est,
1796 2878 1899 2924 quod
1913 2879 1996 2910 estis
2009 2886 2074 2908 vos
2087 2871 2112 2907 ³.

1120 2936 1226 2973 Habe
1241 2950 1330 2985 ergo
1344 2937 1379 2972 in
1398 2936 1539 2986 templo
1559 2945 1623 2972 tuo
1637 2937 1748 2981 ostia,
1765 2949 1832 2985 per
1848 2948 1930 2984 quae
1946 2944 2114 2970 summus

1121 2997 1292 3033 Pontifex
1309 2997 1410 3031 solus
1426 2996 1658 3045 ingrediatur
1676 2997 1711 3032 in
1731 2996 1902 3032 intimum
1921 2993 2043 3031 cordis
2062 2992 2114 3028 tui

1122 3069 1320 3092 recessum.
1342 3055 1483 3092 Claude
1504 3055 1664 3101 ostium,
1688 3055 1786 3092 obde
1807 3055 2022 3106 pessulum,
2046 3053 2115 3088 nisi

1121 3115 1274 3165 quando
1291 3115 1448 3151 dilectus
1470 3123 1554 3151 tuus
1574 3116 1697 3165 pulsat
1717 3114 1861 3165 ingredi
1883 3115 2055 3151 x·olens⁴'.
2079 3112 2113 3148 si

119 3237 125 3251 ¹
147 3234 240 3262 ι1111111.
259 3244 319 3271 vii,
341 3235 390 3264 17.
407 3251 449 3255 --
469 3239 481 3254 ²
498 3237 539 3265 ΙΙΙ
558 3237 629 3274 Reg,
650 3246 693 3270 vi,
713 3238 820 3264 :31.—--
843 3232 1048 3270 3101112111,
1071 3238 1120 3265 17.

115 3292 127 3305 “
141 3289 332 3330 'l'irathllus
347 3298 374 3322 et
389 3293 529 3323 llorstius
543 3317 551 3330 ,
568 3293 626 3322 nisi
638 3291 768 3337 quando
788 3291 919 3322 dilectus
939 3300 1009 3323 mnas
1025 3292 1147 3335 ingredi
1171 3293 1250 3323 vole!
1264 3318 1269 3325 .
1291 3295 1404 3324 omisso
1418 3294 1534 3336 pulsat.
1554 3296 1578 3331 'l‘
