2418 3949
118 120 188 156 621

739 121 1146 158 DECLAMATIONES
1176 123 1242 156 EX
1271 122 1549 159 BERNARDO.

2098 123 2173 161 622

117 205 237 234 mater
264 197 467 247 tepiditatis
493 197 574 246 ejus
601 210 684 247 quae
707 198 801 234 solet
824 201 902 235 Deo
925 198 1108 234 vomitum
1120 196 1251 234 ²⁹⁷bus
1275 210 1390 247 super
1409 211 1470 244 sc3
1497 206 1538 234 ut
1561 198 1674 247 vulgo
1696 197 1854 244 dicitur,
1875 216 1887 231 τι
1909 199 2051 237 Saliens
2077 209 2178 236 ante-

118 268 341 304 provocare.
362 259 459 294 Cave
477 256 567 302 tibi,
583 257 646 292 ait.
670 256 815 306 thuid
831 256 959 293 enim?
980 259 1071 294 Cum
1094 269 1114 292 a
1129 265 1162 298 A
1183 274 1197 289 »
1218 270 1331 305 quam
1352 257 1495 303 videat,
1513 270 1666 294 casurus
1689 266 1889 307 antequam
1907 258 2052 295 debeat.
2073 277 2087 291 »
2109 263 2178 296 Pe-

118 318 199 352 Deo
225 315 385 353 verbum
411 330 490 354 esse
514 329 591 353 non
622 316 794 362 dubites,
812 316 903 365 quid
932 329 1029 366 opus
1057 323 1114 351 est

118 374 417 413 deliberatione?
448 380 565 414 Vocat
593 376 718 425 magni
746 376 892 413 consilii
923 375 1111 424 Angelus;

118 435 210 483 quid
231 436 352 472 aliena
367 436 521 473 consilia
540 436 787 486 praestolaris?
801 435 892 483 Quis
907 435 1007 471 enim
1023 433 1114 470 fide-

119 495 205 542 lior,
219 497 351 545 quisve
371 496 578 546 sapientior
594 496 684 532 illo?
705 495 826 534 Seduc
843 508 916 539 me,
935 494 1110 538 Domine,

119 563 157 590 et
185 554 342 592 seducar
367 569 374 590 :
400 555 533 591 fortior
549 563 630 592 esto
654 563 691 591 et
707 555 906 591 invalesce.
927 554 1021 590 Novi
1043 566 1113 602 ego

120 626 292 662 quaenam
313 614 388 650 sint
407 627 492 662 quae
512 622 664 663 oportet
685 613 765 650 fieri
785 613 871 649 cito.
888 612 945 650 Ab
963 625 1028 649 ore
1044 625 1113 662 pu-

120 673 169 710 tei
188 673 369 722 gehennae
394 673 559 722 eripior3
585 682 623 710 et
642 673 812 710 inducias
833 681 978 722 petam,
996 680 1034 708 et
1051 684 1112 708 re-

121 731 300 778 tardab03
334 741 372 769 et
403 731 611 770 cunctabor
640 733 744 769 exire
771 733 801 769 si
833 732 927 769 forte
959 731 1111 768 interim

118 791 182 828 fiat
207 791 372 840 aliquid?
396 791 591 829 Abscondi
614 792 738 840 ignem
768 792 806 828 in
833 792 916 828 sinu
941 804 1050 835 meo3
1076 798 1114 827 et

117 858 251 887 exusto
267 849 346 899 jam
365 851 482 888 latere
496 851 603 900 ,jam
622 851 772 888 nudatis
790 850 1015 896 visceribus,
1034 849 1113 899 jam

116 909 219 945 sanie
239 909 452 956 defluente,
474 909 538 946 diu
568 910 658 945 mihi
681 909 968 946 deliberandum
989 917 1046 946 est
1064 921 1112 945 an

1181 324 1260 352 trus
1293 318 1499 365 cogitatum
1533 329 1643 352 suum
1670 316 1817 365 jactans
1846 317 1882 354 in
1917 318 2107 365 Domino,
2141 327 2178 355 et

1181 388 1334 412 omnem
1354 376 1645 413 sollicitudinem
1665 390 1768 413 suam
1791 378 1828 413 in
1846 391 1931 414 eum
1949 377 2154 428 projiciens
2168 408 2177 425 ,

1180 443 1305 471 certus
1331 435 1436 484 quod
1456 436 1506 472 illi
1531 436 1629 471 foret
1653 449 1743 472 cura
1767 436 1812 472 de
1829 449 1874 473 eo
1891 465 1901 482 ‚
1922 437 2074 487 reliquit
2092 451 2176 474 om-

1180 495 1241 530 nia
1254 524 1263 540 ,
1281 503 1432 531 secutus
1454 503 1510 531 est
1526 495 1732 531 Dominum
1749 523 1757 538 ,
1781 508 1828 532 ne
1844 496 2080 546 interrogans
2097 498 2178 547 qui-

1180 552 1265 588 dem
1300 552 1346 589 de
1378 553 1559 602 praemio,
1591 553 1713 590 donec
1739 567 1785 589 ex
1815 555 1985 603 periculo
2017 556 2176 593 divitum

1179 612 1281 661 quod
1316 613 1488 650 Salvator
1514 612 1842 662 prosequebatur,
1872 624 2038 652 sumeret
2064 630 2180 653 occa—

1178 673 1322 709 sionem
1346 672 1595 722 percontandi
1617 688 1625 709 :

1344 809 1472 838 xxm.
1488 824 1532 830 ——
1551 808 1599 837 De
1618 806 1755 837 secunda
1774 807 2018 849 regeneratione.

1232 911 1294 948 35.
1330 913 1434 958 Quid
1463 925 1548 961 ergo
1577 916 1648 947 erit
1681 911 1815 947 nobis?
1850 912 1910 950 Ait
1940 913 1994 949 illi
2029 917 2136 951 Jesus
2171 930 2177 951 :

115 968 375 1018 expergiscar,
397 981 445 1006 an
470 969 678 1014 excutiam,
707 982 755 1005 an
782 967 956 1017 abjiciam
986 968 1118 1004 illum?
1137 971 1165 1004 B
1185 973 1306 1006 Amen
1330 972 1412 1006 dico
1436 970 1555 1007 vobis.
1576 969 1744 1007 Verbum
1767 972 2065 1009 confirmationis
2086 986 2180 1023 prae-

114 1030 293 1077 Magnum
314 1029 470 1065 omnino
492 1038 548 1066 est
565 1027 667 1077 quod
687 1028 847 1064 offertur
864 1041 872 1064 :
894 1027 958 1063 sed
973 1040 1018 1063 eo
1033 1026 1108 1063 uti-

115 1099 189 1136 que
218 1087 394 1124 libentius
415 1097 452 1125 et
478 1087 715 1124 festinantius
743 1086 1047 1137 suscipiendum,
1074 1094 1112 1122 et

117 1145 239 1183 obviis
257 1146 514 1197 arripiendum
533 1145 708 1183 manibus
727 1159 812 1183 cum
830 1147 979 1182 fervore
996 1154 1033 1181 et
1050 1145 1110 1181 hi-

117 1205 273 1243 laritate.
295 1206 435 1244 Probet
450 1215 575 1243 autem
593 1220 631 1243 se
647 1207 770 1256 ipsum
783 1235 793 1252 ,
811 1206 875 1255 qui
892 1205 938 1242 de
953 1205 1111 1255 propria

115 1265 255 1302 virtute
279 1266 474 1316 praesumit
494 1281 502 1302 :
524 1278 610 1302 nam
628 1265 758 1301 divina
776 1265 931 1314 quidem
952 1264 1110 1300 omnino

116 1324 278 1374 probata
299 1335 367 1363 est.
393 1327 545 1363 Amicos
571 1326 762 1371 consulat,
785 1325 851 1374 qui
878 1337 956 1361 non
987 1324 1077 1373 legit
1103 1337 1110 1359 :

120 1387 270 1421 Inimi'ci
290 1387 447 1422 hominis
465 1389 658 1422 domestici
678 1387 756 1431 ejas
771 1391 794 1421 ¹.

118 1519 385 1552 XXVIIL—De
403 1520 502 1551 tribus
519 1518 774 1561 responsionibus
790 1519 917 1550 Domini
935 1519 974 1550 ad
993 1528 1046 1554 eos
1059 1518 1114 1559 qui

399 1573 627 1616 promittebant
642 1573 728 1615 sequi
743 1583 827 1604 eum.

169 1684 231 1721 34.
262 1685 361 1733 Quid
384 1685 598 1736 frequentat
622 1685 867 1734 Evangelium
880 1714 890 1731 ,
908 1686 973 1734 qui
990 1689 1115 1723 Evan-

1176 1030 1339 1066 mittitur
1360 1045 1367 1066 :
1393 1043 1571 1079 magnum
1593 1029 1746 1065 noveris
1772 1042 1852 1066 esse
1871 1031 1975 1079 quod
1995 1033 2177 1081 seqnitur.

1178 1095 1298 1127 Amen
1320 1092 1403 1126 (lico
1417 1090 1535 1135 vobis,
1552 1091 1651 1138 quod
1668 1102 1733 1125 vos
1751 1094 1817 1138 qai
1830 1095 1944 1126 secuti
1960 1095 2042 1126 estis
2054 1106 2123 1136 me,
2140 1098 2177 1128 in

1177 1155 1467 1199 regeneratione,
1492 1163 1574 1185 cum
1595 1151 1730 1185 sederit
1753 1151 1871 1185 Filius
1887 1149 2093 1197 leominisss,
2108 1160 2179 1188 etc.

1177 1210 1276 1259 Quid
1297 1218 1353 1247 est
1372 1209 1476 1259 quod
1496 1209 1605 1255 dicit,
1627 1214 1666 1245 in
1688 1212 1999 1258 regeneratione?
2016 1219 2079 1247 aut
2095 1225 2180 1260 qnae

1178 1279 1233 1307 est
1261 1271 1341 1307 haec
1376 1283 1476 1307 nova
1511 1270 1770 1319 regeneratio?
1807 1272 1937 1318 Neque
1970 1271 2069 1307 enim
2098 1270 2176 1320 jam

1178 1331 1419 1379 ignoramus,
1458 1330 1639 1379 quoniam
1669 1337 1822 1379 oportet
1850 1329 2044 1367 hominem
2078 1332 2178 1368 nasci

1180 1389 1329 1434 denuo,
1358 1402 1435 1426 non
1464 1402 1511 1425 ex
1536 1388 1804 1438 sanguinibus,
1829 1401 1952 1438 neque
1973 1403 2019 1426 ex
2037 1391 2178 1427 volun-

1181 1457 1255 1486 tate
1276 1449 1346 1485 viri
1361 1478 1370 1495 ,
1388 1448 1453 1485 sed
1473 1462 1520 1486 ex
1545 1462 1642 1498 aqua
1665 1457 1703 1485 et
1728 1447 1870 1498 Spiritu
1897 1457 2028 1486 sancto
2045 1456 2070 1485 7.
2097 1453 2178 1487 Cae-

1181 1517 1300 1545 terum
1333 1521 1418 1545 cum
1445 1508 1660 1544 nullatcnus
1678 1507 1725 1544 ad
1747 1520 1827 1544 eam
1852 1508 2176 1557 regenerationem

1178 1569 1300 1605 valeat
1319 1568 1398 1604 haec
1418 1568 1620 1618 promissio
1645 1568 1857 1617 pertinere,
1883 1568 1980 1604 forte
2004 1576 2040 1604 et
2061 1568 2176 1605 altera

1180 1628 1463 1678 regeneratione
1481 1639 1577 1676 opus
1591 1640 1671 1664 esse
1686 1627 1837 1664 videtur
1855 1642 1862 1664 :
1884 1640 1953 1663 nec
1968 1627 2091 1663 solum
2109 1627 2176 1664 de-

1181 1700 1258 1723 nuo
1273 1715 1283 1732 ,
1305 1687 1368 1724 sed
1390 1695 1427 1724 et
1453 1687 1564 1724 tertio
1592 1687 1785 1724 hominem
1807 1688 1910 1725 nasci
1927 1701 2081 1725 necesse
2106 1696 2173 1725 est.

115 1743 214 1793 gelio
240 1757 317 1781 non
346 1745 502 1782 obedit?
526 1750 575 1783 At
599 1745 637 1782 in
666 1758 712 1781 eo
732 1758 820 1782 sane
840 1745 996 1794 legimus
1015 1759 1108 1795 pro·
1129 1748 1156 1783 C
1175 1747 1310 1783 Infelix
1329 1760 1399 1797 ego
1413 1776 1422 1792 ,
1444 1756 1481 1784 et
1498 1747 1722 1784 miserabilis
1742 1761 1849 1785 casus
1870 1761 1997 1793 meus,
2016 1748 2075 1784 cui
2095 1761 2171 1784 non

116 1803 281 1840 mittenti
295 1805 442 1841 cuidam
456 1806 562 1854 sequi
573 1805 792 1850 Dominum,
807 1804 872 1841 sed
889 1804 1112 1842 defunctum

117 1862 224 1910 prius
255 1872 401 1913 patrem
433 1864 591 1914 sepelire
610 1864 755 1900 volenti
781 1876 1005 1913 responsum
1033 1878 1112 1901 esse

117 1924 164 1960 ab
178 1938 238 1971 eo,
254 1934 295 1963 ut
309 1927 448 1964 sineret
465 1937 624 1963 mortuos
639 1930 796 1975 sepelire
813 1936 971 1962 mortuos
988 1941 1072 1962 suos
1085 1933 1110 1963 ².

117 1984 233 2022 Alteri
256 1999 409 2036 quoque
435 1996 577 2024 tantum
609 1988 684 2023 suis
712 1988 777 2036 qui
802 1987 838 2023 in
864 1987 978 2023 domo
1005 1995 1113 2023 crant

116 2045 323 2083 valedicere
346 2048 512 2096 cupienti
532 2063 539 2084 :
563 2049 689 2091 Nemo,
712 2047 849 2096 inquit,
868 2052 1015 2083 milleris
1035 2061 1112 2082 ma-

116 2117 205 2140 num
225 2108 278 2141 ml
295 2117 476 2151 aratrum,
505 2116 540 2142 et
562 2111 762 2156 respiciens
788 2117 895 2152 retr0,
923 2117 1033 2155 aptus
1060 2116 1114 2142 est

117 2178 230 2214 regno
255 2169 327 2202 Dei
343 2167 367 2203 3.
390 2167 461 2203 Sed
490 2167 580 2216 quid
604 2167 774 2204 audierat
792 2167 960 2217 primus?
982 2169 1111 2215 blagi-

115 2235 202 2271 ster,
236 2227 305 2272 ait,
335 2230 420 2262 volo
453 2237 488 2263 te
519 2232 623 2276 sequi
653 2241 885 2276 quocumque
913 2231 1009 2262 ieris.
1043 2227 1111 2264 Cui

116 2285 351 2335 respondens
375 2287 561 2324 Dominus
587 2302 595 2323 ε
629 2289 781 2336 Vulpes,
811 2287 957 2335 inquit,
978 2285 1110 2334 foveas

117 2344 264 2388 habent,
287 2355 323 2381 et
345 2349 512 2382 volucres
537 2349 624 2382 coeli
647 2348 777 2382 nidum
807 2361 818 2381 .·
845 2348 963 2381 Filius
988 2355 1109 2382 mitem

117 2405 278 2440 hominis
296 2419 370 2440 non
393 2405 504 2441 habet
524 2405 586 2442 ubi
601 2415 713 2454 capnt
732 2405 917 2441 reclineffl'.
940 2405 1112 2441 Pruden-

119 2463 206 2499 tiam
237 2464 359 2500 carnis
391 2465 429 2500 in
462 2465 570 2502 fovea
595 2465 741 2514 vulpis,
767 2465 803 2500 in
833 2464 923 2501 nido
950 2465 1112 2501 volucris

1179 1820 1255 1843 una
1275 1807 1433 1852 sufficit,
1455 1807 1514 1843 cui
1534 1807 1676 1857 duplex
1700 1816 1756 1844 cst
1783 1808 1990 1844 necessaria
2013 1820 2171 1857 regene-

1179 1867 1284 1903 ratio.
1312 1867 1497 1904 Nimirum
1518 1879 1564 1903 ex
1591 1880 1753 1916 corpore
1769 1875 1807 1904 et
1826 1868 1951 1904 anima
1977 1876 2173 1913 constans,

1179 1926 1296 1963 cecidi
1319 1935 1420 1963 totus
1440 1927 1551 1963 simul
1571 1940 1577 1962 :
1602 1927 1712 1963 simul
1737 1935 1836 1963 totus
1860 1927 2019 1964 omnino
2045 1940 2174 1964 resur-

1178 2000 1266 2036 gere
1286 2000 1363 2023 non
1384 2000 1551 2036 possum.
1578 1990 1636 2022 An
1658 2000 1749 2023 vero
1769 1986 1924 2036 dignum
1943 2000 2019 2023 non
2041 1995 2115 2033 est,
2134 1995 2176 2023 ut

1179 2060 1221 2083 ca
1247 2060 1329 2096 quae
1351 2046 1501 2082 videtur
1524 2046 1675 2096 potior,
1696 2046 1878 2096 priorque
1902 2047 2029 2096 portio
2063 2060 2175 2097 repa—

1180 2106 1308 2142 retur?
1332 2109 1380 2142 At
1405 2105 1522 2154 ipsam
1547 2118 1635 2141 sane
1659 2105 1822 2141 animam
1845 2118 1925 2142 esse
1945 2118 2057 2142 nemo
2077 2119 2176 2143 sanat

1180 2165 1314 2201 mentis
1332 2164 1491 2213 ignorat.
1509 2164 1617 2200 Prior
1632 2176 1723 2213 ergo
1744 2164 1935 2200 reficiatur
1947 2193 1956 2210 ‚
1973 2177 2055 2213 quae
2071 2165 2176 2214 prior

1178 2224 1321 2261 corruit
1343 2239 1350 2260 :
1375 2223 1583 2273 praesertim
1606 2223 1708 2272 quod
1726 2222 1773 2259 ab
1790 2222 1871 2271 ejus
1891 2224 2001 2273 culpa
2021 2224 2175 2261 alterius

1178 2297 1290 2334 poena
1317 2283 1520 2334 prodierit,
1546 2291 1582 2318 et
1608 2283 1728 2332 ipsius
1756 2283 1953 2332 corruptio
1981 2296 2174 2334 corporeae

1178 2357 1332 2395 qnoque
1349 2344 1460 2380 fuerit
1475 2356 1585 2380 causa
1602 2343 1872 2392 corruptionis.
1887 2343 1986 2379 Hinc
2000 2351 2056 2379 est
2072 2344 2176 2393 quod

1178 2403 1375 2441 animabus
1391 2403 1554 2453 primum
1577 2403 1747 2440 Salvator
1762 2402 1929 2447 advenit,
1950 2403 2082 2439 tollere
2102 2404 2175 2440 uti-

1179 2477 1252 2514 que
1272 2472 1424 2514 peccata
1445 2462 1590 2508 mundi,
1615 2475 1690 2499 non
1712 2463 1901 2499 molestias
1917 2463 2051 2500 carnis.
2065 2464 2176 2511 Quod

118 2535 278 2571 arguens
311 2523 434 2560 cordis
464 2525 678 2560 elationem.
702 2527 767 2561 Est
792 2524 892 2561 enim
920 2524 1111 2561 interdum
1130 2528 1162 2561 D
1178 2536 1267 2560 sanc
1287 2522 1518 2559 manifestius
1538 2521 1668 2558 docuit
1686 2521 1724 2557 in
1739 2534 1778 2558 se
1793 2522 1896 2571 ipso,
1912 2522 2035 2571 poenis
2049 2524 2177 2559 omni-

119 2581 247 2618 videre
278 2584 503 2629 nonnullos,
533 2585 598 2633 qni
625 2584 760 2620 relictis
793 2583 970 2620 omnibus
998 2583 1113 2620 abre—

120 2642 294 2679 nuntiare
313 2643 450 2680 saeculo
468 2643 711 2693 disponentes
726 2673 734 2686 ,
750 2657 834 2681 cum
858 2653 957 2681 recte
975 2644 1112 2681 offerre

118 2700 256 2746 velint,
288 2702 421 2738 nolunt
451 2702 620 2739 dividere
650 2711 769 2747 recte,
803 2703 1005 2740 calliditate
1039 2704 1112 2740 lm—

120 2773 230 2796 mana
261 2768 360 2798 totos
379 2775 458 2798 sese
483 2762 612 2799 divino
637 2763 874 2800 committere
896 2764 1001 2799 nutui
1031 2764 1111 2799 for-

120 2819 304 2857 midantes
316 2850 326 2867 ‚
342 2821 405 2857 sed
423 2830 657 2859 reservantes
674 2823 799 2859 nescio
814 2822 906 2871 quid
924 2823 1109 2867 fermenti,

119 2889 160 2916 ut
181 2888 297 2916 totam
318 2893 474 2918 massam
495 2891 713 2932 corrumpat
730 2881 743 2903 5
764 2897 771 2919 :
794 2882 898 2932 quod
921 2882 957 2918 in
986 2882 1113 2918 multis

123 2943 340 2991 frequenter
373 2950 569 2991 expertum
604 2950 670 2979 est.
704 2942 808 2979 Alius
838 2943 918 2978 sine
952 2941 1046 2978 duce
1077 2949 1114 2977 et

121 3008 354 3050 praeceptore
394 3001 597 3050 spirituale·
622 3001 787 3038 studium
825 3001 1114 3050 apprchendere

123 3060 228 3096 facilc
252 3060 441 3109 cogitanS,
463 3059 630 3097 ambulat
654 3062 689 3097 in
719 3061 861 3109 magnis
877 3070 912 3097 ct
933 3060 1115 3096 mirabili-

173 3195 180 3208 ¹
199 3187 294 3218 Mirli.
315 3199 383 3223 vu,
407 3192 438 3219 6.
456 3206 495 3210 --
514 3194 526 3209 ²
547 3188 660 3219 Manli.
678 3200 759 3223 viu,
781 3192 890 3219 21)..-
910 3187 921 3209 3
939 3192 1010 3219 Luc.
1032 3198 1063 3217 ix
1078 3211 1084 3223 ,
1104 3191 1158 3217 61)..
1179 3186 1244 3211 -4
1264 3185 1376 3218 Manli.
1400 3197 1462 3215 vni
1477 3210 1484 3221 ,
1507 3189 1564 3219 10.
1589 3190 1641 3216 20.
1662 3183 1902 3218 —e-51(”.or.v.
1928 3190 1958 3215 ὓ.
1984 3205 1995 3207 μ

127 3253 180 3271 xzx
197 3265 203 3277 ,
228 3243 281 3276 ΤΠ,
301 3245 353 3271 ’,1.8.
428 3247 441 3270 7
458 3244 739 3278 Joan.111‚l'›.'›.

1177 2582 1248 2619 bus
1264 2595 1402 2632 corpus
1415 2594 1629 2630 exponens,
1647 2581 1810 2617 animam
1827 2589 1952 2617 autem
1969 2581 2175 2618 immunem

1178 2655 1334 2692 prorsus
1354 2641 1572 2678 custodiens
1590 2654 1609 2677 a
1632 2648 1802 2690 peccato.

1179 2780 1339 2810 XXX.-
1350 2779 1392 2808 Ut
1406 2783 1527 2820 tempus
1544 2788 1606 2808 snae
1623 2775 1867 2818 regenerationis
1883 2787 1995 2818 corpus
2007 2783 2174 2819 exspectet.

1233 2883 1294 2918 36.
1325 2885 1408 2919 Non
1438 2882 1489 2918 sic
1518 2881 1631 2917 hodie
1660 2881 1724 2917 lilii
1749 2880 1970 2926 hominnm,
2001 2894 2077 2917 non
2105 2882 2177 2925 sic,

1179 2941 1244 2978 sed
1264 2940 1399 2976 anima*
1418 2954 1545 2987 curam
1568 2940 1782 2989 negligunt,
1798 2952 1925 2976 curam
1946 2948 2070 2976 autem
2093 2954 2176 2976 car—

1181 3001 1240 3037 nis
1260 3001 1461 3049 perficiunt
1480 3001 1516 3036 in
1538 3000 1641 3036 omni
1660 2999 1861 3036 desiderio.
1876 3003 2004 3049 Neque
2023 3013 2178 3050 peccare

1184 3068 1378 3105 metuunt,
1401 3059 1465 3095 scd
1488 3059 1613 3109 puniri
1643 3073 1650 3094 :
1679 3072 1747 3096 nec
1770 3059 1898 3096 virtuti
1919 3059 2043 3095 cordis
2063 3074 2178 3110 opera

2026 3183 2040 3205 ⁶
2060 3186 2172 3216 Manli.
