<?xml version="1.0" encoding="UTF-8"?>
<!DOCTYPE html PUBLIC "-//W3C//DTD XHTML 1.0 Transitional//EN"
    "http://www.w3.org/TR/xhtml1/DTD/xhtml1-transitional.dtd">
<html xmlns="http://www.w3.org/1999/xhtml" xml:lang="en" lang="en">
 <head>
  <title>
</title>
<meta http-equiv="Content-Type" content="text/html;charset=utf-8" />
  <meta name='ocr-system' content='tesseract 3.04.00' />
  <meta name='ocr-capabilities' content='ocr_page ocr_carea ocr_par ocr_line ocrx_word'/>
</head>
<body>
  <div class='ocr_page' id='page_1' title='image "./operaomniapostho05bern_0226.png"; bbox 0 0 2504 3928; ppageno 0'>
   <div class='ocr_carea' id='block_1_1' title="bbox 371 231 444 267">
    <p class='ocr_par' dir='ltr' id='par_1_1' title="bbox 371 231 444 267">
     <span class='ocr_line' id='line_1_1' title="bbox 371 231 444 267; baseline -0.027 0"><span class='ocrx_word' id='word_1_1' title='bbox 371 231 444 267; x_wconf 66' lang='lat'><strong>4:31)</strong></span> 
     </span>
    </p>
   </div>
   <div class='ocr_carea' id='block_1_2' title="bbox 1100 233 1703 269">
    <p class='ocr_par' dir='ltr' id='par_1_2' title="bbox 1100 233 1703 269">
     <span class='ocr_line' id='line_1_2' title="bbox 1100 233 1703 269; baseline 0.003 -2"><span class='ocrx_word' id='word_1_2' title='bbox 1100 233 1333 269; x_wconf 74' lang='lat' dir='ltr'>oulGoMs</span> <span class='ocrx_word' id='word_1_3' title='bbox 1362 234 1703 269; x_wconf 54' lang='lat' dir='ltr'>marubii-:asts</span> 
     </span>
    </p>
   </div>
   <div class='ocr_carea' id='block_1_3' title="bbox 369 306 1397 354">
    <p class='ocr_par' dir='ltr' id='par_1_3' title="bbox 369 306 1397 354">
     <span class='ocr_line' id='line_1_3' title="bbox 369 306 1397 354; baseline 0 -10"><span class='ocrx_word' id='word_1_4' title='bbox 369 317 504 344; x_wconf 80' lang='lat' dir='ltr'>sancta·</span> <span class='ocrx_word' id='word_1_5' title='bbox 530 307 754 343; x_wconf 67' lang='lat' dir='ltr'>obedientiae</span> <span class='ocrx_word' id='word_1_6' title='bbox 784 307 909 354; x_wconf 69' lang='lat' dir='ltr'>regula</span> <span class='ocrx_word' id='word_1_7' title='bbox 937 306 1073 343; x_wconf 90' lang='lat' dir='ltr'>bonam</span> <span class='ocrx_word' id='word_1_8' title='bbox 1100 307 1397 352; x_wconf 63' lang='lat' dir='ltr'>voluntat‹=1n;²&#39;</span> 
     </span>
    </p>
   </div>
   <div class='ocr_carea' id='block_1_4' title="bbox 2338 237 2412 274">
    <p class='ocr_par' dir='ltr' id='par_1_4' title="bbox 2338 237 2412 274">
     <span class='ocr_line' id='line_1_4' title="bbox 2338 237 2412 274; baseline 0.014 -1"><span class='ocrx_word' id='word_1_9' title='bbox 2338 237 2412 274; x_wconf 68' lang='lat'>440</span> 
     </span>
    </p>
   </div>
   <div class='ocr_carea' id='block_1_5' title="bbox 1411 308 2412 362">
    <p class='ocr_par' dir='ltr' id='par_1_5' title="bbox 1411 308 2412 362">
     <span class='ocr_line' id='line_1_5' title="bbox 1411 308 2412 362; baseline 0.005 -18"><span class='ocrx_word' id='word_1_10' title='bbox 1411 308 1578 356; x_wconf 66' lang='lat' dir='ltr'>&#39;crymas</span> <span class='ocrx_word' id='word_1_11' title='bbox 1603 310 1764 354; x_wconf 73' lang='lat' dir='ltr'>invenit,</span> <span class='ocrx_word' id='word_1_12' title='bbox 1787 318 1823 345; x_wconf 89' lang='lat' dir='ltr'>et</span> <span class='ocrx_word' id='word_1_13' title='bbox 1845 310 2043 345; x_wconf 73' lang='lat' dir='ltr'>resolvitur</span> <span class='ocrx_word' id='word_1_14' title='bbox 2067 311 2102 346; x_wconf 91' lang='lat' dir='ltr'>in</span> <span class='ocrx_word' id='word_1_15' title='bbox 2127 313 2328 359; x_wconf 74' lang='lat' dir='ltr'>gemitum,</span> <span class='ocrx_word' id='word_1_16' title='bbox 2350 314 2412 362; x_wconf 88' lang='lat' dir='ltr'>qui</span> 
     </span>
    </p>
   </div>
   <div class='ocr_carea' id='block_1_6' title="bbox 369 365 2414 419">
    <p class='ocr_par' dir='ltr' id='par_1_6' title="bbox 369 365 2414 419">
     <span class='ocr_line' id='line_1_6' title="bbox 369 365 2414 419; baseline 0.003 -17"><span class='ocrx_word' id='word_1_17' title='bbox 369 367 428 402; x_wconf 91' lang='lat' dir='ltr'>illa</span> <span class='ocrx_word' id='word_1_18' title='bbox 446 381 535 401; x_wconf 64' lang='lat' dir='ltr'>vero</span> <span class='ocrx_word' id='word_1_19' title='bbox 553 379 708 414; x_wconf 83' lang='lat' dir='ltr'>corpus,</span> <span class='ocrx_word' id='word_1_20' title='bbox 725 373 759 400; x_wconf 89' lang='lat' dir='ltr'>et</span> <span class='ocrx_word' id='word_1_21' title='bbox 778 365 909 401; x_wconf 85' lang='lat' dir='ltr'>doceat</span> <span class='ocrx_word' id='word_1_22' title='bbox 925 366 1015 401; x_wconf 91' lang='lat' dir='ltr'>illud</span> <span class='ocrx_word' id='word_1_23' title='bbox 1033 380 1141 415; x_wconf 85' lang='lat' dir='ltr'>posse</span> <span class='ocrx_word' id='word_1_24' title='bbox 1157 367 1359 403; x_wconf 68' lang='lat' dir='ltr'>consistere</span> <span class='ocrx_word' id='word_1_25' title='bbox 1376 367 1404 399; x_wconf 81' lang='grc' dir='ltr'><strong>Λ</strong></span> <span class='ocrx_word' id='word_1_26' title='bbox 1427 367 1535 404; x_wconf 85' lang='lat' dir='ltr'>babet</span> <span class='ocrx_word' id='word_1_27' title='bbox 1559 381 1707 404; x_wconf 81' lang='lat' dir='ltr'>sensum</span> <span class='ocrx_word' id='word_1_28' title='bbox 1731 368 1884 404; x_wconf 89' lang='lat' dir='ltr'>doloris.</span> <span class='ocrx_word' id='word_1_29' title='bbox 1910 369 1945 404; x_wconf 81' lang='lat' dir='ltr'>Si</span> <span class='ocrx_word' id='word_1_30' title='bbox 1968 382 2056 405; x_wconf 75' lang='lat' dir='ltr'>vero</span> <span class='ocrx_word' id='word_1_31' title='bbox 2080 370 2183 406; x_wconf 72' lang='lat' dir='ltr'>malm</span> <span class='ocrx_word' id='word_1_32' title='bbox 2204 372 2414 419; x_wconf 75' lang='lat' dir='ltr'>{egritudini</span> 
     </span>
    </p>
   </div>
   <div class='ocr_carea' id='block_1_7' title="bbox 369 425 1364 1065">
    <p class='ocr_par' dir='ltr' id='par_1_7' title="bbox 369 425 1364 1065">
     <span class='ocr_line' id='line_1_7' title="bbox 370 425 1358 476; baseline 0.002 -16"><span class='ocrx_word' id='word_1_33' title='bbox 370 426 405 460; x_wconf 90' lang='lat' dir='ltr'>iu</span> <span class='ocrx_word' id='word_1_34' title='bbox 426 426 521 467; x_wconf 91' lang='lat' dir='ltr'>loco,</span> <span class='ocrx_word' id='word_1_35' title='bbox 542 426 673 460; x_wconf 82' lang='lat' dir='ltr'>cellam</span> <span class='ocrx_word' id='word_1_36' title='bbox 696 425 790 473; x_wconf 88' lang='lat' dir='ltr'>pati,</span> <span class='ocrx_word' id='word_1_37' title='bbox 807 438 1008 474; x_wconf 78' lang='lat' dir='ltr'>secumque</span> <span class='ocrx_word' id='word_1_38' title='bbox 1026 427 1160 462; x_wconf 88' lang='lat' dir='ltr'>morari</span> <span class='ocrx_word' id='word_1_39' title='bbox 1180 441 1186 462; x_wconf 92' lang='lat'><strong>:</strong></span> <span class='ocrx_word' id='word_1_40' title='bbox 1204 427 1304 476; x_wconf 81' lang='lat' dir='ltr'>quod</span> <span class='ocrx_word' id='word_1_41' title='bbox 1324 429 1358 462; x_wconf 92' lang='lat' dir='ltr'>in</span> 
     </span>
     <span class='ocr_line' id='line_1_8' title="bbox 370 483 1360 532; baseline 0.003 -14"><span class='ocrx_word' id='word_1_42' title='bbox 370 485 591 532; x_wconf 85' lang='lat' dir='ltr'>proliciente</span> <span class='ocrx_word' id='word_1_43' title='bbox 614 483 721 519; x_wconf 66' lang='lat' dir='ltr'>bonae,</span> <span class='ocrx_word' id='word_1_44' title='bbox 747 485 1028 532; x_wconf 72' lang='lat' dir='ltr'>compositionis</span> <span class='ocrx_word' id='word_1_45' title='bbox 1055 486 1200 521; x_wconf 88' lang='lat' dir='ltr'>initium</span> <span class='ocrx_word' id='word_1_46' title='bbox 1227 494 1300 527; x_wconf 80' lang='lat' dir='ltr'>est,</span> <span class='ocrx_word' id='word_1_47' title='bbox 1325 495 1360 521; x_wconf 79' lang='lat' dir='ltr'>et</span> 
     </span>
     <span class='ocr_line' id='line_1_9' title="bbox 369 543 1360 593; baseline 0.002 -15"><span class='ocrx_word' id='word_1_48' title='bbox 369 552 511 579; x_wconf 89' lang='lat' dir='ltr'>certum</span> <span class='ocrx_word' id='word_1_49' title='bbox 555 543 662 578; x_wconf 84' lang='lat' dir='ltr'>bona·</span> <span class='ocrx_word' id='word_1_50' title='bbox 697 543 775 592; x_wconf 87' lang='lat' dir='ltr'>spei</span> <span class='ocrx_word' id='word_1_51' title='bbox 813 553 1088 591; x_wconf 66' lang='lat' dir='ltr'>tii·gtiiii‹·titnin.</span> <span class='ocrx_word' id='word_1_52' title='bbox 1128 544 1360 593; x_wconf 67' lang='lat' dir='ltr'>Impossibile.</span> 
     </span>
     <span class='ocr_line' id='line_1_10' title="bbox 369 601 1360 650; baseline 0.003 -14"><span class='ocrx_word' id='word_1_53' title='bbox 369 601 469 636; x_wconf 80' lang='lat' dir='ltr'>enim</span> <span class='ocrx_word' id='word_1_54' title='bbox 499 610 551 637; x_wconf 90' lang='lat' dir='ltr'>est</span> <span class='ocrx_word' id='word_1_55' title='bbox 577 602 765 637; x_wconf 83' lang='lat' dir='ltr'>hominem</span> <span class='ocrx_word' id='word_1_56' title='bbox 790 602 945 638; x_wconf 82' lang='lat' dir='ltr'>lidelitcr</span> <span class='ocrx_word' id='word_1_57' title='bbox 974 605 1084 650; x_wconf 63' lang='lat' dir='ltr'>ligere</span> <span class='ocrx_word' id='word_1_58' title='bbox 1114 604 1149 639; x_wconf 93' lang='lat' dir='ltr'>in</span> <span class='ocrx_word' id='word_1_59' title='bbox 1179 617 1252 639; x_wconf 90' lang='lat' dir='ltr'>uno</span> <span class='ocrx_word' id='word_1_60' title='bbox 1279 605 1360 639; x_wconf 88' lang='lat' dir='ltr'>ani-</span> 
     </span>
     <span class='ocr_line' id='line_1_11' title="bbox 370 662 1359 711; baseline 0.003 -16"><span class='ocrx_word' id='word_1_61' title='bbox 370 674 471 696; x_wconf 89' lang='lat' dir='ltr'>mum</span> <span class='ocrx_word' id='word_1_62' title='bbox 493 674 621 706; x_wconf 84' lang='lat' dir='ltr'>suuni,</span> <span class='ocrx_word' id='word_1_63' title='bbox 643 662 706 709; x_wconf 88' lang='lat' dir='ltr'>qui</span> <span class='ocrx_word' id='word_1_64' title='bbox 729 674 803 696; x_wconf 93' lang='lat' dir='ltr'>non</span> <span class='ocrx_word' id='word_1_65' title='bbox 827 662 930 710; x_wconf 90' lang='lat' dir='ltr'>prius</span> <span class='ocrx_word' id='word_1_66' title='bbox 947 662 1054 697; x_wconf 86' lang='lat' dir='ltr'>alicui</span> <span class='ocrx_word' id='word_1_67' title='bbox 1080 663 1161 697; x_wconf 93' lang='lat' dir='ltr'>loco</span> <span class='ocrx_word' id='word_1_68' title='bbox 1183 676 1359 711; x_wconf 70' lang='lat' dir='ltr'>perseve-</span> 
     </span>
     <span class='ocr_line' id='line_1_12' title="bbox 371 721 1362 769; baseline 0.003 -15"><span class='ocrx_word' id='word_1_69' title='bbox 371 728 496 755; x_wconf 86' lang='lat' dir='ltr'>ranter</span> <span class='ocrx_word' id='word_1_70' title='bbox 516 721 676 756; x_wconf 72' lang='lat' dir='ltr'>al&#39;lixerit</span> <span class='ocrx_word' id='word_1_71' title='bbox 697 734 835 769; x_wconf 87' lang='lat' dir='ltr'>eorpus</span> <span class='ocrx_word' id='word_1_72' title='bbox 861 734 981 757; x_wconf 91' lang='lat' dir='ltr'>suum.</span> <span class='ocrx_word' id='word_1_73' title='bbox 1008 725 1096 757; x_wconf 61' lang='lat' dir='ltr'>Nun</span> <span class='ocrx_word' id='word_1_74' title='bbox 1119 722 1181 769; x_wconf 84' lang='lat' dir='ltr'>qui</span> <span class='ocrx_word' id='word_1_75' title='bbox 1211 724 1362 769; x_wconf 60' lang='lat' dir='ltr'>reg-:ritu-</span> 
     </span>
     <span class='ocr_line' id='line_1_13' title="bbox 369 778 1362 829; baseline 0.002 -15"><span class='ocrx_word' id='word_1_76' title='bbox 369 778 494 814; x_wconf 89' lang='lat' dir='ltr'>dinem</span> <span class='ocrx_word' id='word_1_77' title='bbox 508 779 622 815; x_wconf 89' lang='lat' dir='ltr'>animi</span> <span class='ocrx_word' id='word_1_78' title='bbox 636 779 831 827; x_wconf 72' lang='lat' dir='ltr'>migrando</span> <span class='ocrx_word' id='word_1_79' title='bbox 846 780 891 815; x_wconf 91' lang='lat' dir='ltr'>de</span> <span class='ocrx_word' id='word_1_80' title='bbox 907 781 989 816; x_wconf 89' lang='lat' dir='ltr'>loco</span> <span class='ocrx_word' id='word_1_81' title='bbox 1001 781 1045 816; x_wconf 87' lang='lat' dir='ltr'>ad</span> <span class='ocrx_word' id='word_1_82' title='bbox 1063 782 1184 816; x_wconf 86' lang='lat' dir='ltr'>locum</span> <span class='ocrx_word' id='word_1_83' title='bbox 1198 782 1362 829; x_wconf 67' lang='lat' dir='ltr'>el‘l&#39;ugere</span> 
     </span>
     <span class='ocr_line' id='line_1_14' title="bbox 374 839 1364 888; baseline 0 -14"><span class='ocrx_word' id='word_1_84' title='bbox 374 839 530 883; x_wconf 91' lang='lat' dir='ltr'>nititur,</span> <span class='ocrx_word' id='word_1_85' title='bbox 547 839 598 874; x_wconf 91' lang='lat' dir='ltr'>sic</span> <span class='ocrx_word' id='word_1_86' title='bbox 618 847 673 874; x_wconf 85' lang='lat' dir='ltr'>est</span> <span class='ocrx_word' id='word_1_87' title='bbox 693 839 785 874; x_wconf 85' lang='lat' dir='ltr'>sicut</span> <span class='ocrx_word' id='word_1_88' title='bbox 806 839 868 887; x_wconf 82' lang='lat' dir='ltr'>qui</span> <span class='ocrx_word' id='word_1_89' title='bbox 892 840 983 887; x_wconf 69' lang='lat' dir='ltr'>sugit</span> <span class='ocrx_word' id='word_1_90' title='bbox 1005 839 1174 875; x_wconf 86' lang='lat' dir='ltr'>umbram</span> <span class='ocrx_word' id='word_1_91' title='bbox 1195 841 1364 888; x_wconf 88' lang='lat' dir='ltr'>corporis</span> 
     </span>
     <span class='ocr_line' id='line_1_15' title="bbox 370 898 1361 947; baseline 0 -14"><span class='ocrx_word' id='word_1_92' title='bbox 370 898 439 934; x_wconf 87' lang='lat' dir='ltr'>sui.</span> <span class='ocrx_word' id='word_1_93' title='bbox 453 901 496 933; x_wconf 87' lang='lat' dir='ltr'>Se</span> <span class='ocrx_word' id='word_1_94' title='bbox 514 898 635 947; x_wconf 87' lang='lat' dir='ltr'>ipsum</span> <span class='ocrx_word' id='word_1_95' title='bbox 657 899 746 947; x_wconf 74' lang='lat' dir='ltr'>sugit</span> <span class='ocrx_word' id='word_1_96' title='bbox 760 926 768 942; x_wconf 91' lang='lat'>‚</span> <span class='ocrx_word' id='word_1_97' title='bbox 786 912 823 934; x_wconf 90' lang='lat' dir='ltr'>se</span> <span class='ocrx_word' id='word_1_98' title='bbox 841 899 961 947; x_wconf 86' lang='lat' dir='ltr'>ipsum</span> <span class='ocrx_word' id='word_1_99' title='bbox 984 899 1199 934; x_wconf 74' lang='lat' dir='ltr'>circumfert</span> <span class='ocrx_word' id='word_1_100' title='bbox 1217 913 1223 934; x_wconf 87' lang='lat'><strong>:</strong></span> <span class='ocrx_word' id='word_1_101' title='bbox 1240 900 1361 934; x_wconf 82' lang='lat' dir='ltr'>locum</span> 
     </span>
     <span class='ocr_line' id='line_1_16' title="bbox 370 957 1362 1006; baseline 0.002 -15"><span class='ocrx_word' id='word_1_102' title='bbox 370 965 506 1001; x_wconf 87' lang='lat' dir='ltr'>mutat,</span> <span class='ocrx_word' id='word_1_103' title='bbox 527 970 601 992; x_wconf 90' lang='lat' dir='ltr'>non</span> <span class='ocrx_word' id='word_1_104' title='bbox 623 957 804 992; x_wconf 87' lang='lat' dir='ltr'>animum.</span> <span class='ocrx_word' id='word_1_105' title='bbox 830 957 1011 993; x_wconf 80' lang='lat' dir='ltr'>Eumdem</span> <span class='ocrx_word' id='word_1_106' title='bbox 1035 958 1176 1006; x_wconf 84' lang='lat' dir='ltr'>ubique</span> <span class='ocrx_word' id='word_1_107' title='bbox 1197 971 1234 993; x_wconf 84' lang='lat' dir='ltr'>se</span> <span class='ocrx_word' id='word_1_108' title='bbox 1256 958 1362 993; x_wconf 75' lang='lat' dir='ltr'>inve-</span> 
     </span>
     <span class='ocr_line' id='line_1_17' title="bbox 371 1015 1362 1065; baseline 0.002 -15"><span class='ocrx_word' id='word_1_109' title='bbox 371 1015 426 1050; x_wconf 89' lang='lat' dir='ltr'>nit</span> <span class='ocrx_word' id='word_1_110' title='bbox 446 1029 452 1049; x_wconf 90' lang='lat'><strong>:</strong></span> <span class='ocrx_word' id='word_1_111' title='bbox 481 1015 550 1050; x_wconf 84' lang='lat' dir='ltr'>nisi</span> <span class='ocrx_word' id='word_1_112' title='bbox 574 1015 677 1063; x_wconf 85' lang='lat' dir='ltr'>quod</span> <span class='ocrx_word' id='word_1_113' title='bbox 700 1015 924 1051; x_wconf 85' lang='lat' dir='ltr'>deteriorem</span> <span class='ocrx_word' id='word_1_114' title='bbox 948 1016 1028 1052; x_wconf 82' lang='lat' dir='ltr'>facit</span> <span class='ocrx_word' id='word_1_115' title='bbox 1055 1017 1133 1065; x_wconf 90' lang='lat' dir='ltr'>ipsa</span> <span class='ocrx_word' id='word_1_116' title='bbox 1155 1016 1362 1062; x_wconf 74' lang='lat' dir='ltr'>mobilitas,</span> 
     </span>
    </p>
   </div>
   <div class='ocr_carea' id='block_1_8' title="bbox 1426 427 2421 1065">
    <p class='ocr_par' dir='ltr' id='par_1_8' title="bbox 1426 427 2418 947">
     <span class='ocr_line' id='line_1_18' title="bbox 1426 427 2414 479; baseline 0.005 -18"><span class='ocrx_word' id='word_1_117' title='bbox 1426 427 1696 475; x_wconf 77' lang='lat' dir='ltr'>desperabilior</span> <span class='ocrx_word' id='word_1_118' title='bbox 1716 435 1847 475; x_wconf 88' lang='lat' dir='ltr'>stupor</span> <span class='ocrx_word' id='word_1_119' title='bbox 1868 428 2083 472; x_wconf 86' lang='lat' dir='ltr'>accesserit,</span> <span class='ocrx_word' id='word_1_120' title='bbox 2109 428 2166 464; x_wconf 82' lang='lat' dir='ltr'>liic</span> <span class='ocrx_word' id='word_1_121' title='bbox 2187 429 2223 465; x_wconf 91' lang='lat' dir='ltr'>in</span> <span class='ocrx_word' id='word_1_122' title='bbox 2245 443 2288 465; x_wconf 87' lang='lat' dir='ltr'>eo</span> <span class='ocrx_word' id='word_1_123' title='bbox 2312 430 2414 479; x_wconf 89' lang='lat' dir='ltr'>quod</span> 
     </span>
     <span class='ocr_line' id='line_1_19' title="bbox 1428 487 2415 538; baseline 0.004 -17"><span class='ocrx_word' id='word_1_124' title='bbox 1428 500 1499 521; x_wconf 88' lang='lat' dir='ltr'>nou</span> <span class='ocrx_word' id='word_1_125' title='bbox 1521 487 1594 522; x_wconf 71' lang='lat' dir='ltr'>doh</span> <span class='ocrx_word' id='word_1_126' title='bbox 1609 496 1617 522; x_wconf 87' lang='lat' dir='ltr'>t</span> <span class='ocrx_word' id='word_1_127' title='bbox 1633 516 1641 527; x_wconf 78' lang='grc'>,</span> <span class='ocrx_word' id='word_1_128' title='bbox 1658 496 1800 534; x_wconf 67' lang='lat' dir='ltr'>(planto</span> <span class='ocrx_word' id='word_1_129' title='bbox 1823 487 1969 522; x_wconf 84' lang='lat' dir='ltr'>sanitati</span> <span class='ocrx_word' id='word_1_130' title='bbox 1988 488 2139 523; x_wconf 87' lang='lat' dir='ltr'>videtur</span> <span class='ocrx_word' id='word_1_131' title='bbox 2155 502 2233 523; x_wconf 88' lang='lat' dir='ltr'>esse</span> <span class='ocrx_word' id='word_1_132' title='bbox 2254 489 2415 538; x_wconf 84' lang='lat' dir='ltr'>propin-</span> 
     </span>
     <span class='ocr_line' id='line_1_20' title="bbox 1427 544 2415 593; baseline 0.003 -13"><span class='ocrx_word' id='word_1_133' title='bbox 1427 546 1555 593; x_wconf 81' lang='lat' dir='ltr'>quior,</span> <span class='ocrx_word' id='word_1_134' title='bbox 1575 554 1677 581; x_wconf 86' lang='lat' dir='ltr'>tanto</span> <span class='ocrx_word' id='word_1_135' title='bbox 1702 544 1748 580; x_wconf 87' lang='lat' dir='ltr'>ab</span> <span class='ocrx_word' id='word_1_136' title='bbox 1771 559 1812 580; x_wconf 88' lang='lat' dir='ltr'>ea</span> <span class='ocrx_word' id='word_1_137' title='bbox 1835 546 1872 580; x_wconf 88' lang='lat' dir='ltr'>lit</span> <span class='ocrx_word' id='word_1_138' title='bbox 1900 546 2089 581; x_wconf 87' lang='lat' dir='ltr'>remotior.</span> <span class='ocrx_word' id='word_1_139' title='bbox 2113 546 2222 593; x_wconf 85' lang='lat' dir='ltr'>Quod</span> <span class='ocrx_word' id='word_1_140' title='bbox 2246 547 2275 583; x_wconf 90' lang='lat' dir='ltr'>si</span> <span class='ocrx_word' id='word_1_141' title='bbox 2297 547 2415 583; x_wconf 84' lang='lat' dir='ltr'>medi-</span> 
     </span>
     <span class='ocr_line' id='line_1_21' title="bbox 1427 605 2417 654; baseline 0.002 -14"><span class='ocrx_word' id='word_1_142' title='bbox 1427 618 1490 640; x_wconf 86' lang='lat' dir='ltr'>cus</span> <span class='ocrx_word' id='word_1_143' title='bbox 1510 605 1613 652; x_wconf 78' lang='lat' dir='ltr'>quasi</span> <span class='ocrx_word' id='word_1_144' title='bbox 1637 605 1857 640; x_wconf 81' lang='lat' dir='ltr'>clementior</span> <span class='ocrx_word' id='word_1_145' title='bbox 1878 605 2007 648; x_wconf 77' lang='lat' dir='ltr'>fuerit,</span> <span class='ocrx_word' id='word_1_146' title='bbox 2030 613 2069 640; x_wconf 92' lang='lat' dir='ltr'>ut</span> <span class='ocrx_word' id='word_1_147' title='bbox 2089 605 2193 653; x_wconf 79' lang='lat' dir='ltr'>quasi</span> <span class='ocrx_word' id='word_1_148' title='bbox 2218 606 2417 654; x_wconf 72' lang='lat' dir='ltr'>unguentis</span> 
     </span>
     <span class='ocr_line' id='line_1_22' title="bbox 1426 661 2412 712; baseline 0.002 -14"><span class='ocrx_word' id='word_1_149' title='bbox 1426 672 1461 698; x_wconf 85' lang='lat' dir='ltr'>ct</span> <span class='ocrx_word' id='word_1_150' title='bbox 1482 664 1691 712; x_wconf 78' lang='lat' dir='ltr'>emplastris</span> <span class='ocrx_word' id='word_1_151' title='bbox 1712 661 1916 698; x_wconf 79' lang='lat' dir='ltr'>lenioribus</span> <span class='ocrx_word' id='word_1_152' title='bbox 1937 663 2061 698; x_wconf 86' lang='lat' dir='ltr'>omnia</span> <span class='ocrx_word' id='word_1_153' title='bbox 2083 663 2241 698; x_wconf 84' lang='lat' dir='ltr'>voluerit</span> <span class='ocrx_word' id='word_1_154' title='bbox 2262 677 2412 709; x_wconf 84' lang='lat' dir='ltr'>curare;</span> 
     </span>
     <span class='ocr_line' id='line_1_23' title="bbox 1429 721 2418 770; baseline 0.001 -14"><span class='ocrx_word' id='word_1_155' title='bbox 1429 731 1465 757; x_wconf 89' lang='lat' dir='ltr'>tu</span> <span class='ocrx_word' id='word_1_156' title='bbox 1486 735 1550 769; x_wconf 66' lang='lat' dir='ltr'>age</span> <span class='ocrx_word' id='word_1_157' title='bbox 1569 735 1637 770; x_wconf 92' lang='lat' dir='ltr'>pro</span> <span class='ocrx_word' id='word_1_158' title='bbox 1660 722 1873 770; x_wconf 88' lang='lat' dir='ltr'>temetipso,</span> <span class='ocrx_word' id='word_1_159' title='bbox 1896 730 1931 756; x_wconf 90' lang='lat' dir='ltr'>et</span> <span class='ocrx_word' id='word_1_160' title='bbox 1951 721 2103 757; x_wconf 89' lang='lat' dir='ltr'>remedii</span> <span class='ocrx_word' id='word_1_161' title='bbox 2124 722 2288 757; x_wconf 76' lang='lat' dir='ltr'>fortioris</span> <span class='ocrx_word' id='word_1_162' title='bbox 2308 731 2343 758; x_wconf 88' lang='lat' dir='ltr'>et</span> <span class='ocrx_word' id='word_1_163' title='bbox 2361 735 2418 758; x_wconf 82' lang='lat' dir='ltr'>ce-</span> 
     </span>
     <span class='ocr_line' id='line_1_24' title="bbox 1430 781 2417 830; baseline 0.001 -14"><span class='ocrx_word' id='word_1_164' title='bbox 1430 781 1575 816; x_wconf 86' lang='lat' dir='ltr'>lerioris</span> <span class='ocrx_word' id='word_1_165' title='bbox 1595 781 1725 816; x_wconf 74' lang='lat' dir='ltr'>avidus</span> <span class='ocrx_word' id='word_1_166' title='bbox 1739 810 1747 825; x_wconf 97' lang='lat'>,</span> <span class='ocrx_word' id='word_1_167' title='bbox 1769 781 1933 816; x_wconf 86' lang='lat' dir='ltr'>sanitatis</span> <span class='ocrx_word' id='word_1_168' title='bbox 1952 781 2089 816; x_wconf 82' lang='lat' dir='ltr'>ferrum</span> <span class='ocrx_word' id='word_1_169' title='bbox 2110 781 2275 830; x_wconf 86' lang='lat' dir='ltr'>require,</span> <span class='ocrx_word' id='word_1_170' title='bbox 2292 789 2417 817; x_wconf 81' lang='lat' dir='ltr'>caute-</span> 
     </span>
     <span class='ocr_line' id='line_1_25' title="bbox 1430 838 2414 889; baseline 0.001 -14"><span class='ocrx_word' id='word_1_171' title='bbox 1430 840 1524 875; x_wconf 91' lang='lat' dir='ltr'>rium</span> <span class='ocrx_word' id='word_1_172' title='bbox 1549 852 1720 888; x_wconf 77' lang='lat' dir='ltr'>exposce.</span> <span class='ocrx_word' id='word_1_173' title='bbox 1744 839 1908 875; x_wconf 81' lang='lat' dir='ltr'>Medicus</span> <span class='ocrx_word' id='word_1_174' title='bbox 1929 838 1993 874; x_wconf 91' lang='lat' dir='ltr'>tibi</span> <span class='ocrx_word' id='word_1_175' title='bbox 2015 852 2162 889; x_wconf 82' lang='lat' dir='ltr'>semper</span> <span class='ocrx_word' id='word_1_176' title='bbox 2183 848 2318 889; x_wconf 82' lang='lat' dir='ltr'>praesto</span> <span class='ocrx_word' id='word_1_177' title='bbox 2341 848 2414 885; x_wconf 88' lang='lat' dir='ltr'>est,</span> 
     </span>
     <span class='ocr_line' id='line_1_26' title="bbox 1430 907 1666 947; baseline 0.004 -14"><span class='ocrx_word' id='word_1_178' title='bbox 1430 907 1580 947; x_wconf 82' lang='lat' dir='ltr'>paratus</span> <span class='ocrx_word' id='word_1_179' title='bbox 1599 907 1666 934; x_wconf 84' lang='lat' dir='ltr'>est.</span> 
     </span>
    </p>

    <p class='ocr_par' dir='ltr' id='par_1_9' title="bbox 1431 957 2421 1065">
     <span class='ocr_line' id='line_1_27' title="bbox 1483 957 2420 1003; baseline 0.001 -11"><span class='ocrx_word' id='word_1_180' title='bbox 1483 958 1543 994; x_wconf 75' lang='lat'>27.</span> <span class='ocrx_word' id='word_1_181' title='bbox 1567 961 1618 994; x_wconf 59' lang='lat' dir='ltr'>Nc</span> <span class='ocrx_word' id='word_1_182' title='bbox 1639 957 1736 993; x_wconf 90' lang='lat' dir='ltr'>enim</span> <span class='ocrx_word' id='word_1_183' title='bbox 1761 957 1906 993; x_wconf 87' lang='lat' dir='ltr'>horrori</span> <span class='ocrx_word' id='word_1_184' title='bbox 1928 958 1973 993; x_wconf 88' lang='lat' dir='ltr'>sit</span> <span class='ocrx_word' id='word_1_185' title='bbox 1995 957 2058 993; x_wconf 88' lang='lat' dir='ltr'>tibi</span> <span class='ocrx_word' id='word_1_186' title='bbox 2083 965 2143 993; x_wconf 89' lang='lat' dir='ltr'>tua</span> <span class='ocrx_word' id='word_1_187' title='bbox 2170 957 2356 1003; x_wconf 86' lang='lat' dir='ltr'>solitudo,</span> <span class='ocrx_word' id='word_1_188' title='bbox 2383 966 2420 993; x_wconf 85' lang='lat' dir='ltr'>et</span> 
     </span>
     <span class='ocr_line' id='line_1_28' title="bbox 1431 1015 2421 1065; baseline 0 -14"><span class='ocrx_word' id='word_1_189' title='bbox 1431 1024 1471 1052; x_wconf 93' lang='lat' dir='ltr'>ut</span> <span class='ocrx_word' id='word_1_190' title='bbox 1492 1017 1606 1052; x_wconf 86' lang='lat' dir='ltr'>tutius</span> <span class='ocrx_word' id='word_1_191' title='bbox 1621 1016 1658 1051; x_wconf 92' lang='lat' dir='ltr'>in</span> <span class='ocrx_word' id='word_1_192' title='bbox 1674 1016 1763 1051; x_wconf 87' lang='lat' dir='ltr'>cella</span> <span class='ocrx_word' id='word_1_193' title='bbox 1782 1015 1924 1051; x_wconf 85' lang='lat' dir='ltr'>liabitcs</span> <span class='ocrx_word' id='word_1_194' title='bbox 1938 1045 1947 1062; x_wconf 90' lang='lat'>,</span> <span class='ocrx_word' id='word_1_195' title='bbox 1971 1024 2044 1051; x_wconf 88' lang='lat' dir='ltr'>tres</span> <span class='ocrx_word' id='word_1_196' title='bbox 2065 1015 2129 1051; x_wconf 89' lang='lat' dir='ltr'>tibi</span> <span class='ocrx_word' id='word_1_197' title='bbox 2150 1016 2316 1065; x_wconf 86' lang='lat' dir='ltr'>deputati</span> <span class='ocrx_word' id='word_1_198' title='bbox 2333 1025 2421 1052; x_wconf 90' lang='lat' dir='ltr'>sunt</span> 
     </span>
    </p>
   </div>
   <div class='ocr_carea' id='block_1_9' title="bbox 370 1073 2421 1124">
    <p class='ocr_par' dir='ltr' id='par_1_10' title="bbox 370 1073 2421 1124">
     <span class='ocr_line' id='line_1_29' title="bbox 370 1073 2421 1124; baseline 0.001 -16"><span class='ocrx_word' id='word_1_199' title='bbox 370 1073 464 1109; x_wconf 87' lang='lat' dir='ltr'>sicut</span> <span class='ocrx_word' id='word_1_200' title='bbox 495 1074 630 1109; x_wconf 74' lang='lat' dir='ltr'>la¹derc</span> <span class='ocrx_word' id='word_1_201' title='bbox 660 1075 754 1110; x_wconf 88' lang='lat' dir='ltr'>solet</span> <span class='ocrx_word' id='word_1_202' title='bbox 782 1088 920 1122; x_wconf 70' lang='lat' dir='ltr'>regrum</span> <span class='ocrx_word' id='word_1_203' title='bbox 936 1103 945 1117; x_wconf 93' lang='lat'>,</span> <span class='ocrx_word' id='word_1_204' title='bbox 970 1075 1034 1123; x_wconf 85' lang='lat' dir='ltr'>qui</span> <span class='ocrx_word' id='word_1_205' title='bbox 1064 1076 1361 1112; x_wconf 70' lang='lat' dir='ltr'>circumfert-mlo</span> <span class='ocrx_word' id='word_1_206' title='bbox 1383 1073 1408 1106; x_wconf 87' lang='lat' dir='ltr'>B</span> <span class='ocrx_word' id='word_1_207' title='bbox 1427 1075 1619 1120; x_wconf 87' lang='lat' dir='ltr'>custodes;</span> <span class='ocrx_word' id='word_1_208' title='bbox 1649 1074 1804 1119; x_wconf 85' lang='lat' dir='ltr'>scilicet,</span> <span class='ocrx_word' id='word_1_209' title='bbox 1828 1078 1946 1120; x_wconf 86' lang='lat' dir='ltr'>Deus,</span> <span class='ocrx_word' id='word_1_210' title='bbox 1979 1075 2228 1121; x_wconf 80' lang='lat' dir='ltr'>conscicntia,</span> <span class='ocrx_word' id='word_1_211' title='bbox 2249 1083 2286 1111; x_wconf 88' lang='lat' dir='ltr'>et</span> <span class='ocrx_word' id='word_1_212' title='bbox 2310 1075 2421 1124; x_wconf 89' lang='lat' dir='ltr'>spiri-</span> 
     </span>
    </p>
   </div>
   <div class='ocr_carea' id='block_1_10' title="bbox 368 1133 1365 1830">
    <p class='ocr_par' dir='ltr' id='par_1_11' title="bbox 368 1133 1365 1771">
     <span class='ocr_line' id='line_1_30' title="bbox 369 1133 1362 1180; baseline 0.004 -14"><span class='ocrx_word' id='word_1_213' title='bbox 369 1133 536 1167; x_wconf 83' lang='lat' dir='ltr'>concutit</span> <span class='ocrx_word' id='word_1_214' title='bbox 564 1146 661 1168; x_wconf 87' lang='lat' dir='ltr'>cum.</span> <span class='ocrx_word' id='word_1_215' title='bbox 686 1137 839 1180; x_wconf 53' lang='lat' dir='ltr'>,xl-:grum</span> <span class='ocrx_word' id='word_1_216' title='bbox 867 1134 964 1169; x_wconf 87' lang='lat' dir='ltr'>enim</span> <span class='ocrx_word' id='word_1_217' title='bbox 996 1147 1033 1169; x_wconf 87' lang='lat' dir='ltr'>se</span> <span class='ocrx_word' id='word_1_218' title='bbox 1059 1135 1171 1179; x_wconf 86' lang='lat' dir='ltr'>sciat,</span> <span class='ocrx_word' id='word_1_219' title='bbox 1195 1144 1231 1170; x_wconf 85' lang='lat' dir='ltr'>et</span> <span class='ocrx_word' id='word_1_220' title='bbox 1257 1143 1362 1170; x_wconf 71' lang='lat' dir='ltr'>vacet</span> 
     </span>
     <span class='ocr_line' id='line_1_31' title="bbox 369 1191 1360 1247; baseline 0.003 -22"><span class='ocrx_word' id='word_1_221' title='bbox 369 1191 463 1226; x_wconf 86' lang='lat' dir='ltr'>circa</span> <span class='ocrx_word' id='word_1_222' title='bbox 484 1192 668 1227; x_wconf 86' lang='lat' dir='ltr'>causarias</span> <span class='ocrx_word' id='word_1_223' title='bbox 691 1201 815 1241; x_wconf 78' lang='lat' dir='ltr'>partes</span> <span class='ocrx_word' id='word_1_224' title='bbox 843 1192 1076 1240; x_wconf 67' lang='lat' dir='ltr'>:egritudinis</span> <span class='ocrx_word' id='word_1_225' title='bbox 1100 1206 1186 1229; x_wconf 80' lang='lat' dir='ltr'>suae.</span> <span class='ocrx_word' id='word_1_226' title='bbox 1219 1194 1253 1229; x_wconf 84' lang='lat' dir='ltr'>Si</span> <span class='ocrx_word' id='word_1_227' title='bbox 1285 1207 1360 1247; x_wconf 71' lang='lat' dir='ltr'>non</span> 
     </span>
     <span class='ocr_line' id='line_1_32' title="bbox 370 1250 1362 1299; baseline 0.003 -15"><span class='ocrx_word' id='word_1_228' title='bbox 370 1250 657 1299; x_wconf 87' lang='lat' dir='ltr'>interrmupitur</span> <span class='ocrx_word' id='word_1_229' title='bbox 687 1251 815 1299; x_wconf 87' lang='lat' dir='ltr'>quies,</span> <span class='ocrx_word' id='word_1_230' title='bbox 843 1252 1005 1287; x_wconf 88' lang='lat' dir='ltr'>remedia</span> <span class='ocrx_word' id='word_1_231' title='bbox 1041 1253 1256 1289; x_wconf 90' lang='lat' dir='ltr'>continuata</span> <span class='ocrx_word' id='word_1_232' title='bbox 1289 1253 1362 1288; x_wconf 90' lang='lat' dir='ltr'>cito</span> 
     </span>
     <span class='ocr_line' id='line_1_33' title="bbox 369 1309 1361 1357; baseline 0.002 -13"><span class='ocrx_word' id='word_1_233' title='bbox 369 1309 582 1357; x_wconf 79' lang='lat' dir='ltr'>proficient,</span> <span class='ocrx_word' id='word_1_234' title='bbox 598 1317 633 1344; x_wconf 90' lang='lat' dir='ltr'>et</span> <span class='ocrx_word' id='word_1_235' title='bbox 650 1318 800 1346; x_wconf 88' lang='lat' dir='ltr'>sanatus</span> <span class='ocrx_word' id='word_1_236' title='bbox 816 1310 962 1345; x_wconf 90' lang='lat' dir='ltr'>animus</span> <span class='ocrx_word' id='word_1_237' title='bbox 984 1309 1030 1345; x_wconf 91' lang='lat' dir='ltr'>ab</span> <span class='ocrx_word' id='word_1_238' title='bbox 1052 1309 1338 1346; x_wconf 80' lang='lat' dir='ltr'>alienationibus</span> <span class='ocrx_word' id='word_1_239' title='bbox 1352 1339 1361 1355; x_wconf 93' lang='lat'>‚</span> 
     </span>
     <span class='ocr_line' id='line_1_34' title="bbox 370 1366 1362 1416; baseline 0.002 -14"><span class='ocrx_word' id='word_1_240' title='bbox 370 1368 429 1402; x_wconf 68' lang='lat' dir='ltr'>vel</span> <span class='ocrx_word' id='word_1_241' title='bbox 448 1366 726 1416; x_wconf 68' lang='lat' dir='ltr'>captivitatibus</span> <span class='ocrx_word' id='word_1_242' title='bbox 743 1376 780 1403; x_wconf 86' lang='lat' dir='ltr'>et</span> <span class='ocrx_word' id='word_1_243' title='bbox 805 1367 1075 1404; x_wconf 87' lang='lat' dir='ltr'>tentationibus</span> <span class='ocrx_word' id='word_1_244' title='bbox 1092 1369 1187 1413; x_wconf 87' lang='lat' dir='ltr'>suis,</span> <span class='ocrx_word' id='word_1_245' title='bbox 1209 1377 1309 1404; x_wconf 89' lang='lat' dir='ltr'>totus</span> <span class='ocrx_word' id='word_1_246' title='bbox 1326 1370 1362 1404; x_wconf 91' lang='lat' dir='ltr'>in</span> 
     </span>
     <span class='ocr_line' id='line_1_35' title="bbox 370 1426 1362 1473; baseline 0.002 -12"><span class='ocrx_word' id='word_1_247' title='bbox 370 1429 449 1462; x_wconf 85' lang='lat' dir='ltr'>Deo</span> <span class='ocrx_word' id='word_1_248' title='bbox 470 1439 559 1462; x_wconf 88' lang='lat' dir='ltr'>suus</span> <span class='ocrx_word' id='word_1_249' title='bbox 579 1426 774 1461; x_wconf 79' lang='lat' dir='ltr'>el&#39;licietur.</span> <span class='ocrx_word' id='word_1_250' title='bbox 802 1429 899 1461; x_wconf 81' lang='lat' dir='ltr'>Cura</span> <span class='ocrx_word' id='word_1_251' title='bbox 918 1434 1018 1473; x_wconf 77' lang='lat' dir='ltr'>eget,</span> <span class='ocrx_word' id='word_1_252' title='bbox 1041 1434 1077 1461; x_wconf 90' lang='lat' dir='ltr'>et</span> <span class='ocrx_word' id='word_1_253' title='bbox 1098 1439 1172 1461; x_wconf 91' lang='lat' dir='ltr'>non</span> <span class='ocrx_word' id='word_1_254' title='bbox 1198 1427 1362 1472; x_wconf 88' lang='lat' dir='ltr'>modica,</span> 
     </span>
     <span class='ocr_line' id='line_1_36' title="bbox 369 1485 1364 1533; baseline 0.001 -13"><span class='ocrx_word' id='word_1_255' title='bbox 369 1498 446 1521; x_wconf 92' lang='lat' dir='ltr'>non</span> <span class='ocrx_word' id='word_1_256' title='bbox 482 1485 700 1533; x_wconf 86' lang='lat' dir='ltr'>inquinata,</span> <span class='ocrx_word' id='word_1_257' title='bbox 734 1485 797 1520; x_wconf 89' lang='lat' dir='ltr'>sed</span> <span class='ocrx_word' id='word_1_258' title='bbox 829 1485 962 1520; x_wconf 74' lang='lat' dir='ltr'>insecta</span> <span class='ocrx_word' id='word_1_259' title='bbox 992 1493 1135 1520; x_wconf 88' lang='lat' dir='ltr'>natura.</span> <span class='ocrx_word' id='word_1_260' title='bbox 1166 1485 1364 1521; x_wconf 80' lang='lat' dir='ltr'>Incumbat</span> 
     </span>
     <span class='ocr_line' id='line_1_37' title="bbox 368 1543 1362 1593; baseline 0 -13"><span class='ocrx_word' id='word_1_261' title='bbox 368 1556 458 1591; x_wconf 81' lang='lat' dir='ltr'>ergo</span> <span class='ocrx_word' id='word_1_262' title='bbox 491 1543 734 1580; x_wconf 78' lang='lat' dir='ltr'>immobiliter</span> <span class='ocrx_word' id='word_1_263' title='bbox 768 1543 1041 1579; x_wconf 69' lang='lat' dir='ltr'>valetudinario</span> <span class='ocrx_word' id='word_1_264' title='bbox 1073 1557 1140 1579; x_wconf 89' lang='lat' dir='ltr'>suo</span> <span class='ocrx_word' id='word_1_265' title='bbox 1169 1544 1242 1593; x_wconf 85' lang='lat' dir='ltr'>(sie</span> <span class='ocrx_word' id='word_1_266' title='bbox 1261 1546 1362 1580; x_wconf 86' lang='lat' dir='ltr'>enim</span> 
     </span>
     <span class='ocr_line' id='line_1_38' title="bbox 368 1603 1365 1651; baseline 0.001 -13"><span class='ocrx_word' id='word_1_267' title='bbox 368 1603 489 1638; x_wconf 83' lang='lat' dir='ltr'>solent</span> <span class='ocrx_word' id='word_1_268' title='bbox 519 1603 708 1651; x_wconf 88' lang='lat' dir='ltr'>appellare</span> <span class='ocrx_word' id='word_1_269' title='bbox 740 1603 874 1638; x_wconf 85' lang='lat' dir='ltr'>medici</span> <span class='ocrx_word' id='word_1_270' title='bbox 899 1603 1157 1639; x_wconf 74' lang='lat' dir='ltr'>valetudinum</span> <span class='ocrx_word' id='word_1_271' title='bbox 1183 1604 1365 1640; x_wconf 90' lang='lat' dir='ltr'>curanda-</span> 
     </span>
     <span class='ocr_line' id='line_1_39' title="bbox 368 1661 1364 1713; baseline 0.002 -15"><span class='ocrx_word' id='word_1_272' title='bbox 368 1675 451 1698; x_wconf 86' lang='lat' dir='ltr'>rum</span> <span class='ocrx_word' id='word_1_273' title='bbox 474 1661 700 1711; x_wconf 79' lang='lat' dir='ltr'>officinam),</span> <span class='ocrx_word' id='word_1_274' title='bbox 727 1670 763 1697; x_wconf 86' lang='lat' dir='ltr'>et</span> <span class='ocrx_word' id='word_1_275' title='bbox 785 1662 939 1698; x_wconf 86' lang='lat' dir='ltr'>remedii</span> <span class='ocrx_word' id='word_1_276' title='bbox 969 1663 1131 1711; x_wconf 87' lang='lat' dir='ltr'>suscepti</span> <span class='ocrx_word' id='word_1_277' title='bbox 1157 1676 1364 1713; x_wconf 86' lang='lat' dir='ltr'>prosequa-</span> 
     </span>
     <span class='ocr_line' id='line_1_40' title="bbox 369 1721 1280 1771; baseline 0.002 -15"><span class='ocrx_word' id='word_1_278' title='bbox 369 1729 430 1757; x_wconf 87' lang='lat' dir='ltr'>tur</span> <span class='ocrx_word' id='word_1_279' title='bbox 448 1734 556 1757; x_wconf 87' lang='lat' dir='ltr'>usum</span> <span class='ocrx_word' id='word_1_280' title='bbox 574 1734 692 1770; x_wconf 78' lang='lat' dir='ltr'>usque</span> <span class='ocrx_word' id='word_1_281' title='bbox 713 1721 758 1757; x_wconf 89' lang='lat' dir='ltr'>ad</span> <span class='ocrx_word' id='word_1_282' title='bbox 781 1721 947 1757; x_wconf 88' lang='lat' dir='ltr'>sanitatis</span> <span class='ocrx_word' id='word_1_283' title='bbox 965 1722 1280 1771; x_wconf 69' lang='lat' dir='ltr'>experimentum.</span> 
     </span>
    </p>

    <p class='ocr_par' dir='ltr' id='par_1_12' title="bbox 422 1781 1362 1830">
     <span class='ocr_line' id='line_1_41' title="bbox 422 1781 1362 1830; baseline 0.001 -13"><span class='ocrx_word' id='word_1_284' title='bbox 422 1781 483 1817; x_wconf 84' lang='lat'>26.</span> <span class='ocrx_word' id='word_1_285' title='bbox 507 1781 829 1817; x_wconf 85' lang='lat' dir='ltr'>Valetudinarium</span> <span class='ocrx_word' id='word_1_286' title='bbox 860 1789 986 1826; x_wconf 89' lang='lat' dir='ltr'>tuum,</span> <span class='ocrx_word' id='word_1_287' title='bbox 1013 1795 1036 1817; x_wconf 93' lang='lat' dir='ltr'>o</span> <span class='ocrx_word' id='word_1_288' title='bbox 1055 1790 1215 1830; x_wconf 80' lang='lat' dir='ltr'>aegrote,</span> <span class='ocrx_word' id='word_1_289' title='bbox 1238 1796 1260 1817; x_wconf 90' lang='grc' dir='ltr'>ο</span> <span class='ocrx_word' id='word_1_290' title='bbox 1281 1783 1362 1818; x_wconf 89' lang='lat' dir='ltr'>lan-</span> 
     </span>
    </p>
   </div>
   <div class='ocr_carea' id='block_1_11' title="bbox 1428 1134 2424 1830">
    <p class='ocr_par' dir='ltr' id='par_1_13' title="bbox 1428 1134 2424 1830">
     <span class='ocr_line' id='line_1_42' title="bbox 1428 1134 2420 1184; baseline 0 -14"><span class='ocrx_word' id='word_1_291' title='bbox 1428 1136 1536 1171; x_wconf 88' lang='lat' dir='ltr'>tualis</span> <span class='ocrx_word' id='word_1_292' title='bbox 1560 1144 1675 1184; x_wconf 87' lang='lat' dir='ltr'>pater.</span> <span class='ocrx_word' id='word_1_293' title='bbox 1692 1139 1770 1170; x_wconf 83' lang='lat' dir='ltr'>Deo</span> <span class='ocrx_word' id='word_1_294' title='bbox 1793 1134 1907 1170; x_wconf 88' lang='lat' dir='ltr'>debes</span> <span class='ocrx_word' id='word_1_295' title='bbox 1928 1135 2123 1183; x_wconf 86' lang='lat' dir='ltr'>pietatem,</span> <span class='ocrx_word' id='word_1_296' title='bbox 2152 1135 2210 1170; x_wconf 90' lang='lat' dir='ltr'>cui</span> <span class='ocrx_word' id='word_1_297' title='bbox 2238 1143 2272 1170; x_wconf 92' lang='lat' dir='ltr'>te</span> <span class='ocrx_word' id='word_1_298' title='bbox 2300 1142 2420 1170; x_wconf 86' lang='lat' dir='ltr'>totum</span> 
     </span>
     <span class='ocr_line' id='line_1_43' title="bbox 1428 1193 2420 1244; baseline 0 -14"><span class='ocrx_word' id='word_1_299' title='bbox 1428 1194 1624 1244; x_wconf 85' lang='lat' dir='ltr'>impendas</span> <span class='ocrx_word' id='word_1_300' title='bbox 1653 1209 1659 1229; x_wconf 92' lang='lat'>:</span> <span class='ocrx_word' id='word_1_301' title='bbox 1685 1193 1922 1230; x_wconf 66' lang='lat' dir='ltr'>conscientiae</span> <span class='ocrx_word' id='word_1_302' title='bbox 1952 1202 2043 1237; x_wconf 72' lang='lat' dir='ltr'>tuse,</span> <span class='ocrx_word' id='word_1_303' title='bbox 2072 1193 2275 1239; x_wconf 83' lang='lat' dir='ltr'>honorem,</span> <span class='ocrx_word' id='word_1_304' title='bbox 2293 1207 2420 1230; x_wconf 82' lang='lat' dir='ltr'>corant</span> 
     </span>
     <span class='ocr_line' id='line_1_44' title="bbox 1429 1251 2424 1302; baseline -0.001 -13"><span class='ocrx_word' id='word_1_305' title='bbox 1429 1267 1503 1302; x_wconf 82' lang='lat' dir='ltr'>qua</span> <span class='ocrx_word' id='word_1_306' title='bbox 1533 1266 1686 1302; x_wconf 86' lang='lat' dir='ltr'>peccare</span> <span class='ocrx_word' id='word_1_307' title='bbox 1710 1252 1908 1289; x_wconf 88' lang='lat' dir='ltr'>erubescas</span> <span class='ocrx_word' id='word_1_308' title='bbox 1938 1266 1944 1287; x_wconf 95' lang='lat'>:</span> <span class='ocrx_word' id='word_1_309' title='bbox 1975 1252 2071 1301; x_wconf 88' lang='lat' dir='ltr'>patri</span> <span class='ocrx_word' id='word_1_310' title='bbox 2097 1252 2304 1301; x_wconf 72' lang='lat' dir='ltr'>spirituali,</span> <span class='ocrx_word' id='word_1_311' title='bbox 2324 1251 2424 1288; x_wconf 88' lang='lat' dir='ltr'>obe-.</span> 
     </span>
     <span class='ocr_line' id='line_1_45' title="bbox 1431 1310 2424 1360; baseline 0 -13"><span class='ocrx_word' id='word_1_312' title='bbox 1431 1312 1607 1349; x_wconf 88' lang='lat' dir='ltr'>dientiam</span> <span class='ocrx_word' id='word_1_313' title='bbox 1625 1311 1832 1356; x_wconf 76' lang='lat' dir='ltr'>charitatis,</span> <span class='ocrx_word' id='word_1_314' title='bbox 1849 1312 1894 1347; x_wconf 91' lang='lat' dir='ltr'>ad</span> <span class='ocrx_word' id='word_1_315' title='bbox 1911 1325 2022 1360; x_wconf 79' lang='lat' dir='ltr'>quein</span> <span class='ocrx_word' id='word_1_316' title='bbox 2040 1311 2085 1347; x_wconf 90' lang='lat' dir='ltr'>de</span> <span class='ocrx_word' id='word_1_317' title='bbox 2102 1310 2278 1347; x_wconf 90' lang='lat' dir='ltr'>omnibus</span> <span class='ocrx_word' id='word_1_318' title='bbox 2296 1324 2424 1347; x_wconf 86' lang='lat' dir='ltr'>recur-</span> 
     </span>
     <span class='ocr_line' id='line_1_46' title="bbox 1431 1368 2422 1419; baseline -0.001 -12"><span class='ocrx_word' id='word_1_319' title='bbox 1431 1385 1500 1407; x_wconf 87' lang='lat' dir='ltr'>ras.</span> <span class='ocrx_word' id='word_1_320' title='bbox 1522 1375 1682 1419; x_wconf 81' lang='lat' dir='ltr'>Insuper</span> <span class='ocrx_word' id='word_1_321' title='bbox 1704 1379 1743 1406; x_wconf 92' lang='lat' dir='ltr'>ut</span> <span class='ocrx_word' id='word_1_322' title='bbox 1766 1379 1911 1419; x_wconf 72' lang='lat' dir='ltr'>gratnm</span> <span class='ocrx_word' id='word_1_323' title='bbox 1937 1383 1993 1406; x_wconf 89' lang='lat' dir='ltr'>me</span> <span class='ocrx_word' id='word_1_324' title='bbox 2017 1369 2172 1414; x_wconf 84' lang='lat' dir='ltr'>babeas,</span> <span class='ocrx_word' id='word_1_325' title='bbox 2194 1369 2327 1406; x_wconf 83' lang='lat' dir='ltr'>addam</span> <span class='ocrx_word' id='word_1_326' title='bbox 2357 1368 2422 1406; x_wconf 88' lang='lat' dir='ltr'>tibi</span> 
     </span>
     <span class='ocr_line' id='line_1_47' title="bbox 1430 1427 2423 1477; baseline 0 -13"><span class='ocrx_word' id='word_1_327' title='bbox 1430 1437 1466 1465; x_wconf 88' lang='lat' dir='ltr'>et</span> <span class='ocrx_word' id='word_1_328' title='bbox 1483 1438 1657 1477; x_wconf 82' lang='lat' dir='ltr'>‹piartum</span> <span class='ocrx_word' id='word_1_329' title='bbox 1681 1443 1687 1463; x_wconf 91' lang='lat'>:</span> <span class='ocrx_word' id='word_1_330' title='bbox 1712 1437 1747 1463; x_wconf 89' lang='lat' dir='ltr'>ct</span> <span class='ocrx_word' id='word_1_331' title='bbox 1763 1429 1941 1476; x_wconf 80' lang='lat' dir='ltr'>‹piamdiu</span> <span class='ocrx_word' id='word_1_332' title='bbox 1963 1429 2142 1477; x_wconf 82' lang='lat' dir='ltr'>parvulus</span> <span class='ocrx_word' id='word_1_333' title='bbox 2162 1441 2222 1473; x_wconf 87' lang='lat' dir='ltr'>es,</span> <span class='ocrx_word' id='word_1_334' title='bbox 2247 1437 2280 1464; x_wconf 92' lang='lat' dir='ltr'>et</span> <span class='ocrx_word' id='word_1_335' title='bbox 2303 1427 2423 1464; x_wconf 86' lang='lat' dir='ltr'>donec</span> 
     </span>
     <span class='ocr_line' id='line_1_48' title="bbox 1430 1487 2419 1536; baseline 0.001 -14"><span class='ocrx_word' id='word_1_336' title='bbox 1430 1488 1577 1536; x_wconf 88' lang='lat' dir='ltr'>plenius</span> <span class='ocrx_word' id='word_1_337' title='bbox 1601 1487 1769 1523; x_wconf 86' lang='lat' dir='ltr'>addiscas</span> <span class='ocrx_word' id='word_1_338' title='bbox 1795 1487 1958 1522; x_wconf 79' lang='lat' dir='ltr'>divinam</span> <span class='ocrx_word' id='word_1_339' title='bbox 1984 1488 2146 1536; x_wconf 76' lang='lat' dir='ltr'>cogitare</span> <span class='ocrx_word' id='word_1_340' title='bbox 2163 1487 2419 1536; x_wconf 73' lang='lat' dir='ltr'>pra‘sentiam,</span> 
     </span>
     <span class='ocr_line' id='line_1_49' title="bbox 1429 1544 2420 1595; baseline 0.001 -14"><span class='ocrx_word' id='word_1_341' title='bbox 1429 1545 1675 1595; x_wconf 75' lang='lat' dir='ltr'>paedagogum</span> <span class='ocrx_word' id='word_1_342' title='bbox 1706 1544 1770 1581; x_wconf 91' lang='lat' dir='ltr'>tibi</span> <span class='ocrx_word' id='word_1_343' title='bbox 1797 1545 2022 1593; x_wconf 88' lang='lat' dir='ltr'>procurabo.</span> <span class='ocrx_word' id='word_1_344' title='bbox 2050 1546 2154 1594; x_wconf 64' lang='lat' dir='ltr'>litigo</span> <span class='ocrx_word' id='word_1_345' title='bbox 2181 1545 2246 1582; x_wconf 86' lang='lat' dir='ltr'>tibi</span> <span class='ocrx_word' id='word_1_346' title='bbox 2273 1554 2310 1582; x_wconf 90' lang='lat' dir='ltr'>tu</span> <span class='ocrx_word' id='word_1_347' title='bbox 2341 1547 2420 1595; x_wconf 87' lang='lat' dir='ltr'>ipse</span> 
     </span>
     <span class='ocr_line' id='line_1_50' title="bbox 1429 1603 2420 1654; baseline 0 -13"><span class='ocrx_word' id='word_1_348' title='bbox 1429 1604 1585 1641; x_wconf 85' lang='lat' dir='ltr'>consilio</span> <span class='ocrx_word' id='word_1_349' title='bbox 1602 1617 1684 1640; x_wconf 87' lang='lat' dir='ltr'>meo</span> <span class='ocrx_word' id='word_1_350' title='bbox 1703 1603 1914 1648; x_wconf 86' lang='lat' dir='ltr'>hominem,</span> <span class='ocrx_word' id='word_1_351' title='bbox 1934 1603 2041 1651; x_wconf 86' lang='lat' dir='ltr'>cujus</span> <span class='ocrx_word' id='word_1_352' title='bbox 2062 1605 2144 1640; x_wconf 82' lang='lat' dir='ltr'>vitae</span> <span class='ocrx_word' id='word_1_353' title='bbox 2162 1604 2354 1654; x_wconf 84' lang='lat' dir='ltr'>exemplar</span> <span class='ocrx_word' id='word_1_354' title='bbox 2370 1604 2420 1641; x_wconf 89' lang='lat' dir='ltr'>sic</span> 
     </span>
     <span class='ocr_line' id='line_1_51' title="bbox 1429 1662 2422 1710; baseline 0 -11"><span class='ocrx_word' id='word_1_355' title='bbox 1429 1663 1533 1699; x_wconf 88' lang='lat' dir='ltr'>cordi</span> <span class='ocrx_word' id='word_1_356' title='bbox 1566 1672 1629 1699; x_wconf 88' lang='lat' dir='ltr'>tuo</span> <span class='ocrx_word' id='word_1_357' title='bbox 1665 1662 1862 1708; x_wconf 87' lang='lat' dir='ltr'>insederit,</span> <span class='ocrx_word' id='word_1_358' title='bbox 1893 1662 2103 1699; x_wconf 83' lang='lat' dir='ltr'>reverentia</span> <span class='ocrx_word' id='word_1_359' title='bbox 2135 1663 2344 1710; x_wconf 84' lang='lat' dir='ltr'>inhaeserit3</span> <span class='ocrx_word' id='word_1_360' title='bbox 2381 1671 2422 1699; x_wconf 90' lang='lat' dir='ltr'>ut</span> 
     </span>
     <span class='ocr_line' id='line_1_52' title="bbox 1430 1721 2419 1771; baseline -0.001 -13"><span class='ocrx_word' id='word_1_361' title='bbox 1430 1722 1577 1771; x_wconf 88' lang='lat' dir='ltr'>quoties</span> <span class='ocrx_word' id='word_1_362' title='bbox 1601 1721 1682 1770; x_wconf 88' lang='lat' dir='ltr'>ejus</span> <span class='ocrx_word' id='word_1_363' title='bbox 1711 1721 1928 1757; x_wconf 83' lang='lat' dir='ltr'>recordatus</span> <span class='ocrx_word' id='word_1_364' title='bbox 1950 1722 2084 1767; x_wconf 82' lang='lat' dir='ltr'>fueris,</span> <span class='ocrx_word' id='word_1_365' title='bbox 2106 1721 2150 1758; x_wconf 89' lang='lat' dir='ltr'>ad</span> <span class='ocrx_word' id='word_1_366' title='bbox 2174 1722 2419 1758; x_wconf 73' lang='lat' dir='ltr'>reverentiam</span> 
     </span>
     <span class='ocr_line' id='line_1_53' title="bbox 1429 1780 2421 1830; baseline -0.001 -14"><span class='ocrx_word' id='word_1_367' title='bbox 1429 1781 1577 1830; x_wconf 77' lang='lat' dir='ltr'>cogitati</span> <span class='ocrx_word' id='word_1_368' title='bbox 1595 1794 1780 1829; x_wconf 75' lang='lat' dir='ltr'>assurgas,</span> <span class='ocrx_word' id='word_1_369' title='bbox 1799 1789 1834 1816; x_wconf 92' lang='lat' dir='ltr'>et</span> <span class='ocrx_word' id='word_1_370' title='bbox 1850 1781 2086 1830; x_wconf 83' lang='lat' dir='ltr'>temetipsum</span> <span class='ocrx_word' id='word_1_371' title='bbox 2105 1780 2257 1816; x_wconf 87' lang='lat' dir='ltr'>ordines</span> <span class='ocrx_word' id='word_1_372' title='bbox 2269 1789 2304 1816; x_wconf 90' lang='lat' dir='ltr'>et</span> <span class='ocrx_word' id='word_1_373' title='bbox 2321 1793 2421 1816; x_wconf 90' lang='lat' dir='ltr'>com-</span> 
     </span>
    </p>
   </div>
   <div class='ocr_carea' id='block_1_12' title="bbox 368 1839 2415 1890">
    <p class='ocr_par' dir='ltr' id='par_1_14' title="bbox 368 1839 2415 1890">
     <span class='ocr_line' id='line_1_54' title="bbox 368 1839 2415 1890; baseline 0 -15"><span class='ocrx_word' id='word_1_374' title='bbox 368 1840 501 1890; x_wconf 81' lang='lat' dir='ltr'>guide,</span> <span class='ocrx_word' id='word_1_375' title='bbox 525 1841 614 1876; x_wconf 88' lang='lat' dir='ltr'>cella</span> <span class='ocrx_word' id='word_1_376' title='bbox 640 1848 698 1876; x_wconf 84' lang='lat' dir='ltr'>tua</span> <span class='ocrx_word' id='word_1_377' title='bbox 723 1849 777 1876; x_wconf 86' lang='lat' dir='ltr'>est</span> <span class='ocrx_word' id='word_1_378' title='bbox 802 1855 808 1875; x_wconf 94' lang='lat'>:</span> <span class='ocrx_word' id='word_1_379' title='bbox 835 1840 1040 1876; x_wconf 85' lang='lat' dir='ltr'>remedium</span> <span class='ocrx_word' id='word_1_380' title='bbox 1072 1841 1110 1876; x_wconf 86' lang='lat' dir='ltr'>in</span> <span class='ocrx_word' id='word_1_381' title='bbox 1133 1855 1208 1890; x_wconf 81' lang='lat' dir='ltr'>quo</span> <span class='ocrx_word' id='word_1_382' title='bbox 1238 1843 1359 1878; x_wconf 88' lang='lat' dir='ltr'>curari</span> <span class='ocrx_word' id='word_1_383' title='bbox 1380 1840 1406 1874; x_wconf 90' lang='lat' dir='ltr'>C</span> <span class='ocrx_word' id='word_1_384' title='bbox 1429 1853 1547 1889; x_wconf 84' lang='lat' dir='ltr'>ponas</span> <span class='ocrx_word' id='word_1_385' title='bbox 1573 1855 1579 1876; x_wconf 93' lang='lat'>:</span> <span class='ocrx_word' id='word_1_386' title='bbox 1600 1840 1665 1888; x_wconf 82' lang='lat' dir='ltr'>qui</span> <span class='ocrx_word' id='word_1_387' title='bbox 1686 1839 1867 1887; x_wconf 75' lang='lat' dir='ltr'>cogitatus</span> <span class='ocrx_word' id='word_1_388' title='bbox 1887 1854 1928 1875; x_wconf 89' lang='lat' dir='ltr'>ac</span> <span class='ocrx_word' id='word_1_389' title='bbox 1949 1841 1976 1875; x_wconf 90' lang='lat' dir='ltr'>si</span> <span class='ocrx_word' id='word_1_390' title='bbox 1995 1852 2158 1888; x_wconf 78' lang='lat' dir='ltr'>praesens</span> <span class='ocrx_word' id='word_1_391' title='bbox 2179 1839 2243 1883; x_wconf 88' lang='lat' dir='ltr'>sit,</span> <span class='ocrx_word' id='word_1_392' title='bbox 2267 1840 2302 1874; x_wconf 92' lang='lat' dir='ltr'>in</span> <span class='ocrx_word' id='word_1_393' title='bbox 2325 1839 2415 1875; x_wconf 84' lang='lat' dir='ltr'>asse-</span> 
     </span>
    </p>
   </div>
   <div class='ocr_carea' id='block_1_13' title="bbox 367 1899 1368 2593">
    <p class='ocr_par' dir='ltr' id='par_1_15' title="bbox 367 1899 1368 2593">
     <span class='ocr_line' id='line_1_55' title="bbox 368 1899 1361 1949; baseline 0.003 -14"><span class='ocrx_word' id='word_1_394' title='bbox 368 1900 535 1949; x_wconf 84' lang='lat' dir='ltr'>coepisti‚</span> <span class='ocrx_word' id='word_1_395' title='bbox 559 1899 773 1935; x_wconf 79' lang='lat' dir='ltr'>obedientia</span> <span class='ocrx_word' id='word_1_396' title='bbox 806 1908 880 1943; x_wconf 83' lang='lat' dir='ltr'>est,</span> <span class='ocrx_word' id='word_1_397' title='bbox 915 1899 1129 1936; x_wconf 82' lang='lat' dir='ltr'>obedientia</span> <span class='ocrx_word' id='word_1_398' title='bbox 1158 1914 1257 1937; x_wconf 70' lang='lat' dir='ltr'>vera.</span> <span class='ocrx_word' id='word_1_399' title='bbox 1290 1902 1361 1938; x_wconf 85' lang='lat' dir='ltr'>Sed</span> 
     </span>
     <span class='ocr_line' id='line_1_56' title="bbox 368 1958 1362 2006; baseline 0.003 -12"><span class='ocrx_word' id='word_1_400' title='bbox 368 1959 460 1994; x_wconf 87' lang='lat' dir='ltr'>scito</span> <span class='ocrx_word' id='word_1_401' title='bbox 479 1958 580 2006; x_wconf 87' lang='lat' dir='ltr'>quod</span> <span class='ocrx_word' id='word_1_402' title='bbox 608 1959 770 1995; x_wconf 88' lang='lat' dir='ltr'>remedia</span> <span class='ocrx_word' id='word_1_403' title='bbox 793 1958 925 1994; x_wconf 87' lang='lat' dir='ltr'>erebro</span> <span class='ocrx_word' id='word_1_404' title='bbox 955 1967 1095 1995; x_wconf 86' lang='lat' dir='ltr'>mutata</span> <span class='ocrx_word' id='word_1_405' title='bbox 1116 1969 1272 2006; x_wconf 81' lang='lat' dir='ltr'>nocent,</span> <span class='ocrx_word' id='word_1_406' title='bbox 1294 1975 1362 1997; x_wconf 89' lang='lat' dir='ltr'>na-</span> 
     </span>
     <span class='ocr_line' id='line_1_57' title="bbox 369 2017 1360 2067; baseline 0.004 -15"><span class='ocrx_word' id='word_1_407' title='bbox 369 2026 489 2053; x_wconf 82' lang='lat' dir='ltr'>turam</span> <span class='ocrx_word' id='word_1_408' title='bbox 512 2017 744 2060; x_wconf 85' lang='lat' dir='ltr'>disturbant,</span> <span class='ocrx_word' id='word_1_409' title='bbox 760 2027 797 2054; x_wconf 87' lang='lat' dir='ltr'>et</span> <span class='ocrx_word' id='word_1_410' title='bbox 813 2032 951 2067; x_wconf 54' lang='lat' dir='ltr'>aegrum</span> <span class='ocrx_word' id='word_1_411' title='bbox 974 2019 1248 2055; x_wconf 83' lang='lat' dir='ltr'>disterminant.</span> <span class='ocrx_word' id='word_1_412' title='bbox 1268 2023 1360 2056; x_wconf 82' lang='lat' dir='ltr'>Nam</span> 
     </span>
     <span class='ocr_line' id='line_1_58' title="bbox 367 2076 1368 2125; baseline 0.005 -14"><span class='ocrx_word' id='word_1_413' title='bbox 367 2085 403 2112; x_wconf 89' lang='lat' dir='ltr'>et</span> <span class='ocrx_word' id='word_1_414' title='bbox 428 2076 492 2124; x_wconf 84' lang='lat' dir='ltr'>qui</span> <span class='ocrx_word' id='word_1_415' title='bbox 521 2077 646 2125; x_wconf 87' lang='lat' dir='ltr'>aliquo</span> <span class='ocrx_word' id='word_1_416' title='bbox 674 2078 814 2125; x_wconf 75' lang='lat' dir='ltr'>pergit,</span> <span class='ocrx_word' id='word_1_417' title='bbox 834 2078 862 2113; x_wconf 89' lang='lat' dir='ltr'>si</span> <span class='ocrx_word' id='word_1_418' title='bbox 893 2091 1003 2113; x_wconf 89' lang='lat' dir='ltr'>unam</span> <span class='ocrx_word' id='word_1_419' title='bbox 1034 2087 1173 2114; x_wconf 86' lang='lat' dir='ltr'>certam</span> <span class='ocrx_word' id='word_1_420' title='bbox 1207 2081 1368 2117; x_wconf 88' lang='lat' dir='ltr'>tenuerit</span> 
     </span>
     <span class='ocr_line' id='line_1_59' title="bbox 367 2135 1364 2184; baseline 0.005 -14"><span class='ocrx_word' id='word_1_421' title='bbox 367 2135 464 2170; x_wconf 84' lang='lat' dir='ltr'>viam</span> <span class='ocrx_word' id='word_1_422' title='bbox 481 2163 490 2179; x_wconf 89' lang='lat'>‚</span> <span class='ocrx_word' id='word_1_423' title='bbox 513 2136 587 2171; x_wconf 82' lang='lat' dir='ltr'>cito</span> <span class='ocrx_word' id='word_1_424' title='bbox 614 2137 809 2184; x_wconf 75' lang='lat' dir='ltr'>perveniet</span> <span class='ocrx_word' id='word_1_425' title='bbox 830 2150 906 2184; x_wconf 86' lang='lat' dir='ltr'>quo</span> <span class='ocrx_word' id='word_1_426' title='bbox 928 2137 1067 2181; x_wconf 87' lang='lat' dir='ltr'>tendit,</span> <span class='ocrx_word' id='word_1_427' title='bbox 1090 2146 1125 2173; x_wconf 90' lang='lat' dir='ltr'>et</span> <span class='ocrx_word' id='word_1_428' title='bbox 1148 2138 1306 2184; x_wconf 83' lang='lat' dir='ltr'>itineris,</span> <span class='ocrx_word' id='word_1_429' title='bbox 1327 2149 1364 2176; x_wconf 91' lang='lat' dir='ltr'>et</span> 
     </span>
     <span class='ocr_line' id='line_1_60' title="bbox 369 2193 1364 2245; baseline 0.005 -16"><span class='ocrx_word' id='word_1_430' title='bbox 369 2193 508 2230; x_wconf 89' lang='lat' dir='ltr'>laboris</span> <span class='ocrx_word' id='word_1_431' title='bbox 537 2195 645 2229; x_wconf 85' lang='lat' dir='ltr'>saciet</span> <span class='ocrx_word' id='word_1_432' title='bbox 667 2196 790 2230; x_wconf 84' lang='lat' dir='ltr'>linem.</span> <span class='ocrx_word' id='word_1_433' title='bbox 814 2196 849 2231; x_wconf 89' lang='lat' dir='ltr'>Si</span> <span class='ocrx_word' id='word_1_434' title='bbox 872 2209 960 2231; x_wconf 79' lang='lat' dir='ltr'>vero</span> <span class='ocrx_word' id='word_1_435' title='bbox 989 2197 1123 2232; x_wconf 83' lang='lat' dir='ltr'>multas</span> <span class='ocrx_word' id='word_1_436' title='bbox 1149 2198 1364 2245; x_wconf 73' lang='lat' dir='ltr'>aggreditur</span> 
     </span>
     <span class='ocr_line' id='line_1_61' title="bbox 369 2253 1361 2303; baseline 0.005 -16"><span class='ocrx_word' id='word_1_437' title='bbox 369 2253 464 2298; x_wconf 88' lang='lat' dir='ltr'>vias,</span> <span class='ocrx_word' id='word_1_438' title='bbox 486 2261 607 2298; x_wconf 89' lang='lat' dir='ltr'>errat,</span> <span class='ocrx_word' id='word_1_439' title='bbox 631 2266 698 2288; x_wconf 86' lang='lat' dir='ltr'>nec</span> <span class='ocrx_word' id='word_1_440' title='bbox 720 2253 857 2289; x_wconf 86' lang='lat' dir='ltr'>laboris</span> <span class='ocrx_word' id='word_1_441' title='bbox 888 2254 1089 2302; x_wconf 83' lang='lat' dir='ltr'>aliquando</span> <span class='ocrx_word' id='word_1_442' title='bbox 1121 2256 1229 2291; x_wconf 83' lang='lat' dir='ltr'>linem</span> <span class='ocrx_word' id='word_1_443' title='bbox 1258 2257 1361 2303; x_wconf 85' lang='lat' dir='ltr'>sacit;</span> 
     </span>
     <span class='ocr_line' id='line_1_62' title="bbox 369 2312 1364 2362; baseline 0.004 -15"><span class='ocrx_word' id='word_1_444' title='bbox 369 2312 456 2360; x_wconf 88' lang='lat' dir='ltr'>quia</span> <span class='ocrx_word' id='word_1_445' title='bbox 482 2325 587 2347; x_wconf 88' lang='lat' dir='ltr'>error</span> <span class='ocrx_word' id='word_1_446' title='bbox 617 2313 727 2347; x_wconf 89' lang='lat' dir='ltr'>linem</span> <span class='ocrx_word' id='word_1_447' title='bbox 757 2326 831 2348; x_wconf 92' lang='lat' dir='ltr'>non</span> <span class='ocrx_word' id='word_1_448' title='bbox 859 2312 982 2348; x_wconf 82' lang='lat' dir='ltr'>habet.</span> <span class='ocrx_word' id='word_1_449' title='bbox 1012 2317 1093 2349; x_wconf 64' lang='lat' dir='ltr'>lN&#39;on</span> <span class='ocrx_word' id='word_1_450' title='bbox 1122 2327 1211 2362; x_wconf 74' lang='lat' dir='ltr'>ergo</span> <span class='ocrx_word' id='word_1_451' title='bbox 1243 2328 1364 2351; x_wconf 86' lang='lat' dir='ltr'>reme-</span> 
     </span>
     <span class='ocr_line' id='line_1_63' title="bbox 370 2370 1363 2420; baseline 0.005 -16"><span class='ocrx_word' id='word_1_452' title='bbox 370 2370 472 2406; x_wconf 88' lang='lat' dir='ltr'>dium</span> <span class='ocrx_word' id='word_1_453' title='bbox 501 2378 643 2414; x_wconf 89' lang='lat' dir='ltr'>mutes,</span> <span class='ocrx_word' id='word_1_454' title='bbox 671 2383 738 2405; x_wconf 87' lang='lat' dir='ltr'>nec</span> <span class='ocrx_word' id='word_1_455' title='bbox 764 2370 863 2406; x_wconf 90' lang='lat' dir='ltr'>aliud</span> <span class='ocrx_word' id='word_1_456' title='bbox 895 2384 964 2419; x_wconf 88' lang='lat' dir='ltr'>pro</span> <span class='ocrx_word' id='word_1_457' title='bbox 993 2371 1067 2406; x_wconf 89' lang='lat' dir='ltr'>alio</span> <span class='ocrx_word' id='word_1_458' title='bbox 1097 2372 1278 2420; x_wconf 83' lang='lat' dir='ltr'>accipias,</span> <span class='ocrx_word' id='word_1_459' title='bbox 1299 2373 1363 2409; x_wconf 88' lang='lat' dir='ltr'>sed</span> 
     </span>
     <span class='ocr_line' id='line_1_64' title="bbox 371 2427 1363 2477; baseline 0.002 -13"><span class='ocrx_word' id='word_1_460' title='bbox 371 2441 489 2476; x_wconf 87' lang='lat' dir='ltr'>usque</span> <span class='ocrx_word' id='word_1_461' title='bbox 514 2427 558 2463; x_wconf 89' lang='lat' dir='ltr'>ad</span> <span class='ocrx_word' id='word_1_462' title='bbox 583 2428 781 2463; x_wconf 89' lang='lat' dir='ltr'>terminum</span> <span class='ocrx_word' id='word_1_463' title='bbox 804 2429 978 2477; x_wconf 72' lang='lat' dir='ltr'>persectre</span> <span class='ocrx_word' id='word_1_464' title='bbox 999 2430 1184 2473; x_wconf 86' lang='lat' dir='ltr'>sanitatis,</span> <span class='ocrx_word' id='word_1_465' title='bbox 1208 2431 1363 2466; x_wconf 88' lang='lat' dir='ltr'>medici—</span> 
     </span>
     <span class='ocr_line' id='line_1_65' title="bbox 372 2486 1364 2537; baseline 0.002 -14"><span class='ocrx_word' id='word_1_466' title='bbox 372 2487 464 2524; x_wconf 92' lang='lat' dir='ltr'>nalis</span> <span class='ocrx_word' id='word_1_467' title='bbox 489 2486 713 2522; x_wconf 71' lang='lat' dir='ltr'>obedientia&gt;</span> <span class='ocrx_word' id='word_1_468' title='bbox 746 2487 911 2523; x_wconf 91' lang='lat' dir='ltr'>remedio</span> <span class='ocrx_word' id='word_1_469' title='bbox 943 2496 1048 2523; x_wconf 86' lang='lat' dir='ltr'>utere</span> <span class='ocrx_word' id='word_1_470' title='bbox 1074 2503 1081 2523; x_wconf 90' lang='lat'>:</span> <span class='ocrx_word' id='word_1_471' title='bbox 1116 2502 1182 2524; x_wconf 84' lang='lat' dir='ltr'>nee</span> <span class='ocrx_word' id='word_1_472' title='bbox 1213 2488 1364 2537; x_wconf 85' lang='lat' dir='ltr'>abjicias</span> 
     </span>
     <span class='ocr_line' id='line_1_66' title="bbox 369 2546 1362 2593; baseline 0.002 -11"><span class='ocrx_word' id='word_1_473' title='bbox 369 2560 470 2591; x_wconf 89' lang='lat' dir='ltr'>eam,</span> <span class='ocrx_word' id='word_1_474' title='bbox 489 2555 528 2581; x_wconf 92' lang='lat' dir='ltr'>ut</span> <span class='ocrx_word' id='word_1_475' title='bbox 552 2547 737 2593; x_wconf 74' lang='lat' dir='ltr'>ingratus,</span> <span class='ocrx_word' id='word_1_476' title='bbox 761 2559 844 2582; x_wconf 91' lang='lat' dir='ltr'>cum</span> <span class='ocrx_word' id='word_1_477' title='bbox 875 2546 991 2582; x_wconf 85' lang='lat' dir='ltr'>factus</span> <span class='ocrx_word' id='word_1_478' title='bbox 1014 2547 1127 2583; x_wconf 82' lang='lat' dir='ltr'>fueris</span> <span class='ocrx_word' id='word_1_479' title='bbox 1148 2561 1280 2593; x_wconf 81' lang='lat' dir='ltr'>sanus3</span> <span class='ocrx_word' id='word_1_480' title='bbox 1299 2549 1362 2585; x_wconf 86' lang='lat' dir='ltr'>scd</span> 
     </span>
    </p>
   </div>
   <div class='ocr_carea' id='block_1_14' title="bbox 1428 1898 2423 2596">
    <p class='ocr_par' dir='ltr' id='par_1_16' title="bbox 1428 1898 2423 2596">
     <span class='ocr_line' id='line_1_67' title="bbox 1428 1898 2419 1934; baseline 0 -1"><span class='ocrx_word' id='word_1_481' title='bbox 1428 1906 1528 1934; x_wconf 90' lang='lat' dir='ltr'>ctum</span> <span class='ocrx_word' id='word_1_482' title='bbox 1557 1906 1695 1934; x_wconf 85' lang='lat' dir='ltr'>mutuae</span> <span class='ocrx_word' id='word_1_483' title='bbox 1728 1898 1918 1933; x_wconf 82' lang='lat' dir='ltr'>eharitatis</span> <span class='ocrx_word' id='word_1_484' title='bbox 1947 1898 2122 1934; x_wconf 86' lang='lat' dir='ltr'>emendet</span> <span class='ocrx_word' id='word_1_485' title='bbox 2154 1899 2192 1934; x_wconf 92' lang='lat' dir='ltr'>in</span> <span class='ocrx_word' id='word_1_486' title='bbox 2226 1906 2261 1934; x_wconf 89' lang='lat' dir='ltr'>te</span> <span class='ocrx_word' id='word_1_487' title='bbox 2294 1898 2419 1934; x_wconf 87' lang='lat' dir='ltr'>omnia</span> 
     </span>
     <span class='ocr_line' id='line_1_68' title="bbox 1429 1957 2420 2006; baseline 0 -13"><span class='ocrx_word' id='word_1_488' title='bbox 1429 1957 1662 1993; x_wconf 86' lang='lat' dir='ltr'>emendanda</span> <span class='ocrx_word' id='word_1_489' title='bbox 1677 1986 1685 2001; x_wconf 97' lang='lat'>,</span> <span class='ocrx_word' id='word_1_490' title='bbox 1702 1966 1737 1993; x_wconf 89' lang='lat' dir='ltr'>et</span> <span class='ocrx_word' id='word_1_491' title='bbox 1755 1966 1877 1993; x_wconf 89' lang='lat' dir='ltr'>tamen</span> <span class='ocrx_word' id='word_1_492' title='bbox 1897 1958 2041 1993; x_wconf 89' lang='lat' dir='ltr'>nullum</span> <span class='ocrx_word' id='word_1_493' title='bbox 2064 1957 2227 2006; x_wconf 87' lang='lat' dir='ltr'>patiatur</span> <span class='ocrx_word' id='word_1_494' title='bbox 2241 1957 2420 1993; x_wconf 87' lang='lat' dir='ltr'>damnum</span> 
     </span>
     <span class='ocr_line' id='line_1_69' title="bbox 1428 2015 2422 2065; baseline 0 -13"><span class='ocrx_word' id='word_1_495' title='bbox 1428 2017 1560 2053; x_wconf 89' lang='lat' dir='ltr'>secreti</span> <span class='ocrx_word' id='word_1_496' title='bbox 1582 2016 1638 2053; x_wconf 88' lang='lat' dir='ltr'>sui</span> <span class='ocrx_word' id='word_1_497' title='bbox 1667 2015 1830 2052; x_wconf 88' lang='lat' dir='ltr'>solitudo</span> <span class='ocrx_word' id='word_1_498' title='bbox 1857 2024 1931 2052; x_wconf 87' lang='lat' dir='ltr'>tua.</span> <span class='ocrx_word' id='word_1_499' title='bbox 1959 2016 2028 2051; x_wconf 89' lang='lat' dir='ltr'>Hic</span> <span class='ocrx_word' id='word_1_500' title='bbox 2051 2028 2215 2065; x_wconf 79' lang='lat' dir='ltr'>piaesens</span> <span class='ocrx_word' id='word_1_501' title='bbox 2236 2015 2302 2052; x_wconf 89' lang='lat' dir='ltr'>tibi</span> <span class='ocrx_word' id='word_1_502' title='bbox 2327 2015 2422 2052; x_wconf 87' lang='lat' dir='ltr'>adsit</span> 
     </span>
     <span class='ocr_line' id='line_1_70' title="bbox 1433 2075 2415 2124; baseline 0 -13"><span class='ocrx_word' id='word_1_503' title='bbox 1433 2075 1749 2124; x_wconf 85' lang='lat' dir='ltr'>quandocumque</span> <span class='ocrx_word' id='word_1_504' title='bbox 1764 2076 1928 2111; x_wconf 74' lang='lat' dir='ltr'>volueris</span> <span class='ocrx_word' id='word_1_505' title='bbox 1945 2083 2142 2111; x_wconf 80' lang='lat' dir='ltr'>:occurrat</span> <span class='ocrx_word' id='word_1_506' title='bbox 2161 2088 2260 2124; x_wconf 84' lang='lat' dir='ltr'>saepe</span> <span class='ocrx_word' id='word_1_507' title='bbox 2279 2083 2415 2112; x_wconf 88' lang='lat' dir='ltr'>etcum</span> 
     </span>
     <span class='ocr_line' id='line_1_71' title="bbox 1434 2133 2419 2183; baseline -0.001 -12"><span class='ocrx_word' id='word_1_508' title='bbox 1434 2135 1611 2171; x_wconf 85' lang='lat' dir='ltr'>nolueris.</span> <span class='ocrx_word' id='word_1_509' title='bbox 1628 2135 1908 2183; x_wconf 86' lang='lat' dir='ltr'>Increpationcs</span> <span class='ocrx_word' id='word_1_510' title='bbox 1927 2134 2006 2183; x_wconf 85' lang='lat' dir='ltr'>ejus</span> <span class='ocrx_word' id='word_1_511' title='bbox 2027 2133 2213 2170; x_wconf 78' lang='lat' dir='ltr'>describet</span> <span class='ocrx_word' id='word_1_512' title='bbox 2231 2133 2296 2170; x_wconf 89' lang='lat' dir='ltr'>tibi</span> <span class='ocrx_word' id='word_1_513' title='bbox 2316 2134 2419 2183; x_wconf 82' lang='lat' dir='ltr'>cogi-</span> 
     </span>
     <span class='ocr_line' id='line_1_72' title="bbox 1431 2192 2421 2242; baseline -0.001 -13"><span class='ocrx_word' id='word_1_514' title='bbox 1431 2202 1503 2229; x_wconf 86' lang='lat' dir='ltr'>tata</span> <span class='ocrx_word' id='word_1_515' title='bbox 1519 2202 1645 2229; x_wconf 88' lang='lat' dir='ltr'>sancta</span> <span class='ocrx_word' id='word_1_516' title='bbox 1663 2192 1744 2241; x_wconf 88' lang='lat' dir='ltr'>ejus</span> <span class='ocrx_word' id='word_1_517' title='bbox 1763 2193 1961 2237; x_wconf 83' lang='lat' dir='ltr'>severitas;</span> <span class='ocrx_word' id='word_1_518' title='bbox 1985 2193 2282 2237; x_wconf 85' lang='lat' dir='ltr'>consolationes,</span> <span class='ocrx_word' id='word_1_519' title='bbox 2304 2193 2421 2242; x_wconf 89' lang='lat' dir='ltr'>pietas</span> 
     </span>
     <span class='ocr_line' id='line_1_73' title="bbox 1429 2251 2419 2301; baseline 0 -14"><span class='ocrx_word' id='word_1_520' title='bbox 1429 2261 1463 2288; x_wconf 88' lang='lat' dir='ltr'>et</span> <span class='ocrx_word' id='word_1_521' title='bbox 1485 2252 1712 2301; x_wconf 70' lang='lat' dir='ltr'>benignita53</span> <span class='ocrx_word' id='word_1_522' title='bbox 1737 2252 1972 2301; x_wconf 75' lang='lat' dir='ltr'>exemplum,</span> <span class='ocrx_word' id='word_1_523' title='bbox 1993 2260 2128 2287; x_wconf 84' lang='lat' dir='ltr'>sanctae</span> <span class='ocrx_word' id='word_1_524' title='bbox 2152 2251 2235 2287; x_wconf 75' lang='lat' dir='ltr'>vitae</span> <span class='ocrx_word' id='word_1_525' title='bbox 2261 2251 2419 2287; x_wconf 87' lang='lat' dir='ltr'>sinceri-</span> 
     </span>
     <span class='ocr_line' id='line_1_74' title="bbox 1431 2310 2421 2359; baseline 0 -13"><span class='ocrx_word' id='word_1_526' title='bbox 1431 2319 1494 2346; x_wconf 85' lang='lat' dir='ltr'>tas.</span> <span class='ocrx_word' id='word_1_527' title='bbox 1522 2314 1612 2347; x_wconf 80' lang='lat' dir='ltr'>Nam</span> <span class='ocrx_word' id='word_1_528' title='bbox 1641 2324 1771 2346; x_wconf 89' lang='lat' dir='ltr'>omncs</span> <span class='ocrx_word' id='word_1_529' title='bbox 1801 2311 2046 2359; x_wconf 78' lang='lat' dir='ltr'>cogitationes</span> <span class='ocrx_word' id='word_1_530' title='bbox 2077 2319 2156 2346; x_wconf 88' lang='lat' dir='ltr'>tuas</span> <span class='ocrx_word' id='word_1_531' title='bbox 2185 2323 2269 2346; x_wconf 89' lang='lat' dir='ltr'>cum</span> <span class='ocrx_word' id='word_1_532' title='bbox 2300 2310 2346 2346; x_wconf 90' lang='lat' dir='ltr'>ab</span> <span class='ocrx_word' id='word_1_533' title='bbox 2376 2323 2421 2346; x_wconf 89' lang='lat' dir='ltr'>eo</span> 
     </span>
     <span class='ocr_line' id='line_1_75' title="bbox 1430 2369 2421 2418; baseline 0 -13"><span class='ocrx_word' id='word_1_534' title='bbox 1430 2369 1547 2405; x_wconf 77' lang='lat' dir='ltr'>videri</span> <span class='ocrx_word' id='word_1_535' title='bbox 1577 2369 1757 2418; x_wconf 72' lang='lat' dir='ltr'>cogitabis</span> <span class='ocrx_word' id='word_1_536' title='bbox 1786 2383 1793 2404; x_wconf 90' lang='lat'><strong>:</strong></span> <span class='ocrx_word' id='word_1_537' title='bbox 1821 2383 1862 2405; x_wconf 84' lang='lat' dir='ltr'>ac</span> <span class='ocrx_word' id='word_1_538' title='bbox 1887 2369 1916 2405; x_wconf 93' lang='lat' dir='ltr'>si</span> <span class='ocrx_word' id='word_1_539' title='bbox 1951 2369 2098 2409; x_wconf 81' lang='lat' dir='ltr'>videat,</span> <span class='ocrx_word' id='word_1_540' title='bbox 2131 2382 2172 2405; x_wconf 87' lang='lat' dir='ltr'>ac</span> <span class='ocrx_word' id='word_1_541' title='bbox 2208 2370 2236 2405; x_wconf 90' lang='lat' dir='ltr'>si</span> <span class='ocrx_word' id='word_1_542' title='bbox 2270 2377 2421 2417; x_wconf 80' lang='lat' dir='ltr'>arguat,</span> 
     </span>
     <span class='ocr_line' id='line_1_76' title="bbox 1430 2428 2421 2477; baseline 0 -13"><span class='ocrx_word' id='word_1_543' title='bbox 1430 2429 1630 2464; x_wconf 87' lang='lat' dir='ltr'>emendare</span> <span class='ocrx_word' id='word_1_544' title='bbox 1659 2428 1813 2476; x_wconf 69' lang='lat' dir='ltr'>cogeris.</span> <span class='ocrx_word' id='word_1_545' title='bbox 1847 2429 1924 2471; x_wconf 81' lang='lat' dir='ltr'>Sic,</span> <span class='ocrx_word' id='word_1_546' title='bbox 1952 2428 2157 2463; x_wconf 85' lang='lat' dir='ltr'>secundum</span> <span class='ocrx_word' id='word_1_547' title='bbox 2191 2436 2421 2477; x_wconf 85' lang='lat' dir='ltr'>praeceptum</span> 
     </span>
     <span class='ocr_line' id='line_1_77' title="bbox 1430 2488 2423 2537; baseline -0.001 -12"><span class='ocrx_word' id='word_1_548' title='bbox 1430 2488 1620 2537; x_wconf 85' lang='lat' dir='ltr'>Apostoli,</span> <span class='ocrx_word' id='word_1_549' title='bbox 1635 2488 1791 2524; x_wconf 85' lang='lat' dir='ltr'>sollicite</span> <span class='ocrx_word' id='word_1_550' title='bbox 1807 2490 2034 2535; x_wconf 70' lang='lat' dir='ltr'>tenwlipswn</span> <span class='ocrx_word' id='word_1_551' title='bbox 2056 2490 2199 2523; x_wconf 66' lang='lat' dir='ltr'>custodi</span> <span class='ocrx_word' id='word_1_552' title='bbox 2214 2494 2220 2509; x_wconf 93' lang='lat'>¹</span> <span class='ocrx_word' id='word_1_553' title='bbox 2237 2502 2244 2524; x_wconf 94' lang='lat'>:</span> <span class='ocrx_word' id='word_1_554' title='bbox 2261 2496 2297 2523; x_wconf 82' lang='lat' dir='ltr'>et</span> <span class='ocrx_word' id='word_1_555' title='bbox 2316 2496 2356 2524; x_wconf 92' lang='lat' dir='ltr'>ut</span> <span class='ocrx_word' id='word_1_556' title='bbox 2372 2496 2423 2524; x_wconf 89' lang='lat' dir='ltr'>te-</span> 
     </span>
     <span class='ocr_line' id='line_1_78' title="bbox 1430 2546 2422 2596; baseline 0.001 -13"><span class='ocrx_word' id='word_1_557' title='bbox 1430 2548 1627 2596; x_wconf 88' lang='lat' dir='ltr'>metipsum</span> <span class='ocrx_word' id='word_1_558' title='bbox 1643 2560 1792 2596; x_wconf 85' lang='lat' dir='ltr'>semper</span> <span class='ocrx_word' id='word_1_559' title='bbox 1808 2547 2000 2596; x_wconf 84' lang='lat' dir='ltr'>inspicias,</span> <span class='ocrx_word' id='word_1_560' title='bbox 2019 2560 2168 2595; x_wconf 85' lang='lat' dir='ltr'>semper</span> <span class='ocrx_word' id='word_1_561' title='bbox 2181 2546 2228 2582; x_wconf 88' lang='lat' dir='ltr'>ab</span> <span class='ocrx_word' id='word_1_562' title='bbox 2244 2546 2422 2584; x_wconf 88' lang='lat' dir='ltr'>omnibus</span> 
     </span>
    </p>
   </div>
   <div class='ocr_carea' id='block_1_15' title="bbox 370 2606 2421 2655">
    <p class='ocr_par' dir='ltr' id='par_1_17' title="bbox 370 2606 2421 2655">
     <span class='ocr_line' id='line_1_79' title="bbox 370 2606 2421 2655; baseline 0 -13"><span class='ocrx_word' id='word_1_563' title='bbox 370 2616 491 2642; x_wconf 88' lang='lat' dir='ltr'>tamen</span> <span class='ocrx_word' id='word_1_564' title='bbox 510 2606 545 2641; x_wconf 89' lang='lat' dir='ltr'>in</span> <span class='ocrx_word' id='word_1_565' title='bbox 565 2606 750 2653; x_wconf 85' lang='lat' dir='ltr'>reliquum</span> <span class='ocrx_word' id='word_1_566' title='bbox 769 2606 840 2641; x_wconf 86' lang='lat' dir='ltr'>alio</span> <span class='ocrx_word' id='word_1_567' title='bbox 859 2606 972 2641; x_wconf 90' lang='lat' dir='ltr'>modo</span> <span class='ocrx_word' id='word_1_568' title='bbox 991 2620 1032 2641; x_wconf 88' lang='lat' dir='ltr'>ea</span> <span class='ocrx_word' id='word_1_569' title='bbox 1052 2607 1102 2641; x_wconf 91' lang='lat' dir='ltr'>uti</span> <span class='ocrx_word' id='word_1_570' title='bbox 1121 2607 1358 2655; x_wconf 89' lang='lat' dir='ltr'>permitteris.</span> <span class='ocrx_word' id='word_1_571' title='bbox 1380 2612 1410 2644; x_wconf 91' lang='lat' dir='ltr'>D</span> <span class='ocrx_word' id='word_1_572' title='bbox 1428 2607 1558 2643; x_wconf 84' lang='lat' dir='ltr'>oculos</span> <span class='ocrx_word' id='word_1_573' title='bbox 1574 2615 1712 2642; x_wconf 85' lang='lat' dir='ltr'>averte.</span> <span class='ocrx_word' id='word_1_574' title='bbox 1731 2607 1924 2655; x_wconf 64' lang='lat' dir='ltr'>Egregium</span> <span class='ocrx_word' id='word_1_575' title='bbox 1943 2607 2234 2642; x_wconf 85' lang='lat' dir='ltr'>instrumentum</span> <span class='ocrx_word' id='word_1_576' title='bbox 2250 2606 2421 2654; x_wconf 86' lang='lat' dir='ltr'>corporis</span> 
     </span>
    </p>
   </div>
   <div class='ocr_carea' id='block_1_16' title="bbox 371 2664 1366 3243">
    <p class='ocr_par' dir='ltr' id='par_1_18' title="bbox 371 2664 1366 3243">
     <span class='ocr_line' id='line_1_80' title="bbox 371 2664 1361 2713; baseline -0.001 -11"><span class='ocrx_word' id='word_1_577' title='bbox 371 2667 406 2703; x_wconf 90' lang='lat' dir='ltr'>Si</span> <span class='ocrx_word' id='word_1_578' title='bbox 433 2679 522 2713; x_wconf 71' lang='lat' dir='ltr'>ergo</span> <span class='ocrx_word' id='word_1_579' title='bbox 544 2664 588 2700; x_wconf 93' lang='lat' dir='ltr'>ad</span> <span class='ocrx_word' id='word_1_580' title='bbox 618 2665 811 2700; x_wconf 85' lang='lat' dir='ltr'>sanitatem</span> <span class='ocrx_word' id='word_1_581' title='bbox 844 2665 1014 2708; x_wconf 78' lang='lat' dir='ltr'>festinas,</span> <span class='ocrx_word' id='word_1_582' title='bbox 1035 2665 1121 2701; x_wconf 73' lang='lat' dir='ltr'>vide</span> <span class='ocrx_word' id='word_1_583' title='bbox 1143 2674 1182 2701; x_wconf 89' lang='lat' dir='ltr'>ut</span> <span class='ocrx_word' id='word_1_584' title='bbox 1209 2667 1281 2709; x_wconf 83' lang='lat' dir='ltr'>nil,</span> <span class='ocrx_word' id='word_1_585' title='bbox 1304 2667 1361 2702; x_wconf 79' lang='lat' dir='ltr'>vel</span> 
     </span>
     <span class='ocr_line' id='line_1_81' title="bbox 372 2723 1363 2773; baseline 0.002 -13"><span class='ocrx_word' id='word_1_586' title='bbox 372 2725 561 2760; x_wconf 87' lang='lat' dir='ltr'>modicum</span> <span class='ocrx_word' id='word_1_587' title='bbox 581 2723 626 2759; x_wconf 92' lang='lat' dir='ltr'>de</span> <span class='ocrx_word' id='word_1_588' title='bbox 646 2725 842 2773; x_wconf 84' lang='lat' dir='ltr'>temetipso</span> <span class='ocrx_word' id='word_1_589' title='bbox 863 2737 972 2772; x_wconf 70' lang='lat' dir='ltr'>agere</span> <span class='ocrx_word' id='word_1_590' title='bbox 993 2737 1196 2773; x_wconf 82' lang='lat' dir='ltr'>praesumas</span> <span class='ocrx_word' id='word_1_591' title='bbox 1219 2725 1363 2762; x_wconf 86' lang='lat' dir='ltr'>medico</span> 
     </span>
     <span class='ocr_line' id='line_1_82' title="bbox 372 2782 1364 2831; baseline 0.001 -12"><span class='ocrx_word' id='word_1_592' title='bbox 372 2783 607 2827; x_wconf 81' lang='lat' dir='ltr'>inconsult03</span> <span class='ocrx_word' id='word_1_593' title='bbox 636 2796 654 2818; x_wconf 90' lang='lat' dir='ltr'>a</span> <span class='ocrx_word' id='word_1_594' title='bbox 689 2796 765 2831; x_wconf 90' lang='lat' dir='ltr'>quo</span> <span class='ocrx_word' id='word_1_595' title='bbox 796 2783 824 2818; x_wconf 92' lang='lat' dir='ltr'>si</span> <span class='ocrx_word' id='word_1_596' title='bbox 855 2796 1008 2831; x_wconf 90' lang='lat' dir='ltr'>operam</span> <span class='ocrx_word' id='word_1_597' title='bbox 1045 2782 1264 2819; x_wconf 88' lang='lat' dir='ltr'>medicantis</span> <span class='ocrx_word' id='word_1_598' title='bbox 1296 2798 1364 2820; x_wconf 79' lang='lat' dir='ltr'>ex-</span> 
     </span>
     <span class='ocr_line' id='line_1_83' title="bbox 371 2842 1364 2891; baseline 0 -13"><span class='ocrx_word' id='word_1_599' title='bbox 371 2851 538 2891; x_wconf 81' lang='lat' dir='ltr'>spectaS,</span> <span class='ocrx_word' id='word_1_600' title='bbox 558 2855 708 2878; x_wconf 87' lang='lat' dir='ltr'>necesse</span> <span class='ocrx_word' id='word_1_601' title='bbox 729 2850 783 2877; x_wconf 85' lang='lat' dir='ltr'>est</span> <span class='ocrx_word' id='word_1_602' title='bbox 805 2849 844 2877; x_wconf 89' lang='lat' dir='ltr'>ut</span> <span class='ocrx_word' id='word_1_603' title='bbox 866 2842 1003 2877; x_wconf 82' lang='lat' dir='ltr'>vulnus</span> <span class='ocrx_word' id='word_1_604' title='bbox 1029 2849 1132 2877; x_wconf 89' lang='lat' dir='ltr'>tuum</span> <span class='ocrx_word' id='word_1_605' title='bbox 1158 2854 1306 2890; x_wconf 84' lang='lat' dir='ltr'>semper</span> <span class='ocrx_word' id='word_1_606' title='bbox 1331 2843 1364 2879; x_wconf 91' lang='lat' dir='ltr'>ei</span> 
     </span>
     <span class='ocr_line' id='line_1_84' title="bbox 371 2901 1361 2950; baseline -0.001 -12"><span class='ocrx_word' id='word_1_607' title='bbox 371 2903 544 2950; x_wconf 71' lang='lat' dir='ltr'>detegere</span> <span class='ocrx_word' id='word_1_608' title='bbox 567 2914 641 2937; x_wconf 89' lang='lat' dir='ltr'>non</span> <span class='ocrx_word' id='word_1_609' title='bbox 672 2901 881 2937; x_wconf 88' lang='lat' dir='ltr'>erubescas.</span> <span class='ocrx_word' id='word_1_610' title='bbox 914 2901 1119 2946; x_wconf 82' lang='lat' dir='ltr'>Erubesce,</span> <span class='ocrx_word' id='word_1_611' title='bbox 1143 2901 1207 2938; x_wconf 90' lang='lat' dir='ltr'>sed</span> <span class='ocrx_word' id='word_1_612' title='bbox 1240 2910 1361 2938; x_wconf 89' lang='lat' dir='ltr'>tamen</span> 
     </span>
     <span class='ocr_line' id='line_1_85' title="bbox 372 2960 1364 3010; baseline 0.001 -13"><span class='ocrx_word' id='word_1_613' title='bbox 372 2963 495 2997; x_wconf 61' lang='lat' dir='ltr'>revela</span> <span class='ocrx_word' id='word_1_614' title='bbox 525 2970 663 3006; x_wconf 89' lang='lat' dir='ltr'>totum,</span> <span class='ocrx_word' id='word_1_615' title='bbox 693 2975 760 2997; x_wconf 87' lang='lat' dir='ltr'>nec</span> <span class='ocrx_word' id='word_1_616' title='bbox 792 2960 1012 2997; x_wconf 84' lang='lat' dir='ltr'>abscondas.</span> <span class='ocrx_word' id='word_1_617' title='bbox 1045 2965 1138 2998; x_wconf 86' lang='lat' dir='ltr'>Sunt</span> <span class='ocrx_word' id='word_1_618' title='bbox 1170 2961 1268 2996; x_wconf 89' lang='lat' dir='ltr'>enim</span> <span class='ocrx_word' id='word_1_619' title='bbox 1300 2962 1364 3010; x_wconf 86' lang='lat' dir='ltr'>qui</span> 
     </span>
     <span class='ocr_line' id='line_1_86' title="bbox 372 3019 1364 3069; baseline 0 -13"><span class='ocrx_word' id='word_1_620' title='bbox 372 3020 588 3057; x_wconf 79' lang='lat' dir='ltr'>confitendo</span> <span class='ocrx_word' id='word_1_621' title='bbox 609 3021 714 3069; x_wconf 82' lang='lat' dir='ltr'>quasi</span> <span class='ocrx_word' id='word_1_622' title='bbox 740 3019 901 3056; x_wconf 79' lang='lat' dir='ltr'>fabulam</span> <span class='ocrx_word' id='word_1_623' title='bbox 927 3029 1104 3056; x_wconf 85' lang='lat' dir='ltr'>enarrant</span> <span class='ocrx_word' id='word_1_624' title='bbox 1129 3033 1281 3056; x_wconf 87' lang='lat' dir='ltr'>suorum</span> <span class='ocrx_word' id='word_1_625' title='bbox 1304 3021 1364 3056; x_wconf 81' lang='lat' dir='ltr'>hi-</span> 
     </span>
     <span class='ocr_line' id='line_1_87' title="bbox 372 3080 1364 3128; baseline 0 -11"><span class='ocrx_word' id='word_1_626' title='bbox 372 3080 525 3117; x_wconf 88' lang='lat' dir='ltr'>storiam</span> <span class='ocrx_word' id='word_1_627' title='bbox 559 3089 819 3128; x_wconf 87' lang='lat' dir='ltr'>peccatorum,</span> <span class='ocrx_word' id='word_1_628' title='bbox 854 3080 1093 3128; x_wconf 73' lang='lat' dir='ltr'>:egritudines</span> <span class='ocrx_word' id='word_1_629' title='bbox 1125 3080 1258 3116; x_wconf 78' lang='lat' dir='ltr'>animae</span> <span class='ocrx_word' id='word_1_630' title='bbox 1290 3094 1364 3117; x_wconf 64' lang='lat' dir='ltr'>sure</span> 
     </span>
     <span class='ocr_line' id='line_1_88' title="bbox 372 3139 1365 3189; baseline 0 -14"><span class='ocrx_word' id='word_1_631' title='bbox 372 3140 452 3175; x_wconf 88' lang='lat' dir='ltr'>sine</span> <span class='ocrx_word' id='word_1_632' title='bbox 472 3139 694 3175; x_wconf 79' lang='lat' dir='ltr'>confusione</span> <span class='ocrx_word' id='word_1_633' title='bbox 716 3139 978 3184; x_wconf 85' lang='lat' dir='ltr'>dinumerant,</span> <span class='ocrx_word' id='word_1_634' title='bbox 999 3148 1035 3175; x_wconf 88' lang='lat' dir='ltr'>et</span> <span class='ocrx_word' id='word_1_635' title='bbox 1060 3152 1156 3188; x_wconf 91' lang='lat' dir='ltr'>pene</span> <span class='ocrx_word' id='word_1_636' title='bbox 1178 3139 1258 3175; x_wconf 89' lang='lat' dir='ltr'>sine</span> <span class='ocrx_word' id='word_1_637' title='bbox 1284 3153 1365 3189; x_wconf 83' lang='lat' dir='ltr'>poe-</span> 
     </span>
     <span class='ocr_line' id='line_1_89' title="bbox 373 3197 1366 3243; baseline 0.002 -10"><span class='ocrx_word' id='word_1_638' title='bbox 373 3198 550 3243; x_wconf 86' lang='lat' dir='ltr'>nitentia,</span> <span class='ocrx_word' id='word_1_639' title='bbox 575 3206 612 3233; x_wconf 88' lang='lat' dir='ltr'>et</span> <span class='ocrx_word' id='word_1_640' title='bbox 635 3198 713 3234; x_wconf 88' lang='lat' dir='ltr'>sine</span> <span class='ocrx_word' id='word_1_641' title='bbox 738 3198 873 3234; x_wconf 72' lang='lat' dir='ltr'>affectu</span> <span class='ocrx_word' id='word_1_642' title='bbox 899 3197 1051 3234; x_wconf 86' lang='lat' dir='ltr'>doloris.</span> <span class='ocrx_word' id='word_1_643' title='bbox 1074 3198 1157 3236; x_wconf 89' lang='lat' dir='ltr'>Cito</span> <span class='ocrx_word' id='word_1_644' title='bbox 1183 3198 1281 3234; x_wconf 89' lang='lat' dir='ltr'>enim</span> <span class='ocrx_word' id='word_1_645' title='bbox 1307 3199 1366 3235; x_wconf 87' lang='lat' dir='ltr'>la-</span> 
     </span>
    </p>
   </div>
   <div class='ocr_carea' id='block_1_17' title="bbox 425 3324 676 3363">
    <p class='ocr_par' dir='ltr' id='par_1_19' title="bbox 425 3324 676 3363">
     <span class='ocr_line' id='line_1_90' title="bbox 425 3324 676 3363; baseline -0.016 -7"><span class='ocrx_word' id='word_1_646' title='bbox 425 3332 430 3344; x_wconf 85' lang='lat'>·</span> <span class='ocrx_word' id='word_1_647' title='bbox 453 3328 459 3355; x_wconf 91' lang='lat'>1</span> <span class='ocrx_word' id='word_1_648' title='bbox 478 3324 557 3355; x_wconf 79' lang='lat' dir='ltr'>&#39;1·im.</span> <span class='ocrx_word' id='word_1_649' title='bbox 576 3335 606 3363; x_wconf 86' lang='lat' dir='ltr'>v,</span> <span class='ocrx_word' id='word_1_650' title='bbox 624 3327 676 3353; x_wconf 79' lang='grc'><em>’).’),.</em></span> 
     </span>
    </p>
   </div>
   <div class='ocr_carea' id='block_1_18' title="bbox 1429 2664 2423 3233">
    <p class='ocr_par' dir='ltr' id='par_1_20' title="bbox 1429 2664 2423 3233">
     <span class='ocr_line' id='line_1_91' title="bbox 1430 2664 2422 2714; baseline -0.001 -13"><span class='ocrx_word' id='word_1_651' title='bbox 1430 2675 1481 2701; x_wconf 87' lang='lat' dir='ltr'>est</span> <span class='ocrx_word' id='word_1_652' title='bbox 1500 2666 1650 2711; x_wconf 88' lang='lat' dir='ltr'>oculus;</span> <span class='ocrx_word' id='word_1_653' title='bbox 1666 2666 1693 2701; x_wconf 87' lang='lat' dir='ltr'>si</span> <span class='ocrx_word' id='word_1_654' title='bbox 1711 2666 1804 2701; x_wconf 88' lang='lat' dir='ltr'>sicut</span> <span class='ocrx_word' id='word_1_655' title='bbox 1825 2674 1957 2701; x_wconf 56' lang='lat' dir='ltr'>meteret</span> <span class='ocrx_word' id='word_1_656' title='bbox 1970 2694 1978 2709; x_wconf 92' lang='lat'>‚</span> <span class='ocrx_word' id='word_1_657' title='bbox 1997 2665 2048 2700; x_wconf 84' lang='lat' dir='ltr'>sie</span> <span class='ocrx_word' id='word_1_658' title='bbox 2065 2665 2175 2701; x_wconf 86' lang='lat' dir='ltr'>etiam</span> <span class='ocrx_word' id='word_1_659' title='bbox 2194 2664 2320 2700; x_wconf 87' lang='lat' dir='ltr'>videre</span> <span class='ocrx_word' id='word_1_660' title='bbox 2338 2677 2422 2714; x_wconf 92' lang='lat' dir='ltr'>pos-</span> 
     </span>
     <span class='ocr_line' id='line_1_92' title="bbox 1429 2723 2422 2773; baseline -0.001 -13"><span class='ocrx_word' id='word_1_661' title='bbox 1429 2733 1483 2761; x_wconf 90' lang='lat' dir='ltr'>set</span> <span class='ocrx_word' id='word_1_662' title='bbox 1501 2725 1754 2773; x_wconf 87' lang='lat' dir='ltr'>semetipsum.</span> <span class='ocrx_word' id='word_1_663' title='bbox 1777 2724 1885 2771; x_wconf 85' lang='lat' dir='ltr'>Quod</span> <span class='ocrx_word' id='word_1_664' title='bbox 1906 2737 1988 2760; x_wconf 87' lang='lat' dir='ltr'>cum</span> <span class='ocrx_word' id='word_1_665' title='bbox 2013 2723 2180 2759; x_wconf 86' lang='lat' dir='ltr'>interiori</span> <span class='ocrx_word' id='word_1_666' title='bbox 2200 2723 2311 2759; x_wconf 90' lang='lat' dir='ltr'>oculo</span> <span class='ocrx_word' id='word_1_667' title='bbox 2331 2736 2422 2759; x_wconf 91' lang='lat' dir='ltr'>con-</span> 
     </span>
     <span class='ocr_line' id='line_1_93' title="bbox 1429 2781 2421 2830; baseline -0.003 -10"><span class='ocrx_word' id='word_1_668' title='bbox 1429 2797 1572 2820; x_wconf 88' lang='lat' dir='ltr'>cessum</span> <span class='ocrx_word' id='word_1_669' title='bbox 1593 2784 1657 2827; x_wconf 88' lang='lat' dir='ltr'>sit,</span> <span class='ocrx_word' id='word_1_670' title='bbox 1681 2783 1709 2819; x_wconf 91' lang='lat' dir='ltr'>si</span> <span class='ocrx_word' id='word_1_671' title='bbox 1731 2782 1776 2818; x_wconf 88' lang='lat' dir='ltr'>ad</span> <span class='ocrx_word' id='word_1_672' title='bbox 1797 2783 1992 2818; x_wconf 80' lang='lat' dir='ltr'>exterioris</span> <span class='ocrx_word' id='word_1_673' title='bbox 2009 2781 2223 2830; x_wconf 86' lang='lat' dir='ltr'>exemplum</span> <span class='ocrx_word' id='word_1_674' title='bbox 2246 2793 2283 2817; x_wconf 90' lang='lat' dir='ltr'>se</span> <span class='ocrx_word' id='word_1_675' title='bbox 2299 2781 2421 2830; x_wconf 85' lang='lat' dir='ltr'>ipsum</span> 
     </span>
     <span class='ocr_line' id='line_1_94' title="bbox 1431 2840 2419 2891; baseline -0.002 -14"><span class='ocrx_word' id='word_1_676' title='bbox 1431 2843 1641 2891; x_wconf 72' lang='lat' dir='ltr'>negligens,</span> <span class='ocrx_word' id='word_1_677' title='bbox 1662 2850 1767 2877; x_wconf 79' lang='lat' dir='ltr'>vacat</span> <span class='ocrx_word' id='word_1_678' title='bbox 1788 2842 1884 2878; x_wconf 84' lang='lat' dir='ltr'>circa</span> <span class='ocrx_word' id='word_1_679' title='bbox 1906 2842 2046 2887; x_wconf 79' lang='lat' dir='ltr'>aliena3</span> <span class='ocrx_word' id='word_1_680' title='bbox 2070 2841 2180 2877; x_wconf 89' lang='lat' dir='ltr'>etiam</span> <span class='ocrx_word' id='word_1_681' title='bbox 2205 2852 2289 2875; x_wconf 90' lang='lat' dir='ltr'>cum</span> <span class='ocrx_word' id='word_1_682' title='bbox 2321 2840 2419 2885; x_wconf 90' lang='lat' dir='ltr'>vult,</span> 
     </span>
     <span class='ocr_line' id='line_1_95' title="bbox 1431 2898 2423 2949; baseline -0.002 -13"><span class='ocrx_word' id='word_1_683' title='bbox 1431 2914 1505 2936; x_wconf 90' lang='lat' dir='ltr'>non</span> <span class='ocrx_word' id='word_1_684' title='bbox 1523 2901 1659 2936; x_wconf 78' lang='lat' dir='ltr'>suflicit</span> <span class='ocrx_word' id='word_1_685' title='bbox 1676 2900 1796 2936; x_wconf 86' lang='lat' dir='ltr'>redire</span> <span class='ocrx_word' id='word_1_686' title='bbox 1811 2900 1856 2936; x_wconf 90' lang='lat' dir='ltr'>ad</span> <span class='ocrx_word' id='word_1_687' title='bbox 1872 2913 1910 2936; x_wconf 90' lang='lat' dir='ltr'>se</span> <span class='ocrx_word' id='word_1_688' title='bbox 1927 2901 2061 2949; x_wconf 88' lang='lat' dir='ltr'>ipsum.</span> <span class='ocrx_word' id='word_1_689' title='bbox 2078 2898 2161 2936; x_wconf 85' lang='lat' dir='ltr'>Tibi</span> <span class='ocrx_word' id='word_1_690' title='bbox 2175 2911 2264 2934; x_wconf 81' lang='lat' dir='ltr'>vaca</span> <span class='ocrx_word' id='word_1_691' title='bbox 2283 2913 2290 2935; x_wconf 92' lang='lat'><strong>:</strong></span> <span class='ocrx_word' id='word_1_692' title='bbox 2307 2899 2423 2935; x_wconf 85' lang='lat' dir='ltr'>multa</span> 
     </span>
     <span class='ocr_line' id='line_1_96' title="bbox 1433 2957 2421 3008; baseline -0.002 -12"><span class='ocrx_word' id='word_1_693' title='bbox 1433 2969 1469 2996; x_wconf 92' lang='lat' dir='ltr'>tu</span> <span class='ocrx_word' id='word_1_694' title='bbox 1505 2961 1583 3008; x_wconf 83' lang='lat' dir='ltr'>ipse</span> <span class='ocrx_word' id='word_1_695' title='bbox 1614 2959 1678 2995; x_wconf 88' lang='lat' dir='ltr'>tibi</span> <span class='ocrx_word' id='word_1_696' title='bbox 1708 2959 1967 2995; x_wconf 88' lang='lat' dir='ltr'>sollicitudinis</span> <span class='ocrx_word' id='word_1_697' title='bbox 2000 2958 2152 2995; x_wconf 81' lang='lat' dir='ltr'>materia</span> <span class='ocrx_word' id='word_1_698' title='bbox 2178 2971 2230 2994; x_wconf 87' lang='lat' dir='ltr'>cs.</span> <span class='ocrx_word' id='word_1_699' title='bbox 2259 2957 2421 2994; x_wconf 76' lang='lat' dir='ltr'>Exclude</span> 
     </span>
     <span class='ocr_line' id='line_1_97' title="bbox 1430 3016 2422 3066; baseline -0.002 -12"><span class='ocrx_word' id='word_1_700' title='bbox 1430 3020 1539 3055; x_wconf 87' lang='lat' dir='ltr'>etiam</span> <span class='ocrx_word' id='word_1_701' title='bbox 1557 3018 1603 3054; x_wconf 89' lang='lat' dir='ltr'>ab</span> <span class='ocrx_word' id='word_1_702' title='bbox 1621 3019 1738 3054; x_wconf 85' lang='lat' dir='ltr'>oculis</span> <span class='ocrx_word' id='word_1_703' title='bbox 1757 3018 2008 3054; x_wconf 77' lang='lat' dir='ltr'>exterioribus</span> <span class='ocrx_word' id='word_1_704' title='bbox 2025 3017 2127 3066; x_wconf 82' lang='lat' dir='ltr'>quod</span> <span class='ocrx_word' id='word_1_705' title='bbox 2147 3016 2346 3053; x_wconf 85' lang='lat' dir='ltr'>desuevisti</span> <span class='ocrx_word' id='word_1_706' title='bbox 2367 3017 2422 3053; x_wconf 82' lang='lat' dir='ltr'>vi-</span> 
     </span>
     <span class='ocr_line' id='line_1_98' title="bbox 1431 3075 2420 3125; baseline -0.003 -11"><span class='ocrx_word' id='word_1_707' title='bbox 1431 3078 1540 3124; x_wconf 87' lang='lat' dir='ltr'>dere;</span> <span class='ocrx_word' id='word_1_708' title='bbox 1561 3077 1607 3113; x_wconf 86' lang='lat' dir='ltr'>ab</span> <span class='ocrx_word' id='word_1_709' title='bbox 1636 3076 1898 3121; x_wconf 89' lang='lat' dir='ltr'>interioribus,</span> <span class='ocrx_word' id='word_1_710' title='bbox 1935 3077 2036 3125; x_wconf 87' lang='lat' dir='ltr'>quod</span> <span class='ocrx_word' id='word_1_711' title='bbox 2067 3088 2192 3112; x_wconf 88' lang='lat' dir='ltr'>amare</span> <span class='ocrx_word' id='word_1_712' title='bbox 2216 3075 2339 3124; x_wconf 79' lang='lat' dir='ltr'>:quia</span> <span class='ocrx_word' id='word_1_713' title='bbox 2370 3075 2420 3111; x_wconf 92' lang='lat' dir='ltr'>nil</span> 
     </span>
     <span class='ocr_line' id='line_1_99' title="bbox 1432 3135 2421 3184; baseline -0.003 -11"><span class='ocrx_word' id='word_1_714' title='bbox 1432 3146 1505 3173; x_wconf 91' lang='lat' dir='ltr'>tam</span> <span class='ocrx_word' id='word_1_715' title='bbox 1533 3137 1638 3173; x_wconf 78' lang='lat' dir='ltr'>facile</span> <span class='ocrx_word' id='word_1_716' title='bbox 1667 3136 1892 3173; x_wconf 88' lang='lat' dir='ltr'>recrudescit</span> <span class='ocrx_word' id='word_1_717' title='bbox 1915 3149 2026 3184; x_wconf 85' lang='lat' dir='ltr'>quam</span> <span class='ocrx_word' id='word_1_718' title='bbox 2053 3147 2179 3179; x_wconf 91' lang='lat' dir='ltr'>amor,</span> <span class='ocrx_word' id='word_1_719' title='bbox 2199 3143 2236 3171; x_wconf 85' lang='lat' dir='ltr'>et</span> <span class='ocrx_word' id='word_1_720' title='bbox 2262 3135 2421 3171; x_wconf 87' lang='lat' dir='ltr'>maxime</span> 
     </span>
     <span class='ocr_line' id='line_1_100' title="bbox 1432 3193 2256 3233; baseline -0.005 -1"><span class='ocrx_word' id='word_1_721' title='bbox 1432 3198 1467 3233; x_wconf 92' lang='lat' dir='ltr'>in</span> <span class='ocrx_word' id='word_1_722' title='bbox 1488 3195 1737 3232; x_wconf 85' lang='lat' dir='ltr'>tenerioribus</span> <span class='ocrx_word' id='word_1_723' title='bbox 1757 3204 1792 3232; x_wconf 89' lang='lat' dir='ltr'>et</span> <span class='ocrx_word' id='word_1_724' title='bbox 1813 3194 2088 3231; x_wconf 88' lang='lat' dir='ltr'>recentioribus</span> <span class='ocrx_word' id='word_1_725' title='bbox 2111 3193 2256 3230; x_wconf 83' lang='lat' dir='ltr'>animis.</span> 
     </span>
    </p>
   </div>
  </div>
 </body>
</html>
