2504 3928
318 233 385 267 at!

935 237 1054 270 Vl'rls
1083 238 1308 281 MYs'l'lth,
1340 240 1426 272 stit}
1459 239 1740 273 'sltffllt-x'rus

2276 240 2350 275 912

319 312 443 350 nutus,
465 307 528 355 qui
547 309 682 343 10111115
696 317 761 343 est.
780 309 879 344 Sicut
897 310 994 345 enim
1016 311 1149 346 vermis
1165 312 1209 347 de
1225 313 1302 348 sola
1316 313 1356 330 '⁴'
1372 326 1451 348 sum
1471 341 1480 356 ‚
1502 313 1576 349 vita
1596 313 1792 359 dolorosa,
1814 314 1896 349 linis
1914 314 2131 360 timorosus,
2151 322 2271 351 metus
2289 328 2352 365 ge-

319 375 437 409 terra,
462 366 511 401 ita
531 369 638 402 Jesus
658 367 824 404 Christus
851 368 896 404 de
923 370 1000 405 sola
1022 371 1171 418 Virgine
1191 385 1303 419 «6000-
1324 377 1353 408 Λ
1373 373 1504 408 benna*
1517 402 1525 418 ,
1543 385 1627 421 spes
1641 373 1866 418 coelestium,
1885 373 2016 422 bisque
2029 386 2114 409 cum
2129 373 2207 409 aliis
2221 374 2352 418 causis,

318 434 432 461 ratur.
456 428 486 461 0
506 438 616 473 quam
651 426 798 462 bumilis
818 428 1043 465 vermiculus
1062 432 1169 466 Jesus
1193 431 1303 467 (11111-

318 493 397 519 stus
416 512 424 528 ,
449 485 510 533 qui
534 484 782 533 opprobrium
813 487 929 523 sactus
950 496 1006 523 est
1023 488 1219 525 bominum
1238 518 1247 535 ,
1270 498 1305 525 et

317 543 478 591 abjectio
495 545 614 592 plebis
629 552 634 565 ¹
653 574 661 586 ,
677 545 723 581 ab
739 545 954 582 bominibus
971 555 1211 597 contemptus
1227 549 1305 584 sine

317 616 444 648 causa,
469 604 547 639 sine
573 604 736 640 vindicta
762 606 1000 642 conculcatus
1023 607 1118 642 51001
1148 608 1303 643 vermis!

318 666 409 699 Cum
428 663 733 708 malediceretur,
753 678 828 700 non
848 664 1116 710 maledicebat,
1138 680 1220 702 cum
1239 680 1302 716 pa-

319 730 460 757 teretur
477 750 485 766 ‚
509 736 584 758 non
607 724 907 760 comminabatur
923 730 947 760 ².
978 726 1201 762 Humiliatus
1225 734 1279 761 est
1295 754 1304 770 ,

319 790 357 815 ut
375 782 478 817 lieret
492 782 625 826 1101110,
642 791 681 818 01
696 782 911 819 bominibus
927 783 1169 829 subderetur,
1187 784 1306 820 beata:

318 841 426 877 Matri
453 849 489 876 ct
513 842 653 892 Josepb
677 842 833 878 nutritio
864 856 954 887 suo,
978 844 1142 879 Simeoni
1172 856 1307 892 exspe—

318 900 450 935 ctatori
473 914 542 936 suo
562 900 594 946 ³,
624 914 699 937 non
732 902 852 938 solum
880 901 1008 947 bonis,
1038 916 1166 939 verum
1195 904 1304 939 etiam

319 958 426 994 malis
457 961 613 996 terrenis
641 961 887 1010 potestatibus
909 962 1057 997 solvens
1083 976 1165 998 cum
1199 967 1307 999 Petro

320 1017 581 1055 didraebnmm
603 1020 798 1056 inventum
818 1021 853 1056 in
878 1034 943 1057 ore
964 1021 1074 1070 piscis
1088 1022 1111 1058 ⁵.
1131 1022 1309 1059 Subditus

1371 432 1398 467 si
1431 445 1513 480 quae
1537 440 1644 478 sunt,
1675 432 1922 477 cessantibus,
1951 433 2028 468 sola
2051 433 2145 481 regis
2171 433 2287 469 nostri
2313 446 2354 469 ac

1372 490 1638 539 redemptoris,
1669 490 1783 539 patris
1813 490 2014 527 dulcissimi
2044 499 2080 527 et
2108 491 2239 540 optimi
2267 494 2354 528 Jesu

1371 549 1559 585 humilitas
1581 549 1626 585 ad
1647 549 1865 586 humilitatis
1881 549 2058 586 virtutem
2083 562 2171 594 nos,
2193 563 2268 585 non
2293 562 2356 585 so-

1371 610 1445 644 lum
1467 609 1620 644 incitare
1635 637 1644 653 ,
1662 609 1725 645 sed
1743 609 1927 645 violenter
1943 622 2075 657 cogere
2094 608 2259 644 deberet.
2277 611 2357 645 Hu-

1373 668 1560 703 miliemur
1575 681 1663 715 ergo
1677 695 1686 711 ,
1715 676 1751 703 et
1778 676 1933 717 propter
1951 667 2181 717 supradictas
2201 679 2329 704 causas
2344 695 2354 712 ,

1373 736 1413 762 ut
1449 726 1565 762 vicem
1597 726 1847 775 rependamus
1876 735 2032 776 propter
2063 740 2131 762 nos
2163 726 2356 762 humiliato

1373 786 1536 821 Domino
1568 789 1654 821 Jesu
1674 814 1682 831 ,
1721 786 1921 822 offerentes
1962 786 2098 822 violam
2139 785 2358 822 humilitatis

1373 845 1507 893 ipsius,
1528 858 1600 893 qua
1618 844 1695 894 ipse
1714 845 1805 880 Vitis
1826 853 1952 881 nostra
1971 853 2042 880 tam
2060 844 2286 880 excellenter
2301 843 2359 879 es-

1374 904 1519 948 floruit,
1546 912 1581 939 et
1609 903 1645 939 in
1669 903 1782 940 corde
1811 912 1940 940 nostro
1968 911 2178 951 gustantes;
2202 902 2359 938 utbune

1375 963 1504 999 llorem
1523 976 1630 998 suum
1645 991 1654 1008 ,
1672 976 1782 1011 quem
1805 963 1883 1012 ipse
1901 963 2110 1011 specialiter
2127 962 2162 997 in
2183 974 2222 997 se
2240 961 2360 996 voluit

1375 1022 1661 1067 commendare,
1691 1035 1962 1070 recognoscens
1986 1023 2020 1057 in
2048 1020 2157 1057 nobis
2179 1049 2188 1065 ,
2212 1033 2279 1055 nos
2298 1032 2359 1055 se-

320 1085 375 1113 est
396 1080 528 1115 Joanni
557 1079 779 1129 baptismate
805 1094 894 1126 suo,
922 1081 985 1129 qui
1008 1080 1054 1117 ab
1080 1082 1161 1130 ipso
1186 1082 1311 1131 potius
1332 1088 1358 1121 Β
1376 1094 1459 1117 0001
1474 1110 1482 1125 ,
1501 1080 1565 1129 qui
1585 1093 1698 1129 super
1717 1094 1829 1117 omne
1851 1093 1987 1116 nomen
2011 1080 2194 1116 exaltatus
2220 1086 2292 1124 cst,
2323 1078 2360 1113 in

320 1135 450 1172 debuit
468 1137 645 1187 baptizari
659 1137 684 1174 ⁵.
703 1139 927 1175 llumiliatus
941 1148 995 1175 est
1013 1153 1129 1189 usque
1148 1140 1192 1176 ad
1208 1140 1311 1177 ablu-

322 1196 461 1232 tionem
490 1198 627 1246 pedum
655 1198 924 1248 discipulorum
951 1212 1104 1235 suorum
1135 1199 1256 1236 bonus
1275 1209 1311 1237 et

321 1254 508 1304 benignus
534 1261 640 1294 Jesus
654 1257 680 1293 ⁰.
714 1262 907 1294 Postremo
937 1258 1145 1294 humiliavit
1174 1268 1310 1295 semet-

320 1315 467 1364 ipsum,
486 1316 603 1351 factus
617 1315 796 1352 obediens
813 1330 930 1364 usque
949 1317 994 1352 ad
1010 1326 1167 1353 mortem
1182 1347 1191 1363 ,
1209 1331 1310 1354 mor-

322 1381 394 1409 tem
408 1382 531 1408 autem
546 1374 678 1409 erucis.
691 1378 774 1420 Quo
788 1375 883 1410 ultra
898 1374 1074 1423 progredi
1087 1376 1313 1424 poterimus?

321 1433 493 1467 Mortuus
510 1445 585 1467 non
602 1432 768 1480 qualibet
790 1441 910 1468 morte
924 1460 933 1476 ,
957 1432 1020 1468 sed
1039 1441 1160 1468 morte
1177 1435 1310 1480 crucis,

321 1497 443 1525 morte
464 1491 677 1539 turpissima
697 1491 968 1528 condemnatus
983 1500 1050 1528 est.
1069 1491 1231 1529 Videsne
1246 1494 1314 1543 igi-

323 1556 396 1593 tur,
413 1558 594 1597 quantum
614 1550 653 1586 in
670 1551 752 1587 vite
769 1559 915 1597 nostra,
937 1551 1102 1600 benigno
1118 1555 1203 1588 Jesu
1217 1581 1226 1598 ,
1247 1553 1315 1590 flos

322 1607 389 1643 iste
412 1608 597 1646 violaceus
615 1609 809 1646 floruerit?
830 1611 937 1647 Multi
957 1624 1076 1660 usque
1092 1611 1137 1647 ad
1153 1621 1312 1648 mortem

321 1667 506 1704 humiliati
527 1678 612 1705 sunt
632 1685 639 1706 :
661 1669 725 1705 sed
743 1682 979 1719 nequaquam
996 1684 1041 1706 eo
1055 1671 1314 1721 vilipensionis

323 1726 618 1775 descenderunt,
639 1730 725 1778 quia
748 1742 942 1778 nunquam
965 1729 1010 1765 ad
1032 1738 1172 1766 tantam
1190 1732 1315 1767 exsul-

323 1787 501 1823 tationem
523 1797 785 1836 pervenerant.
801 1789 892 1836 Quis
907 1789 1006 1825 enim
1028 1788 1214 1826 bonorum
1233 1804 1316 1827 om-

1378 1149 1547 1189 tempore
1565 1139 1787 1176 visitationis
1807 1152 1882 1176 sua:
1899 1140 2063 1176 exaltare
2080 1138 2265 1187 dignetur.

1687 1271 1863 1309 CAPUT
1895 1271 2048 1311 XVIII.

1574 1389 1621 1417 De
1641 1386 1716 1417 flore
1732 1386 1878 1417 castitatis
1889 1410 1896 1424 ,
1913 1397 1979 1427 quae
1994 1392 2039 1418 est
2053 1385 2165 1416 lilium.

1431 1497 1495 1533 62.
1520 1499 1603 1533 Non
1624 1498 1750 1546 potuit
1767 1497 1894 1533 deesse
1911 1496 1947 1532 in
1964 1496 2046 1532 Vite
2065 1504 2193 1532 nostra
2209 1496 2366 1531 florente

1380 1555 1448 1591 1105
1471 1555 1535 1591 11111
1553 1556 1768 1602 candentis,
1792 1556 1978 1592 excellens
2005 1555 2182 1592 castitatis
2210 1554 2365 1602 insigne.

1381 1618 1484 1651 Inter
1512 1629 1644 1652 omnes
1672 1617 1830 1652 virtutes
1854 1616 2001 1652 castitas
2024 1614 2184 1664 quadam
2216 1614 2367 1664 speciali

1381 1675 1630 1723 praerogativa
1653 1675 1721 1712 1105
1743 1675 1876 1711 meruit
1900 1675 2099 1724 appellari,
2125 1687 2208 1723 qnae
2235 1686 2302 1722 per
2321 1673 2369 1709 li-

1381 1732 1471 1768 lium
1489 1734 1679 1782 liguratur.
1697 1734 1882 1771 Castitatis
1897 1742 2020 1770 autem
2040 1733 2191 1769 nomine
2208 1732 2279 1768 1100
2300 1740 2370 1768 tra-

1381 1800 1480 1828 ctatu
1506 1806 1579 1829 non
1605 1806 1880 1842 quamcumque
1903 1793 2028 1842 accipe
2049 1792 2254 1828 castitatem
2270 1818 2280 1836 ,
2305 1790 2370 1826 sed

323 1846 426 1882 nium
457 1848 697 1884 morientium
728 1847 797 1884 sibi
827 1848 950 1896 potuit
982 1861 1188 1898 usurpare,
1212 1851 1314 1898 quod
1333 1853 1359 1888 C
1381 1865 1461 1887 eam
1483 1865 1567 1900 quae
1587 1852 1780 1901 virginitas
1805 1852 2028 1901 appellatur.
2052 1854 2117 1887 Est
2136 1851 2234 1887 enim
2253 1858 2290 1886 et
2305 1861 2368 1885 ca—

324 1904 370 1941 de
392 1905 538 1942 Cbristo
557 1911 645 1944 Jesu
668 1907 808 1943 dictum
830 1916 885 1943 est
909 1921 916 1942 :
937 1908 1026 1943 Cum
1048 1907 1226 1955 informa
1247 1912 1316 1945 Dm·

324 1974 437 2011 esset,
456 1979 528 2001 non
545 1971 718 2014 rapinam
742 1966 942 2002 arbitratus
961 1976 1015 2002 est
1029 1981 1108 2002 esse
1127 1981 1166 2003 se
1181 1982 1314 2016 ‹equa-

325 2028 395 2060 lem
425 2027 556 2062 Deo7?
588 2027 719 2063 Nullus
750 2027 941 2076 profecto,
971 2027 1060 2075 quia
1091 2028 1216 2064 nullus
1244 2028 1316 2065 110-

327 2084 469 2120 minum
490 2094 627 2134 praeter
648 2085 768 2134 ipsum
792 2089 894 2121 Deus
910 2094 1003 2122 erat.
1035 2086 1198 2122 Maxime
1226 2100 1316 2135 ergo

325 2143 542 2180 humiliatus
573 2145 662 2190 fuit,
694 2145 758 2193 qui
788 2145 889 2181 solus
916 2158 1000 2181 cum
1030 2145 1066 2181 in
1100 2146 1219 2182 forma
1246 2147 1316 2183 Dei

326 2211 436 2247 esset,
455 2203 662 2239 exinanivit
686 2205 946 2253 semetipsum,
966 2205 1122 2241 formam
1144 2206 1242 2242 servi
1259 2219 1317 2242 ac-

327 2262 489 2310 cipiens,
512 2270 547 2298 et
577 2262 622 2298 ad
653 2271 791 2298 tantam
819 2262 1068 2311 abjectionem
1088 2263 1314 2310 deveniens,

328 2329 369 2356 ut
391 2320 436 2356 ab
458 2321 674 2357 bominibus
689 2321 766 2370 jam
791 2335 866 2357 non
890 2322 1025 2367 bomo,
1046 2322 1111 2358 sed
1132 2323 1319 2359 vermicu-

327 2379 384 2415 lus
405 2389 656 2429 reputaretur.

379 2440 440 2475 61.
463 2440 533 2476 Sed
552 2453 634 2488 quae
660 2449 714 2476 est
731 2453 840 2476 causa
859 2449 969 2476 tantae
986 2441 1260 2478 bumiliationis
1281 2442 1319 2478 in

328 2498 492 2546 benigno
510 2501 624 2535 Jesu?
641 2503 722 2535 Non
744 2499 843 2535 enim
865 2501 942 2535 sine
961 2499 1172 2536 rationabili
1195 2514 1319 2538 neces-

328 2559 434 2595 sitate
452 2558 602 2606 etjusta
631 2572 741 2595 causa
761 2559 811 2593 510
829 2559 1044 2594 humiliatus
1068 2567 1122 2595 est
1147 2560 1261 2596 Filius
1284 2570 1320 2597 et

1382 1909 1484 1945 stitas
1499 1909 1773 1945 continentium
1791 1937 1800 1953 ,
1816 1922 1881 1945 seu
1895 1909 2091 1945 viduarum
2106 1923 2116 1953 ;
2138 1917 2175 1945 et
2194 1915 2248 1944 est
2264 1908 2369 1944 casti-

1383 1975 1436 2004 tas
1458 1968 1648 2004 maritalis.
1670 1968 1741 2005 Sed
1762 1982 1814 2004 cae
1831 1968 1909 2018 jam
1933 1968 2085 2004 minime
2106 1967 2217 2003 ssores
2236 1966 2369 2016 appel-

1382 2027 1527 2073 lantur,
1548 2028 1636 2077 quia
1653 2028 1876 2077 virginitatis
1891 2033 1905 2049 ²¹
1923 2028 2051 2065 florem
2072 2027 2137 2063 lilii
2152 2027 2367 2063 amiserunt.

1383 2088 1456 2121 Eos
1470 2086 1582 2134 igitur
1594 2086 1658 2135 qui
1675 2086 1843 2122 deflorati
1859 2099 1934 2122 non
1951 2094 2056 2132 sunt,
2072 2085 2109 2122 id
2125 2093 2181 2122 est
2195 2085 2370 2134 virgines,

1383 2146 1474 2181 flore
1495 2146 1560 2182 lilii
1584 2146 1621 2182 in
1648 2146 1823 2196 praesenti
1843 2147 2017 2182 volumus
2042 2145 2251 2194 nuncupari
2273 2159 2280 2181 :
2303 2158 2371 2181 nec

1382 2205 1456 2241 1100
1475 2205 1637 2242 dicendo
1661 2205 1814 2241 facimus
1836 2204 2012 2254 injuriam
2036 2202 2318 2241 continentibus
2334 2211 2372 2238 et

1384 2265 1575 2301 maritatis.
1596 2268 1678 2302 Non
1695 2265 1819 2310 enim,
1841 2278 1924 2301 cum
1949 2264 2143 2300 laudamus
2164 2263 2368 2299 castitatem

1383 2323 1556 2368 Joannis,
1575 2324 1832 2372 vituperamus
1851 2322 2067 2371 eonjugium
2084 2322 2241 2359 Abrabae
2262 2336 2269 2357 ε
2289 2335 2370 2367 000,

1385 2382 1685 2417 commendando
1712 2382 1959 2430 virginitatem
1978 2381 2102 2418 Mariae
2116 2409 2126 2426 ,
2151 2380 2370 2416 viduitatem

1385 2445 1502 2477 Annae
1534 2441 1789 2490 reprobamus.
1814 2439 1887 2476 Sed
1918 2439 2057 2476 babent
2081 2440 2217 2489 singuli
2241 2440 2371 2475 merita

1385 2513 1469 2546 sua,
1496 2514 1570 2535 non
1590 2514 1704 2549 parva
1723 2509 1844 2536 tamen
1874 2500 2053 2549 dignitate
2078 2499 2262 2535 distincta.
2281 2499 2372 2546 Quis

1385 2568 1508 2596 autem
1533 2561 1693 2596 fructum
1713 2560 1938 2596 tricesimum
1958 2572 2032 2595 non
2047 2558 2174 2595 laudat
2194 2560 2230 2594 in
2243 2558 2371 2606 conju-

327 2617 514 2666 Sapientia
543 2617 662 2653 Patris
678 2645 687 2662 ,
722 2629 804 2665 quae
839 2617 928 2652 nibil
961 2617 1038 2653 sine
1071 2630 1183 2653 causa
1216 2619 1312 2655 facit.
1333 2625 1365 2658 D
1383 2619 1495 2667 gatis,
1512 2620 1781 2667 sexagesimum
1802 2619 1837 2654 in
1856 2618 2001 2664 viduis,
2020 2618 2174 2654 licctbis
2190 2618 2372 2654 excellen-

327 2677 425 2724 Quid
459 2677 584 2712 multis
613 2678 882 2713 immoramur?
916 2680 1073 2726 Propter
1100 2677 1172 2713 1100
1201 2678 1318 2715 sactus

327 2744 382 2771 est
411 2735 526 2770 bomo
544 2764 554 2779 ,
578 2743 618 2771 ut
638 2735 831 2770 bominem
860 2734 1060 2770 redimeret
1081 2749 1088 2771 :
1111 2736 1318 2774 inlirmatus

327 2803 380 2831 est
395 2824 403 2840 ,
420 2803 458 2830 ut
475 2803 619 2830 nostras
638 2795 871 2830 infirmitates
887 2803 1055 2831 curaret:
1077 2795 1184 2845 inops
1203 2797 1318 2833 factus

328 2863 404 2900 est,
424 2863 463 2890 ut
491 2868 557 2891 sua
577 2868 644 2891 nos
666 2855 792 2904 inopia
811 2855 945 2890 ditaret
970 2870 977 2891 ε
1005 2855 1220 2892 humiliatus
1239 2866 1314 2902 est,

331 2923 371 2950 ut
392 2927 461 2950 nos
481 2914 660 2949 exaltaret
679 2929 685 2949 :
713 2914 869 2949 traditus
888 2923 943 2949 est
971 2914 1016 2949 ad
1038 2923 1218 2961 mortem,
1244 2916 1319 2952 imo

331 2982 503 3009 mortuus
519 2982 595 3017 est,
613 2982 652 3008 01
672 2986 738 3008 nos
755 2973 970 3009 vivificaret.
989 2973 1080 3020 Quis
1097 2987 1318 3011 500000100-

330 3033 374 3068 tis
393 3032 599 3067 contemnit
617 3032 802 3067 bumiliari
821 3040 976 3081 propter
994 3040 1066 3068 tam
1084 3032 1318 3070 humiliatum

331 3105 399 3140 pro
422 3090 558 3126 nobis?
578 3094 620 3126 1·“,1
642 3091 725 3126 11001
747 3091 871 3126 multae
890 3092 962 3126 sint
983 3105 1122 3137 eausae,
1141 3106 1224 3141 quae
1253 3107 1321 3129 nos

330 3151 374 3186 ad
394 3150 639 3185 bumilitatem
657 3158 813 3197 cogant,
834 3150 972 3185 50111001
987 3151 1133 3187 10111001
1153 3152 1312 3201 pudoro-

380 3287 384 3300 ¹
409 3281 483 3310 l‘sal.
510 3292 615 3316 xxi„
688 3300 698 3303 -
730 3286 739 3300 ²
767 3285 775 3310 1
802 3284 880 3311 Pon:
905 3293 928 3310 ιῐ
945 3306 951 3316 ,
977 3285 1089 3312 '23.—-
1111 3282 1287 3320 ζ1100,11,

329 3332 343 3351 ‘'
364 3336 442 3362 Jvzm
476 3343 557 3366 xiii,
583 3335 612 3360 .’1.
696 3338 707 3359 Τ
726 3331 867 3373 Philipp.
898 3343 919 3361 11
940 3357 944 3363 ,
967 3337 1035 3362 ⁴3⁷8.

1385 2686 1440 2714 ter
1460 2679 1679 2727 praefcratur
1700 2679 1840 2715 fructus
1854 2679 2078 2715 centesimus
2098 2676 2373 2727 virginitatis⁸?

1436 2739 1500 2774 (53.
1532 2742 1587 2775 De
1619 2738 1686 2774 bac
1715 2738 1827 2786 igitur
1853 2738 1968 2787 gratia
1996 2738 2084 2783 lilii,
2114 2738 2151 2773 in
2176 2750 2252 2786 quo
2280 2737 2373 2774 Vitis

1386 2806 1511 2834 nostra
1542 2798 1668 2833 ssoruit
1686 2826 1695 2842 ,
1722 2798 1908 2842 locuturi,
1939 2797 2152 2842 videamus,
2175 2810 2264 2833 vera
2291 2797 2374 2833 luce

1386 2872 1453 2894 nos
1482 2858 1714 2893 illuminante
1729 2886 1737 2902 ,
1759 2871 1874 2906 quare
1901 2865 2001 2893 tanta
2023 2857 2140 2892 virtus
2160 2869 2227 2906 per
2255 2856 2372 2892 lilium

1386 2917 1577 2965 figuretur.
1609 2919 1654 2952 Et
1675 2917 1868 2953 manil'estc
1891 2916 2042 2965 quidem
2071 2916 2257 2960 occurrit,
2285 2915 2373 2964 quia

1387 2984 1542 3024 propter
1556 2975 1728 3011 candoris
1743 2975 1977 3019 munditiam,
1989 2988 2061 3023 qua
2076 2974 2137 3009 ille
2150 2974 2218 3010 llos
2232 2975 2373 3010 caeteris

1387 3034 1543 3070 floribus
1563 3035 1817 3083 ‹.·stpr1elatus.
1841 3034 1937 3070 11100.
1955 3047 2043 3069 sane
2065 3033 2246 3069 munditia
2263 3033 2373 3082 virgi--

1387 3093 1479 3128 nalis
1492 3091 1625 3127 merito
1644 3092 1825 3140 liguratur
1841 3099 1932 3139 typo
1948 3090 2026 3125 lilii.
2047 3090 2178 3126 Nullus
2195 3098 2374 3138 praeterea

1388 3151 1481 3188 alius
1502 3151 1569 3187 1105
1589 3151 1646 3187 vel
1665 3150 1745 3200 ipso
1760 3157 1962 3199 prospectu
1984 3157 2125 3185 tantum
2146 3161 2222 3197 prae
2244 3161 2282 3185 se
2304 3149 2374 3184 sert

1318 3287 1372 3317 .’11,
1395 3288 1445 3314 ’),8,
1466 3303 1503 3305 ω
1523 3285 1535 3309 -ἱ
1563 3281 1672 3314 Manli.
1695 3292 1779 3316 xvii,
1801 3284 1911 3310 illi-12⁴3.
1934 3297 1971 3300 ἢ
1997 3276 2010 3299 5
2033 3278 2076 3308 ld.
2107 3289 2166 3314 ιιι,
2195 3281 2304 3310 13-15.
2329 3297 2371 3301 v<

1108 3335 1119 3354 ὃ
1140 3335 1254 3366 Manli.
1275 3347 1357 3371 mu,
1379 3339 1431 3365 21³.

1761 3337 1771 3348 ‘¹
1791 3335 1894 3362 llorsl.
1918 3330 2137 3373 rirginilalcm.
2154 3330 2178 3369 ’l‘
