2418 3949
108 174 182 209 409
639 171 913 207 ADMONITIO
945 170 992 203 IN
1023 169 1312 213 SEQL‘ENTEM
1347 172 1625 206 EPISTOLAM.
2089 171 2159 207 111)

105 274 197 299 cura
219 260 320 297 nihil
336 259 384 298 ad
399 273 491 297 eum
517 258 726 305 attinebat,
755 257 944 296 dedisset?
973 255 1079 305 Quid
1105 257 1143 292 in
1163 258 1483 295 Cartusianorum
1507 258 1752 309 disciplinam
1776 273 1814 297 se
1833 261 2125 310 interposuisset
2145 262 2156 295 .'

106 324 212 374 Quid
230 324 278 363 de
301 337 438 363 eorum
453 322 648 370 moribus,
670 323 740 373 qui
760 321 832 360 sibi
853 319 999 359 subditi
1018 333 1096 357 non
1121 329 1252 367 erant,
1272 322 1530 360 reformandis
1547 325 1768 374 sategisset?
1796 325 1825 361 A
1845 326 2013 375 propriis
2034 338 2160 374 supe-

105 389 273 427 rioribus
293 388 538 440 regebantur,
555 386 605 425 ad
622 400 721 437 quos
738 385 945 423 emendare
967 384 1209 434 pertinebat,
1245 385 1341 436 quid
1370 396 1502 424 contra
1520 387 1666 425 ordinis
1681 388 1925 439 disciplinam
1953 398 2153 439 peccatum

106 462 217 492 esset.
240 454 348 491 Tum
374 452 538 491 demum
557 450 754 489 concludit
779 458 929 496 auctor,
959 449 1232 486 communium
1254 458 1435 499 patrum,
1468 450 1506 487 id
1534 460 1590 488 est
1619 453 1873 501 antiquorum
1897 454 2153 490 eremitarum

106 517 284 568 exempla
310 518 388 554 suis
416 518 457 554 in
487 516 720 554 memoriam
750 521 946 559 revocans,
977 512 1088 549 initio
1115 513 1249 562 capitis
1277 516 1503 564 sequentis:
1528 533 1543 548 «
1570 516 1649 553 Vos
1675 525 1807 555 autem
1837 518 1905 567 qui
1939 516 2158 567 spirituales

111 599 127 614 υ
150 584 254 629 estis,
276 583 377 619 sicut
399 580 550 619 Hebraei
563 610 572 628 ,
592 579 632 617 id
651 588 708 618 est
721 586 977 623 transeuntes,
1002 590 1083 613 non
1102 574 1292 614 habentes
1311 576 1373 614 hic
1393 579 1590 616 civitatem
1613 589 1837 616 manentem
1850 610 1858 626 ,
1888 580 1956 617 sed
1978 581 2158 618 futuram

112 663 128 678 »ι
150 646 409 696 inquirentes;
427 643 609 681 aedificate
629 642 752 690 vobis,
774 643 873 679 sicut
889 640 1069 691 coepistiS,
1090 638 1238 677 casulas
1256 641 1296 677 in
1318 641 1465 691 quibus
1481 641 1680 680 habitetis.
1706 643 1752 679 In
1768 643 1908 681 casulis
1922 646 2027 682 cnim
2044 644 2161 681 habi—

111 728 127 742 n
150 718 333 747 taverunt
361 717 491 758 patres
511 709 646 745 nostri.
667 724 684 739 »
705 707 783 756 Qui
803 706 955 757 patres?
980 723 994 738 «
1025 704 1160 741 Patres
1189 706 1331 751 nostri,
1358 723 1373 738 υ
1398 705 1528 753 addit,
1554 725 1567 737 «
1603 708 1641 743 in
1670 707 1836 757 AEgypto
1863 718 1901 745 et
1929 709 2158 756 Thebaida,

110 774 393 811 »sanctissimae
420 773 543 822 liujus
574 773 659 809 vitae
693 771 952 810 ardentissimi
982 769 1247 817 aemulatores,
1279 771 1318 806 in
1343 769 1623 808 solitudinibus
1655 770 1904 822 degentes...
1943 774 2014 822 ipsi
2047 774 2160 811 cellas

112 857 128 872 n
150 836 391 875 fabricabant
409 836 503 883 sibi,
526 837 565 872 in
588 834 734 885 quibus
753 836 841 873 tecti
860 843 897 872 et
923 835 1168 885 circumsepti
1191 848 1214 872 a
1234 833 1392 872 turbine
1413 843 1452 872 et
1477 849 1499 872 a
1527 834 1663 885 pluvia
1683 835 1928 881 tutabantur,
1951 838 1989 873 in
2016 838 2161 887 quibus

111 919 126 933 »
151 901 354 938 eremiticae
373 899 602 951 frugalitatis
621 897 768 936 deliciis
793 899 1008 945 affluentes,
1028 897 1319 948 locupletabant
1340 898 1484 936 multos
1504 900 1574 949 ipsi
1595 909 1750 950 egentes
1765 907 1790 936 ¹.
1813 916 1829 932 »
1852 899 2006 947 Quibus
2031 901 2159 939 verbis

106 965 331 1003 institutum
348 978 467 1002 suum
490 964 581 1002 satis
599 962 731 1013 prodit
749 972 899 1010 auctor,
917 962 966 999 ab
982 961 1187 999 Guillelmi
1210 962 1391 1000 instituto
1413 963 1575 1000 omnino
1595 962 1790 1011 alienum,
1807 965 1874 1013 qui
1895 978 1964 1001 nec
1980 967 2162 1003 eremita—

106 1043 195 1067 rum
214 1042 323 1067 more
345 1028 521 1075 vivebat,
543 1041 612 1065 nec
631 1028 670 1064 in
689 1026 785 1065 cella
804 1034 982 1077 separata
1000 1025 1178 1077 degebat.

159 1095 197 1131 9.
229 1094 424 1131 Hactenus
442 1092 543 1130 dicta
562 1091 761 1129 sufficiunt
779 1090 830 1128 ad
846 1089 1095 1128 asserendam
1112 1090 1283 1143 Guigoni
1303 1091 1428 1129 Priori
1449 1092 1632 1131 Cartusiae
1652 1093 1855 1143 epistolam
1887 1093 1937 1131 ad
1955 1094 2090 1132 fratres
2112 1094 2160 1131 de

107 1157 354 1205 Monte-Dei,
376 1156 743 1206 restituendumque
769 1169 840 1193 suo
860 1155 1008 1193 auctori
1036 1154 1167 1193 nobile
1186 1169 1285 1206 opus
1299 1186 1308 1203 ,
1331 1157 1442 1205 cujus
1468 1156 1585 1195 laude
1609 1171 1702 1194 eum
1726 1158 2027 1196 defraudaverat
2051 1173 2162 1195 ama-

106 1224 317 1261 nuensium
354 1223 562 1273 imperitia.
596 1221 690 1259 Tria
717 1220 908 1258 duntaxat
936 1219 1071 1269 objici,
1100 1233 1191 1257 cum
1220 1219 1352 1271 aliqua
1382 1220 1743 1268 verisimilitudine,
1773 1232 1951 1272 possent,
1981 1236 2067 1272 quae
2112 1237 2160 1259 ne

106 1287 279 1324 incautos
296 1285 512 1336 decipiant,
530 1286 699 1323 breviter
715 1284 993 1336 expendemus.
1018 1284 1198 1321 Primum
1211 1314 1220 1331 ,
1238 1284 1357 1335 idque
1380 1286 1620 1335 pra‘cipuum
1634 1315 1643 1332 ,
1662 1287 1851 1336 repetitur
1868 1301 1913 1324 ex
1934 1288 2160 1337 praefatione

107 1365 227 1401 quam
245 1351 398 1402 primus
424 1352 635 1402 integram,
657 1359 702 1388 ut
721 1350 793 1388 sibi
821 1350 926 1387 visus
941 1358 1017 1395 est,
1038 1348 1160 1386 edidit
1177 1349 1415 1388 Bertrandus
1433 1350 1592 1397 Tissier,
1621 1360 1729 1388 tomo
1748 1361 1890 1402 quarto
1910 1351 2159 1390 Bibliotheca:

71 1430 78 1436 ·
105 1416 375 1463 Cisterciensis,
394 1417 433 1454 in
448 1429 527 1467 qua
551 1425 685 1453 auctor
699 1424 905 1453 enumerat
924 1414 999 1452 alia
1021 1428 1139 1464 opera
1155 1415 1205 1452 ab
1224 1429 1262 1452 se
1284 1415 1388 1453 edita
1412 1432 1419 1452 :
1443 1429 1529 1465 quae
1546 1416 1679 1453 omnia
1696 1415 1884 1454 willelmi
1908 1417 2060 1455 abbatis
2080 1431 2158 1455 esse

106 1489 266 1519 constat.
286 1480 327 1518 Si
352 1480 513 1531 quidem
539 1493 647 1530 aeque
666 1487 858 1517 constaret
878 1488 1000 1516 totam
1019 1491 1105 1516 eam
1123 1479 1414 1529 praefationem,
1434 1479 1592 1530 qualem
1609 1479 1789 1518 exhibuit
1808 1481 2013 1528 Tisserius,
2042 1483 2160 1519 nnius

107 1555 146 1583 et
172 1545 346 1595 ejusdem
362 1546 530 1582 auctoris
544 1558 623 1582 esse
639 1543 774 1592 ,haud
798 1543 909 1583 facile
931 1543 1146 1582 solveretur
1165 1558 1210 1581 ea
1233 1543 1438 1581 difficultas
1459 1561 1467 1581 ε
1485 1544 1549 1581 sed
1567 1554 1722 1582 tantum
1742 1545 1849 1583 abest
1872 1546 1910 1583 id
1926 1557 2093 1592 constet,
2116 1557 2160 1584 ut

107 1612 240 1661 potius
258 1609 458 1648 evidenter
474 1618 680 1660 appareat,
699 1623 785 1647 eam
800 1618 972 1659 partem,
990 1622 1069 1659 qua
1083 1608 1351 1659 praefationem
1368 1610 1477 1646 auxit
1493 1608 1697 1655 Tisserius,
1716 1624 1870 1648 merum
1889 1621 2158 1649 assumentum

107 1688 209 1721 esse,
230 1674 446 1712 scribarum
468 1674 562 1711 vitio
579 1686 783 1723 perperam
803 1672 998 1710 additum.
1031 1673 1131 1710 Cum
1158 1674 1284 1719 enim,
1314 1682 1359 1710 ut
1386 1673 1573 1719 diximus,
1607 1675 1646 1710 111
1678 1688 1758 1711 11110
1786 1675 2002 1726 eodemque
2031 1676 2159 1714 codice

107 1738 311 1789 epistolam
341 1738 390 1775 ad
412 1738 550 1775 fratres
570 1738 618 1775 de
641 1737 879 1776 Monte-Dei
903 1752 994 1775 cum
1025 1738 1204 1790 genuinis
1233 1737 1420 1775 willelmi
1452 1738 1602 1775 abbatis
1630 1739 1814 1789 operibus
1840 1740 2072 1791 descriptam
2096 1756 2159 1779 re-

105 1804 312 1853 perissent;
334 1803 467 1840 onmia
490 1803 607 1839 unius
623 1801 878 1852 ejusdemque
902 1803 1070 1839 auctoris
1088 1816 1168 1839 esse
1189 1802 1384 1847 arbitrati,
1407 1816 1658 1841 communem
1681 1804 1864 1843 omnibus
1889 1806 2157 1855 praefationem

107 1876 251 1905 temere
267 1867 557 1916 praemiserunt‚
577 1865 679 1902 male
698 1866 970 1902 concinnatam
991 1874 1074 1903 tum
1093 1880 1137 1903 ex
1154 1880 1199 1903 ea
1212 1881 1333 1917 quam
1351 1867 1480 1919 Guigo
1499 1868 1668 1918 epistola?
1687 1883 1784 1915 suae,
1805 1879 1891 1907 tum
1911 1885 1957 1908 ex
1972 1885 2015 1909 ea
2035 1886 2157 1922 quam

107 1931 328 1969 W'illelmus
358 1931 468 1968 initio
498 1930 818 1967 lucubrationum
851 1944 1012 1967 suarum
1043 1931 1358 1981 praemittendam
1390 1933 1606 1982 scripserat.
1638 1933 1802 1971 Errandi
1833 1949 1967 1972 ansam
1990 1936 2157 1986 praebnit

106 1994 213 2045 quod
233 1996 271 2032 in
292 2008 362 2031 sua
380 1993 513 2032 scribit
530 1994 673 2044 Guigo,
695 2008 733 2031 sc
753 1993 942 2031 fratribus
961 1995 1039 2031 suis
1054 1994 1287 2032 arbitratum
1308 1995 1427 2033 fuisse
1445 1994 1725 2043 dedicandum,
1747 1998 1853 2047 quod
1874 1999 1962 2037 fecit
1981 1999 2030 2036 ad
2050 1999 2157 2037 sola—

109 2061 208 2098 tium
227 2073 366 2097 eorum
387 2060 455 2109 11111
477 2072 554 2109 prae
574 2058 801 2109 religiosiori
824 2061 1057 2097 conscientia
1078 2060 1121 2097 iis
1140 2060 1324 2097 omnibus
1344 2061 1695 2107 conturbabantur,
1721 2076 1807 2112 quae
1836 2063 1924 2101 fidei
1954 2063 2014 2101 vel
2034 2065 2157 2102 mini-

107 2138 220 2161 mum
242 2137 458 2174 repugnare
482 2122 714 2160 videbantur
737 2139 745 2159 :
769 2124 880 2172 quasi
903 2123 1011 2160 aliud
1043 2123 1241 2174 quoddam
1277 2138 1375 2174 opus
1402 2134 1520 2172 essct,
1542 2125 1591 2161 al)
1619 2126 1780 2176 epistola
1806 2127 2029 2173 diversum3
2064 2143 2155 2166 cum

108 2198 237 2225 tamen
261 2201 347 2238 quae
370 2187 469 2225 libro
489 2186 657 2225 secundo
675 2199 754 2224 tam
775 2197 951 2225 accurate
972 2187 1020 2225 de
1039 2189 1171 2225 anima
1195 2190 1356 2239 ejusque
1375 2189 1628 2226 facultatibus
1646 2199 1683 2227 et
1702 2191 1866 2238 actibus,
1886 2202 1956 2229 etc.
1977 2193 2129 2231 disserit
2144 2225 2152 2239 ‚

105 2253 154 2291 ad
174 2253 400 2291 eximendos
429 2266 449 2290 e
477 2252 680 2289 rudiorum
703 2251 862 2289 illorum
881 2252 1049 2290 fratrum
1076 2254 1216 2290 animis
1244 2253 1448 2303 scrupulos
1474 2255 1615 2304 scripta
1643 2254 1860 2293 videantur.
1890 2257 1945 2294 Ea
1965 2271 2056 2295 vero
2077 2272 2155 2295 esse

105 2318 310 2370 opuscula,
339 2332 425 2368 quae
457 2318 605 2368 scripsit
635 2316 870 2364 Willelmus,
904 2317 1072 2355 alternm
1106 2319 1179 2356 sub
1211 2319 1369 2355 nomine
1399 2317 1553 2367 Speculi
1588 2317 1696 2364 fidei,
1730 2319 1900 2357 alterum
1933 2321 2006 2359 sub
2041 2322 2156 2360 titulo

106 2384 334 2435 AEnigmatis
354 2382 463 2427 fidei,
489 2395 692 2432 perperam
712 2383 975 2419 existimantes
991 2382 1145 2428 scribae3
1174 2395 1260 2432 quae
1282 2380 1330 2419 dc
1360 2391 1528 2431 utroque
1556 2384 1740 2432 praefatus
1768 2383 1829 2421 hic
1850 2385 1996 2429 fuerat,
2024 2388 2153 2424 statim

107 2447 207 2485 male
240 2455 478 2485 consuerunt
510 2459 601 2483 cum
635 2445 825 2497 Guigonis
857 2445 1011 2493 verbis,
1043 2447 1166 2497 iisque
1195 2460 1273 2484 non
1306 2445 1404 2483 nihil
1437 2445 1678 2484 adulteratis.
1728 2448 1777 2485 Et
1817 2464 1864 2486 ne
1907 2451 1977 2500 ipsi
2010 2460 2153 2489 temen.=

106 2512 316 2561 conjectare
337 2510 553 2557 videamur,
576 2511 802 2559 conjecturae
821 2520 959 2548 nostrae
982 2513 1182 2549 veritatem
1202 2509 1371 2561 probant
1390 2523 1525 2547 omnes
1544 2524 1655 2560 pene,
1678 2521 1873 2562 quotquot
1892 2524 2041 2552 exstant
2061 2530 2151 2553 cnm

107 2577 262 2626 scripti,
297 2584 381 2614 tum
412 2575 504 2613 editi
527 2574 694 2621 codices,
718 2576 757 2612 111
794 2574 939 2626 quibus
968 2575 1210 2613 desideratur
1240 2574 1340 2612 illud
1373 2587 1644 2613 assumentum
1677 2576 1783 2626 quod
1812 2577 1873 2614 hic
1905 2578 2150 2618 exhibemus.

112 2658 125 2672 «ι
153 2639 348 2678 Dividitur
380 2648 511 2677 autem
545 2639 644 2677 illud
672 2639 907 2690 opusculum
937 2641 978 2678 in
1015 2639 1113 2678 duos
1147 2637 1296 2676 libellos
1331 2655 1338 2675 :
1373 2652 1543 2687 quorum
1575 2639 1773 2688 primum,
1808 2641 1900 2690 quia
1934 2641 2074 2691 planus
2117 2653 2152 2680 et

113 2721 126 2734 υ
155 2702 292 2748 facilis,
317 2702 527 2753 Speculum
549 2702 656 2748 fidei;
674 2702 842 2741 alterum
863 2718 969 2752 vero,
986 2705 1078 2754 quia
1095 2704 1262 2740 rationes
1282 2712 1320 2740 et
1336 2702 1502 2739 formam
1524 2702 1612 2739 fidei
1629 2703 1844 2742 secundum
1864 2705 1965 2743 (licta
1991 2716 2029 2744 et
2062 2722 2154 2745 sen-

114 2787 127 2800 »
152 2781 239 2805 sum
262 2767 542 2805 catholicorum
578 2766 741 2805 Patrum
775 2769 1003 2806 summatim
1031 2769 1228 2806 continere
1260 2767 1428 2814 videtur,
1460 2776 1499 2803 ct
1529 2777 1585 2804 est
1616 2767 1909 2818 aliquantulum
1936 2771 2153 2819 obscurior,

114 2852 127 2863 »
151 2833 329 2884 AEnigma
349 2832 435 2870 fidei
458 2846 590 2870 vocare
619 2834 756 2879 statui;
777 2832 866 2884 plus
890 2836 929 2871 in
950 2833 1177 2884 hujusmodi
1198 2832 1327 2871 studio
1352 2833 1501 2883 fugiens
1523 2833 1759 2871 otiositatem
1793 2836 1990 2874 inimicam
2014 2840 2153 2877 animm

112 2914 127 2928 υ
152 2897 313 2948 (quippe
333 2910 452 2946 quem
475 2897 625 2934 senium
646 2906 685 2934 et
703 2897 890 2949 aegritudo
912 2912 933 2935 a
956 2899 1155 2936 communi
1179 2896 1332 2942 labore,
1357 2897 1436 2945 jam
1465 2910 1541 2933 non
1562 2897 1723 2947 quidem
1751 2909 1791 2936 ut
1826 2902 2032 2940 emeritum
2049 2933 2057 2946 ,
2089 2904 2153 2941 sed

111 2977 127 2992 n
153 2969 195 2997 ut
218 2961 372 3010 pigrum
394 2968 432 2996 et
453 2959 632 2997 inutilem
655 2960 830 3007 relaxat),
859 2975 981 3011 quani
1001 2971 1228 2999 caetcrornm
1261 2960 1470 2998 eruditioni
1502 2962 1692 3006 insistens,
1715 2977 1801 3012 qna!
1835 2979 1966 3002 revera
2000 2981 2075 3004 non
2099 2979 2151 3005 cst

110 3043 127 3056 n
150 3025 315 3076 speciosa
335 3025 374 3061 in
401 3037 465 3061 ore
486 3025 716 3075 peccatoris;
739 3034 778 3062 et
801 3025 886 3062 illos
908 3025 1184 3062 tantinnmodo
1203 3025 1331 3070 dccet,
1356 3027 1423 3075 (1111
1448 3025 1555 3075 1111011
1574 3025 1737 3064 dicendo
1767 3028 1940 3077 plantant
1959 3060 1966 3070 .
1991 3032 2155 3070 virendo

110 3108 126 3121 u
149 3090 391 3128 confirmant.
416 3089 458 3126 In
480 3090 607 3139 primo
627 3103 706 3139 (1110
728 3088 909 3127 accedere
929 3089 1095 3134 ‹lebcat;
1121 3091 1156 3126 in
1187 3089 1371 3134 secundo,
1403 3103 1480 3139 qua
1500 3091 1617 3127 ctiam
1649 3092 1796 3129 uuiti-la
1830 3095 2024 3135 incedi-rc,
2049 3096 2154 3132 rudis

157 3231 162 3244 ¹
187 3223 250 3254 Lib.
277 3227 303 3257 1,
323 3234 391 3263 cap.
416 3226 466 3257 tlt,
487 3234 518 3253 11,
539 3226 592 3252 38.
