<?xml version="1.0" encoding="UTF-8"?>
<!DOCTYPE html PUBLIC "-//W3C//DTD XHTML 1.0 Transitional//EN"
    "http://www.w3.org/TR/xhtml1/DTD/xhtml1-transitional.dtd">
<html xmlns="http://www.w3.org/1999/xhtml" xml:lang="en" lang="en">
 <head>
  <title>
</title>
<meta http-equiv="Content-Type" content="text/html;charset=utf-8" />
  <meta name='ocr-system' content='tesseract 3.04.00' />
  <meta name='ocr-capabilities' content='ocr_page ocr_carea ocr_par ocr_line ocrx_word'/>
</head>
<body>
  <div class='ocr_page' id='page_1' title='image "./operaomniapostho05bern/operaomniapostho05bern_0369.png"; bbox 0 0 2418 3949; ppageno 0'>
   <div class='ocr_carea' id='block_1_1' title="bbox 113 201 1083 499">
    <p class='ocr_par' dir='ltr' id='par_1_1' title="bbox 113 201 1083 499">
     <span class='ocr_line' id='line_1_1' title="bbox 113 201 186 237; baseline 0.014 -2"><span class='ocrx_word' id='word_1_1' title='bbox 113 201 186 237; x_wconf 77' lang='grc'>725</span> 
     </span>
     <span class='ocr_line' id='line_1_2' title="bbox 431 336 788 376; baseline 0.006 -2"><span class='ocrx_word' id='word_1_2' title='bbox 431 336 605 374; x_wconf 89' lang='lat' dir='ltr'><strong>CAPUT</strong></span> <span class='ocrx_word' id='word_1_3' title='bbox 634 337 788 376; x_wconf 85' lang='lat' dir='ltr'><strong>XXIII.</strong></span> 
     </span>
     <span class='ocr_line' id='line_1_3' title="bbox 137 456 1083 499; baseline 0.003 -13"><span class='ocrx_word' id='word_1_4' title='bbox 137 458 184 486; x_wconf 88' lang='lat' dir='ltr'>De</span> <span class='ocrx_word' id='word_1_5' title='bbox 197 456 318 487; x_wconf 85' lang='lat' dir='ltr'>damnis</span> <span class='ocrx_word' id='word_1_6' title='bbox 335 456 455 499; x_wconf 84' lang='lat' dir='ltr'>peccati</span> <span class='ocrx_word' id='word_1_7' title='bbox 469 457 622 498; x_wconf 80' lang='lat' dir='ltr'>superbiae</span> <span class='ocrx_word' id='word_1_8' title='bbox 635 481 643 495; x_wconf 90' lang='lat'>,</span> <span class='ocrx_word' id='word_1_9' title='bbox 660 457 801 495; x_wconf 68' lang='lat' dir='ltr'>invidiae,</span> <span class='ocrx_word' id='word_1_10' title='bbox 821 464 851 489; x_wconf 86' lang='lat' dir='ltr'>et</span> <span class='ocrx_word' id='word_1_11' title='bbox 872 457 1083 489; x_wconf 84' lang='lat' dir='ltr'>detractionis.</span> 
     </span>
    </p>
   </div>
   <div class='ocr_carea' id='block_1_2' title="bbox 166 576 1107 625">
    <p class='ocr_par' dir='ltr' id='par_1_2' title="bbox 166 576 1107 625">
     <span class='ocr_line' id='line_1_4' title="bbox 166 576 1107 625; baseline 0.001 -13"><span class='ocrx_word' id='word_1_12' title='bbox 166 577 227 613; x_wconf 78' lang='lat'>48.</span> <span class='ocrx_word' id='word_1_13' title='bbox 254 576 438 625; x_wconf 78' lang='lat' dir='ltr'>Superbia</span> <span class='ocrx_word' id='word_1_14' title='bbox 457 576 624 612; x_wconf 89' lang='lat' dir='ltr'>sicutest</span> <span class='ocrx_word' id='word_1_15' title='bbox 643 576 751 625; x_wconf 77' lang='lat' dir='ltr'>origo</span> <span class='ocrx_word' id='word_1_16' title='bbox 780 577 948 613; x_wconf 88' lang='lat' dir='ltr'>omnium</span> <span class='ocrx_word' id='word_1_17' title='bbox 977 577 1107 613; x_wconf 87' lang='lat' dir='ltr'>crimi—</span> 
     </span>
    </p>
   </div>
   <div class='ocr_carea' id='block_1_3' title="bbox 112 635 1108 685">
    <p class='ocr_par' dir='ltr' id='par_1_3' title="bbox 112 635 1108 685">
     <span class='ocr_line' id='line_1_5' title="bbox 112 635 1108 685; baseline 0.001 -14"><span class='ocrx_word' id='word_1_18' title='bbox 112 649 202 672; x_wconf 89' lang='lat' dir='ltr'>num</span> <span class='ocrx_word' id='word_1_19' title='bbox 219 650 229 681; x_wconf 92' lang='lat'>;</span> <span class='ocrx_word' id='word_1_20' title='bbox 249 635 299 672; x_wconf 85' lang='lat' dir='ltr'>ita</span> <span class='ocrx_word' id='word_1_21' title='bbox 314 644 369 672; x_wconf 88' lang='lat' dir='ltr'>est</span> <span class='ocrx_word' id='word_1_22' title='bbox 385 636 493 672; x_wconf 85' lang='lat' dir='ltr'>ruina</span> <span class='ocrx_word' id='word_1_23' title='bbox 508 635 676 671; x_wconf 88' lang='lat' dir='ltr'>omnium</span> <span class='ocrx_word' id='word_1_24' title='bbox 694 636 891 671; x_wconf 88' lang='lat' dir='ltr'>virtutum.</span> <span class='ocrx_word' id='word_1_25' title='bbox 909 639 994 685; x_wconf 90' lang='lat' dir='ltr'>Ipsa</span> <span class='ocrx_word' id='word_1_26' title='bbox 1008 636 1108 673; x_wconf 89' lang='lat' dir='ltr'>enim</span> 
     </span>
    </p>
   </div>
   <div class='ocr_carea' id='block_1_4' title="bbox 107 693 1105 1028">
    <p class='ocr_par' dir='ltr' id='par_1_4' title="bbox 107 693 1105 1028">
     <span class='ocr_line' id='line_1_6' title="bbox 111 693 1105 744; baseline -0.001 -15"><span class='ocrx_word' id='word_1_27' title='bbox 111 694 217 731; x_wconf 85' lang='lat' dir='ltr'>estin</span> <span class='ocrx_word' id='word_1_28' title='bbox 233 701 385 743; x_wconf 88' lang='lat' dir='ltr'>peccato</span> <span class='ocrx_word' id='word_1_29' title='bbox 402 693 521 742; x_wconf 87' lang='lat' dir='ltr'>prima</span> <span class='ocrx_word' id='word_1_30' title='bbox 537 707 546 728; x_wconf 72' lang='grc' dir='ltr'>ε</span> <span class='ocrx_word' id='word_1_31' title='bbox 563 693 641 741; x_wconf 86' lang='lat' dir='ltr'>ipsa</span> <span class='ocrx_word' id='word_1_32' title='bbox 656 693 693 728; x_wconf 90' lang='lat' dir='ltr'>in</span> <span class='ocrx_word' id='word_1_33' title='bbox 711 694 889 730; x_wconf 89' lang='lat' dir='ltr'>conflictu</span> <span class='ocrx_word' id='word_1_34' title='bbox 904 703 1105 744; x_wconf 85' lang='lat' dir='ltr'>postrema.</span> 
     </span>
     <span class='ocr_line' id='line_1_7' title="bbox 110 751 1105 803; baseline 0.001 -13"><span class='ocrx_word' id='word_1_35' title='bbox 110 757 194 803; x_wconf 86' lang='lat' dir='ltr'>Ipsa</span> <span class='ocrx_word' id='word_1_36' title='bbox 216 761 339 790; x_wconf 90' lang='lat' dir='ltr'>autem</span> <span class='ocrx_word' id='word_1_37' title='bbox 372 753 410 788; x_wconf 88' lang='lat' dir='ltr'>in</span> <span class='ocrx_word' id='word_1_38' title='bbox 441 751 598 788; x_wconf 86' lang='lat' dir='ltr'>exordio</span> <span class='ocrx_word' id='word_1_39' title='bbox 630 761 793 789; x_wconf 87' lang='lat' dir='ltr'>mentem</span> <span class='ocrx_word' id='word_1_40' title='bbox 825 767 892 803; x_wconf 91' lang='lat' dir='ltr'>per</span> <span class='ocrx_word' id='word_1_41' title='bbox 914 763 1105 803; x_wconf 85' lang='lat' dir='ltr'>peccatum</span> 
     </span>
     <span class='ocr_line' id='line_1_8' title="bbox 108 810 1103 862; baseline 0.003 -14"><span class='ocrx_word' id='word_1_42' title='bbox 108 811 314 861; x_wconf 83' lang='lat' dir='ltr'><strong>prosternit</strong></span> <span class='ocrx_word' id='word_1_43' title='bbox 334 825 342 847; x_wconf 94' lang='lat'><strong>:</strong></span> <span class='ocrx_word' id='word_1_44' title='bbox 365 819 430 847; x_wconf 88' lang='lat' dir='ltr'>aut</span> <span class='ocrx_word' id='word_1_45' title='bbox 449 811 486 846; x_wconf 92' lang='lat' dir='ltr'>in</span> <span class='ocrx_word' id='word_1_46' title='bbox 508 812 581 846; x_wconf 84' lang='lat' dir='ltr'>line</span> <span class='ocrx_word' id='word_1_47' title='bbox 599 810 645 846; x_wconf 89' lang='lat' dir='ltr'>de</span> <span class='ocrx_word' id='word_1_48' title='bbox 666 811 867 849; x_wconf 82' lang='lat' dir='ltr'>virtutibus</span> <span class='ocrx_word' id='word_1_49' title='bbox 887 813 1023 862; x_wconf 83' lang='lat' dir='ltr'><strong>dejicit.</strong></span> <span class='ocrx_word' id='word_1_50' title='bbox 1042 815 1103 851; x_wconf 87' lang='lat' dir='ltr'>ld-</span> 
     </span>
     <span class='ocr_line' id='line_1_9' title="bbox 107 870 1103 923; baseline 0.003 -16"><span class='ocrx_word' id='word_1_51' title='bbox 107 871 208 907; x_wconf 90' lang='lat' dir='ltr'>circo</span> <span class='ocrx_word' id='word_1_52' title='bbox 241 878 297 908; x_wconf 84' lang='lat' dir='ltr'>est</span> <span class='ocrx_word' id='word_1_53' title='bbox 326 870 495 906; x_wconf 89' lang='lat' dir='ltr'>omnium</span> <span class='ocrx_word' id='word_1_54' title='bbox 527 878 766 918; x_wconf 86' lang='lat' dir='ltr'>peccatorum</span> <span class='ocrx_word' id='word_1_55' title='bbox 799 873 982 920; x_wconf 81' lang='lat' dir='ltr'>pessima3</span> <span class='ocrx_word' id='word_1_56' title='bbox 1016 875 1103 923; x_wconf 90' lang='lat' dir='ltr'>quia</span> 
     </span>
     <span class='ocr_line' id='line_1_10' title="bbox 107 930 1101 979; baseline 0.003 -13"><span class='ocrx_word' id='word_1_57' title='bbox 107 938 180 966; x_wconf 91' lang='lat' dir='ltr'>tam</span> <span class='ocrx_word' id='word_1_58' title='bbox 215 943 283 979; x_wconf 88' lang='lat' dir='ltr'>per</span> <span class='ocrx_word' id='word_1_59' title='bbox 316 930 473 965; x_wconf 89' lang='lat' dir='ltr'>virtutes</span> <span class='ocrx_word' id='word_1_60' title='bbox 495 957 505 974; x_wconf 88' lang='lat'>‚</span> <span class='ocrx_word' id='word_1_61' title='bbox 539 941 650 977; x_wconf 88' lang='lat' dir='ltr'>quam</span> <span class='ocrx_word' id='word_1_62' title='bbox 684 943 753 979; x_wconf 90' lang='lat' dir='ltr'>per</span> <span class='ocrx_word' id='word_1_63' title='bbox 778 931 869 967; x_wconf 86' lang='lat' dir='ltr'>vitia</span> <span class='ocrx_word' id='word_1_64' title='bbox 902 932 1101 970; x_wconf 83' lang='lat' dir='ltr'>humanam</span> 
     </span>
     <span class='ocr_line' id='line_1_11' title="bbox 107 989 1100 1028; baseline 0.002 -2"><span class='ocrx_word' id='word_1_65' title='bbox 107 997 271 1026; x_wconf 85' lang='lat' dir='ltr'>mentem</span> <span class='ocrx_word' id='word_1_66' title='bbox 288 989 524 1025; x_wconf 80' lang='lat' dir='ltr'>exterminat.</span> <span class='ocrx_word' id='word_1_67' title='bbox 544 990 685 1025; x_wconf 79' lang='lat' dir='ltr'>Caetera</span> <span class='ocrx_word' id='word_1_68' title='bbox 700 989 790 1025; x_wconf 88' lang='lat' dir='ltr'>vitia</span> <span class='ocrx_word' id='word_1_69' title='bbox 803 991 899 1026; x_wconf 85' lang='lat' dir='ltr'>solas</span> <span class='ocrx_word' id='word_1_70' title='bbox 915 991 997 1028; x_wconf 88' lang='lat' dir='ltr'>illas</span> <span class='ocrx_word' id='word_1_71' title='bbox 1021 993 1100 1028; x_wconf 86' lang='lat' dir='ltr'>vir-</span> 
     </span>
    </p>
   </div>
   <div class='ocr_carea' id='block_1_5' title="bbox 724 205 1564 241">
    <p class='ocr_par' dir='ltr' id='par_1_5' title="bbox 724 205 1564 241">
     <span class='ocr_line' id='line_1_12' title="bbox 724 205 1564 241; baseline 0.004 -3"><span class='ocrx_word' id='word_1_72' title='bbox 724 205 1006 240; x_wconf 71' lang='lat' dir='ltr'><strong>TRACTATUS</strong></span> <span class='ocrx_word' id='word_1_73' title='bbox 1035 205 1099 240; x_wconf 89' lang='lat' dir='ltr'>DE</span> <span class='ocrx_word' id='word_1_74' title='bbox 1127 205 1381 241; x_wconf 72' lang='lat' dir='ltr'>INsERlom</span> <span class='ocrx_word' id='word_1_75' title='bbox 1412 208 1564 241; x_wconf 66' lang='lat' dir='ltr'>Domo.</span> 
     </span>
    </p>
   </div>
   <div class='ocr_carea' id='block_1_6' title="bbox 1125 279 2173 394">
    <p class='ocr_par' dir='ltr' id='par_1_6' title="bbox 1125 279 2173 394">
     <span class='ocr_line' id='line_1_13' title="bbox 1138 279 2173 330; baseline 0.005 -14"><span class='ocrx_word' id='word_1_76' title='bbox 1138 279 1163 296; x_wconf 76' lang='lat'>&#39;⁵</span> <span class='ocrx_word' id='word_1_77' title='bbox 1179 281 1226 317; x_wconf 90' lang='lat' dir='ltr'>ris</span> <span class='ocrx_word' id='word_1_78' title='bbox 1260 281 1326 317; x_wconf 90' lang='lat' dir='ltr'>tibi</span> <span class='ocrx_word' id='word_1_79' title='bbox 1358 283 1510 330; x_wconf 88' lang='lat' dir='ltr'>quando</span> <span class='ocrx_word' id='word_1_80' title='bbox 1541 283 1703 319; x_wconf 73' lang='lat' dir='ltr'>detrahis</span> <span class='ocrx_word' id='word_1_81' title='bbox 1730 285 1848 320; x_wconf 88' lang='lat' dir='ltr'>alteri.</span> <span class='ocrx_word' id='word_1_82' title='bbox 1888 286 2077 322; x_wconf 88' lang='lat' dir='ltr'>Detractio</span> <span class='ocrx_word' id='word_1_83' title='bbox 2117 295 2173 322; x_wconf 88' lang='lat' dir='ltr'>est</span> 
     </span>
     <span class='ocr_line' id='line_1_14' title="bbox 1125 341 2037 394; baseline 0.008 -19"><span class='ocrx_word' id='word_1_84' title='bbox 1125 342 1154 374; x_wconf 88' lang='lat' dir='ltr'><strong>A</strong></span> <span class='ocrx_word' id='word_1_85' title='bbox 1176 341 1387 377; x_wconf 79' lang='lat' dir='ltr'>mordacior</span> <span class='ocrx_word' id='word_1_86' title='bbox 1404 356 1516 391; x_wconf 89' lang='lat' dir='ltr'>quam</span> <span class='ocrx_word' id='word_1_87' title='bbox 1535 355 1623 378; x_wconf 81' lang='lat' dir='ltr'>vera</span> <span class='ocrx_word' id='word_1_88' title='bbox 1641 343 1764 380; x_wconf 83' lang='lat' dir='ltr'>cordis</span> <span class='ocrx_word' id='word_1_89' title='bbox 1782 345 2037 394; x_wconf 70' lang='lat' dir='ltr'>reprehensio.</span> 
     </span>
    </p>
   </div>
   <div class='ocr_carea' id='block_1_7' title="bbox 2095 210 2169 245">
    <p class='ocr_par' dir='ltr' id='par_1_7' title="bbox 2095 210 2169 245">
     <span class='ocr_line' id='line_1_15' title="bbox 2095 210 2169 245; baseline -0.027 0"><span class='ocrx_word' id='word_1_90' title='bbox 2095 210 2169 245; x_wconf 69' lang='lat'>720</span> 
     </span>
    </p>
   </div>
   <div class='ocr_carea' id='block_1_8' title="bbox 1489 472 1844 512">
    <p class='ocr_par' dir='ltr' id='par_1_8' title="bbox 1489 472 1844 512">
     <span class='ocr_line' id='line_1_16' title="bbox 1489 472 1844 512; baseline 0.008 -3"><span class='ocrx_word' id='word_1_91' title='bbox 1489 472 1665 510; x_wconf 64' lang='lat' dir='ltr'>CAPUT</span> <span class='ocrx_word' id='word_1_92' title='bbox 1694 473 1844 512; x_wconf 61' lang='lat' dir='ltr'>XXIV.</span> 
     </span>
    </p>
   </div>
   <div class='ocr_carea' id='block_1_9' title="bbox 1223 587 2117 682">
    <p class='ocr_par' dir='ltr' id='par_1_9' title="bbox 1223 587 2117 682">
     <span class='ocr_line' id='line_1_17' title="bbox 1223 587 2117 625; baseline 0.004 -10"><span class='ocrx_word' id='word_1_93' title='bbox 1223 587 1317 617; x_wconf 71' lang='lat' dir='ltr'>Varia</span> <span class='ocrx_word' id='word_1_94' title='bbox 1343 589 1459 618; x_wconf 89' lang='lat' dir='ltr'>monita</span> <span class='ocrx_word' id='word_1_95' title='bbox 1490 588 1528 619; x_wconf 87' lang='lat' dir='ltr'>de</span> <span class='ocrx_word' id='word_1_96' title='bbox 1558 587 1682 618; x_wconf 69' lang='lat' dir='ltr'>vitanda</span> <span class='ocrx_word' id='word_1_97' title='bbox 1708 587 1904 623; x_wconf 66' lang='lat' dir='ltr'>curiositate,</span> <span class='ocrx_word' id='word_1_98' title='bbox 1932 589 2095 619; x_wconf 85' lang='lat' dir='ltr'>mendacio</span> <span class='ocrx_word' id='word_1_99' title='bbox 2111 613 2117 625; x_wconf 84' lang='lat'>,</span> 
     </span>
     <span class='ocr_line' id='line_1_18' title="bbox 1400 639 1941 682; baseline 0 -11"><span class='ocrx_word' id='word_1_100' title='bbox 1400 641 1596 682; x_wconf 72' lang='lat' dir='ltr'>vaniloquio,</span> <span class='ocrx_word' id='word_1_101' title='bbox 1618 646 1648 671; x_wconf 90' lang='lat' dir='ltr'>et</span> <span class='ocrx_word' id='word_1_102' title='bbox 1668 639 1809 670; x_wconf 63' lang='lat' dir='ltr'>vindictae</span> <span class='ocrx_word' id='word_1_103' title='bbox 1829 641 1941 671; x_wconf 65' lang='lat' dir='ltr'>studio.</span> 
     </span>
    </p>
   </div>
   <div class='ocr_carea' id='block_1_10' title="bbox 1168 750 2167 1037">
    <p class='ocr_par' dir='ltr' id='par_1_10' title="bbox 1168 750 2167 1037">
     <span class='ocr_line' id='line_1_19' title="bbox 1225 750 2167 801; baseline 0.002 -14"><span class='ocrx_word' id='word_1_104' title='bbox 1225 751 1286 786; x_wconf 83' lang='lat'>50.</span> <span class='ocrx_word' id='word_1_105' title='bbox 1315 751 1453 787; x_wconf 89' lang='lat' dir='ltr'>Multos</span> <span class='ocrx_word' id='word_1_106' title='bbox 1478 750 1622 786; x_wconf 77' lang='lat' dir='ltr'>seducit</span> <span class='ocrx_word' id='word_1_107' title='bbox 1647 750 1852 786; x_wconf 83' lang='lat' dir='ltr'>curiositas.</span> <span class='ocrx_word' id='word_1_108' title='bbox 1882 751 2036 787; x_wconf 76' lang='lat' dir='ltr'>&#39;I&#39;amdiu</span> <span class='ocrx_word' id='word_1_109' title='bbox 2064 755 2167 801; x_wconf 74' lang='lat' dir='ltr'>quis—</span> 
     </span>
     <span class='ocr_line' id='line_1_20' title="bbox 1170 809 2167 859; baseline 0.003 -15"><span class='ocrx_word' id='word_1_110' title='bbox 1170 822 1243 858; x_wconf 87' lang='lat' dir='ltr'>que</span> <span class='ocrx_word' id='word_1_111' title='bbox 1259 822 1325 846; x_wconf 86' lang='lat' dir='ltr'>sua</span> <span class='ocrx_word' id='word_1_112' title='bbox 1342 818 1492 859; x_wconf 87' lang='lat' dir='ltr'>peccata</span> <span class='ocrx_word' id='word_1_113' title='bbox 1510 809 1677 858; x_wconf 79' lang='lat' dir='ltr'>ignorat,</span> <span class='ocrx_word' id='word_1_114' title='bbox 1694 809 1874 857; x_wconf 87' lang='lat' dir='ltr'>quamdiu</span> <span class='ocrx_word' id='word_1_115' title='bbox 1890 810 2034 846; x_wconf 88' lang='lat' dir='ltr'>curiose</span> <span class='ocrx_word' id='word_1_116' title='bbox 2049 812 2167 847; x_wconf 86' lang='lat' dir='ltr'>aliena</span> 
     </span>
     <span class='ocr_line' id='line_1_21' title="bbox 1169 868 2167 918; baseline 0.003 -15"><span class='ocrx_word' id='word_1_117' title='bbox 1169 868 1391 905; x_wconf 75' lang='lat' dir='ltr'>considerat.</span> <span class='ocrx_word' id='word_1_118' title='bbox 1408 869 1480 916; x_wconf 89' lang='lat' dir='ltr'>Qui</span> <span class='ocrx_word' id='word_1_119' title='bbox 1499 868 1740 917; x_wconf 84' lang='lat' dir='ltr'>semetipsum</span> <span class='ocrx_word' id='word_1_120' title='bbox 1762 868 1916 917; x_wconf 86' lang='lat' dir='ltr'>aspicit,</span> <span class='ocrx_word' id='word_1_121' title='bbox 1936 882 2011 904; x_wconf 91' lang='lat' dir='ltr'>non</span> <span class='ocrx_word' id='word_1_122' title='bbox 2034 871 2167 918; x_wconf 64' lang='lat' dir='ltr'>quaerit</span> 
     </span>
     <span class='ocr_line' id='line_1_22' title="bbox 1168 927 2166 977; baseline 0.001 -14"><span class='ocrx_word' id='word_1_123' title='bbox 1168 927 1258 976; x_wconf 91' lang='lat' dir='ltr'>quid</span> <span class='ocrx_word' id='word_1_124' title='bbox 1280 928 1317 963; x_wconf 91' lang='lat' dir='ltr'>in</span> <span class='ocrx_word' id='word_1_125' title='bbox 1338 929 1419 964; x_wconf 89' lang='lat' dir='ltr'>aliis</span> <span class='ocrx_word' id='word_1_126' title='bbox 1440 929 1656 977; x_wconf 89' lang='lat' dir='ltr'>frequenter</span> <span class='ocrx_word' id='word_1_127' title='bbox 1676 928 1947 976; x_wconf 83' lang='lat' dir='ltr'>reprehendat;</span> <span class='ocrx_word' id='word_1_128' title='bbox 1967 929 2031 964; x_wconf 90' lang='lat' dir='ltr'>sed</span> <span class='ocrx_word' id='word_1_129' title='bbox 2049 930 2085 964; x_wconf 88' lang='lat' dir='ltr'>in</span> <span class='ocrx_word' id='word_1_130' title='bbox 2107 944 2166 965; x_wconf 79' lang='lat' dir='ltr'>se-</span> 
     </span>
     <span class='ocr_line' id='line_1_23' title="bbox 1169 987 2167 1037; baseline 0.003 -15"><span class='ocrx_word' id='word_1_131' title='bbox 1169 987 1328 1036; x_wconf 85' lang='lat' dir='ltr'>metipso</span> <span class='ocrx_word' id='word_1_132' title='bbox 1348 987 1439 1037; x_wconf 89' lang='lat' dir='ltr'>quid</span> <span class='ocrx_word' id='word_1_133' title='bbox 1466 989 1602 1036; x_wconf 78' lang='lat' dir='ltr'>lugeat.</span> <span class='ocrx_word' id='word_1_134' title='bbox 1631 987 1741 1034; x_wconf 91' lang='lat' dir='ltr'>Quod</span> <span class='ocrx_word' id='word_1_135' title='bbox 1764 988 1862 1023; x_wconf 86' lang='lat' dir='ltr'>inter</span> <span class='ocrx_word' id='word_1_136' title='bbox 1894 1001 1931 1023; x_wconf 86' lang='lat' dir='ltr'>se</span> <span class='ocrx_word' id='word_1_137' title='bbox 1961 989 2167 1036; x_wconf 89' lang='lat' dir='ltr'>loquuntur</span> 
     </span>
    </p>
   </div>
   <div class='ocr_carea' id='block_1_11' title="bbox 106 1046 2164 1098">
    <p class='ocr_par' dir='ltr' id='par_1_11' title="bbox 106 1046 2164 1098">
     <span class='ocr_line' id='line_1_24' title="bbox 106 1046 2164 1098; baseline -0 -13"><span class='ocrx_word' id='word_1_138' title='bbox 106 1056 204 1085; x_wconf 90' lang='lat' dir='ltr'>tutes</span> <span class='ocrx_word' id='word_1_139' title='bbox 230 1049 444 1098; x_wconf 90' lang='lat' dir='ltr'>impetunt,</span> <span class='ocrx_word' id='word_1_140' title='bbox 473 1046 611 1097; x_wconf 88' lang='lat' dir='ltr'>quibus</span> <span class='ocrx_word' id='word_1_141' title='bbox 637 1048 717 1097; x_wconf 89' lang='lat' dir='ltr'>ipsa</span> <span class='ocrx_word' id='word_1_142' title='bbox 745 1048 992 1086; x_wconf 85' lang='lat' dir='ltr'>destruuntur</span> <span class='ocrx_word' id='word_1_143' title='bbox 1016 1065 1026 1096; x_wconf 82' lang='lat'><em>3</em></span> <span class='ocrx_word' id='word_1_144' title='bbox 1060 1060 1101 1087; x_wconf 73' lang='lat' dir='ltr'>ut</span> <span class='ocrx_word' id='word_1_145' title='bbox 1120 1049 1145 1082; x_wconf 92' lang='lat' dir='ltr'>B</span> <span class='ocrx_word' id='word_1_146' title='bbox 1166 1046 1356 1091; x_wconf 89' lang='lat' dir='ltr'>homines,</span> <span class='ocrx_word' id='word_1_147' title='bbox 1380 1060 1573 1095; x_wconf 85' lang='lat' dir='ltr'>nunquam</span> <span class='ocrx_word' id='word_1_148' title='bbox 1592 1046 1684 1082; x_wconf 86' lang='lat' dir='ltr'>scire</span> <span class='ocrx_word' id='word_1_149' title='bbox 1698 1046 1898 1083; x_wconf 75' lang='lat' dir='ltr'>desideres.</span> <span class='ocrx_word' id='word_1_150' title='bbox 1919 1051 2038 1085; x_wconf 85' lang='lat' dir='ltr'>Omne</span> <span class='ocrx_word' id='word_1_151' title='bbox 2054 1049 2164 1085; x_wconf 87' lang='lat' dir='ltr'>etiam</span> 
     </span>
    </p>
   </div>
   <div class='ocr_carea' id='block_1_12' title="bbox 98 1107 1101 1811">
    <p class='ocr_par' dir='ltr' id='par_1_12' title="bbox 98 1107 1101 1811">
     <span class='ocr_line' id='line_1_25' title="bbox 103 1107 1099 1157; baseline 0.003 -14"><span class='ocrx_word' id='word_1_152' title='bbox 103 1107 252 1144; x_wconf 84' lang='lat' dir='ltr'>luxuria</span> <span class='ocrx_word' id='word_1_153' title='bbox 283 1107 519 1157; x_wconf 84' lang='lat' dir='ltr'>pudicitiam,</span> <span class='ocrx_word' id='word_1_154' title='bbox 541 1107 595 1143; x_wconf 88' lang='lat' dir='ltr'>ira</span> <span class='ocrx_word' id='word_1_155' title='bbox 616 1108 834 1157; x_wconf 88' lang='lat' dir='ltr'>patientiam</span> <span class='ocrx_word' id='word_1_156' title='bbox 865 1122 873 1144; x_wconf 90' lang='lat'>:</span> <span class='ocrx_word' id='word_1_157' title='bbox 904 1110 983 1146; x_wconf 86' lang='lat' dir='ltr'>sola</span> <span class='ocrx_word' id='word_1_158' title='bbox 1008 1124 1099 1146; x_wconf 83' lang='lat' dir='ltr'>vero</span> 
     </span>
     <span class='ocr_line' id='line_1_26' title="bbox 104 1167 1099 1218; baseline 0.002 -15"><span class='ocrx_word' id='word_1_159' title='bbox 104 1167 279 1217; x_wconf 88' lang='lat' dir='ltr'>superbia</span> <span class='ocrx_word' id='word_1_160' title='bbox 295 1176 427 1204; x_wconf 88' lang='lat' dir='ltr'>contra</span> <span class='ocrx_word' id='word_1_161' title='bbox 442 1175 594 1204; x_wconf 88' lang='lat' dir='ltr'>cunctas</span> <span class='ocrx_word' id='word_1_162' title='bbox 611 1167 725 1203; x_wconf 85' lang='lat' dir='ltr'>animi</span> <span class='ocrx_word' id='word_1_163' title='bbox 741 1167 900 1204; x_wconf 88' lang='lat' dir='ltr'>virtutes</span> <span class='ocrx_word' id='word_1_164' title='bbox 918 1181 956 1205; x_wconf 89' lang='lat' dir='ltr'>se</span> <span class='ocrx_word' id='word_1_165' title='bbox 979 1169 1099 1218; x_wconf 79' lang='lat' dir='ltr'>erigit,</span> 
     </span>
     <span class='ocr_line' id='line_1_27' title="bbox 103 1226 1101 1276; baseline 0.003 -14"><span class='ocrx_word' id='word_1_166' title='bbox 103 1234 140 1262; x_wconf 89' lang='lat' dir='ltr'>et</span> <span class='ocrx_word' id='word_1_167' title='bbox 156 1227 261 1276; x_wconf 85' lang='lat' dir='ltr'>quasi</span> <span class='ocrx_word' id='word_1_168' title='bbox 276 1227 458 1276; x_wconf 84' lang='lat' dir='ltr'>generalis</span> <span class='ocrx_word' id='word_1_169' title='bbox 473 1240 516 1263; x_wconf 88' lang='lat' dir='ltr'>ac</span> <span class='ocrx_word' id='word_1_170' title='bbox 529 1227 683 1276; x_wconf 85' lang='lat' dir='ltr'>pestifer</span> <span class='ocrx_word' id='word_1_171' title='bbox 699 1226 855 1263; x_wconf 86' lang='lat' dir='ltr'>morbus</span> <span class='ocrx_word' id='word_1_172' title='bbox 871 1241 1001 1265; x_wconf 88' lang='lat' dir='ltr'>omnes</span> <span class='ocrx_word' id='word_1_173' title='bbox 1019 1242 1101 1265; x_wconf 85' lang='lat' dir='ltr'>cor·</span> 
     </span>
     <span class='ocr_line' id='line_1_28' title="bbox 102 1285 1098 1336; baseline 0.002 -14"><span class='ocrx_word' id='word_1_174' title='bbox 102 1286 254 1336; x_wconf 87' lang='lat' dir='ltr'>rumpit.</span> <span class='ocrx_word' id='word_1_175' title='bbox 272 1285 416 1323; x_wconf 89' lang='lat' dir='ltr'>Idcirco</span> <span class='ocrx_word' id='word_1_176' title='bbox 437 1285 507 1322; x_wconf 87' lang='lat' dir='ltr'>nisi</span> <span class='ocrx_word' id='word_1_177' title='bbox 525 1286 653 1322; x_wconf 87' lang='lat' dir='ltr'>omnia</span> <span class='ocrx_word' id='word_1_178' title='bbox 672 1299 787 1336; x_wconf 88' lang='lat' dir='ltr'>opera</span> <span class='ocrx_word' id='word_1_179' title='bbox 811 1295 940 1324; x_wconf 87' lang='lat' dir='ltr'>nostra</span> <span class='ocrx_word' id='word_1_180' title='bbox 970 1288 1098 1324; x_wconf 88' lang='lat' dir='ltr'>humi—</span> 
     </span>
     <span class='ocr_line' id='line_1_29' title="bbox 101 1345 1095 1396; baseline 0.001 -14"><span class='ocrx_word' id='word_1_181' title='bbox 101 1345 184 1383; x_wconf 87' lang='lat' dir='ltr'>litas</span> <span class='ocrx_word' id='word_1_182' title='bbox 207 1346 457 1396; x_wconf 85' lang='lat' dir='ltr'>praecesserit‚</span> <span class='ocrx_word' id='word_1_183' title='bbox 482 1346 658 1382; x_wconf 88' lang='lat' dir='ltr'>comitata</span> <span class='ocrx_word' id='word_1_184' title='bbox 680 1354 718 1382; x_wconf 91' lang='lat' dir='ltr'>et</span> <span class='ocrx_word' id='word_1_185' title='bbox 736 1355 935 1383; x_wconf 83' lang='lat' dir='ltr'>consecuta</span> <span class='ocrx_word' id='word_1_186' title='bbox 963 1348 1095 1393; x_wconf 85' lang='lat' dir='ltr'>fuerit3</span> 
     </span>
     <span class='ocr_line' id='line_1_30' title="bbox 101 1405 1099 1456; baseline 0.001 -15"><span class='ocrx_word' id='word_1_187' title='bbox 101 1405 296 1454; x_wconf 89' lang='lat' dir='ltr'>proposita</span> <span class='ocrx_word' id='word_1_188' title='bbox 315 1418 427 1454; x_wconf 89' lang='lat' dir='ltr'>quam</span> <span class='ocrx_word' id='word_1_189' title='bbox 452 1406 682 1452; x_wconf 83' lang='lat' dir='ltr'>intueamur3</span> <span class='ocrx_word' id='word_1_190' title='bbox 704 1406 873 1456; x_wconf 88' lang='lat' dir='ltr'>apposita</span> <span class='ocrx_word' id='word_1_191' title='bbox 895 1407 956 1442; x_wconf 90' lang='lat' dir='ltr'>cui</span> <span class='ocrx_word' id='word_1_192' title='bbox 972 1406 1099 1442; x_wconf 88' lang='lat' dir='ltr'>adhae-</span> 
     </span>
     <span class='ocr_line' id='line_1_31' title="bbox 100 1465 1097 1515; baseline 0.002 -14"><span class='ocrx_word' id='word_1_193' title='bbox 100 1477 266 1511; x_wconf 87' lang='lat' dir='ltr'>reamus;</span> <span class='ocrx_word' id='word_1_194' title='bbox 285 1465 505 1515; x_wconf 87' lang='lat' dir='ltr'>interposita</span> <span class='ocrx_word' id='word_1_195' title='bbox 522 1478 595 1514; x_wconf 91' lang='lat' dir='ltr'>qua</span> <span class='ocrx_word' id='word_1_196' title='bbox 615 1466 866 1515; x_wconf 79' lang='lat' dir='ltr'>reprimamur</span> <span class='ocrx_word' id='word_1_197' title='bbox 883 1481 889 1501; x_wconf 91' lang='lat'>:</span> <span class='ocrx_word' id='word_1_198' title='bbox 912 1475 1032 1502; x_wconf 89' lang='lat' dir='ltr'>totum</span> <span class='ocrx_word' id='word_1_199' title='bbox 1052 1467 1097 1503; x_wconf 89' lang='lat' dir='ltr'>de</span> 
     </span>
     <span class='ocr_line' id='line_1_32' title="bbox 100 1524 1095 1574; baseline 0.002 -14"><span class='ocrx_word' id='word_1_200' title='bbox 100 1536 214 1561; x_wconf 92' lang='lat' dir='ltr'>manu</span> <span class='ocrx_word' id='word_1_201' title='bbox 233 1533 433 1574; x_wconf 82' lang='lat' dir='ltr'>extorquet</span> <span class='ocrx_word' id='word_1_202' title='bbox 449 1524 635 1574; x_wconf 86' lang='lat' dir='ltr'>superbia.</span> <span class='ocrx_word' id='word_1_203' title='bbox 656 1525 896 1572; x_wconf 82' lang='lat' dir='ltr'>Quantalibet</span> <span class='ocrx_word' id='word_1_204' title='bbox 913 1526 958 1562; x_wconf 88' lang='lat' dir='ltr'>sit</span> <span class='ocrx_word' id='word_1_205' title='bbox 980 1525 1095 1574; x_wconf 86' lang='lat' dir='ltr'>justi-</span> 
     </span>
     <span class='ocr_line' id='line_1_33' title="bbox 101 1583 1095 1633; baseline 0.002 -14"><span class='ocrx_word' id='word_1_206' title='bbox 101 1583 150 1619; x_wconf 87' lang='lat' dir='ltr'>tia</span> <span class='ocrx_word' id='word_1_207' title='bbox 171 1584 318 1633; x_wconf 85' lang='lat' dir='ltr'>operis,</span> <span class='ocrx_word' id='word_1_208' title='bbox 336 1584 438 1633; x_wconf 88' lang='lat' dir='ltr'>apud</span> <span class='ocrx_word' id='word_1_209' title='bbox 454 1584 643 1620; x_wconf 89' lang='lat' dir='ltr'>internum</span> <span class='ocrx_word' id='word_1_210' title='bbox 659 1583 825 1632; x_wconf 86' lang='lat' dir='ltr'>judicem</span> <span class='ocrx_word' id='word_1_211' title='bbox 846 1586 947 1621; x_wconf 91' lang='lat' dir='ltr'>nulla</span> <span class='ocrx_word' id='word_1_212' title='bbox 972 1594 1046 1631; x_wconf 88' lang='lat' dir='ltr'>est,</span> <span class='ocrx_word' id='word_1_213' title='bbox 1067 1586 1095 1622; x_wconf 87' lang='lat' dir='ltr'>si</span> 
     </span>
     <span class='ocr_line' id='line_1_34' title="bbox 99 1642 1097 1680; baseline 0.002 -2"><span class='ocrx_word' id='word_1_214' title='bbox 99 1642 195 1679; x_wconf 90' lang='lat' dir='ltr'>hane</span> <span class='ocrx_word' id='word_1_215' title='bbox 219 1643 342 1679; x_wconf 87' lang='lat' dir='ltr'>elevat</span> <span class='ocrx_word' id='word_1_216' title='bbox 371 1651 497 1679; x_wconf 89' lang='lat' dir='ltr'>tumor</span> <span class='ocrx_word' id='word_1_217' title='bbox 525 1643 670 1679; x_wconf 88' lang='lat' dir='ltr'>mentis.</span> <span class='ocrx_word' id='word_1_218' title='bbox 696 1644 796 1680; x_wconf 84' lang='lat' dir='ltr'>Perit</span> <span class='ocrx_word' id='word_1_219' title='bbox 823 1656 953 1680; x_wconf 70' lang='lat' dir='ltr'>revera</span> <span class='ocrx_word' id='word_1_220' title='bbox 985 1658 1097 1680; x_wconf 89' lang='lat' dir='ltr'>omne</span> 
     </span>
     <span class='ocr_line' id='line_1_35' title="bbox 98 1702 1098 1752; baseline 0.002 -14"><span class='ocrx_word' id='word_1_221' title='bbox 98 1702 200 1751; x_wconf 89' lang='lat' dir='ltr'>quod</span> <span class='ocrx_word' id='word_1_222' title='bbox 215 1703 356 1752; x_wconf 86' lang='lat' dir='ltr'>agitur,</span> <span class='ocrx_word' id='word_1_223' title='bbox 373 1703 492 1739; x_wconf 83' lang='lat' dir='ltr'>sinon</span> <span class='ocrx_word' id='word_1_224' title='bbox 514 1703 670 1739; x_wconf 87' lang='lat' dir='ltr'>sollicite</span> <span class='ocrx_word' id='word_1_225' title='bbox 688 1704 725 1738; x_wconf 91' lang='lat' dir='ltr'>in</span> <span class='ocrx_word' id='word_1_226' title='bbox 746 1703 954 1739; x_wconf 87' lang='lat' dir='ltr'>humilitate</span> <span class='ocrx_word' id='word_1_227' title='bbox 970 1712 1098 1740; x_wconf 88' lang='lat' dir='ltr'>eusto-</span> 
     </span>
     <span class='ocr_line' id='line_1_36' title="bbox 98 1761 1094 1811; baseline 0.002 -14"><span class='ocrx_word' id='word_1_228' title='bbox 98 1761 234 1798; x_wconf 88' lang='lat' dir='ltr'>diatur.</span> <span class='ocrx_word' id='word_1_229' title='bbox 267 1762 377 1810; x_wconf 86' lang='lat' dir='ltr'>Signa</span> <span class='ocrx_word' id='word_1_230' title='bbox 409 1761 594 1811; x_wconf 79' lang='lat' dir='ltr'>superbiae</span> <span class='ocrx_word' id='word_1_231' title='bbox 622 1762 699 1798; x_wconf 83' lang='lat' dir='ltr'>haec</span> <span class='ocrx_word' id='word_1_232' title='bbox 729 1771 817 1798; x_wconf 90' lang='lat' dir='ltr'>sunt</span> <span class='ocrx_word' id='word_1_233' title='bbox 845 1777 852 1798; x_wconf 91' lang='lat'>:</span> <span class='ocrx_word' id='word_1_234' title='bbox 884 1764 1026 1799; x_wconf 88' lang='lat' dir='ltr'>clamor</span> <span class='ocrx_word' id='word_1_235' title='bbox 1058 1763 1094 1799; x_wconf 91' lang='lat' dir='ltr'>in</span> 
     </span>
    </p>
   </div>
   <div class='ocr_carea' id='block_1_13' title="bbox 1163 1106 2165 1810">
    <p class='ocr_par' dir='ltr' id='par_1_13' title="bbox 1163 1106 2165 1810">
     <span class='ocr_line' id='line_1_37' title="bbox 1167 1106 2163 1154; baseline 0 -12"><span class='ocrx_word' id='word_1_236' title='bbox 1167 1119 1285 1154; x_wconf 82' lang='lat' dir='ltr'>genus</span> <span class='ocrx_word' id='word_1_237' title='bbox 1321 1106 1504 1142; x_wconf 88' lang='lat' dir='ltr'>mendacii</span> <span class='ocrx_word' id='word_1_238' title='bbox 1537 1118 1777 1154; x_wconf 81' lang='lat' dir='ltr'>summopere</span> <span class='ocrx_word' id='word_1_239' title='bbox 1811 1106 1907 1153; x_wconf 78' lang='lat' dir='ltr'>fuge.</span> <span class='ocrx_word' id='word_1_240' title='bbox 1939 1110 2013 1143; x_wconf 57' lang='lat' dir='ltr'>&#39;Nec</span> <span class='ocrx_word' id='word_1_241' title='bbox 2049 1121 2134 1142; x_wconf 89' lang='lat' dir='ltr'>easu</span> <span class='ocrx_word' id='word_1_242' title='bbox 2154 1136 2163 1151; x_wconf 94' lang='lat'>,</span> 
     </span>
     <span class='ocr_line' id='line_1_38' title="bbox 1167 1165 2163 1215; baseline 0 -13"><span class='ocrx_word' id='word_1_243' title='bbox 1167 1179 1236 1202; x_wconf 88' lang='lat' dir='ltr'>nec</span> <span class='ocrx_word' id='word_1_244' title='bbox 1256 1166 1381 1202; x_wconf 87' lang='lat' dir='ltr'>studio</span> <span class='ocrx_word' id='word_1_245' title='bbox 1406 1166 1573 1215; x_wconf 87' lang='lat' dir='ltr'>loquaris</span> <span class='ocrx_word' id='word_1_246' title='bbox 1594 1165 1724 1201; x_wconf 84' lang='lat' dir='ltr'>falsum</span> <span class='ocrx_word' id='word_1_247' title='bbox 1745 1180 1752 1201; x_wconf 91' lang='lat'>:</span> <span class='ocrx_word' id='word_1_248' title='bbox 1771 1165 1858 1213; x_wconf 90' lang='lat' dir='ltr'>quia</span> <span class='ocrx_word' id='word_1_249' title='bbox 1874 1178 1915 1200; x_wconf 91' lang='lat' dir='ltr'>os</span> <span class='ocrx_word' id='word_1_250' title='bbox 1933 1165 2034 1214; x_wconf 88' lang='lat' dir='ltr'>qnod</span> <span class='ocrx_word' id='word_1_251' title='bbox 2058 1179 2163 1202; x_wconf 89' lang='lat' dir='ltr'>men-</span> 
     </span>
     <span class='ocr_line' id='line_1_39' title="bbox 1168 1226 2162 1272; baseline -0.001 -10"><span class='ocrx_word' id='word_1_252' title='bbox 1168 1227 1280 1272; x_wconf 87' lang='lat' dir='ltr'>titur,</span> <span class='ocrx_word' id='word_1_253' title='bbox 1313 1226 1450 1263; x_wconf 90' lang='lat' dir='ltr'>oceidit</span> <span class='ocrx_word' id='word_1_254' title='bbox 1475 1227 1635 1263; x_wconf 88' lang='lat' dir='ltr'>animam</span> <span class='ocrx_word' id='word_1_255' title='bbox 1656 1230 1681 1262; x_wconf 87' lang='lat'>¹.</span> <span class='ocrx_word' id='word_1_256' title='bbox 1711 1229 1782 1262; x_wconf 87' lang='lat' dir='ltr'>Per</span> <span class='ocrx_word' id='word_1_257' title='bbox 1811 1226 1951 1261; x_wconf 88' lang='lat' dir='ltr'>nullam</span> <span class='ocrx_word' id='word_1_258' title='bbox 1984 1226 2162 1261; x_wconf 83' lang='lat' dir='ltr'>fallaciam</span> 
     </span>
     <span class='ocr_line' id='line_1_40' title="bbox 1167 1283 2163 1334; baseline -0.002 -13"><span class='ocrx_word' id='word_1_259' title='bbox 1167 1286 1279 1321; x_wconf 88' lang='lat' dir='ltr'>vitam</span> <span class='ocrx_word' id='word_1_260' title='bbox 1305 1285 1464 1334; x_wconf 86' lang='lat' dir='ltr'>alicujus</span> <span class='ocrx_word' id='word_1_261' title='bbox 1481 1285 1671 1322; x_wconf 80' lang='lat' dir='ltr'>defendas.</span> <span class='ocrx_word' id='word_1_262' title='bbox 1688 1288 1787 1333; x_wconf 75' lang='lat' dir='ltr'>Fuge</span> <span class='ocrx_word' id='word_1_263' title='bbox 1803 1283 2001 1320; x_wconf 81' lang='lat' dir='ltr'>inhonesta</span> <span class='ocrx_word' id='word_1_264' title='bbox 2024 1283 2137 1320; x_wconf 88' lang='lat' dir='ltr'>verba</span> <span class='ocrx_word' id='word_1_265' title='bbox 2156 1300 2163 1320; x_wconf 89' lang='lat'>:</span> 
     </span>
     <span class='ocr_line' id='line_1_41' title="bbox 1165 1343 2160 1394; baseline -0.002 -12"><span class='ocrx_word' id='word_1_266' title='bbox 1165 1345 1277 1394; x_wconf 83' lang='lat' dir='ltr'>rejice</span> <span class='ocrx_word' id='word_1_267' title='bbox 1294 1345 1452 1382; x_wconf 85' lang='lat' dir='ltr'>verbum</span> <span class='ocrx_word' id='word_1_268' title='bbox 1476 1344 1578 1394; x_wconf 90' lang='lat' dir='ltr'>quod</span> <span class='ocrx_word' id='word_1_269' title='bbox 1593 1358 1669 1380; x_wconf 89' lang='lat' dir='ltr'>non</span> <span class='ocrx_word' id='word_1_270' title='bbox 1686 1343 1846 1380; x_wconf 85' lang='lat' dir='ltr'>aedilicat</span> <span class='ocrx_word' id='word_1_271' title='bbox 1865 1343 2072 1380; x_wconf 83' lang='lat' dir='ltr'>audientes.</span> <span class='ocrx_word' id='word_1_272' title='bbox 2092 1347 2160 1380; x_wconf 74' lang='lat' dir='ltr'>Va—</span> 
     </span>
     <span class='ocr_line' id='line_1_42' title="bbox 1165 1403 2165 1453; baseline 0 -13"><span class='ocrx_word' id='word_1_273' title='bbox 1165 1417 1236 1440; x_wconf 87' lang='lat' dir='ltr'>nus</span> <span class='ocrx_word' id='word_1_274' title='bbox 1256 1405 1357 1440; x_wconf 86' lang='lat' dir='ltr'>enim</span> <span class='ocrx_word' id='word_1_275' title='bbox 1381 1417 1504 1440; x_wconf 90' lang='lat' dir='ltr'>sermo</span> <span class='ocrx_word' id='word_1_276' title='bbox 1531 1404 1605 1440; x_wconf 88' lang='lat' dir='ltr'>cito</span> <span class='ocrx_word' id='word_1_277' title='bbox 1633 1403 1768 1453; x_wconf 88' lang='lat' dir='ltr'>polluit</span> <span class='ocrx_word' id='word_1_278' title='bbox 1793 1411 1980 1438; x_wconf 87' lang='lat' dir='ltr'>mentem:</span> <span class='ocrx_word' id='word_1_279' title='bbox 1999 1411 2036 1439; x_wconf 90' lang='lat' dir='ltr'>et</span> <span class='ocrx_word' id='word_1_280' title='bbox 2060 1404 2165 1440; x_wconf 83' lang='lat' dir='ltr'>facile</span> 
     </span>
     <span class='ocr_line' id='line_1_43' title="bbox 1167 1462 2160 1513; baseline 0 -14"><span class='ocrx_word' id='word_1_281' title='bbox 1167 1464 1288 1511; x_wconf 66' lang='lat' dir='ltr'>agitur</span> <span class='ocrx_word' id='word_1_282' title='bbox 1304 1493 1313 1510; x_wconf 96' lang='lat'>,</span> <span class='ocrx_word' id='word_1_283' title='bbox 1351 1463 1454 1513; x_wconf 90' lang='lat' dir='ltr'>quod</span> <span class='ocrx_word' id='word_1_284' title='bbox 1503 1463 1662 1499; x_wconf 87' lang='lat' dir='ltr'>libenter</span> <span class='ocrx_word' id='word_1_285' title='bbox 1695 1462 1855 1498; x_wconf 87' lang='lat' dir='ltr'>auditur.</span> <span class='ocrx_word' id='word_1_286' title='bbox 1894 1466 2020 1499; x_wconf 79' lang='lat' dir='ltr'>Vanus</span> <span class='ocrx_word' id='word_1_287' title='bbox 2063 1464 2160 1499; x_wconf 91' lang='lat' dir='ltr'>enim</span> 
     </span>
     <span class='ocr_line' id='line_1_44' title="bbox 1164 1521 2162 1568; baseline 0 -11"><span class='ocrx_word' id='word_1_288' title='bbox 1164 1536 1307 1568; x_wconf 82' lang='lat' dir='ltr'>sermo,</span> <span class='ocrx_word' id='word_1_289' title='bbox 1328 1535 1434 1559; x_wconf 75' lang='lat' dir='ltr'>vanae</span> <span class='ocrx_word' id='word_1_290' title='bbox 1453 1523 1692 1559; x_wconf 87' lang='lat' dir='ltr'>conscientiae</span> <span class='ocrx_word' id='word_1_291' title='bbox 1718 1530 1774 1559; x_wconf 86' lang='lat' dir='ltr'>est</span> <span class='ocrx_word' id='word_1_292' title='bbox 1802 1521 1928 1558; x_wconf 84' lang='lat' dir='ltr'>index.</span> <span class='ocrx_word' id='word_1_293' title='bbox 1948 1525 2072 1558; x_wconf 87' lang='lat' dir='ltr'>Mores</span> <span class='ocrx_word' id='word_1_294' title='bbox 2092 1522 2162 1558; x_wconf 78' lang='lat' dir='ltr'>lio-</span> 
     </span>
     <span class='ocr_line' id='line_1_45' title="bbox 1164 1582 2158 1632; baseline -0.001 -14"><span class='ocrx_word' id='word_1_295' title='bbox 1164 1584 1276 1619; x_wconf 89' lang='lat' dir='ltr'>miuis</span> <span class='ocrx_word' id='word_1_296' title='bbox 1309 1583 1434 1631; x_wconf 74' lang='lat' dir='ltr'>lingua</span> <span class='ocrx_word' id='word_1_297' title='bbox 1461 1583 1617 1632; x_wconf 78' lang='lat' dir='ltr'>pandit3</span> <span class='ocrx_word' id='word_1_298' title='bbox 1640 1590 1677 1619; x_wconf 88' lang='lat' dir='ltr'>et</span> <span class='ocrx_word' id='word_1_299' title='bbox 1696 1582 1815 1631; x_wconf 82' lang='lat' dir='ltr'>qualis</span> <span class='ocrx_word' id='word_1_300' title='bbox 1844 1594 1966 1618; x_wconf 87' lang='lat' dir='ltr'>sermo</span> <span class='ocrx_word' id='word_1_301' title='bbox 1990 1582 2158 1618; x_wconf 79' lang='lat' dir='ltr'>ostendi-</span> 
     </span>
     <span class='ocr_line' id='line_1_46' title="bbox 1165 1641 2159 1692; baseline 0 -15"><span class='ocrx_word' id='word_1_302' title='bbox 1165 1651 1255 1687; x_wconf 91' lang='lat' dir='ltr'>tur,</span> <span class='ocrx_word' id='word_1_303' title='bbox 1292 1643 1372 1678; x_wconf 88' lang='lat' dir='ltr'>talis</span> <span class='ocrx_word' id='word_1_304' title='bbox 1399 1643 1546 1679; x_wconf 89' lang='lat' dir='ltr'>animus</span> <span class='ocrx_word' id='word_1_305' title='bbox 1575 1641 1847 1692; x_wconf 89' lang='lat' dir='ltr'>comprobatur</span> <span class='ocrx_word' id='word_1_306' title='bbox 1873 1655 1880 1677; x_wconf 87' lang='lat'>:</span> <span class='ocrx_word' id='word_1_307' title='bbox 1910 1641 2085 1690; x_wconf 88' lang='lat' dir='ltr'>quoniam</span> <span class='ocrx_word' id='word_1_308' title='bbox 2115 1655 2159 1677; x_wconf 83' lang='lat' dir='ltr'>ex</span> 
     </span>
     <span class='ocr_line' id='line_1_47' title="bbox 1163 1702 2160 1751; baseline 0 -14"><span class='ocrx_word' id='word_1_309' title='bbox 1163 1702 1395 1739; x_wconf 85' lang='lat' dir='ltr'>abundantia</span> <span class='ocrx_word' id='word_1_310' title='bbox 1421 1702 1544 1739; x_wconf 78' lang='lat' dir='ltr'>cordis</span> <span class='ocrx_word' id='word_1_311' title='bbox 1576 1715 1618 1738; x_wconf 84' lang='lat' dir='ltr'>os</span> <span class='ocrx_word' id='word_1_312' title='bbox 1642 1702 1808 1751; x_wconf 88' lang='lat' dir='ltr'>loquitur</span> <span class='ocrx_word' id='word_1_313' title='bbox 1824 1708 1849 1738; x_wconf 88' lang='lat'>².</span> <span class='ocrx_word' id='word_1_314' title='bbox 1879 1705 2009 1739; x_wconf 89' lang='lat' dir='ltr'>Sermo</span> <span class='ocrx_word' id='word_1_315' title='bbox 2042 1714 2160 1737; x_wconf 70' lang='lat' dir='ltr'>vanus</span> 
     </span>
     <span class='ocr_line' id='line_1_48' title="bbox 1163 1760 2160 1810; baseline -0.001 -14"><span class='ocrx_word' id='word_1_316' title='bbox 1163 1774 1238 1797; x_wconf 87' lang='lat' dir='ltr'>non</span> <span class='ocrx_word' id='word_1_317' title='bbox 1257 1762 1326 1797; x_wconf 91' lang='lat' dir='ltr'>erit</span> <span class='ocrx_word' id='word_1_318' title='bbox 1343 1761 1484 1810; x_wconf 87' lang='lat' dir='ltr'>absque</span> <span class='ocrx_word' id='word_1_319' title='bbox 1499 1761 1666 1809; x_wconf 82' lang='lat' dir='ltr'>judici03</span> <span class='ocrx_word' id='word_1_320' title='bbox 1692 1761 1779 1809; x_wconf 87' lang='lat' dir='ltr'>quia</span> <span class='ocrx_word' id='word_1_321' title='bbox 1806 1760 1852 1796; x_wconf 87' lang='lat' dir='ltr'>ab</span> <span class='ocrx_word' id='word_1_322' title='bbox 1878 1761 1982 1796; x_wconf 90' lang='lat' dir='ltr'>omni</span> <span class='ocrx_word' id='word_1_323' title='bbox 2007 1760 2160 1796; x_wconf 85' lang='lat' dir='ltr'>rectitu-</span> 
     </span>
    </p>
   </div>
   <div class='ocr_carea' id='block_1_14' title="bbox 98 1818 2158 1870">
    <p class='ocr_par' dir='ltr' id='par_1_14' title="bbox 98 1818 2158 1870">
     <span class='ocr_line' id='line_1_49' title="bbox 98 1818 2158 1870; baseline -0.001 -14"><span class='ocrx_word' id='word_1_324' title='bbox 98 1821 310 1866; x_wconf 89' lang='lat' dir='ltr'>locutione,</span> <span class='ocrx_word' id='word_1_325' title='bbox 333 1821 543 1858; x_wconf 83' lang='lat' dir='ltr'>amaritudo</span> <span class='ocrx_word' id='word_1_326' title='bbox 566 1822 602 1857; x_wconf 91' lang='lat' dir='ltr'>in</span> <span class='ocrx_word' id='word_1_327' title='bbox 629 1822 802 1867; x_wconf 80' lang='lat' dir='ltr'>silenti03</span> <span class='ocrx_word' id='word_1_328' title='bbox 828 1822 1024 1859; x_wconf 90' lang='lat' dir='ltr'>dissolutio</span> <span class='ocrx_word' id='word_1_329' title='bbox 1055 1824 1091 1859; x_wconf 91' lang='lat' dir='ltr'>in</span> <span class='ocrx_word' id='word_1_330' title='bbox 1116 1825 1141 1858; x_wconf 83' lang='lat' dir='ltr'>C</span> <span class='ocrx_word' id='word_1_331' title='bbox 1163 1821 1258 1857; x_wconf 86' lang='lat' dir='ltr'>diuis</span> <span class='ocrx_word' id='word_1_332' title='bbox 1284 1829 1381 1857; x_wconf 80' lang='lat' dir='ltr'>statu</span> <span class='ocrx_word' id='word_1_333' title='bbox 1408 1821 1638 1870; x_wconf 89' lang='lat' dir='ltr'>depereunt,</span> <span class='ocrx_word' id='word_1_334' title='bbox 1665 1820 1729 1869; x_wconf 89' lang='lat' dir='ltr'>qui</span> <span class='ocrx_word' id='word_1_335' title='bbox 1759 1833 1826 1869; x_wconf 84' lang='lat' dir='ltr'>per</span> <span class='ocrx_word' id='word_1_336' title='bbox 1846 1818 1961 1855; x_wconf 71' lang='lat' dir='ltr'>verba</span> <span class='ocrx_word' id='word_1_337' title='bbox 1982 1832 2077 1855; x_wconf 75' lang='lat' dir='ltr'>vana</span> <span class='ocrx_word' id='word_1_338' title='bbox 2101 1818 2158 1854; x_wconf 88' lang='lat' dir='ltr'>di-</span> 
     </span>
    </p>
   </div>
   <div class='ocr_carea' id='block_1_15' title="bbox 94 1880 1093 2584">
    <p class='ocr_par' dir='ltr' id='par_1_15' title="bbox 97 1880 1092 2036">
     <span class='ocr_line' id='line_1_50' title="bbox 99 1880 1089 1927; baseline 0.001 -11"><span class='ocrx_word' id='word_1_339' title='bbox 99 1880 302 1927; x_wconf 83' lang='lat' dir='ltr'>hilaritate,</span> <span class='ocrx_word' id='word_1_340' title='bbox 334 1883 439 1918; x_wconf 79' lang='lat' dir='ltr'>l&#39;uror</span> <span class='ocrx_word' id='word_1_341' title='bbox 466 1881 503 1917; x_wconf 91' lang='lat' dir='ltr'>in</span> <span class='ocrx_word' id='word_1_342' title='bbox 536 1881 705 1925; x_wconf 81' lang='lat' dir='ltr'>tristitia3</span> <span class='ocrx_word' id='word_1_343' title='bbox 730 1881 907 1918; x_wconf 87' lang='lat' dir='ltr'>honestas</span> <span class='ocrx_word' id='word_1_344' title='bbox 936 1882 973 1917; x_wconf 89' lang='lat' dir='ltr'>in</span> <span class='ocrx_word' id='word_1_345' title='bbox 998 1883 1089 1918; x_wconf 87' lang='lat' dir='ltr'>ima-</span> 
     </span>
     <span class='ocr_line' id='line_1_51' title="bbox 97 1940 1092 1991; baseline 0.003 -16"><span class='ocrx_word' id='word_1_346' title='bbox 97 1940 205 1988; x_wconf 80' lang='lat' dir='ltr'>gine,</span> <span class='ocrx_word' id='word_1_347' title='bbox 231 1941 448 1976; x_wconf 86' lang='lat' dir='ltr'>inhonestas</span> <span class='ocrx_word' id='word_1_348' title='bbox 473 1940 509 1976; x_wconf 89' lang='lat' dir='ltr'>in</span> <span class='ocrx_word' id='word_1_349' title='bbox 537 1940 700 1985; x_wconf 81' lang='lat' dir='ltr'>actione,</span> <span class='ocrx_word' id='word_1_350' title='bbox 733 1953 869 1976; x_wconf 90' lang='lat' dir='ltr'>rancor</span> <span class='ocrx_word' id='word_1_351' title='bbox 893 1941 931 1976; x_wconf 89' lang='lat' dir='ltr'>in</span> <span class='ocrx_word' id='word_1_352' title='bbox 962 1955 1092 1991; x_wconf 88' lang='lat' dir='ltr'>repre-</span> 
     </span>
     <span class='ocr_line' id='line_1_52' title="bbox 99 1999 292 2036; baseline 0.01 -2"><span class='ocrx_word' id='word_1_353' title='bbox 99 1999 292 2036; x_wconf 78' lang='lat' dir='ltr'>liensione.</span> 
     </span>
    </p>

    <p class='ocr_par' dir='ltr' id='par_1_16' title="bbox 94 2058 1093 2584">
     <span class='ocr_line' id='line_1_53' title="bbox 149 2058 1092 2105; baseline 0.003 -11"><span class='ocrx_word' id='word_1_354' title='bbox 149 2058 211 2094; x_wconf 79' lang='lat'>49.</span> <span class='ocrx_word' id='word_1_355' title='bbox 230 2058 375 2094; x_wconf 87' lang='lat' dir='ltr'>Invidia</span> <span class='ocrx_word' id='word_1_356' title='bbox 391 2066 446 2094; x_wconf 86' lang='lat' dir='ltr'>est</span> <span class='ocrx_word' id='word_1_357' title='bbox 460 2058 572 2094; x_wconf 88' lang='lat' dir='ltr'>animi</span> <span class='ocrx_word' id='word_1_358' title='bbox 593 2058 702 2095; x_wconf 85' lang='lat' dir='ltr'>tinea.</span> <span class='ocrx_word' id='word_1_359' title='bbox 727 2062 883 2095; x_wconf 86' lang='lat' dir='ltr'>Sensum</span> <span class='ocrx_word' id='word_1_360' title='bbox 909 2061 1092 2105; x_wconf 90' lang='lat' dir='ltr'>comedit,</span> 
     </span>
     <span class='ocr_line' id='line_1_54' title="bbox 97 2118 1093 2169; baseline 0.005 -18"><span class='ocrx_word' id='word_1_361' title='bbox 97 2125 228 2165; x_wconf 85' lang='lat' dir='ltr'>pectus</span> <span class='ocrx_word' id='word_1_362' title='bbox 254 2118 350 2162; x_wconf 87' lang='lat' dir='ltr'>urit,</span> <span class='ocrx_word' id='word_1_363' title='bbox 373 2126 535 2153; x_wconf 84' lang='lat' dir='ltr'>mentem</span> <span class='ocrx_word' id='word_1_364' title='bbox 561 2118 675 2154; x_wconf 83' lang='lat' dir='ltr'>aflicit</span> <span class='ocrx_word' id='word_1_365' title='bbox 696 2131 704 2153; x_wconf 76' lang='grc' dir='ltr'>ε</span> <span class='ocrx_word' id='word_1_366' title='bbox 725 2131 790 2154; x_wconf 89' lang='lat' dir='ltr'>cor</span> <span class='ocrx_word' id='word_1_367' title='bbox 808 2119 969 2155; x_wconf 83' lang='lat' dir='ltr'>hominis</span> <span class='ocrx_word' id='word_1_368' title='bbox 988 2121 1093 2169; x_wconf 86' lang='lat' dir='ltr'>quasi</span> 
     </span>
     <span class='ocr_line' id='line_1_55' title="bbox 95 2175 1093 2225; baseline 0.006 -16"><span class='ocrx_word' id='word_1_369' title='bbox 95 2175 267 2223; x_wconf 83' lang='lat' dir='ltr'>quaedam</span> <span class='ocrx_word' id='word_1_370' title='bbox 291 2177 405 2225; x_wconf 87' lang='lat' dir='ltr'>pestis</span> <span class='ocrx_word' id='word_1_371' title='bbox 423 2176 589 2225; x_wconf 87' lang='lat' dir='ltr'>depaseit</span> <span class='ocrx_word' id='word_1_372' title='bbox 604 2205 613 2221; x_wconf 94' lang='lat'>‚</span> <span class='ocrx_word' id='word_1_373' title='bbox 636 2185 672 2213; x_wconf 88' lang='lat' dir='ltr'>et</span> <span class='ocrx_word' id='word_1_374' title='bbox 688 2186 822 2213; x_wconf 85' lang='lat' dir='ltr'>cuneta</span> <span class='ocrx_word' id='word_1_375' title='bbox 840 2178 939 2214; x_wconf 90' lang='lat' dir='ltr'>bona</span> <span class='ocrx_word' id='word_1_376' title='bbox 959 2179 1093 2215; x_wconf 85' lang='lat' dir='ltr'>ardore</span> 
     </span>
     <span class='ocr_line' id='line_1_56' title="bbox 97 2235 1090 2283; baseline 0.004 -13"><span class='ocrx_word' id='word_1_377' title='bbox 97 2235 277 2283; x_wconf 78' lang='lat' dir='ltr'>pestifero</span> <span class='ocrx_word' id='word_1_378' title='bbox 309 2235 477 2271; x_wconf 84' lang='lat' dir='ltr'>devorat.</span> <span class='ocrx_word' id='word_1_379' title='bbox 520 2236 676 2272; x_wconf 80' lang='lat' dir='ltr'>Invidus</span> <span class='ocrx_word' id='word_1_380' title='bbox 718 2237 880 2273; x_wconf 85' lang='lat' dir='ltr'>alienum</span> <span class='ocrx_word' id='word_1_381' title='bbox 922 2238 1064 2274; x_wconf 88' lang='lat' dir='ltr'>bonum</span> <span class='ocrx_word' id='word_1_382' title='bbox 1081 2267 1090 2283; x_wconf 90' lang='lat'>,</span> 
     </span>
     <span class='ocr_line' id='line_1_57' title="bbox 95 2289 1093 2346; baseline 0.005 -17"><span class='ocrx_word' id='word_1_383' title='bbox 95 2307 203 2330; x_wconf 87' lang='lat' dir='ltr'>suum</span> <span class='ocrx_word' id='word_1_384' title='bbox 232 2295 316 2330; x_wconf 86' lang='lat' dir='ltr'>facit</span> <span class='ocrx_word' id='word_1_385' title='bbox 339 2289 546 2331; x_wconf 74' lang='lat' dir='ltr'>invidendo</span> <span class='ocrx_word' id='word_1_386' title='bbox 569 2304 776 2345; x_wconf 86' lang='lat' dir='ltr'>peecatum.</span> <span class='ocrx_word' id='word_1_387' title='bbox 804 2300 894 2333; x_wconf 89' lang='lat' dir='ltr'>Cum</span> <span class='ocrx_word' id='word_1_388' title='bbox 917 2306 1093 2346; x_wconf 88' lang='lat' dir='ltr'>peccato—</span> 
     </span>
     <span class='ocr_line' id='line_1_58' title="bbox 95 2355 1091 2406; baseline 0.004 -17"><span class='ocrx_word' id='word_1_389' title='bbox 95 2366 154 2388; x_wconf 87' lang='lat' dir='ltr'>res</span> <span class='ocrx_word' id='word_1_390' title='bbox 177 2366 348 2403; x_wconf 88' lang='lat' dir='ltr'>quosque</span> <span class='ocrx_word' id='word_1_391' title='bbox 373 2355 645 2403; x_wconf 87' lang='lat' dir='ltr'>conspicimus,</span> <span class='ocrx_word' id='word_1_392' title='bbox 674 2368 750 2391; x_wconf 90' lang='lat' dir='ltr'>non</span> <span class='ocrx_word' id='word_1_393' title='bbox 773 2356 878 2392; x_wconf 82' lang='lat' dir='ltr'>facile</span> <span class='ocrx_word' id='word_1_394' title='bbox 904 2370 968 2392; x_wconf 84' lang='lat' dir='ltr'>eos</span> <span class='ocrx_word' id='word_1_395' title='bbox 987 2357 1091 2406; x_wconf 90' lang='lat' dir='ltr'>judi-</span> 
     </span>
     <span class='ocr_line' id='line_1_59' title="bbox 95 2413 1091 2464; baseline 0.004 -15"><span class='ocrx_word' id='word_1_396' title='bbox 95 2426 244 2458; x_wconf 86' lang='lat' dir='ltr'>cemus,</span> <span class='ocrx_word' id='word_1_397' title='bbox 263 2413 328 2450; x_wconf 89' lang='lat' dir='ltr'>sed</span> <span class='ocrx_word' id='word_1_398' title='bbox 349 2415 463 2462; x_wconf 79' lang='lat' dir='ltr'>magis</span> <span class='ocrx_word' id='word_1_399' title='bbox 484 2414 705 2460; x_wconf 79' lang='lat' dir='ltr'>defleamus3</span> <span class='ocrx_word' id='word_1_400' title='bbox 727 2416 814 2464; x_wconf 91' lang='lat' dir='ltr'>quia</span> <span class='ocrx_word' id='word_1_401' title='bbox 842 2416 879 2451; x_wconf 92' lang='lat' dir='ltr'>iu</span> <span class='ocrx_word' id='word_1_402' title='bbox 907 2416 1091 2453; x_wconf 80' lang='lat' dir='ltr'>similibus</span> 
     </span>
     <span class='ocr_line' id='line_1_60' title="bbox 94 2473 1091 2523; baseline 0.005 -15"><span class='ocrx_word' id='word_1_403' title='bbox 94 2480 158 2508; x_wconf 88' lang='lat' dir='ltr'>aut</span> <span class='ocrx_word' id='word_1_404' title='bbox 195 2473 288 2522; x_wconf 82' lang='lat' dir='ltr'>lapsi</span> <span class='ocrx_word' id='word_1_405' title='bbox 325 2486 473 2518; x_wconf 84' lang='lat' dir='ltr'>sumus,</span> <span class='ocrx_word' id='word_1_406' title='bbox 503 2482 566 2510; x_wconf 89' lang='lat' dir='ltr'>aut</span> <span class='ocrx_word' id='word_1_407' title='bbox 595 2473 668 2510; x_wconf 88' lang='lat' dir='ltr'>labi</span> <span class='ocrx_word' id='word_1_408' title='bbox 700 2488 914 2523; x_wconf 84' lang='lat' dir='ltr'>possumus.</span> <span class='ocrx_word' id='word_1_409' title='bbox 959 2476 995 2512; x_wconf 85' lang='lat' dir='ltr'>Si</span> <span class='ocrx_word' id='word_1_410' title='bbox 1036 2477 1091 2514; x_wconf 65' lang='lat' dir='ltr'>vis</span> 
     </span>
     <span class='ocr_line' id='line_1_61' title="bbox 95 2530 1090 2584; baseline 0.006 -18"><span class='ocrx_word' id='word_1_411' title='bbox 95 2530 375 2580; x_wconf 80' lang='lat' dir='ltr'>delinquentem</span> <span class='ocrx_word' id='word_1_412' title='bbox 405 2533 614 2582; x_wconf 86' lang='lat' dir='ltr'>corripere,</span> <span class='ocrx_word' id='word_1_413' title='bbox 650 2542 778 2583; x_wconf 86' lang='lat' dir='ltr'>aperte</span> <span class='ocrx_word' id='word_1_414' title='bbox 818 2535 990 2584; x_wconf 82' lang='lat' dir='ltr'>increpa,</span> <span class='ocrx_word' id='word_1_415' title='bbox 1022 2549 1090 2572; x_wconf 88' lang='lat' dir='ltr'>nec</span> 
     </span>
    </p>
   </div>
   <div class='ocr_carea' id='block_1_16' title="bbox 1160 1879 2158 2220">
    <p class='ocr_par' dir='ltr' id='par_1_17' title="bbox 1160 1879 2158 2220">
     <span class='ocr_line' id='line_1_62' title="bbox 1160 1879 2158 1927; baseline -0.001 -13"><span class='ocrx_word' id='word_1_416' title='bbox 1160 1879 1348 1916; x_wconf 87' lang='lat' dir='ltr'>labuntur.</span> <span class='ocrx_word' id='word_1_417' title='bbox 1377 1880 1447 1927; x_wconf 89' lang='lat' dir='ltr'>Qui</span> <span class='ocrx_word' id='word_1_418' title='bbox 1471 1879 1617 1915; x_wconf 80' lang='lat' dir='ltr'>laudeni</span> <span class='ocrx_word' id='word_1_419' title='bbox 1645 1892 1720 1915; x_wconf 91' lang='lat' dir='ltr'>non</span> <span class='ocrx_word' id='word_1_420' title='bbox 1741 1879 1905 1927; x_wconf 83' lang='lat' dir='ltr'>appetit,</span> <span class='ocrx_word' id='word_1_421' title='bbox 1933 1891 2000 1914; x_wconf 88' lang='lat' dir='ltr'>nee</span> <span class='ocrx_word' id='word_1_422' title='bbox 2022 1886 2158 1913; x_wconf 87' lang='lat' dir='ltr'>coutu—</span> 
     </span>
     <span class='ocr_line' id='line_1_63' title="bbox 1162 1937 2155 1986; baseline -0.002 -12"><span class='ocrx_word' id='word_1_423' title='bbox 1162 1939 1306 1974; x_wconf 84' lang='lat' dir='ltr'>meliam</span> <span class='ocrx_word' id='word_1_424' title='bbox 1348 1939 1471 1974; x_wconf 84' lang='lat' dir='ltr'>sentit.</span> <span class='ocrx_word' id='word_1_425' title='bbox 1506 1940 1684 1975; x_wconf 84' lang='lat' dir='ltr'>Discerne</span> <span class='ocrx_word' id='word_1_426' title='bbox 1716 1947 1750 1973; x_wconf 88' lang='lat' dir='ltr'>te</span> <span class='ocrx_word' id='word_1_427' title='bbox 1781 1947 1845 1973; x_wconf 81' lang='lat' dir='ltr'>tuo</span> <span class='ocrx_word' id='word_1_428' title='bbox 1874 1937 2019 1986; x_wconf 87' lang='lat' dir='ltr'>judicio</span> <span class='ocrx_word' id='word_1_429' title='bbox 2041 1966 2050 1981; x_wconf 93' lang='lat'>,</span> <span class='ocrx_word' id='word_1_430' title='bbox 2081 1951 2155 1972; x_wconf 89' lang='lat' dir='ltr'>nou</span> 
     </span>
     <span class='ocr_line' id='line_1_64' title="bbox 1160 1997 2155 2047; baseline -0.001 -15"><span class='ocrx_word' id='word_1_431' title='bbox 1160 1998 1293 2033; x_wconf 89' lang='lat' dir='ltr'>alieno.</span> <span class='ocrx_word' id='word_1_432' title='bbox 1319 2001 1438 2034; x_wconf 70' lang='lat' dir='ltr'>Nemo</span> <span class='ocrx_word' id='word_1_433' title='bbox 1454 1997 1552 2033; x_wconf 90' lang='lat' dir='ltr'>enim</span> <span class='ocrx_word' id='word_1_434' title='bbox 1582 1998 1698 2047; x_wconf 76' lang='lat' dir='ltr'>magis</span> <span class='ocrx_word' id='word_1_435' title='bbox 1724 1997 1818 2033; x_wconf 89' lang='lat' dir='ltr'>seire</span> <span class='ocrx_word' id='word_1_436' title='bbox 1844 2005 1967 2046; x_wconf 88' lang='lat' dir='ltr'>potest</span> <span class='ocrx_word' id='word_1_437' title='bbox 1982 1997 2066 2045; x_wconf 84' lang='lat' dir='ltr'>quis</span> <span class='ocrx_word' id='word_1_438' title='bbox 2083 1997 2132 2032; x_wconf 85' lang='lat' dir='ltr'>sis</span> <span class='ocrx_word' id='word_1_439' title='bbox 2147 2025 2155 2039; x_wconf 95' lang='lat'>,</span> 
     </span>
     <span class='ocr_line' id='line_1_65' title="bbox 1161 2056 2157 2106; baseline -0.001 -14"><span class='ocrx_word' id='word_1_440' title='bbox 1161 2057 1254 2092; x_wconf 87' lang='lat' dir='ltr'>sieut</span> <span class='ocrx_word' id='word_1_441' title='bbox 1273 2066 1331 2101; x_wconf 90' lang='lat' dir='ltr'>tu,</span> <span class='ocrx_word' id='word_1_442' title='bbox 1358 2058 1422 2106; x_wconf 89' lang='lat' dir='ltr'>qui</span> <span class='ocrx_word' id='word_1_443' title='bbox 1441 2057 1611 2093; x_wconf 81' lang='lat' dir='ltr'>conscius</span> <span class='ocrx_word' id='word_1_444' title='bbox 1634 2070 1674 2093; x_wconf 85' lang='lat' dir='ltr'>es</span> <span class='ocrx_word' id='word_1_445' title='bbox 1694 2056 1772 2092; x_wconf 86' lang='lat' dir='ltr'>tibi.</span> <span class='ocrx_word' id='word_1_446' title='bbox 1794 2056 1891 2103; x_wconf 87' lang='lat' dir='ltr'>Quid</span> <span class='ocrx_word' id='word_1_447' title='bbox 1919 2056 2017 2091; x_wconf 89' lang='lat' dir='ltr'>euim</span> <span class='ocrx_word' id='word_1_448' title='bbox 2047 2056 2157 2105; x_wconf 58' lang='lat' dir='ltr'>prod&gt;</span> 
     </span>
     <span class='ocr_line' id='line_1_66' title="bbox 1161 2115 2156 2166; baseline -0.001 -14"><span class='ocrx_word' id='word_1_449' title='bbox 1161 2125 1216 2152; x_wconf 83' lang='lat' dir='ltr'>est</span> <span class='ocrx_word' id='word_1_450' title='bbox 1245 2117 1333 2152; x_wconf 91' lang='lat' dir='ltr'>dum</span> <span class='ocrx_word' id='word_1_451' title='bbox 1363 2117 1481 2152; x_wconf 88' lang='lat' dir='ltr'>malus</span> <span class='ocrx_word' id='word_1_452' title='bbox 1498 2130 1536 2152; x_wconf 88' lang='lat' dir='ltr'>es</span> <span class='ocrx_word' id='word_1_453' title='bbox 1550 2145 1559 2161; x_wconf 88' lang='lat'>,</span> <span class='ocrx_word' id='word_1_454' title='bbox 1581 2117 1609 2152; x_wconf 89' lang='lat' dir='ltr'>si</span> <span class='ocrx_word' id='word_1_455' title='bbox 1627 2116 1750 2152; x_wconf 86' lang='lat' dir='ltr'>bonus</span> <span class='ocrx_word' id='word_1_456' title='bbox 1777 2115 2014 2166; x_wconf 65' lang='lat' dir='ltr'>praediceris?</span> <span class='ocrx_word' id='word_1_457' title='bbox 2029 2116 2156 2162; x_wconf 83' lang='lat' dir='ltr'>Qualis</span> 
     </span>
     <span class='ocr_line' id='line_1_67' title="bbox 1160 2175 1602 2220; baseline 0 -10"><span class='ocrx_word' id='word_1_458' title='bbox 1160 2175 1289 2212; x_wconf 85' lang='lat' dir='ltr'>baberi</span> <span class='ocrx_word' id='word_1_459' title='bbox 1309 2176 1365 2211; x_wconf 65' lang='lat' dir='ltr'>vis</span> <span class='ocrx_word' id='word_1_460' title='bbox 1378 2205 1387 2220; x_wconf 92' lang='lat'>,</span> <span class='ocrx_word' id='word_1_461' title='bbox 1407 2176 1489 2212; x_wconf 87' lang='lat' dir='ltr'>talis</span> <span class='ocrx_word' id='word_1_462' title='bbox 1507 2185 1602 2211; x_wconf 86' lang='lat' dir='ltr'>esto.</span> 
     </span>
    </p>
   </div>
   <div class='ocr_carea' id='block_1_17' title="bbox 1230 2274 2047 2316">
    <p class='ocr_par' dir='ltr' id='par_1_18' title="bbox 1230 2274 2047 2316">
     <span class='ocr_line' id='line_1_68' title="bbox 1230 2274 2047 2316; baseline -0.001 -12"><span class='ocrx_word' id='word_1_463' title='bbox 1230 2274 1260 2304; x_wconf 79' lang='lat' dir='ltr'>Si</span> <span class='ocrx_word' id='word_1_464' title='bbox 1277 2274 1399 2316; x_wconf 82' lang='lat' dir='ltr'>sapiens</span> <span class='ocrx_word' id='word_1_465' title='bbox 1416 2274 1525 2312; x_wconf 82' lang='lat' dir='ltr'>fueris,</span> <span class='ocrx_word' id='word_1_466' title='bbox 1549 2281 1578 2305; x_wconf 84' lang='lat' dir='ltr'>te</span> <span class='ocrx_word' id='word_1_467' title='bbox 1597 2285 1719 2316; x_wconf 79' lang='lat' dir='ltr'>semper</span> <span class='ocrx_word' id='word_1_468' title='bbox 1739 2274 1870 2304; x_wconf 73' lang='lat' dir='ltr'>habebis</span> <span class='ocrx_word' id='word_1_469' title='bbox 1891 2274 2047 2304; x_wconf 82' lang='lat' dir='ltr'>eumdem.</span> 
     </span>
    </p>
   </div>
   <div class='ocr_carea' id='block_1_18' title="bbox 1157 2355 2157 2583">
    <p class='ocr_par' dir='ltr' id='par_1_19' title="bbox 1157 2355 2157 2583">
     <span class='ocr_line' id='line_1_69' title="bbox 1159 2355 2156 2405; baseline -0.001 -14"><span class='ocrx_word' id='word_1_470' title='bbox 1159 2355 1273 2392; x_wconf 82' lang='lat' dir='ltr'>Stude</span> <span class='ocrx_word' id='word_1_471' title='bbox 1290 2357 1392 2404; x_wconf 89' lang='lat' dir='ltr'>loqui</span> <span class='ocrx_word' id='word_1_472' title='bbox 1410 2369 1486 2392; x_wconf 85' lang='lat' dir='ltr'>non</span> <span class='ocrx_word' id='word_1_473' title='bbox 1507 2356 1609 2405; x_wconf 88' lang='lat' dir='ltr'>quod</span> <span class='ocrx_word' id='word_1_474' title='bbox 1637 2355 1746 2400; x_wconf 86' lang='lat' dir='ltr'>libet,</span> <span class='ocrx_word' id='word_1_475' title='bbox 1777 2355 1840 2391; x_wconf 86' lang='lat' dir='ltr'>sed</span> <span class='ocrx_word' id='word_1_476' title='bbox 1868 2356 1970 2404; x_wconf 87' lang='lat' dir='ltr'>quod</span> <span class='ocrx_word' id='word_1_477' title='bbox 1994 2364 2156 2405; x_wconf 88' lang='lat' dir='ltr'>oportet.</span> 
     </span>
     <span class='ocr_line' id='line_1_70' title="bbox 1157 2415 2157 2465; baseline 0 -14"><span class='ocrx_word' id='word_1_478' title='bbox 1157 2416 1229 2462; x_wconf 85' lang='lat' dir='ltr'>Qui</span> <span class='ocrx_word' id='word_1_479' title='bbox 1262 2416 1423 2452; x_wconf 89' lang='lat' dir='ltr'>otiosum</span> <span class='ocrx_word' id='word_1_480' title='bbox 1455 2416 1611 2452; x_wconf 70' lang='lat' dir='ltr'>verbum</span> <span class='ocrx_word' id='word_1_481' title='bbox 1646 2429 1720 2451; x_wconf 91' lang='lat' dir='ltr'>non</span> <span class='ocrx_word' id='word_1_482' title='bbox 1757 2416 1946 2465; x_wconf 86' lang='lat' dir='ltr'>reprimit,</span> <span class='ocrx_word' id='word_1_483' title='bbox 1974 2415 2021 2451; x_wconf 88' lang='lat' dir='ltr'>ad</span> <span class='ocrx_word' id='word_1_484' title='bbox 2046 2416 2157 2452; x_wconf 62' lang='lat' dir='ltr'>noxia</span> 
     </span>
     <span class='ocr_line' id='line_1_71' title="bbox 1157 2475 2157 2523; baseline 0.001 -13"><span class='ocrx_word' id='word_1_485' title='bbox 1157 2475 1231 2511; x_wconf 85' lang='lat' dir='ltr'>cito</span> <span class='ocrx_word' id='word_1_486' title='bbox 1258 2476 1401 2512; x_wconf 82' lang='lat' dir='ltr'>transit.</span> <span class='ocrx_word' id='word_1_487' title='bbox 1432 2479 1564 2523; x_wconf 68' lang='lat' dir='ltr'>Magna</span> <span class='ocrx_word' id='word_1_488' title='bbox 1593 2475 1712 2511; x_wconf 80' lang='lat' dir='ltr'>virtus</span> <span class='ocrx_word' id='word_1_489' title='bbox 1740 2484 1815 2519; x_wconf 86' lang='lat' dir='ltr'>est,</span> <span class='ocrx_word' id='word_1_490' title='bbox 1848 2476 1876 2512; x_wconf 89' lang='lat' dir='ltr'>si</span> <span class='ocrx_word' id='word_1_491' title='bbox 1906 2489 1980 2511; x_wconf 92' lang='lat' dir='ltr'>non</span> <span class='ocrx_word' id='word_1_492' title='bbox 2002 2476 2112 2511; x_wconf 68' lang='lat' dir='ltr'>laedas</span> <span class='ocrx_word' id='word_1_493' title='bbox 2139 2491 2157 2512; x_wconf 86' lang='lat' dir='ltr'>a</span> 
     </span>
     <span class='ocr_line' id='line_1_72' title="bbox 1157 2534 2156 2583; baseline 0.002 -14"><span class='ocrx_word' id='word_1_494' title='bbox 1157 2547 1232 2582; x_wconf 86' lang='lat' dir='ltr'>quo</span> <span class='ocrx_word' id='word_1_495' title='bbox 1254 2534 1362 2570; x_wconf 77' lang='lat' dir='ltr'>laesus</span> <span class='ocrx_word' id='word_1_496' title='bbox 1383 2547 1421 2570; x_wconf 84' lang='lat' dir='ltr'>es</span> <span class='ocrx_word' id='word_1_497' title='bbox 1440 2549 1446 2570; x_wconf 91' lang='lat'><strong>:</strong></span> <span class='ocrx_word' id='word_1_498' title='bbox 1467 2547 1599 2583; x_wconf 74' lang='lat' dir='ltr'>magna</span> <span class='ocrx_word' id='word_1_499' title='bbox 1622 2535 1739 2583; x_wconf 73' lang='lat' dir='ltr'>gloria</span> <span class='ocrx_word' id='word_1_500' title='bbox 1764 2543 1818 2570; x_wconf 86' lang='lat' dir='ltr'>est</span> <span class='ocrx_word' id='word_1_501' title='bbox 1839 2563 1847 2579; x_wconf 89' lang='lat'>‚</span> <span class='ocrx_word' id='word_1_502' title='bbox 1880 2535 1908 2571; x_wconf 86' lang='lat' dir='ltr'>si</span> <span class='ocrx_word' id='word_1_503' title='bbox 1934 2535 1992 2570; x_wconf 83' lang='lat' dir='ltr'>rui</span> <span class='ocrx_word' id='word_1_504' title='bbox 2021 2549 2156 2572; x_wconf 87' lang='lat' dir='ltr'>uoeere</span> 
     </span>
    </p>
   </div>
   <div class='ocr_carea' id='block_1_19' title="bbox 96 2591 1506 2643">
    <p class='ocr_par' dir='ltr' id='par_1_20' title="bbox 96 2591 1506 2643">
     <span class='ocr_line' id='line_1_73' title="bbox 96 2591 1506 2643; baseline 0.006 -18"><span class='ocrx_word' id='word_1_505' title='bbox 96 2591 240 2627; x_wconf 87' lang='lat' dir='ltr'>occulte</span> <span class='ocrx_word' id='word_1_506' title='bbox 270 2592 450 2628; x_wconf 86' lang='lat' dir='ltr'>mordeas.</span> <span class='ocrx_word' id='word_1_507' title='bbox 482 2593 580 2640; x_wconf 89' lang='lat' dir='ltr'>Quid</span> <span class='ocrx_word' id='word_1_508' title='bbox 614 2594 712 2629; x_wconf 89' lang='lat' dir='ltr'>enim</span> <span class='ocrx_word' id='word_1_509' title='bbox 749 2594 931 2643; x_wconf 85' lang='lat' dir='ltr'>prodest,</span> <span class='ocrx_word' id='word_1_510' title='bbox 970 2596 998 2631; x_wconf 86' lang='lat' dir='ltr'>si</span> <span class='ocrx_word' id='word_1_511' title='bbox 1033 2600 1139 2633; x_wconf 82' lang='lat' dir='ltr'>uieD</span> <span class='ocrx_word' id='word_1_512' title='bbox 1158 2593 1336 2641; x_wconf 66' lang='lat' dir='ltr'>potuisti,</span> <span class='ocrx_word' id='word_1_513' title='bbox 1366 2606 1506 2642; x_wconf 60' lang='lat' dir='ltr'>parcas.</span> 
     </span>
    </p>
   </div>
   <div class='ocr_carea' id='block_1_20' title="bbox 96 2650 1092 3236">
    <p class='ocr_par' dir='ltr' id='par_1_21' title="bbox 96 2650 1092 3236">
     <span class='ocr_line' id='line_1_74' title="bbox 98 2650 1088 2704; baseline 0.007 -19"><span class='ocrx_word' id='word_1_514' title='bbox 98 2650 285 2686; x_wconf 87' lang='lat' dir='ltr'>nesciente</span> <span class='ocrx_word' id='word_1_515' title='bbox 317 2652 397 2687; x_wconf 89' lang='lat' dir='ltr'>aliis</span> <span class='ocrx_word' id='word_1_516' title='bbox 427 2653 523 2688; x_wconf 88' lang='lat' dir='ltr'>mala</span> <span class='ocrx_word' id='word_1_517' title='bbox 555 2666 634 2688; x_wconf 85' lang='lat' dir='ltr'>mea</span> <span class='ocrx_word' id='word_1_518' title='bbox 664 2654 828 2690; x_wconf 75' lang='lat' dir='ltr'>referas?</span> <span class='ocrx_word' id='word_1_519' title='bbox 850 2658 911 2690; x_wconf 79' lang='lat' dir='ltr'>Vae</span> <span class='ocrx_word' id='word_1_520' title='bbox 945 2655 995 2691; x_wconf 89' lang='lat' dir='ltr'>illi</span> <span class='ocrx_word' id='word_1_521' title='bbox 1023 2657 1088 2704; x_wconf 84' lang='lat' dir='ltr'>qui</span> 
     </span>
     <span class='ocr_line' id='line_1_75' title="bbox 97 2711 1088 2760; baseline 0.004 -14"><span class='ocrx_word' id='word_1_522' title='bbox 97 2723 199 2746; x_wconf 87' lang='lat' dir='ltr'>suam</span> <span class='ocrx_word' id='word_1_523' title='bbox 222 2711 345 2746; x_wconf 86' lang='lat' dir='ltr'>renuit</span> <span class='ocrx_word' id='word_1_524' title='bbox 363 2712 548 2760; x_wconf 74' lang='lat' dir='ltr'>corrigere</span> <span class='ocrx_word' id='word_1_525' title='bbox 565 2713 697 2756; x_wconf 74' lang='lat' dir='ltr'>vitam,</span> <span class='ocrx_word' id='word_1_526' title='bbox 721 2721 757 2748; x_wconf 90' lang='lat' dir='ltr'>et</span> <span class='ocrx_word' id='word_1_527' title='bbox 777 2713 905 2749; x_wconf 67' lang='lat' dir='ltr'>aliena¹</span> <span class='ocrx_word' id='word_1_528' title='bbox 927 2728 1001 2750; x_wconf 92' lang='lat' dir='ltr'>nou</span> <span class='ocrx_word' id='word_1_529' title='bbox 1020 2715 1088 2751; x_wconf 82' lang='lat' dir='ltr'>‹le-</span> 
     </span>
     <span class='ocr_line' id='line_1_76' title="bbox 97 2769 1086 2823; baseline 0.006 -19"><span class='ocrx_word' id='word_1_530' title='bbox 97 2770 183 2805; x_wconf 90' lang='lat' dir='ltr'>sinit</span> <span class='ocrx_word' id='word_1_531' title='bbox 198 2769 404 2806; x_wconf 85' lang='lat' dir='ltr'>detrahere.</span> <span class='ocrx_word' id='word_1_532' title='bbox 428 2771 463 2808; x_wconf 80' lang='lat' dir='ltr'>Si</span> <span class='ocrx_word' id='word_1_533' title='bbox 486 2771 539 2807; x_wconf 85' lang='lat' dir='ltr'>vis</span> <span class='ocrx_word' id='word_1_534' title='bbox 559 2771 774 2817; x_wconf 81' lang='lat' dir='ltr'>detrahere,</span> <span class='ocrx_word' id='word_1_535' title='bbox 796 2781 857 2808; x_wconf 89' lang='lat' dir='ltr'>tua</span> <span class='ocrx_word' id='word_1_536' title='bbox 878 2773 913 2809; x_wconf 93' lang='lat' dir='ltr'>in</span> <span class='ocrx_word' id='word_1_537' title='bbox 941 2782 974 2810; x_wconf 91' lang='lat' dir='ltr'>te</span> <span class='ocrx_word' id='word_1_538' title='bbox 998 2788 1086 2823; x_wconf 88' lang='lat' dir='ltr'>pec-</span> 
     </span>
     <span class='ocr_line' id='line_1_77' title="bbox 96 2831 1092 2883; baseline 0.007 -20"><span class='ocrx_word' id='word_1_539' title='bbox 96 2837 176 2864; x_wconf 82' lang='lat' dir='ltr'>eata</span> <span class='ocrx_word' id='word_1_540' title='bbox 195 2837 369 2877; x_wconf 86' lang='lat' dir='ltr'>retorque</span> <span class='ocrx_word' id='word_1_541' title='bbox 387 2845 394 2866; x_wconf 87' lang='lat'>:</span> <span class='ocrx_word' id='word_1_542' title='bbox 414 2843 487 2866; x_wconf 90' lang='lat' dir='ltr'>non</span> <span class='ocrx_word' id='word_1_543' title='bbox 508 2831 663 2867; x_wconf 87' lang='lat' dir='ltr'>aliorum</span> <span class='ocrx_word' id='word_1_544' title='bbox 683 2832 836 2876; x_wconf 81' lang='lat' dir='ltr'>delicta,</span> <span class='ocrx_word' id='word_1_545' title='bbox 857 2833 921 2869; x_wconf 88' lang='lat' dir='ltr'>sed</span> <span class='ocrx_word' id='word_1_546' title='bbox 941 2835 1092 2883; x_wconf 89' lang='lat' dir='ltr'>propria</span> 
     </span>
     <span class='ocr_line' id='line_1_78' title="bbox 98 2890 1092 2937; baseline 0.006 -14"><span class='ocrx_word' id='word_1_547' title='bbox 98 2901 220 2924; x_wconf 86' lang='lat' dir='ltr'>eeruc.</span> <span class='ocrx_word' id='word_1_548' title='bbox 239 2892 437 2937; x_wconf 86' lang='lat' dir='ltr'>Nunquam</span> <span class='ocrx_word' id='word_1_549' title='bbox 461 2891 560 2926; x_wconf 90' lang='lat' dir='ltr'>enim</span> <span class='ocrx_word' id='word_1_550' title='bbox 578 2891 657 2926; x_wconf 86' lang='lat' dir='ltr'>aliis</span> <span class='ocrx_word' id='word_1_551' title='bbox 677 2890 866 2937; x_wconf 84' lang='lat' dir='ltr'>detrahes,</span> <span class='ocrx_word' id='word_1_552' title='bbox 887 2893 916 2928; x_wconf 88' lang='lat' dir='ltr'>si</span> <span class='ocrx_word' id='word_1_553' title='bbox 939 2901 972 2928; x_wconf 90' lang='lat' dir='ltr'>te</span> <span class='ocrx_word' id='word_1_554' title='bbox 998 2893 1092 2931; x_wconf 85' lang='lat' dir='ltr'>bene</span> 
     </span>
     <span class='ocr_line' id='line_1_79' title="bbox 100 2949 1089 2997; baseline 0.007 -14"><span class='ocrx_word' id='word_1_555' title='bbox 100 2949 314 2997; x_wconf 79' lang='lat' dir='ltr'>inspexeris.</span> <span class='ocrx_word' id='word_1_556' title='bbox 344 2953 396 2986; x_wconf 86' lang='lat' dir='ltr'>l)e</span> <span class='ocrx_word' id='word_1_557' title='bbox 420 2951 516 2986; x_wconf 87' lang='lat' dir='ltr'>malo</span> <span class='ocrx_word' id='word_1_558' title='bbox 541 2951 662 2986; x_wconf 82' lang='lat' dir='ltr'>alieno</span> <span class='ocrx_word' id='word_1_559' title='bbox 684 2965 725 2988; x_wconf 86' lang='lat' dir='ltr'>os</span> <span class='ocrx_word' id='word_1_560' title='bbox 755 2961 858 2988; x_wconf 89' lang='lat' dir='ltr'>tuum</span> <span class='ocrx_word' id='word_1_561' title='bbox 885 2967 958 2988; x_wconf 93' lang='lat' dir='ltr'>uon</span> <span class='ocrx_word' id='word_1_562' title='bbox 983 2955 1089 2990; x_wconf 78' lang='lat' dir='ltr'>eoin—</span> 
     </span>
     <span class='ocr_line' id='line_1_80' title="bbox 99 3008 1088 3059; baseline 0.007 -17"><span class='ocrx_word' id='word_1_563' title='bbox 99 3008 254 3055; x_wconf 82' lang='lat' dir='ltr'>quines;</span> <span class='ocrx_word' id='word_1_564' title='bbox 278 3021 352 3044; x_wconf 89' lang='lat' dir='ltr'>nou</span> <span class='ocrx_word' id='word_1_565' title='bbox 379 3009 550 3045; x_wconf 78' lang='lat' dir='ltr'>‹letralias</span> <span class='ocrx_word' id='word_1_566' title='bbox 579 3012 772 3059; x_wconf 87' lang='lat' dir='ltr'>peccanti,</span> <span class='ocrx_word' id='word_1_567' title='bbox 805 3012 868 3047; x_wconf 90' lang='lat' dir='ltr'>sed</span> <span class='ocrx_word' id='word_1_568' title='bbox 894 3013 1054 3048; x_wconf 83' lang='lat' dir='ltr'>condole</span> <span class='ocrx_word' id='word_1_569' title='bbox 1083 3030 1088 3049; x_wconf 90' lang='lat'><strong>:</strong></span> 
     </span>
     <span class='ocr_line' id='line_1_81' title="bbox 98 3067 1089 3118; baseline 0.006 -17"><span class='ocrx_word' id='word_1_570' title='bbox 98 3067 275 3114; x_wconf 69' lang='lat' dir='ltr'>‹pioniam</span> <span class='ocrx_word' id='word_1_571' title='bbox 302 3081 414 3115; x_wconf 65' lang='lat' dir='ltr'>grave</span> <span class='ocrx_word' id='word_1_572' title='bbox 442 3078 634 3118; x_wconf 87' lang='lat' dir='ltr'>peceatum</span> <span class='ocrx_word' id='word_1_573' title='bbox 661 3079 716 3106; x_wconf 85' lang='lat' dir='ltr'>est</span> <span class='ocrx_word' id='word_1_574' title='bbox 738 3071 932 3108; x_wconf 75' lang='lat' dir='ltr'>detractio.</span> <span class='ocrx_word' id='word_1_575' title='bbox 960 3076 1089 3107; x_wconf 80' lang='lat' dir='ltr'>l)etra-</span> 
     </span>
     <span class='ocr_line' id='line_1_82' title="bbox 100 3125 1089 3177; baseline 0.007 -17"><span class='ocrx_word' id='word_1_576' title='bbox 100 3125 229 3161; x_wconf 68' lang='lat' dir='ltr'>luentes</span> <span class='ocrx_word' id='word_1_577' title='bbox 245 3134 281 3161; x_wconf 86' lang='lat' dir='ltr'>et</span> <span class='ocrx_word' id='word_1_578' title='bbox 300 3127 494 3163; x_wconf 80' lang='lat' dir='ltr'>audientes</span> <span class='ocrx_word' id='word_1_579' title='bbox 519 3129 597 3177; x_wconf 87' lang='lat' dir='ltr'>pari</span> <span class='ocrx_word' id='word_1_580' title='bbox 617 3139 718 3165; x_wconf 85' lang='lat' dir='ltr'>reatu</span> <span class='ocrx_word' id='word_1_581' title='bbox 742 3130 968 3166; x_wconf 84' lang='lat' dir='ltr'>detinentur.</span> <span class='ocrx_word' id='word_1_582' title='bbox 993 3133 1089 3167; x_wconf 73' lang='lat' dir='ltr'>Sicut</span> 
     </span>
     <span class='ocr_line' id='line_1_83' title="bbox 101 3185 1072 3236; baseline 0.007 -16"><span class='ocrx_word' id='word_1_583' title='bbox 101 3185 266 3222; x_wconf 78' lang='lat' dir='ltr'>irasceris</span> <span class='ocrx_word' id='word_1_584' title='bbox 290 3187 394 3223; x_wconf 81' lang='lat' dir='ltr'>alteri</span> <span class='ocrx_word' id='word_1_585' title='bbox 415 3188 566 3236; x_wconf 88' lang='lat' dir='ltr'>quando</span> <span class='ocrx_word' id='word_1_586' title='bbox 583 3189 743 3225; x_wconf 85' lang='lat' dir='ltr'>detrabit</span> <span class='ocrx_word' id='word_1_587' title='bbox 766 3190 830 3226; x_wconf 81' lang='lat' dir='ltr'>ubi</span> <span class='ocrx_word' id='word_1_588' title='bbox 858 3205 864 3225; x_wconf 69' lang='grc' dir='ltr'>ς</span> <span class='ocrx_word' id='word_1_589' title='bbox 887 3191 937 3226; x_wconf 84' lang='lat' dir='ltr'>sie</span> <span class='ocrx_word' id='word_1_590' title='bbox 960 3191 1072 3227; x_wconf 75' lang='lat' dir='ltr'>irasea</span> 
     </span>
    </p>
   </div>
   <div class='ocr_carea' id='block_1_21' title="bbox 156 3316 761 3354">
    <p class='ocr_par' dir='ltr' id='par_1_22' title="bbox 156 3316 761 3354">
     <span class='ocr_line' id='line_1_84' title="bbox 156 3316 761 3354; baseline 0.008 -13"><span class='ocrx_word' id='word_1_591' title='bbox 156 3319 160 3332; x_wconf 90' lang='lat'>¹</span> <span class='ocrx_word' id='word_1_592' title='bbox 182 3317 251 3354; x_wconf 68' lang='lat' dir='ltr'>Sap.</span> <span class='ocrx_word' id='word_1_593' title='bbox 269 3326 274 3342; x_wconf 89' lang='grc' dir='ltr'><strong>ι</strong></span> <span class='ocrx_word' id='word_1_594' title='bbox 295 3339 299 3346; x_wconf 69' lang='grc'>,</span> <span class='ocrx_word' id='word_1_595' title='bbox 324 3317 371 3345; x_wconf 89' lang='lat' dir='ltr'>ll.</span> <span class='ocrx_word' id='word_1_596' title='bbox 454 3321 461 3334; x_wconf 78' lang='lat'>²</span> <span class='ocrx_word' id='word_1_597' title='bbox 487 3316 597 3346; x_wconf 72' lang='lat' dir='ltr'>Manli.</span> <span class='ocrx_word' id='word_1_598' title='bbox 618 3328 686 3350; x_wconf 74' lang='lat' dir='ltr'>xii,</span> <span class='ocrx_word' id='word_1_599' title='bbox 711 3321 761 3347; x_wconf 70' lang='lat'>33¹1.</span> 
     </span>
    </p>
   </div>
   <div class='ocr_carea' id='block_1_22' title="bbox 1250 2693 2000 2735">
    <p class='ocr_par' dir='ltr' id='par_1_23' title="bbox 1250 2693 2000 2735">
     <span class='ocr_line' id='line_1_85' title="bbox 1250 2693 2000 2735; baseline 0 -11"><span class='ocrx_word' id='word_1_600' title='bbox 1250 2694 1363 2724; x_wconf 68' lang='lat' dir='ltr'>Nobile</span> <span class='ocrx_word' id='word_1_601' title='bbox 1381 2693 1522 2724; x_wconf 69' lang='lat' dir='ltr'>xiudieta·</span> <span class='ocrx_word' id='word_1_602' title='bbox 1548 2705 1643 2735; x_wconf 73' lang='lat' dir='ltr'>genus</span> <span class='ocrx_word' id='word_1_603' title='bbox 1663 2700 1706 2724; x_wconf 75' lang='lat' dir='ltr'>est</span> <span class='ocrx_word' id='word_1_604' title='bbox 1733 2694 1890 2735; x_wconf 60' lang='lat' dir='ltr'>ignoscere</span> <span class='ocrx_word' id='word_1_605' title='bbox 1909 2694 2000 2724; x_wconf 68' lang='lat' dir='ltr'>xieto.</span> 
     </span>
    </p>
   </div>
   <div class='ocr_carea' id='block_1_23' title="bbox 1158 2781 2159 3059">
    <p class='ocr_par' dir='ltr' id='par_1_24' title="bbox 1158 2781 2159 3059">
     <span class='ocr_line' id='line_1_86' title="bbox 1158 2781 2144 2833; baseline 0.002 -17"><span class='ocrx_word' id='word_1_606' title='bbox 1158 2781 1348 2830; x_wconf 84' lang='lat' dir='ltr'>Quidquid</span> <span class='ocrx_word' id='word_1_607' title='bbox 1375 2782 1438 2818; x_wconf 87' lang='lat' dir='ltr'>tibi</span> <span class='ocrx_word' id='word_1_608' title='bbox 1460 2782 1657 2830; x_wconf 60' lang='lat' dir='ltr'>eontigerit</span> <span class='ocrx_word' id='word_1_609' title='bbox 1682 2782 1848 2821; x_wconf 65' lang='lat' dir='ltr'>mlx-ersi.</span> <span class='ocrx_word' id='word_1_610' title='bbox 1876 2796 1944 2831; x_wconf 84' lang='lat' dir='ltr'>pro</span> <span class='ocrx_word' id='word_1_611' title='bbox 1975 2792 2037 2818; x_wconf 89' lang='lat' dir='ltr'>tuo</span> <span class='ocrx_word' id='word_1_612' title='bbox 2068 2798 2144 2833; x_wconf 59' lang='lat' dir='ltr'>pet»</span> 
     </span>
     <span class='ocr_line' id='line_1_87' title="bbox 1159 2840 2154 2890; baseline 0.004 -14"><span class='ocrx_word' id='word_1_613' title='bbox 1159 2849 1240 2876; x_wconf 82' lang='lat' dir='ltr'>eato</span> <span class='ocrx_word' id='word_1_614' title='bbox 1257 2841 1378 2876; x_wconf 74' lang='lat' dir='ltr'>evenit</span> <span class='ocrx_word' id='word_1_615' title='bbox 1403 2840 1481 2876; x_wconf 82' lang='lat' dir='ltr'>tibi.</span> <span class='ocrx_word' id='word_1_616' title='bbox 1502 2845 1680 2890; x_wconf 72' lang='lat' dir='ltr'>&#39;sempera</span> <span class='ocrx_word' id='word_1_617' title='bbox 1711 2854 1798 2889; x_wconf 66' lang='lat' dir='ltr'>ergo</span> <span class='ocrx_word' id='word_1_618' title='bbox 1825 2841 1994 2878; x_wconf 82' lang='lat' dir='ltr'>dolorem</span> <span class='ocrx_word' id='word_1_619' title='bbox 2026 2852 2128 2880; x_wconf 86' lang='lat' dir='ltr'>tuum</span> <span class='ocrx_word' id='word_1_620' title='bbox 2146 2875 2154 2886; x_wconf 78' lang='lat'>,</span> 
     </span>
     <span class='ocr_line' id='line_1_88' title="bbox 1159 2900 2158 2950; baseline 0.005 -15"><span class='ocrx_word' id='word_1_621' title='bbox 1159 2909 1192 2935; x_wconf 82' lang='lat' dir='ltr'>et</span> <span class='ocrx_word' id='word_1_622' title='bbox 1220 2900 1278 2935; x_wconf 87' lang='lat' dir='ltr'>‹li‹·</span> <span class='ocrx_word' id='word_1_623' title='bbox 1307 2915 1313 2936; x_wconf 90' lang='lat'>:</span> <span class='ocrx_word' id='word_1_624' title='bbox 1343 2905 1454 2936; x_wconf 67' lang='lat' dir='ltr'>Juxta</span> <span class='ocrx_word' id='word_1_625' title='bbox 1487 2901 1638 2936; x_wconf 77' lang='lat' dir='ltr'>niodum</span> <span class='ocrx_word' id='word_1_626' title='bbox 1668 2901 1887 2937; x_wconf 68' lang='lat' dir='ltr'>delii-torum</span> <span class='ocrx_word' id='word_1_627' title='bbox 1912 2915 2023 2950; x_wconf 66' lang='lat' dir='ltr'>parva</span> <span class='ocrx_word' id='word_1_628' title='bbox 2049 2903 2158 2940; x_wconf 81' lang='lat' dir='ltr'>datur</span> 
     </span>
     <span class='ocr_line' id='line_1_89' title="bbox 1160 2959 2159 3011; baseline 0.006 -17"><span class='ocrx_word' id='word_1_629' title='bbox 1160 2959 1265 2994; x_wconf 87' lang='lat' dir='ltr'>ultio.</span> <span class='ocrx_word' id='word_1_630' title='bbox 1309 2960 1400 2994; x_wconf 81' lang='lat' dir='ltr'>Mala</span> <span class='ocrx_word' id='word_1_631' title='bbox 1433 2961 1590 2995; x_wconf 83' lang='lat' dir='ltr'>aliorum</span> <span class='ocrx_word' id='word_1_632' title='bbox 1623 2960 1723 2996; x_wconf 86' lang='lat' dir='ltr'>bono</span> <span class='ocrx_word' id='word_1_633' title='bbox 1757 2970 1820 2996; x_wconf 88' lang='lat' dir='ltr'>tuo</span> <span class='ocrx_word' id='word_1_634' title='bbox 1861 2975 2008 3011; x_wconf 78' lang='lat' dir='ltr'>supera.</span> <span class='ocrx_word' id='word_1_635' title='bbox 2045 2964 2159 2999; x_wconf 56' lang='lat' dir='ltr'>Yinee</span> 
     </span>
     <span class='ocr_line' id='line_1_90' title="bbox 1160 3018 2152 3059; baseline 0.007 -7"><span class='ocrx_word' id='word_1_636' title='bbox 1160 3018 1334 3053; x_wconf 79' lang='lat' dir='ltr'>malitiam</span> <span class='ocrx_word' id='word_1_637' title='bbox 1361 3018 1524 3054; x_wconf 80' lang='lat' dir='ltr'>bonitate</span> <span class='ocrx_word' id='word_1_638' title='bbox 1548 3034 1554 3055; x_wconf 89' lang='lat'>:</span> <span class='ocrx_word' id='word_1_639' title='bbox 1586 3019 1861 3056; x_wconf 78' lang='lat' dir='ltr'>‹let=·alu¹ntiuiu</span> <span class='ocrx_word' id='word_1_640' title='bbox 1887 3035 2033 3057; x_wconf 76' lang='lat' dir='ltr'>errores</span> <span class='ocrx_word' id='word_1_641' title='bbox 2055 3024 2152 3059; x_wconf 69' lang='lat' dir='ltr'>‹lissi-</span> 
     </span>
    </p>
   </div>
   <div class='ocr_carea' id='block_1_24' title="bbox 1161 3077 2157 3188">
    <p class='ocr_par' dir='ltr' id='par_1_25' title="bbox 1161 3077 2157 3188">
     <span class='ocr_line' id='line_1_91' title="bbox 1161 3077 2157 3129; baseline 0.008 -19"><span class='ocrx_word' id='word_1_642' title='bbox 1161 3077 1337 3111; x_wconf 76' lang='lat' dir='ltr'>uiulando</span> <span class='ocrx_word' id='word_1_643' title='bbox 1369 3079 1465 3114; x_wconf 76' lang='lat' dir='ltr'>ealra</span> <span class='ocrx_word' id='word_1_644' title='bbox 1494 3093 1501 3114; x_wconf 73' lang='grc' dir='ltr'><em>τ</em></span> <span class='ocrx_word' id='word_1_645' title='bbox 1533 3092 1606 3114; x_wconf 90' lang='lat' dir='ltr'>uon</span> <span class='ocrx_word' id='word_1_646' title='bbox 1638 3080 1684 3114; x_wconf 57' lang='lat' dir='ltr'>,sis</span> <span class='ocrx_word' id='word_1_647' title='bbox 1716 3081 1750 3115; x_wconf 88' lang='lat' dir='ltr'>in</span> <span class='ocrx_word' id='word_1_648' title='bbox 1783 3094 1872 3129; x_wconf 76' lang='lat' dir='ltr'>paee</span> <span class='ocrx_word' id='word_1_649' title='bbox 1898 3081 2059 3121; x_wconf 68' lang='lat' dir='ltr'>inlidus.</span> <span class='ocrx_word' id='word_1_650' title='bbox 2092 3097 2157 3118; x_wconf 66' lang='grc' dir='ltr'>ιιι-ι’</span> 
     </span>
     <span class='ocr_line' id='line_1_92' title="bbox 1161 3135 2134 3188; baseline 0.007 -20"><span class='ocrx_word' id='word_1_651' title='bbox 1161 3135 1492 3172; x_wconf 73' lang='lat' dir='ltr'>l‹·visin;1n·i‹·iu;1.</span> <span class='ocrx_word' id='word_1_652' title='bbox 1515 3137 1692 3173; x_wconf 68' lang='lat' dir='ltr'>odientes</span> <span class='ocrx_word' id='word_1_653' title='bbox 1712 3139 1755 3174; x_wconf 85' lang='lat' dir='ltr'>ad</span> <span class='ocrx_word' id='word_1_654' title='bbox 1775 3153 1900 3188; x_wconf 73' lang='lat' dir='ltr'>parem</span> <span class='ocrx_word' id='word_1_655' title='bbox 1925 3141 2058 3185; x_wconf 76' lang='lat' dir='ltr'>imita,</span> <span class='ocrx_word' id='word_1_656' title='bbox 2081 3142 2134 3175; x_wconf 55' lang='lat' dir='ltr'>«lis</span> 
     </span>
    </p>
   </div>
   <div class='ocr_carea' id='block_1_25' title="bbox 1160 3194 1866 3235">
    <p class='ocr_par' dir='ltr' id='par_1_26' title="bbox 1160 3194 1866 3235">
     <span class='ocr_line' id='line_1_93' title="bbox 1160 3194 1866 3235; baseline 0.011 -9"><span class='ocrx_word' id='word_1_657' title='bbox 1160 3194 1355 3230; x_wconf 76' lang='lat' dir='ltr'>‹·‹n·(laules</span> <span class='ocrx_word' id='word_1_658' title='bbox 1383 3196 1427 3231; x_wconf 83' lang='lat' dir='ltr'>ad</span> <span class='ocrx_word' id='word_1_659' title='bbox 1457 3197 1693 3234; x_wconf 67' lang='lat' dir='ltr'>eom-ordiam»</span> <span class='ocrx_word' id='word_1_660' title='bbox 1724 3213 1866 3235; x_wconf 68' lang='lat' dir='ltr'>remea.</span> 
     </span>
    </p>
   </div>
  </div>
 </body>
</html>
