2504 3928
321 197 391 234 179

1079 195 1366 234 GILLEBERTI
1397 198 1594 234 ARBATIS

2287 198 2359 235 180

314 273 507 308 nativitate
519 283 650 307 eorum
666 269 918 319 gravejugnni
935 283 1048 320 super
1062 271 1157 308 filios
1172 273 1302 310 Adam.
1325 272 1355 290 ⁸³
1373 287 1446 323 que
1458 303 1467 319 ,
1488 274 1613 317 boum,
1633 273 1735 322 quod
1754 273 1880 311 brutas
1902 282 2044 311 mentes
2064 274 2289 312 curiositatis
2303 284 2358 312 at-

315 335 409 367 Vere
432 344 564 379 grave,
584 330 686 378 quod
715 330 907 366 mulierem
931 330 1029 366 illam
1051 333 1303 381 evangelicam
1323 335 1349 367 Α
1372 340 1465 368 terat
1486 332 1602 369 labor.
1623 335 1758 379 jugum
1779 332 1807 367 si
1828 340 1954 381 optas,
1975 346 2051 368 non
2074 332 2187 369 habes
2210 346 2359 370 necesse

315 404 360 426 an
369 391 422 426 uis
431 390 557 425 decem
572 398 607 425 et
619 398 702 424 octo
717 389 994 434 incurvaverat,
1013 404 1060 426 ne
1075 392 1213 428 sineret
1228 406 1307 430 sur—

315 463 394 484 sum
415 450 624 498 respicere¹
648 463 654 484 :
672 448 1056 486 multumdissimilem
1073 449 1210 497 abista,
1223 466 1306 501 qua·

315 509 497 544 cervicem
528 508 563 543 in
591 507 703 544 turris
724 508 876 544 moduni
900 510 1049 545 sustulit
1068 510 1104 546 in
1128 511 1276 548 coelnm.

369 569 403 603 2.
419 570 542 604 Grave
559 566 806 618 planejugum
819 597 828 613 ,
840 568 943 618 quod
963 577 1079 605 totum
1096 570 1303 608 humanum

316 639 433 674 genus
451 626 487 661 in
505 625 573 662 liae
588 626 763 663 inclinata
781 628 935 664 muliere
951 636 1126 665 excutere
1142 642 1216 666 non
1234 643 1306 679 po-

318 694 422 722 ierat.
453 689 534 722 Non
562 695 709 736 poterat
731 686 922 736 deponere
951 697 986 723 et
1014 701 1088 724 non
1115 688 1309 726 desinebat

314 758 506 795 apponere
532 754 569 782 et
596 746 830 795 iniquitatem
858 760 970 796 super
994 747 1247 796 iniquitatem,
1272 757 1309 784 et

319 804 572 841 infirmitatem
600 819 713 855 super
740 805 1016 851 infirmitatem,
1042 815 1078 842 et
1113 815 1308 856 utramque

318 877 431 913 super
455 864 608 900 alteram
631 879 638 900 :
664 864 822 901 fecunda
851 865 956 910 satis,
986 864 1049 901 sed
1080 866 1215 902 infelici
1249 866 1308 902 ni-

319 923 388 959 mis
415 923 713 960 fructificatione.
737 924 798 961 vis
824 924 953 960 andire
977 932 1229 973 apponentem
1247 924 1310 973 ju-

317 996 404 1031 gum
434 995 548 1032 snper
571 982 727 1032 jugum?
748 982 846 1020 Audi
879 983 978 1032 quali
1005 995 1043 1018 se
1072 984 1311 1019 excusatione

1371 404 1603 440 comparare.
1621 391 1726 427 Tolle
1741 404 1856 440 super
1869 390 2045 441 tejugnm
2060 392 2214 438 Christi,
2226 391 2359 442 jugum

1371 450 1597 498 gratuitum,
1621 449 1754 498 jugum
1781 458 1949 498 gratum,
1978 464 2052 486 non
2078 463 2202 499 grave.
2225 454 2360 500 Iugum

1371 511 1466 544 euim
1478 537 1488 552 ,
1506 509 1644 558 inquit,
1661 522 1780 543 meum
1794 522 1902 544 smwe
1915 519 1991 554 est,
2007 519 2041 545 et
2060 523 2150 546 oum
2169 524 2288 546 meum
2308 513 2364 546 le—

1371 566 1443 603 ve3.
1464 571 1600 618 Jugum
1619 568 1690 603 hoc
1711 580 1786 603 non
1810 576 1866 603 est
1881 567 2012 617 jugum
2038 568 2153 605 boum
2170 598 2180 614 ‚
2196 569 2283 618 quia
2298 569 2364 618 ju-

1372 640 1460 677 guni
1480 628 1660 664 rationale
1676 626 1894 676 est3jugum
1913 640 1988 664 non
2006 627 2107 676 quod
2126 627 2290 664 laborem
2306 629 2363 664 in-

1374 687 1494 735 fligat,
1513 687 1577 723 sed
1594 687 1760 735 requiem
1780 695 1986 737 comparet.
2007 691 2051 725 Et
2072 687 2155 724 vide
2172 687 2365 737 quomodo

1368 745 1500 795 jugum
1520 746 1589 782 1100
1606 746 1686 781 leve
1703 745 1812 781 dicat.
1834 749 1924 782 Nam
1943 745 2033 781 illud
2049 746 2222 795 superius
2237 758 2363 794 grave,

1374 805 1476 855 quod
1495 814 1550 842 est
1566 818 1679 854 super
1700 805 1795 841 lilios
1815 805 1932 842 Adam
1954 818 1975 841 a
1995 805 2054 841 die
2075 805 2279 841 nativitatis
2300 817 2365 840 us-

1375 877 1448 913 que
1462 864 1507 900 ad
1525 864 1624 900 diem
1643 864 1773 899 mortis
1790 877 1934 900 eorum.
1950 863 2062 912 Cujus
2081 872 2192 914 putas
2214 864 2369 900 mortis?

1376 924 1504 973 utique
1524 923 1621 972 ejus,
1639 923 1685 959 de
1704 936 1777 972 qua
1797 923 1911 959 habes
1927 937 1935 959 :
1954 925 2096 958 Mortui
2111 926 2216 968 escis,
2236 931 2272 958 et
2289 927 2369 959 vita

1376 993 1498 1020 vestra
1519 983 1737 1019 abscondita
1754 992 1807 1018 est
1823 996 1903 1018 cum
1924 983 2064 1018 Christo
2081 987 2117 1019 in
2137 985 2214 1018 Deo
2225 983 2252 1019 4.
2268 985 2371 1019 Bona

319 1054 417 1077 unus
434 1042 479 1078 de
503 1043 667 1079 invitatis
689 1042 735 1078 ab
755 1042 968 1091 evangelica
990 1040 1223 1078 subduxerat
1238 1055 1312 1078 eoe-
1332 1036 1359 1070 B
1377 1044 1454 1080 11100
1470 1056 1589 1088 mors,
1604 1056 1687 1092 quae
1701 1051 1865 1079 veterem
1885 1042 2017 1091 sepelit
2033 1043 2284 1088 nativitatem,
2303 1054 2371 1078 no-

320 1115 366 1138 na
384 1117 391 1137 z
412 1102 514 1149 Juga
533 1101 636 1137 boum
659 1106 731 1136 emi
751 1105 951 1149 quinque².
969 1104 999 1138 O
1016 1100 1149 1137 stolida
1167 1102 1309 1145 anima,

320 1169 394 1197 tam
416 1161 577 1198 invalida
598 1161 740 1197 cervice
755 1189 763 1204 ‚
787 1169 823 1196 et
840 1160 967 1196 attrito
989 1160 1102 1195 collo!
1127 1173 1242 1196 unum
1263 1161 1312 1196 il-

319 1219 382 1256 lud
409 1229 558 1270 portas,
584 1220 685 1270 quod
714 1219 778 1256 tibi
806 1228 983 1269 corrupta
1009 1219 1188 1268 imposuit
1214 1220 1312 1255 nati-

318 1280 434 1324 vitas,
458 1288 494 1315 et
522 1280 631 1329 plura
658 1281 872 1328 comparas!
901 1281 983 1315 Non
1013 1277 1157 1327 indiges
1188 1290 1312 1314 emere

318 1338 421 1386 quod
439 1339 552 1387 gratis
570 1338 788 1375 innascitur.
811 1338 890 1375 Alia
908 1337 1037 1385 adjicis
1049 1349 1192 1381 emere,
1215 1345 1250 1372 et
1265 1336 1311 1372 ab

317 1397 390 1434 lioc
416 1411 492 1447 quo
521 1399 720 1447 premeris,
744 1398 881 1433 collum
907 1397 1071 1433 eximere.
1093 1409 1167 1432 non
1191 1404 1310 1445 potes.

316 1460 435 1505 luga,
459 1458 601 1506 inquis,
621 1457 726 1492 (mum
746 1459 819 1492 cmi
837 1461 1003 1504 quinque
1019 1470 1029 1491 :
1045 1463 1082 1491 et
1098 1468 1214 1491 unum
1239 1454 1312 1490 lioc

320 1524 393 1552 tam
424 1529 558 1565 grave,
585 1525 657 1552 tam
689 1516 862 1564 generale
890 1515 1004 1563 gratis
1033 1522 1208 1551 excutere
1235 1526 1311 1549 non

319 1584 440 1624 potes.
465 1579 538 1612 Nec
558 1575 622 1611 tibi
645 1585 766 1612 tamen
792 1575 954 1624 pretium
976 1573 1143 1623 suppetit
1161 1572 1258 1609 unde
1279 1580 1313 1608 te

320 1634 492 1671 redimas.
518 1635 644 1671 Nescis
675 1648 786 1684 quam
815 1634 916 1683 gravi
940 1635 1032 1682 jugo
1061 1632 1223 1668 teneris?
1246 1631 1314 1667 nisi

320 1694 500 1741 sanguine
527 1694 661 1731 Christi
685 1693 824 1729 auferri
846 1705 920 1728 non
948 1692 1057 1727 valet.
1075 1689 1255 1727 Abundas
1275 1698 1316 1726 ut

321 1753 431 1802 plura
448 1762 569 1797 enias;
593 1765 667 1788 non
689 1751 858 1788 abundas
876 1759 915 1787 ut
936 1749 982 1786 ab
999 1750 1070 1786 isto
1090 1758 1124 1785 te
1144 1749 1314 1787 redimas,

1378 1116 1462 1139 vam
1481 1102 1635 1138 inducit.
1652 1105 1754 1138 Mors
1770 1101 1869 1137 bona
1881 1129 1890 1145 ‚
1908 1114 1992 1150 quae
2008 1101 2224 1137 servitutem
2244 1099 2371 1137 absor-

1377 1161 1459 1207 bet,
1481 1170 1634 1210 generat
1657 1161 1880 1197 libertatem.
1906 1164 1996 1197 Nam
2023 1159 2135 1209 hujus
2167 1159 2372 1196 nativitatis

1378 1222 1487 1259 liberi
1519 1230 1606 1258 sunt
1633 1222 1711 1258 filii.
1737 1220 1950 1258 Bonus-liic
1975 1220 2118 1266 exitus,
2142 1227 2185 1256 ut
2204 1227 2369 1255 veterem

1377 1289 1558 1318 exuentes
1572 1281 1710 1325 Adam,
1730 1281 1838 1317 simul
1857 1293 1970 1329 grave
1987 1279 2119 1327 jugum
2137 1277 2370 1327 abjiciamus.

1378 1341 1448 1378 llic
1470 1341 1555 1377 vitae
1578 1341 1736 1377 carnalis
1758 1340 1879 1376 exitus
1899 1339 2124 1389 captivitatis
2151 1345 2289 1374 nostrae
2306 1335 2373 1385 ju-

1377 1414 1463 1450 gum
1492 1399 1673 1449 dirumpit
1698 1413 1705 1435 :
1730 1400 1826 1436 ultra
1851 1412 2006 1448 gravare
2032 1411 2107 1435 non
2132 1405 2275 1447 potest,
2307 1395 2372 1433 sed

1378 1460 1645 1508 computrescit
1661 1471 1681 1495 a
1698 1458 1788 1494 facie
1802 1458 1894 1502 olei,
1911 1471 1956 1493 ex
1969 1458 2044 1506 quo
2058 1456 2240 1506 coepimus
2254 1455 2382 1491 nomi-²

1379 1531 1425 1554 ne
1447 1517 1520 1554 alio
1543 1517 1687 1562 vocari,
1709 1525 1744 1552 et
1766 1517 1980 1552 invocatum
2002 1523 2057 1551 est
2078 1527 2192 1564 super
2213 1527 2282 1550 nos
2303 1526 2374 1550 no·

1381 1589 1464 1612 men
1498 1576 1651 1612 secundi
1676 1575 1816 1619 Adam,
1848 1573 1954 1622 cujus
1985 1582 2026 1610 ut
2053 1574 2177 1610 oleum
2213 1573 2371 1609 effusum

1381 1648 1520 1670 nomen
1544 1633 1660 1683 ejns⁵.
1685 1635 1747 1671 Vis
1772 1633 1901 1669 audire
1928 1641 2132 1682 utrumque
2148 1631 2281 1681 jugum
2302 1631 2375 1668 hoc

1382 1706 1494 1743 grave
1511 1702 1548 1729 et
1571 1693 1753 1742 dirumpi,
1772 1701 1808 1728 et
1829 1693 2069 1741 putrescere?
2091 1693 2167 1737 Qui
2180 1694 2374 1739 propitia-

1383 1761 1441 1787 tur
1461 1752 1627 1787 munibus
1649 1750 1902 1798 iniquitatibus
1922 1754 2016 1793 tuis,
2037 1755 2101 1796 qui
2122 1758 2234 1784 sanat
2251 1762 2376 1784 omnes

322 1816 353 1849 Ο
375 1813 519 1849 miscrae
541 1812 679 1848 divitiae
707 1813 794 1848 tuse!
825 1811 912 1847 satis
932 1824 971 1846 es
993 1810 1160 1858 locuples
1180 1822 1255 1844 non
1278 1817 1318 1845 ut
1334 1808 1360 1843 C
1383 1812 1613 1857 infirmitates
1633 1808 1749 1846 masfi.
1767 1809 1949 1858 Iniquitas
1967 1817 2043 1844 tota
2061 1815 2098 1843 et
2117 1808 2229 1844 semel
2249 1807 2375 1843 dimit-

319 1873 486 1922 mstiges,
506 1873 569 1910 sed
599 1881 636 1909 ut
661 1873 886 1921 multiplices
906 1871 1056 1907 vincula
1079 1870 1163 1906 colli
1187 1870 1260 1913 tui,
1283 1880 1320 1907 et

318 1932 522 1982 compedes
550 1944 741 1981 aggraves.
773 1930 939 1967 Sufficiat
970 1929 1035 1965 tibi
1067 1929 1159 1965 illud
1183 1927 1318 1977 jugum

319 2005 432 2040 grave
446 2004 522 2040 quo
534 1991 729 2040 premeris.
750 1994 887 2038 Jugum
903 1989 975 2024 hoe.
989 2016 997 2031 ‚
1016 1989 1045 2023 si
1061 1988 1180 2023 nescis
1191 2015 1200 2032 ,
1216 2000 1319 2035 qnae-

321 2049 405 2085 dam
421 2057 476 2085 est
493 2047 734 2096 delinquendi
753 2047 971 2088 necessitas,
988 2053 1025 2080 ct
1039 2044 1319 2093 impossibilitas

322 2107 553 2158 resurgendi.
570 2111 706 2155 Jngnm
726 2107 797 2142 hoc
810 2105 1007 2142 difficultas
1023 2112 1078 2139 est
1094 2102 1140 2138 ad
1158 2102 1315 2147 bonum,

321 2177 358 2204 et
375 2168 532 2204 aviditas
548 2166 592 2202 ad
610 2167 759 2202 malum.
776 2170 913 2214 Jugum
932 2165 1002 2200 lioc
1020 2172 1056 2200 et
1072 2163 1247 2211 iniquitas
1264 2170 1318 2198 est

321 2241 396 2276 qua
427 2240 513 2263 rens
540 2227 677 2264 teneriS
704 2226 749 2262 ad
779 2224 1027 2274 supplicium,
1054 2231 1091 2258 et
1121 2222 1318 2258 infirmitas

323 2300 397 2336 qua
424 2300 567 2336 pronus
595 2287 630 2323 in
659 2286 789 2322 vitium
819 2284 987 2320 traheris.
1018 2282 1220 2331 Originalia
1252 2281 1318 2317 tihi

324 2355 412 2383 sunt
433 2347 520 2391 ista,
551 2355 585 2382 et
613 2346 658 2382 de
684 2345 902 2395 propaginis
925 2343 1015 2378 vitio
1037 2356 1043 2377 :
1068 2350 1104 2378 et
1131 2350 1168 2377 tu
1197 2340 1319 2376 adhuc

325 2407 539 2443 voluntaria
568 2405 781 2443 accumulas
804 2406 935 2439 onera!
963 2401 1186 2440 Curiositate
1209 2400 1321 2448 quin-

327 2479 401 2514 que
428 2479 605 2502 sensuum
633 2464 722 2500 dum
748 2463 954 2499 exteriores
982 2460 1146 2496 intendis
1171 2458 1207 2494 in
1231 2472 1320 2507 spe-

329 2525 422 2567 0105,
443 2525 661 2561 interiorem
686 2521 1002 2571 concupiscentiae
1024 2520 1209 2556 flammam
1232 2530 1323 2567 pro-

1387 1870 1498 1915 titur;
1527 1870 1718 1919 diruptum
1749 1877 1804 1904 est
1829 1867 1960 1916 jugum
1990 1882 1997 1904 ε
2025 1867 2222 1903 infirmitas
2254 1866 2376 1903 adhuc

1385 1937 1557 1974 sanatur;
1585 1928 1716 1977 jugum
1755 1926 2034 1976 computrescit.
2067 1926 2238 1974 Denique
2272 1925 2375 1974 quod

1385 1989 1670 2038 computrescit,
1692 1989 1790 2024 lente
1820 1986 1963 2031 delicit,
1984 1997 2061 2021 non
2087 1984 2225 2020 desinit
2249 1984 2375 2020 semel.

1385 2047 1624 2096 Propositum
1652 2045 1854 2082 voluntatis
1881 2044 2033 2094 praecidi
2053 2042 2204 2091 quidem
2231 2050 2375 2091 potest,

1383 2113 1419 2140 et
1439 2106 1544 2152 quasi
1560 2105 1746 2152 dirumpi3
1763 2104 1827 2139 sed
1848 2104 2055 2138 inveterata
2071 2102 2194 2150 passio
2208 2115 2284 2137 non
2303 2109 2376 2137 tam

1384 2163 1569 2199 deciditur
1586 2176 1698 2212 quam
1715 2161 1928 2198 dediscitur.
1948 2164 1992 2198 Et
2007 2160 2159 2210 quando
2177 2161 2378 2210 operandae

1385 2223 1512 2259 salutis
1530 2221 1808 2272 impossibilitas
1825 2221 1992 2257 aufertur
2011 2234 2077 2269 per
2096 2220 2250 2269 gratiam
2261 2223 2277 2262 ,'
2290 2228 2378 2256 tunc

1384 2282 1488 2331 quasi
1519 2281 1748 2330 dirumpitur
1772 2281 1998 2329 captivitatis
2020 2279 2164 2328 jugum.
2192 2279 2263 2317 Sed
2293 2292 2378 2328 quae

1387 2341 1523 2377 residet
1537 2340 1658 2376 adhuc
1670 2340 1759 2376 boni
1778 2339 1978 2375 difficultas
1991 2368 1999 2384 ‚
2015 2339 2103 2375 dum
2122 2339 2298 2388 paulatim
2317 2351 2378 2375 sa-

1387 2408 1511 2445 natur,
1529 2399 1608 2448 ejus
1625 2399 1774 2435 videtur
1787 2397 1919 2446 jugum
1937 2405 2248 2446 computrescere.
2272 2397 2378 2432 Com-

1381 2468 1585 2507 pita-esen,
1616 2459 1775 2507 inquit7,
1808 2466 1849 2493 ut
1875 2457 2046 2506 quamvis
2072 2469 2148 2492 non
2173 2456 2287 2493 semel
2316 2464 2378 2491 to-

1389 2528 1487 2559 tum,
1504 2527 1624 2554 tamen
1640 2517 1868 2566 quandoque
1887 2515 2086 2565 putredine
2103 2514 2377 2551 conficiendum

331 2598 462 2627 WWssS,
487 2598 570 2633 ‹11¹ae
591 2583 658 2619 uisi
683 2582 862 2631 sanguine
882 2580 1014 2618 Clu-isti
1036 2578 1221 2626 exstingui
1244 2590 1319 2612 non
1341 2583 1370 2615 1)
1388 2577 1503 2613 donet
1523 2578 1688 2624 intelligi.
1710 2577 1818 2624 Quod
1840 2575 2124 2625 computrescit,
2146 2574 2275 2623 utique
2294 2587 2380 2610 cor—

333 2652 471 2692 potest.
496 2642 807 2693 Concupiscentia
825 2654 906 2677 cum
929 2641 1005 2676 sola
1022 2647 1094 2682 est,
1117 2638 1203 2674 satis
1225 2637 1327 2672 inar-

332 2703 447 2739 descit
470 2718 476 2738 :
496 2704 662 2739 exterior
680 2716 770 2738 vcro
787 2701 940 2737 materia
955 2700 982 2735 si
999 2697 1140 2735 accedit
1152 2726 1160 2742 ‚
1177 2695 1322 2732 insanit.

334 2763 533 2798 Geminum
557 2761 860 2805 incommodum,
882 2767 1024 2795 naturae
1052 2756 1264 2805 corruptio,
1289 2762 1325 2790 et

334 2823 528 2858 euriositas
546 2822 715 2870 ‹pia-dam
733 2820 896 2856 exterius
913 2818 992 2867 ejus
1013 2817 1243 2853 irritamenta
1264 2828 1324 2849 ex-

333 2881 497 2929 plorans
535 2882 770 2930 Duplicatnm
808 2877 1115 2919 incommodum,
1149 2873 1324 2924 proprius

336 2941 514 2988 impr-tus,
543 2950 578 2975 et
610 2941 752 2976 hostilis
780 2940 972 2988 impulsus.
1004 2936 1241 2985 anlicatum
1270 2933 1326 2968 in-

334 2999 596 3043 connnodnin,
626 2999 773 3034 flamma
801 2996 1134 3046 concupiscenti-‘e,
1155 3002 1190 3030 et
1219 2993 1326 3028 ssatus

337 3059 551 3094 incentori&

390 3120 424 3154 3.
443 3120 539 3166 luga
554 3118 659 3154 boum
675 3150 684 3163 ,
704 3118 842 3167 inquit,
860 3121 933 3153 emi
949 3121 1122 3164 (suffusae.
1142 3117 1241 3150 Bene
1259 3111 1330 3147 uti-

388 3255 393 3269 ¹
414 3254 485 3280 Luc.
508 3261 589 3287 xiii,
618 3254 667 3281 ll.
745 3254 755 3269 ²
775 3249 818 3280 ld.
836 3261 902 3285 xiv,
922 3252 930 3279 1
947 3251 970 3278 ’1.

341 3302 580 3338 71mi.x,'),7.

1050 3245 1062 3267 3
1077 3245 1191 3277 Manli.
1209 3256 1241 3274 xi
1254 3269 1260 3280 ,
1285 3247 1339 3274 30.

1392 2638 1591 2686 rumpitur.
1611 2637 1811 2684 Quomodo
1830 2649 1904 2672 non
1925 2635 2032 2680 liber,
2050 2634 2157 2683 cujus
2169 2633 2301 2682 jugum
2320 2633 2378 2669 vel

1391 2697 1502 2732 semel
1531 2697 1778 2745 dirumpitur,
1798 2696 1853 2731 vel
1880 2695 2015 2731 sensim
2037 2693 2314 2742 corrumpitur?
2335 2695 2380 2729 Et

1387 2756 1517 2805 juguni
1533 2785 1541 2801 ,
1561 2764 1596 2791 et
1616 2756 1805 2791 vim-ulum
1827 2762 2046 2803 corruptum
2062 2782 2071 2798 ,
2092 2761 2294 2799 utrumque
2311 2763 2379 2787 usu

1392 2829 1459 2851 suo
1487 2815 1673 2863 privatum
1706 2814 1865 2849 videtur.
1892 2817 1980 2850 Nam
2009 2825 2076 2847 nec
2105 2810 2266 2859 graviter
2295 2823 2381 2859 pre-

1392 2875 1475 2919 mit,
1499 2887 1565 2909 nec
1594 2874 1771 2909 tenaciter
1798 2873 1958 2921 stringit.
1986 2872 2087 2909 Felix
2118 2871 2244 2919 plane,
2276 2868 2382 2918 cujus

1391 2941 1706 2981 computruerunt
1727 2932 1896 2977 vincula,
1917 2939 1958 2966 ut
1984 2931 2074 2966 nulli
2095 2929 2168 2964 sint
2190 2928 2293 2973 usui;
2315 2941 2382 2964 cu·

1388 2991 1450 3040 jus
1476 2999 1789 3040 compn[ruerunt
1815 2999 1851 3041 et
1877 2997 2063 3038 corruptae
2092 2996 2179 3024 sunt
2201 2995 2339 3023 catenae
2361 2999 2382 3022 a

1394 3051 1484 3087 facie
1509 3050 1594 3085 olei.

1447 3109 1482 3145 li.
1505 3108 1574 3144 Sed
1597 3108 1720 3144 dices:
1742 3110 1795 3143 De
1813 3106 1910 3142 collo
1931 3118 2075 3155 sponsae
2095 3116 2306 3141 sermonem
2328 3103 2384 3139 in—

1419 3242 1553 3273 icoloss.
1574 3252 1625 3277 111,
1647 3244 1677 3270 sl.
1700 3260 1736 3263 -ν
1763 3238 1776 3259 ⁵
1791 3239 1907 3269 Cantic.
1926 3250 1954 3272 1,
1973 3242 2000 3268 9..
2024 3257 2048 3260 ⁷-
2082 3235 2097 3257 Γ)
2118 3237 2194 3268 l’sal.
2210 3247 2269 3273 (211,
2287 3239 2316 3266 3.
2351 3254 2376 3257 «-
