2418 3949
83 255 131 290 93
788 255 836 289 IN
866 254 1094 298 CANTICA,
1123 254 1285 291 SERMO
1314 258 1413 292 xlv.
2084 258 2128 294 92

82 345 148 367 vos
162 358 174 375 ‚
191 330 330 380 inquit,
347 343 420 379 per
436 342 589 377 capreas
599 357 611 373 ,
634 342 828 377 cervosque
843 343 1069 378 camporum.
1090 328 1103 346 ³

1109 328 1123 346 ⁰
1140 328 1291 366 interitu
1309 343 1499 367 revocare.
1518 330 1685 368 Christus
1705 331 1942 382 singulariter
1962 346 2038 370 non
2060 343 2133 371 tani

81 394 185 428 Nova
205 391 317 440 plane
332 389 519 438 adjuratio
534 417 543 434 ‚
565 401 635 426 nec
651 389 735 439 plus
751 388 895 426 habens
910 389 1074 426 admira-
1093 390 1125 422 A
1144 401 1276 425 cervus
1288 403 1399 438 quam
1412 390 1592 428 hinnulus
1606 391 1743 428 dicitur
1756 392 1838 441 :qui
1853 392 2135 432 nitituraeterna

82 450 194 487 tionis
209 450 246 486 in
264 449 400 500 specie,
423 462 534 498 quam
557 449 596 485 in
609 449 749 485 virtute
766 449 943 497 mysterii.

137 509 172 546 2.
190 512 370 556 Quaerens
389 508 480 557 quid
495 509 532 544 in
553 521 592 545 se
615 508 836 544 sacramenti
862 508 1074 544 involutum

81 569 298 605 contineant
312 569 390 605 baec
406 568 599 613 animalia;
618 566 818 616 quamdam
833 566 960 602 liberae
974 579 1077 603 men-

84 629 130 666 tis
149 628 397 673 alacritatem,
431 636 468 664 et
497 628 700 677 agilitatem
729 627 902 676 spiritus,
933 626 1071 662 cursim

82 701 122 725 se
141 696 178 724 et
197 687 384 724 saltuatim
399 714 409 731 ,
435 695 476 722 ut
495 686 546 723 sic
568 685 687 722 dicam
702 713 711 729 ‚
733 684 779 721 ad
807 684 1002 734 superiora
1021 685 1076 721 fe-

83 747 200 784 rentis
215 775 225 792 ‚
245 746 413 795 intelligo
428 745 644 782 adumbrari
675 746 712 781 in
734 745 818 782 illis.
847 748 906 781 An
933 758 1009 781 non
1039 753 1076 781 et

83 805 149 842 tibi
164 806 266 842 velut
283 818 426 854 capreae
443 813 480 841 et
498 805 597 840 cervi
610 804 762 853 quidam
790 803 968 840 videntur
980 832 990 850 ‚
1010 804 1075 853 qui

81 864 167 900 licet
182 864 219 900 in
243 876 404 913 corpore
427 871 728 907 commorantes,
751 863 922 912 corporis
949 871 1074 899 tamen

80 931 283 960 evaserunt
323 922 585 968 incommoda,
631 931 667 958 et
705 922 891 971 spirituali
923 923 1075 959 levitate

81 981 251 1032 pondera
276 982 398 1018 carnis
424 994 522 1031 pene
548 994 625 1018 non
645 981 836 1025 sentiunt,
858 989 895 1016 et
916 989 1074 1017 terrenae

82 1041 192 1078 molis
216 1041 409 1077 materiam
439 1041 611 1077 nesciunt
638 1041 774 1077 mentis
803 1039 1074 1078 beneficioi’Hi

1142 448 1320 494 novitate,
1334 462 1401 485 nec
1418 449 1530 486 babet
1547 451 1686 500 aliquid
1698 452 1895 489 vetustatis
1911 453 2134 500 admixtum,

1141 508 1242 556 quod
1259 507 1419 545 subinde
1437 511 1682 546 renovatione
1709 511 1887 561 indigeat.
1914 513 1979 550 Ille
2001 514 2133 563 singu-

1142 566 1272 603 lariter
1281 581 1415 617 caprea
1426 569 1580 605 videndi
1595 570 1808 619 privilegio.
1829 573 2002 622 Denique
2022 587 2134 610 nemo

1141 626 1249 661 novit
1273 630 1420 663 Patrem
1442 628 1513 664 nisi
1548 628 1685 673 Filius,
1714 638 1749 665 et
1776 631 1835 667 eui
1862 631 1942 680 ipse
1974 633 2136 669 voluerit

1141 685 1309 721 revelare
1325 684 1354 722 ⁸.
1382 687 1516 723 Omnia
1549 695 1671 723 autem
1702 689 1802 724 nuda
1824 698 1861 725 et
1891 699 2019 740 aperta
2049 701 2138 729 sunt

1140 743 1260 779 oculis
1293 742 1386 791 ejus.
1419 748 1516 793 Ergo
1546 752 1584 780 et
1613 745 1649 780 hi
1678 759 1830 795 quoque
1855 751 1961 796 qnasi
1992 764 2136 800 capreae

1139 802 1311 852 quaedam
1333 803 1545 852 spirituales
1560 803 1823 853 intelliguntur
1837 834 1846 851 ‚
1863 808 1927 855 qui
1951 811 2136 848 revelatos

1138 862 1279 899 habent
1297 863 1434 900 mentis
1456 864 1585 900 oculos
1601 864 1638 900 in
1657 865 1847 913 agnitione
1865 868 1932 903 Dei
1948 882 1955 903 ε
1969 870 2034 917 qui
2054 872 2135 919 spi—

1140 923 1293 960 rituales
1310 923 1432 960 effecti
1452 922 1663 972 dijudicant
1682 925 1809 961 omnia
1829 934 1866 961 et
1891 937 2136 975 perscrutan-

1141 991 1202 1019 tur
1216 997 1224 1019 :
1240 982 1304 1032 qni
1328 983 1492 1019 revelata
1510 982 1599 1019 facie
1620 983 1777 1032 gloriam
1797 986 1947 1022 Domini
1963 996 2135 1025 contem-

1139 1043 1304 1092 plantur.
1327 1043 1438 1080 Cervi
1451 1055 1544 1078 vero
1567 1051 1655 1079 sunt
1671 1043 1709 1079 in
1727 1056 1772 1079 eo
1793 1044 1895 1092 quod
1911 1045 1949 1081 in
1965 1047 2133 1084 eamdem

82 1109 171 1138 sunt
183 1100 247 1150 qui
268 1100 403 1151 spiritu
423 1100 677 1146 ambulantes,
694 1100 792 1136 ultra
814 1113 891 1136 non
909 1101 1077 1137 sentiunt
1095 1102 1122 1136 B
1140 1102 1340 1152 imaginem
1367 1101 1685 1138 transformantur
1701 1116 1721 1138 a
1742 1103 1909 1140 claritate
1930 1104 1969 1140 in
1993 1106 2136 1143 clarita-

81 1159 267 1197 desideria
283 1160 404 1198 carnis
422 1174 429 1196 ε
446 1168 511 1197 aut
529 1161 559 1197 si
575 1161 764 1205 sentiunt,
782 1159 957 1209 languida
975 1168 1075 1197 certe

81 1227 119 1256 et
134 1219 239 1268 quasi
256 1220 495 1270 palpitantia,
508 1220 554 1256 ad
580 1229 790 1257 extremum
811 1219 986 1256 ducentia
1002 1220 1074 1256 ha-

81 1279 202 1316 litum.
227 1282 312 1324 Vos,
331 1280 457 1329 inquit
472 1281 676 1330 Apostolus
692 1280 750 1316 his
770 1279 835 1329 qui
858 1279 1075 1328 hujusmodi

81 1346 183 1384 sunt,
207 1351 282 1374 non
299 1344 385 1374 estis
401 1343 440 1374 in
465 1353 597 1383 carne,
626 1341 742 1375 sedin
759 1343 930 1387 spiritu'.
952 1339 1074 1375 Deni-

81 1409 155 1446 que
166 1406 200 1433 el
208 1402 241 1433 si
251 1403 480 1447 cognominus
494 1398 675 1434 Christum
689 1401 887 1434 secandum
907 1411 1071 1443 carnem,

79 1459 147 1492 secl
162 1462 246 1503 sam
278 1471 351 1493 note
381 1462 546 1493 novimus
560 1464 586 1494 ².
624 1461 706 1494 Jam
740 1466 841 1494 totus
872 1457 1077 1506 spiritualis

80 1515 198 1553 factus
217 1524 294 1562 est,
312 1516 390 1566 jam
413 1530 452 1554 se
474 1517 520 1553 ad
543 1517 764 1554 solitudines
788 1517 955 1553 coelestes
983 1530 1077 1553 con-

83 1577 190 1622 tulit,
207 1576 285 1625 jam
313 1577 534 1614 conscendit
560 1577 605 1614 ad
632 1577 839 1627 superiora.
867 1576 958 1613 Ideo
988 1576 1079 1613 dicit

80 1635 246 1673 Ecclesia
264 1650 272 1672 :
292 1637 435 1672 Similis
455 1645 510 1671 est
535 1638 691 1671 dilectus
708 1649 808 1671 meus
830 1649 980 1683 capreae
995 1635 1078 1670 ltin-

80 1697 239 1742 nuloque
254 1708 436 1731 cervonem
453 1708 565 1743 super
584 1704 723 1730 [nentes
734 1696 768 1729 B
774 1695 869 1729 etleel
886 1694 912 1730 3.
929 1693 986 1730 Ad
1008 1694 1078 1730 hos

82 1762 118 1790 te
134 1763 281 1792 montes
300 1755 433 1791 invitat
447 1755 511 1804 qui
529 1754 637 1791 dicit:
654 1757 692 1790 Si
701 1758 978 1790 consurrexistis
994 1768 1075 1789 cum

84 1815 222 1850 Christo
248 1814 277 1859 4,
309 1823 379 1851 etc.
413 1814 526 1862 Quasi
560 1828 733 1864 capream
773 1822 807 1850 te
842 1813 1073 1863 spiritualem

80 1872 160 1909 fieri
178 1873 255 1910 vult
271 1874 420 1920 Paulus,
440 1874 505 1923 qni
524 1874 569 1910 ad
587 1874 670 1911 illos
687 1882 721 1910 te
741 1874 909 1910 coelestes
929 1882 1075 1909 montes
1093 1876 1119 1910 C

81 1941 283 1982 provocat,
305 1934 370 1983 qui
390 1934 588 1982 singularis
607 1934 707 1970 illius
737 1933 886 1969 hinnuli
913 1941 948 1969 te
968 1934 1078 1970 vestit

82 1992 293 2041 imaginem.
313 1996 431 2038 Sic-uc,
455 1993 844 2042 inquit,porlavimus
872 1996 1075 2039 imaginem

81 2056 216 2087 terrem·
230 2079 240 2096 ‚
264 2061 453 2100 portemus
467 2061 502 2087 et
518 2056 718 2099 imaginem
735 2055 813 2096 ejus
831 2055 896 2098 qni
918 2053 963 2085 de
984 2052 1076 2084 coelo

82 2121 134 2147 est
144 2111 169 2147 5.
189 2114 316 2148 Bonus
334 2124 468 2148 cervus
487 2119 524 2147 et
546 2111 626 2160 ipse
640 2110 777 2147 Paulus
792 2138 801 2155 ,
822 2110 885 2158 qui
903 2110 953 2146 ait
969 2125 976 2146 :
997 2111 1076 2144 Νο-

84 2180 160 2206 stra
184 2175 404 2206 conversatio
425 2175 464 2205 ιή
482 2173 584 2205 coelis
599 2167 689 2206 estss.
714 2172 839 2206 Bonus
858 2170 968 2219 plane
992 2182 1076 2205 cer-

84 2243 168 2275 vus,
191 2244 304 2279 quem
325 2230 475 2279 spiritus
489 2229 642 2266 Domini
656 2237 804 2277 vegetat
819 2237 856 2264 ct
877 2229 963 2277 agit.
988 2228 1075 2277 Spi-

86 2289 179 2326 ritus
210 2289 309 2326 enim
343 2289 496 2326 Domini
537 2287 683 2325 subtilis
718 2296 755 2324 et
785 2287 946 2324 mobilis.
980 2287 1076 2324 Boni

85 2348 207 2394 cervi,
226 2360 324 2397 quos
351 2361 427 2384 vox
446 2346 600 2384 Domini
618 2354 805 2396 praeparat
823 2374 832 2390 ,
855 2345 993 2395 quibus
1016 2359 1076 2382 re-

85 2408 184 2445 velat
203 2407 393 2444 condensa
413 2407 676 2455 mysteriorum
694 2434 703 2451 ‚
722 2405 911 2442 condensa
932 2405 970 2441 in
991 2404 1078 2454 qui-

86 2467 158 2505 bus
180 2467 398 2504 benedictus
415 2467 476 2503 ille
498 2467 616 2502 latitat
638 2466 835 2502 hinnulus.
860 2469 961 2501 Bona
979 2473 1080 2501 certe

86 2540 220 2576 caprea
236 2556 246 2573 ‚
264 2539 350 2577 quae
379 2526 425 2563 ad
440 2526 566 2562 omnia
584 2554 593 2571 ‚
618 2539 703 2575 quae
721 2525 781 2561 vel
799 2524 867 2562 sibi
889 2524 1080 2574 proposita

87 2594 195 2632 sunt,
213 2587 271 2623 vel
296 2586 470 2637 imposita
485 2613 494 2630 ‚
514 2585 671 2635 impigra
698 2593 734 2621 et
760 2585 942 2621 indefessa
961 2584 1082 2621 devo-

1141 1170 1215 1198 tem
1245 1170 1422 1210 tanquam
1451 1175 1472 1198 a
1503 1161 1656 1198 Domini
1685 1162 1936 1212 Spirituzqui
1966 1174 2131 1203 veterem

1141 1221 1376 1271 deponentes
1405 1221 1622 1266 hominem,
1651 1234 1793 1258 novum
1825 1223 1990 1260 inddunt
2021 1239 2131 1272 eum,

1139 1281 1205 1330 qui
1218 1289 1365 1318 creatus
1381 1289 1438 1317 est
1452 1280 1669 1329 injustitia,
1687 1290 1724 1318 et
1738 1282 1930 1320 sanctitate
1947 1285 2131 1324 veritatis:

1139 1340 1204 1389 qui
1232 1349 1485 1378 senescentem
1514 1340 1780 1387 devotionem,
1809 1350 1845 1379 et
1861 1343 2024 1391 quodam
2051 1346 2135 1383 lan-

1140 1409 1315 1450 guentem
1338 1401 1448 1437 taedio
1463 1429 1472 1446 ,
1492 1401 1529 1436 in
1556 1413 1698 1437 novum
1719 1401 1845 1438 denuo
1866 1403 2051 1442 fervorem
2073 1420 2134 1443 re—

1141 1459 1306 1503 ducunt,
1323 1468 1360 1496 et
1393 1460 1684 1509 perseverantiae
1707 1461 1850 1498 fastidia
1871 1464 2041 1501 nesciunt
2072 1480 2134 1503 re-

1143 1519 1338 1568 paratione
1353 1519 1551 1568 frequenti.
1569 1520 1657 1565 Qui,
1670 1519 1794 1568 inquit
1806 1521 1932 1564 Isaias‚
1947 1525 2135 1571 confidunt

1144 1583 1182 1614 in
1196 1581 1368 1622 Domino,
1390 1577 1847 1626 'nutabuntfortitudilzem
1860 1595 1870 1614 .·
1889 1594 1964 1618 non
1981 1584 2132 1631 quidem

1143 1646 1185 1673 ut
1211 1646 1375 1674 veterem
1400 1637 1583 1686 perdant,
1604 1638 1668 1674 sed
1704 1646 1745 1675 nt
1773 1652 1911 1676 novam
1945 1642 2130 1691 adjiciant,

1141 1697 1344 1734 Mutabunt
1378 1697 1638 1733 fortitudinem
1672 1698 1885 1735 instauratis
1919 1701 2135 1751 frequenter

1142 1756 1397 1793 incrementis.
1429 1756 1650 1800 Mutabunt,
1683 1757 1824 1805 inquit,
1844 1757 2106 1804 jin-titmlitzcm
2124 1779 2134 1799 :

1141 1825 1297 1860 current,
1320 1825 1356 1851 et
1374 1829 1446 1850 mm
1467 1815 1707 1859 laborobunt;
1727 1817 1983 1863 ambalabunt,
2006 1831 2040 1856 et
2059 1836 2133 1859 nou

1139 1878 1314 1924 deficient
1325 1882 1351 1910 9.
1364 1876 1521 1912 Mutatio
1533 1875 1610 1912 liaee
1622 1876 1858 1925 profectuum
1873 1878 2022 1915 videtur
2032 1881 2136 1918 inno-

1142 1936 1243 1971 vatio
1259 1935 1359 1984 jugis
1385 1934 1465 1969 sine
1482 1934 1647 1979 defectu,
1668 1935 1748 1971 siue
1781 1936 2010 1985 fatigatione.
2032 1943 2134 1977 Bona

1142 1995 1295 2043 quidem
1314 1993 1495 2030 fortitudo
1514 2007 1598 2042 quae
1617 2007 1772 2032 currens
1787 1995 1872 2031 lieet
1888 2010 1972 2034 cum
1990 1998 2132 2046 labore,

1141 2053 1188 2089 ad
1216 2053 1402 2089 defectum
1436 2061 1559 2090 tamen
1587 2053 1777 2090 declinare
1797 2068 1873 2090 non
1903 2058 2022 2093 novit.
2055 2063 2134 2096 Me-

1142 2113 1213 2149 lior
1230 2113 1352 2162 plane,
1372 2126 1454 2162 quae
1476 2125 1543 2149 nec
1560 2112 1698 2149 laboris
1711 2114 1823 2150 sentit
1842 2116 2047 2163 molestias;
2068 2120 2132 2155 sed

1142 2172 1403 2221 oppositarum
1424 2172 1685 2208 difficultatum
1709 2174 1867 2210 transilit
1887 2176 2077 2222 scandala,
2098 2187 2134 2215 ct

1141 2232 1245 2267 velut
1269 2231 1306 2267 in
1327 2232 1527 2280 campestri
1553 2232 1709 2281 planitie
1734 2233 1920 2282 explicitis
1944 2236 2135 2284 gressibus

1143 2297 1270 2332 utens,
1289 2288 1398 2337 juxta
1418 2290 1520 2338 quod
1533 2290 1728 2336 scribitur,
1755 2292 1889 2328 Cursor
1907 2295 1991 2329 levis·
2011 2300 2135 2345 expli-

1144 2356 1202 2382 cat
1216 2353 1300 2383 vias
1315 2361 1402 2383 suas
1414 2355 1454 2384 ¹⁰.

1199 2407 1233 2443 4.
1245 2410 1327 2443 lloe
1343 2408 1508 2458 estquod
1524 2408 1559 2443 in
1577 2409 1752 2456 pra²senti
1769 2422 1900 2445 cervos
1915 2424 2136 2461 camporum

1147 2467 1257 2512 dicit,
1270 2467 1374 2516 quod
1392 2469 1464 2504 illis
1480 2467 1657 2517 quaelibet
1675 2481 1806 2517 aspera
1821 2478 1857 2506 ct
1877 2471 1993 2507 ardua
2011 2476 2139 2521 qua-li-

1148 2525 1232 2571 bet,
1254 2527 1364 2576 plana
1381 2527 1454 2563 sint
1477 2536 1513 2563 ct
1535 2527 1676 2576 pervia,
1698 2536 1734 2563 ct
1754 2528 1948 2566 inoffensis
1969 2534 2139 2581 exposita

1150 2586 1321 2622 cursibus
1333 2587 1437 2635 qnasi
1455 2587 1635 2636 planioris
1649 2601 1800 2636 a¹qnora
1816 2590 1949 2638 campi.
1965 2594 2044 2627 Vox
2062 2597 2140 2628 Do-

90 2646 190 2682 tione
206 2646 360 2696 spiritus
377 2645 501 2681 dicere
513 2653 658 2694 potest,
672 2646 854 2680 Paratum
875 2657 1080 2689 cormeum,
1100 2651 1130 2683 l)
1150 2646 1260 2689 mini,
1282 2660 1357 2682 vox
1381 2647 1520 2682 intima—
1544 2647 1803 2696 inspirationis
1831 2649 1966 2685 mentis
1987 2651 2140 2689 auribus

89 2708 190 2742 Deus
200 2734 212 2750 ‚
236 2714 410 2754 paratum
426 2719 490 2740 cor
504 2718 622 2740 mcum
637 2711 649 2734 7
673 2719 680 2740 :
701 2717 784 2753 quae
805 2718 847 2740 ea
867 2717 951 2752 qnae
981 2712 1081 2740 retro

89 2773 176 2802 sunt
195 2764 432 2811 obliviscens,
453 2764 497 2801 ad
512 2765 699 2801 anteriora
717 2763 946 2799 extenditur.

142 2826 178 2862 3.
194 2825 338 2862 Audisti
354 2825 592 2861 communia:
613 2824 698 2860 audi
719 2823 943 2872 singularia,
963 2823 1079 2859 utali-

89 2885 178 2934 quid
198 2885 446 2922 distinctionis
468 2885 565 2920 inter
586 2884 662 2919 brec.
684 2884 914 2931 assignemus
933 2883 1079 2918 anima-

90 2945 134 2981 lia
152 2973 161 2990 ‚
194 2958 262 2981 nec
282 2946 437 2981 confusa
456 2954 493 2980 et
513 2944 730 2981 indifferens
763 2944 810 2980 sit
838 2944 884 2979 dc
910 2943 1079 2992 utrisque

90 3005 307 3054 disputatio.
321 3008 361 3040 In
379 3005 500 3040 cervis
515 3004 773 3053 antiquitatem
789 3003 938 3039 attende
956 3003 1083 3039 viven-

91 3063 151 3110 di,
167 3072 204 3100 et
221 3063 374 3100 videndi
393 3077 548 3100 acumen
567 3064 602 3099 in
619 3063 774 3114 capreis.
793 3062 901 3100 Cervi
922 3061 1081 3111 quadam

92 3131 170 3160 arte
182 3123 341 3159 naturali
359 3137 377 3159 a
390 3123 495 3159 senio
505 3136 543 3159 se
556 3123 650 3159 tueri
672 3121 932 3172 perbil,›enttn'‚
947 3130 983 3157 ct
997 3135 1083 3156 ver-

92 3190 239 3231 gentem
262 3183 297 3219 in
319 3182 505 3219 defectum
527 3182 641 3219 vitam
664 3181 830 3218 rediviva
854 3181 1018 3217 novitate
1036 3179 1082 3216 ab

145 3315 152 3328 ¹
173 3311 264 3340 Rom.
279 3320 359 3348 vin,
379 3314 410 3341 9.
427 3329 468 3332 —-
486 3316 498 3331 ²
517 3313 545 3341 11
562 3311 632 3341 Cor.
655 3321 687 3348 ν,
713 3312 763 3340 16.
778 3326 819 3331 —-
837 3307 1106 3346 3Cantic.1i,¹.)‚
1128 3312 1178 3339 17.
1194 3329 1234 3332 »-
1257 3310 1270 3336 *t
1290 3310 1404 3340 Coloss.
1423 3321 1474 3345 ιιι,
1509 3313 1534 3340 1.

97 3373 149 3400 nr,
178 3365 230 3393 20.
250 3381 291 3385 ᾖ
311 3370 323 3393 7
345 3364 423 3395 l'sal.
440 3375 515 3401 mi,
537 3368 567 3395 8.
586 3382 625 3386 —-
645 3362 658 3384 ⁸
678 3362 792 3394 Manh.
810 3374 842 3393 xi
856 3387 863 3399 ,
889 3365 940 3393 27.
960 3382 998 3384 ff*
1015 3368 1031 3390 ἒ)
1047 3363 1114 3393 lsai.
1133 3374 1171 3392 xi.
1186 3387 1192 3396 ,
1216 3366 1268 3393 31.

1148 2706 1312 2742 suaviter
1325 2707 1469 2755 illapsa.
1485 2707 1550 2742 llla
1563 2715 1617 2741 est
1632 2707 1760 2755 utique
1775 2721 1858 2756 qna=
1870 2722 2002 2745 cervos
2015 2711 2141 2758 liujus<

1147 2766 1292 2801 eeniodi
1312 2775 1515 2815 pra-parat,
1536 2780 1620 2814 qna·
1634 2768 1771 2802 revelat
1789 2768 1988 2804 condensa.
2005 2774 2094 2806 Nam
2111 2773 2139 2808 si

1146 2839 1218 2874 qna
1234 2825 1421 2861 condensa
1438 2834 1536 2869 sunt,
1557 2835 1589 2860 et
1613 2826 1754 2862 crebris
1773 2827 2032 2865 scandalorum
2049 2845 2142 2880 qua-

1146 2884 1173 2919 si
1195 2884 1387 2933 spinarum
1411 2885 1548 2920 aculeis
1573 2884 1713 2925 obsita;
1737 2887 1806 2921 illis
1837 2887 2028 2924 condensa
2065 2904 2140 2928 non

1146 2953 1246 2987 sunt,
1264 2957 1425 2992 <piorum
1451 2944 1632 2979 Dominus
1654 2946 1795 2993 perlicit
1818 2946 2048 2995 pcdesqnasi
2069 2964 2143 2986 eer-

1151 3016 1283 3038 x'ornni
1301 3017 1307 3037 :
1326 3003 1389 3051 qni
1407 3003 1510 3038 nullo
1529 3002 1752 3051 injuriarum
1775 3004 1883 3040 obice
1899 3005 2034 3042 tardari
2055 3022 2142 3057 pos-

1149 3070 1256 3105 sunt,
1279 3062 1393 3109 magis
1415 3070 1538 3097 autem
1566 3063 1803 3112 complacent
1823 3063 1891 3099 sibi
1916 3065 1950 3099 in
1982 3066 2141 3103 tribula*

1151 3122 1333 3166 tionibus,
1352 3131 1385 3157 ct
1399 3131 1570 3171 acceptas
1585 3122 1722 3158 babere
1738 3132 1878 3159 norunt
1894 3123 2046 3172 injurias
2058 3156 2065 3167 ,
2082 3137 2145 3162 ant

1150 3194 1218 3217 nec.
1247 3181 1432 3230 respicere
1456 3182 1606 3230 penitus
1621 3211 1630 3227 ,
1652 3196 1696 3218 ex
1719 3183 1953 3219 vehementia
1972 3184 2145 3222 desiderii

1580 3330 1593 3333 -
1617 3310 1630 3331 f'
1652 3313 1747 3343 lCor.
1773 3323 1824 3343 xv.
1850 3314 1897 3341 w.

1303 3383 1328 3385 >—
1356 3369 1384 3384 '⁴'
1402 3366 1515 3394 Jercni.
1535 3376 1556 3394 ιι
1575 3388 1580 3398 ,
1604 3368 1644 3393 ’ὶὶἶ

1974 3311 1990 3332 s'
2013 3312 2143 3355 lbilipp.
