2504 3928
332 223 373 258 71
1097 218 1386 253 GILLEBERTI
1419 218 1613 252 ABBATIS
2289 241 2294 245 ,
2321 219 2368 256 72

330 299 482 334 inventa
504 305 539 334 et
560 302 750 346 przeventa
764 322 773 338 ,
796 292 990 342 quomodo
1011 305 1086 328 non
1106 293 1312 329 secundum
1333 293 1362 309 '¹¹
1384 292 1601 335 Dominum,
1628 290 1692 327 sed
1712 291 1803 327 vidit
1825 292 1861 328 in
1884 293 2040 337 somnis,
2061 301 2096 330 et
2117 294 2163 330 de
2184 295 2292 344 longe
2313 297 2367 332 vi-

328 358 427 393 vires
445 365 601 400 conatu,
626 363 662 390 et
681 366 794 402 supra
815 352 912 388 vires
931 351 1065 388 affectu
1082 352 1184 388 illum
1202 360 1235 387 et
1254 351 1313 387 di·
1331 357 1359 389 Α
1381 351 1433 387 ‹lit
1462 352 1569 387 scala»
1590 351 1760 386 innixum
1786 351 1812 387 4.
1831 355 1921 388 Nam
1943 353 2010 388 etsi
2030 354 2279 402 apprehendit
2299 369 2369 391 an-

328 417 438 465 ligam
455 424 491 451 ct
511 414 702 463 quau-am?
719 417 907 459 Quaeram,
925 410 1045 446 donec
1063 411 1140 446 voti
1161 423 1316 459 compos

328 489 460 511 vocem
488 473 622 509 lanitia·
651 471 838 520 proferam
871 485 878 505 :
911 473 1036 504 Inveni
1066 483 1172 517 quem
1195 472 1316 515 diligit

329 539 458 571 anima
490 547 584 567 mea.
617 535 692 579 Ego
722 529 976 565 inventionem
1003 528 1060 564 hic
1081 528 1126 564 ad
1151 528 1316 564 veritatis

328 602 365 630 ct
384 593 510 642 grathe
532 604 607 627 non
626 590 747 626 resero
775 588 944 632 initium,
975 587 1039 623 sed
1059 595 1312 635 augmentum.

330 658 490 701 Pergens
506 651 604 687 enim
634 659 669 686 et
697 650 898 698 proficiens
914 648 1036 684 anima
1057 647 1103 683 de
1120 647 1256 683 virtute
1279 646 1314 682 in

326 713 521 755 virtutem,
540 711 586 747 de
608 710 761 746 veritate
782 709 816 744 in
837 708 1045 750 veritatem,
1067 706 1155 742 dum
1175 705 1314 754 ubique.

329 772 438 809 novis
459 770 684 807 informatur
702 767 886 816 mysteriis
899 795 908 811 ‚
935 774 972 801 et
997 765 1208 801 infunditur
1225 777 1316 813 gau-

330 831 418 876 diis,
459 843 526 879 per
553 828 719 876 singulos
756 827 994 876 profectuum
1025 825 1162 874 gradus
1193 824 1316 860 dicere

328 898 454 941 potest
469 905 476 926 :
499 892 621 923 Iiweai
636 900 740 935 qai'm
758 888 879 934 diligit
897 890 1025 920 anima
1039 898 1136 928 awa,
1156 882 1320 920 Verbum

330 950 447 988 Patris
473 947 661 985 Christum
684 950 836 988 Jesum‚
867 944 930 993 qui
963 952 1018 979 est
1049 956 1163 992 super
1195 941 1322 977 omnia

328 1013 430 1047 Deus
452 1006 671 1044 benedictus
688 1005 723 1041 in
746 1004 879 1041 saecula
900 1003 1136 1039 saeculorum.
1162 1006 1295 1039 Amen.

328 1139 1322 1157 ιιιιιιιιιιιιιιιιιιιιιιιιιιιιιιιιιιιιιιιιιιιιιιιιιιιιιιιιιιιιιιιιιι

625 1271 873 1329 SERMO
918 1270 1021 1325 IX.

335 1415 429 1447 Tcma'
443 1412 528 1444 illum
542 1436 550 1448 ‚
577 1423 632 1442 aec
651 1410 822 1445 dimittam,
844 1408 945 1439 dom-c
966 1407 1158 1439 introducam
1180 1407 1266 1438 illam
1288 1408 1320 1437 in

448 1465 570 1497 ‹lmnam
587 1463 694 1494 matris
708 1474 799 1504 meze.
816 1462 934 1494 Cantie.
949 1472 1017 1503 cap.
1036 1472 1097 1498 ιιι,
1120 1458 1157 1496 5³.
1175 1462 1207 1491 4.

722 1589 928 1603 ῐῃοῦθὺι-

390 1722 419 1756 l.
450 1721 562 1754 Teum·
581 1721 706 1761 illam,
729 1730 795 1752 nec
810 1718 1010 1751 dimittam.
1028 1718 1106 1762 Ego
1123 1712 1235 1761 hujus
1258 1726 1321 1748 ca-

332 1779 442 1828 pituli
463 1790 611 1814 sensum
642 1776 688 1812 ad
720 1776 885 1811 suturam
915 1774 1019 1809 volui
1041 1781 1186 1808 tantum
1210 1771 1323 1807 fclici-

1381 411 1524 458 gclum,
1550 423 1624 445 non
1647 418 1769 445 tamen
1794 411 1946 447 retinuit
1968 427 1975 448 :
2000 412 2064 448 scd
2082 413 2241 461 (puidam
2265 415 2370 450 luetae

1383 469 1558 504 riolcntia
1581 468 1853 505 bem-dictionis
1880 471 2038 506 extorsit
2061 472 2215 519 gratiam
2233 472 2259 518 ⁵,
2278 473 2370 509 aini-

1381 528 1428 563 sit
1459 529 1714 577 praesentiam,
1744 536 1780 563 et
1811 528 1949 565 ideirco
1978 529 2101 566 dicere
2121 544 2196 567 non
2218 533 2368 581 potuit:

1382 588 1462 621 Noa
1480 589 1664 622 dimittam
1682 590 1798 622 illam.
1815 588 1962 623 Invenit
1979 588 2081 624 illum
2097 590 2212 626 Maria
2226 591 2373 640 Magda-

1380 646 1480 691 leno,
1513 646 1576 682 scd
1611 645 1799 695 prohibita
1831 655 1886 683 est
1917 660 1991 683 non
2016 648 2101 684 dico
2130 657 2279 695 tenere,
2307 651 2371 687 sed

1380 705 1491 740 etiam
1513 713 1663 753 tangere
1680 704 1707 750 ⁶,
1720 705 1806 754 quia
1822 719 1937 755 penes
1953 717 2239 745 monumentum
2257 710 2370 746 vitam

1380 765 1561 812 qua-sivit.
1588 765 1758 813 Suscepit
1787 765 1850 801 diu
1878 775 2157 815 exspectatum,
2187 776 2223 804 et
2250 769 2372 818 inspe-

1387 832 1467 859 rato
1489 824 1682 859 inventum
1705 837 1817 860 senex
1838 824 1898 860 ille
1921 825 2070 862 Simeon
2093 827 2128 862 in
2152 827 2258 863 ulnas
2272 840 2370 873 suas,

1386 892 1423 919 et
1452 884 1712 932 gratulationis
1739 884 1844 920 laetus
1870 885 1995 933 erupit
2021 885 2057 920 in
2082 887 2289 932 canticum,
2309 887 2372 923 scd

1387 943 1489 977 vocis
1518 942 1628 990 hujus
1659 954 1765 978 usum
1787 941 1857 978 sibi
1890 955 1966 978 non
1994 945 2260 993 praesumpsit:
2289 947 2372 981 Non

1389 1003 1571 1038 dimittam
1594 1005 1712 1039 illam.
1730 1002 1901 1050 Denique
1923 1002 1974 1038 sic
1993 1003 2043 1039 ait
2065 1018 2072 1040 :
2096 1005 2203 1040 Naac
2221 1007 2375 1042 dinu'teis

1341 1056 1368 1090 Β
1386 1074 1524 1096 servam
1541 1072 1641 1097 taum
1655 1089 1665 1104 ‚
1694 1064 1851 1096 Domine
1861 1090 1870 1105 ‚
1892 1065 2091 1098 secandam
2106 1063 2258 1100 verbam
2274 1074 2373 1101 taum

1389 1124 1427 1155 in
1446 1134 1542 1168 pace
1562 1127 1587 1156 7.
1603 1120 1742 1169 L'tique
1770 1120 1807 1156 in
1832 1133 1923 1169 pace
1947 1120 2148 1158 dimittitur
2169 1123 2314 1160 solutus
2337 1133 2375 1160 et

1383 1188 1637 1228 sequestratus
1657 1193 1678 1215 a
1698 1193 1828 1224 carne,
1851 1188 1891 1216 ut
1918 1193 1992 1215 non
2015 1181 2175 1231 amplius
2192 1183 2374 1233 concupi-

1384 1246 1460 1274 scat
1480 1238 1658 1275 adversus
1678 1239 1872 1288 spiritum,
1893 1247 1930 1274 et
1947 1239 1998 1275 illi
2020 1249 2216 1289 repugnet.
2241 1242 2307 1278 Ille
2328 1242 2373 1278 ad

1387 1298 1474 1332 novi
1495 1299 1709 1346 amplexum
1731 1298 1856 1347 pueri,
1877 1299 2105 1335 senescentis
2121 1299 2297 1349 deposuit
2311 1301 2376 1336 ho-

1388 1356 1498 1392 minis
1514 1365 1761 1401 vetustatem,
1793 1365 1830 1392 et
1861 1357 1898 1392 in
1924 1357 2219 1406 tranquilliorem
2237 1366 2373 1395 statum

1386 1428 1405 1450 a
1429 1416 1599 1464 corporis
1624 1415 1881 1464 corruptibilis
1902 1429 2032 1465 poena,
2055 1425 2092 1452 et
2111 1417 2233 1454 carnis
2251 1430 2376 1467 pugna

1387 1473 1523 1510 dimitti
1556 1487 1614 1519 se,
1634 1475 1691 1511 vel
1724 1475 1908 1523 postulat,
1932 1476 1989 1510 vel
2022 1476 2211 1513 exsultat:
2239 1489 2376 1526 sponsa

1387 1547 1479 1569 vero
1501 1533 1678 1570 dilectum
1701 1548 1720 1570 a
1735 1547 1773 1570 se
1792 1547 1865 1570 non
1885 1534 2149 1571 dimittendum
2168 1537 2374 1585 praesumit.

1388 1595 1433 1627 Et
1447 1600 1589 1640 quanto
1611 1592 1857 1642 praecellentis
1880 1600 1934 1628 cst
1950 1593 2076 1641 gratiae
2097 1606 2171 1629 non
2189 1594 2377 1631 dimittere

1386 1651 1489 1700 quod
1511 1665 1630 1697 ames,
1647 1664 1759 1700 quam
1776 1651 1935 1687 evadere
1953 1652 2055 1700 quod
2078 1652 2254 1689 horreas?

1441 1710 1475 1746 2.
1497 1713 1636 1747 Omnes
1662 1710 1698 1746 hi
1719 1710 1787 1746 etsi
1812 1711 1849 1745 in
1872 1724 2001 1755 carne,
2026 1711 2085 1746 vel
2106 1712 2228 1748 carnis
2253 1713 2377 1761 specie

1386 1769 1568 1815 viderint3
1596 1769 1778 1818 quosdam
1805 1770 1862 1805 vel
1884 1769 2038 1805 visionis
2053 1800 2062 1817 ‚
2084 1771 2142 1806 vel
2164 1772 2378 1820 apprehen-

333 1845 446 1873 tatem
468 1836 625 1880 referre,
652 1833 804 1883 quando
825 1845 985 1881 sponsus
1005 1831 1150 1866 dilectae
1167 1829 1321 1865 manise-
1341 1826 1367 1860 C
1389 1828 1502 1864 sionis
1518 1828 1655 1877 gradus
1672 1828 1907 1877 distinguunt
1923 1828 2096 1864 humanis
2116 1829 2152 1865 in
2171 1830 2373 1867 mentibus.

330 1905 423 1933 stam
441 1895 648 1944 pra-sentite
665 1907 740 1930 suae
766 1891 955 1928 exhibebit
971 1888 1266 1939 plenitudinem;
1285 1895 1325 1923 ut

330 1956 420 1991 nihil
443 1955 487 1989 sit
511 1953 613 2002 quod
642 1953 891 1999 interrumpat
911 1947 1212 1998 perpetuitatem.
1231 1950 1322 1982 Bam

330 2022 367 2050 et
393 2013 495 2062 quod
528 2010 785 2061 praemittitur‚
814 2010 899 2043 Cam
924 2009 1201 2055 pertransissem
1224 2007 1322 2048 illos,

333 2086 409 2109 non
426 2073 633 2119 incongrue
649 2070 693 2106 ad
715 2069 750 2105 id
775 2069 937 2104 refertur
958 2081 965 2102 :
992 2068 1080 2101 Cam
1097 2066 1328 2100 evacuaverit

333 2145 476 2168 omnem
499 2134 755 2178 principatum
789 2137 823 2162 et
848 2135 1082 2175 potestatem,
1110 2133 1151 2159 at
1163 2127 1210 2158 sic
1229 2125 1325 2157 Deus

331 2195 455 2226 omaia
486 2195 524 2225 ia
557 2187 723 2223 omnibns
743 2194 765 2222 ¹.
790 2189 885 2222 Ante
911 2183 1001 2220 illud
1028 2182 1126 2219 enim
1156 2190 1323 2230 tempus,

328 2249 413 2298 quis
432 2261 477 2284 ex
499 2247 682 2283 sententia
703 2245 827 2281 dicere
855 2251 979 2293 potest
1001 2255 1008 2276 ι
1032 2243 1114 2277 Nan
1136 2243 1321 2275 dimittam

329 2310 461 2343 illam?
483 2305 554 2342 Sed
575 2305 674 2340 hune
695 2311 813 2339 arctat
838 2311 875 2338 et
905 2301 1040 2337 evertit
1070 2299 1319 2342 intellectum,

329 2374 366 2403 et
386 2365 431 2402 ad
449 2377 614 2414 pra‘sens
634 2363 717 2399 facit
731 2362 860 2398 referri
874 2390 882 2405 ‚
903 2361 994 2397 illud
1011 2359 1114 2409 quod
1132 2358 1320 2407 sequitur:

333 2428 458 2461 Donec
473 2425 705 2458 introducam
729 2423 832 2456 illam
852 2425 890 2455 in
908 2422 1056 2455 (lainam
1075 2422 1203 2453 matris
1218 2430 1322 2452 meoe.

334 2483 404 2520 Sed
418 2483 494 2531 jam
512 2481 709 2529 vigilanter
727 2480 871 2527 singula
889 2478 1180 2515 consideremus.
1200 2476 1325 2512 Primo

333 2542 528 2579 considera
547 2553 658 2589 quam
680 2540 754 2576 sint
783 2539 918 2574 laetitiae
945 2539 1054 2587 plena
1078 2537 1156 2572 haec
1177 2535 1289 2571 verba
1316 2548 1324 2568 z

1391 1887 1500 1934 Quod
1523 1888 1613 1924 nulli
1632 1901 1760 1923 eorum
1780 1887 1965 1923 indultum
1987 1888 2161 1936 legimus,
2184 1889 2252 1925 ista
2272 1902 2378 1926 usur-

1391 1955 1468 1995 pat,
1483 1946 1589 1995 cujus
1605 1956 1790 1983 tentamus
1803 1947 2006 1982 eventilare
2018 1960 2222 1984 sermones.
2235 1952 2375 1994 Inveni,

1391 2011 1516 2050 tenui,
1539 2020 1605 2041 aec
1625 2008 1824 2041 dimittam.
1848 2009 1976 2040 Itweai
2004 2019 2072 2055 per
2088 2007 2353 2056 aspirationem
2366 2037 2375 2054 ‚

1390 2069 1491 2099 temti
1533 2065 1724 2101 memoria:
1762 2065 2027 2101 retractatione
2049 2081 2059 2111 3
2099 2081 2170 2102 aaa
2198 2069 2376 2104 dimittam

1390 2123 1672 2159 continuatione
1689 2122 1781 2171 jugi.
1807 2126 1922 2159 Teum·
1946 2127 2060 2160 illam.
2080 2128 2126 2161 Et
2146 2133 2184 2162 tu
2206 2139 2290 2162 cum
2312 2127 2375 2163 in-

1389 2182 1537 2218 veneris
1562 2182 1769 2225 Christum,
1803 2195 1887 2217 cuni
1917 2182 2106 2219 inveneris
2133 2184 2376 2233 sapientiam,

1389 2253 1474 2276 cum
1505 2240 1694 2276 inveneris
1714 2239 1917 2288 justitiam,
1948 2243 2205 2287 sanctitatem,
2228 2244 2376 2280 redem-

1388 2300 1563 2348 ptionem·
1592 2314 1599 2335 :
1633 2299 1711 2335 haec
1743 2300 1869 2336 omnia
1903 2301 2002 2336 enim
2037 2301 2145 2338 nobis
2176 2303 2292 2340 sactus
2321 2313 2377 2340 est

1388 2358 1578 2395 Christusss
1594 2373 1601 2395 :
1619 2372 1702 2395 cum
1717 2359 1785 2394 ista
1800 2359 2004 2405 inveneris,
2021 2368 2104 2396 tene
2120 2361 2274 2408 affectu,
2292 2371 2377 2399 tene

1390 2418 1527 2454 studio.
1554 2417 1664 2465 Quod
1689 2417 1932 2466 intelligentia
1955 2418 2165 2464 inveneris,
2187 2420 2377 2469 diligentia

1392 2486 1497 2522 tene,
1520 2486 1555 2513 et
1575 2477 1715 2521 retine,
1738 2485 1779 2512 ut
1799 2477 1849 2512 sic
1871 2477 2013 2523 dicam,
2035 2479 2237 2516 renitentes
2257 2480 2376 2516 virtu-

1393 2544 1464 2581 teS‚
1478 2544 1513 2571 et
1530 2534 1689 2571 lubricas
1708 2535 1850 2584 species
1865 2536 2016 2572 arctiori
2038 2537 2102 2573 tibi
2124 2538 2286 2587 astringe
2302 2552 2378 2575 ani-

334 2604 482 2644 Iaveni,
511 2600 649 2648 inquit,
678 2603 802 2642 temti,
840 2611 905 2632 aec
933 2599 1134 2632 dimittam.
1168 2592 1375 2642 MagnusD
1394 2594 1526 2643 plexu,
1555 2593 1675 2629 donec
1705 2595 1785 2629 vice
1804 2607 1910 2629 versa
1931 2595 2030 2630 ultro
2054 2594 2119 2631 tibi
2148 2596 2376 2643 inhaereant,

334 2661 394 2696 ille
425 2659 631 2710 patriarcha
652 2657 837 2694 Abraham
865 2656 1000 2704 legitur
1022 2654 1158 2690 vidisse
1192 2653 1324 2689 Domi-

337 2732 448 2762 num,
484 2731 559 2754 non
594 2716 791 2752 invenisse.
823 2714 1009 2763 Apparuit
1039 2713 1137 2748 enim
1166 2711 1199 2747 ei
1225 2711 1324 2747 ultro

337 2778 448 2814 stanti
470 2777 506 2812 in
534 2776 630 2811 ostio
655 2773 883 2810 tabernaculi
909 2772 955 2808 ad
976 2770 1182 2807 meridiem.
1208 2769 1325 2806 Deni—

336 2851 408 2886 que
436 2847 604 2883 egrcssus
638 2833 683 2869 de
713 2832 956 2869 tabernaculo
984 2829 1137 2874 obvius,
1173 2827 1326 2864 sedulus

335 2895 405 2932 sub
427 2895 508 2930 ilice
537 2892 708 2929 exhibuit
734 2891 899 2927 officium
924 2895 934 2908 ²
956 2903 962 2923 :
983 2889 1019 2925 in
1042 2887 1323 2924 tabernaculum

334 2968 425 2990 vero
446 2952 686 2988 introducere
713 2963 787 2986 non
809 2950 965 2994 meruit,
990 2949 1126 2985 nedum
1149 2947 1185 2983 in
1215 2946 1324 2983 cubi-

337 3014 475 3050 culum.
498 3011 597 3047 vidit
614 3019 649 3046 et
674 3014 820 3057 Moyses
840 3017 1082 3057 apparentem
1101 3007 1169 3043 sibi
1190 3007 1226 3042 in
1251 3010 1324 3042 Ho-

339 3071 404 3109 reb
424 3071 622 3107 Dominum
635 3098 644 3113 ,
671 3068 734 3104 sed
763 3076 888 3103 tenere
907 3081 982 3103 non
1001 3066 1154 3110 meruit,
1173 3065 1237 3114 qui
1257 3079 1324 3102 nec

338 3130 540 3180 permissus
565 3136 618 3163 cst
646 3127 802 3176 propius
831 3125 1007 3161 accedere
1034 3124 1057 3160 3.
1085 3124 1182 3161 vidit
1207 3125 1324 3161 Jacob

1388 2661 1425 2688 ct
1437 2653 1699 2701 amplexentur
1713 2660 1747 2687 te
1761 2653 1890 2700 gratis,
1905 2661 1941 2688 et
1954 2654 2034 2689 sine
2049 2653 2161 2690 studii
2178 2655 2230 2690 tui
2249 2654 2378 2691 labore

1390 2719 1424 2748 te
1458 2720 1624 2756 teneant,
1658 2724 1725 2747 nec
1753 2712 1877 2748 sinant
1899 2712 1957 2747 vel
1979 2712 2127 2761 longius
2154 2713 2376 2758 abscedere,

1388 2771 1446 2805 vel
1468 2770 1608 2805 diutius
1625 2769 1766 2806 abesse.
1784 2771 1873 2807 Etsi
1892 2771 2045 2820 quando
2059 2771 2221 2808 declines
2235 2772 2279 2808 ad
2297 2774 2377 2809 ofli-

1392 2830 1444 2865 eia
1474 2829 1645 2865 humanae
1674 2830 1920 2875 necessitatis,
1948 2830 1998 2867 ibi
2028 2839 2062 2867 te
2091 2832 2322 2868 insectentur
2341 2841 2377 2868 et

1390 2896 1588 2932 revocent,
1611 2896 1646 2923 et
1666 2888 1847 2937 arripiant
1867 2889 1913 2925 ad
1934 2902 1990 2934 se,
2013 2898 2054 2925 ut
2073 2890 2102 2926 si
2130 2903 2205 2926 non
2231 2891 2378 2940 possint

1389 2947 1536 2984 assidue
1568 2947 1752 2991 studium,
1787 2961 1936 2997 semper
1974 2948 2136 2985 habeant
2169 2949 2375 2999 obligatum

1389 3008 1576 3043 affectum.
1595 3010 1684 3043 Nam
1702 3008 1881 3043 nonnulla
1901 3008 1988 3043 mihi
2006 3008 2153 3045 videtur
2166 3009 2376 3055 distinctio,

1389 3080 1434 3102 an
1458 3075 1497 3101 tu
1519 3074 1644 3101 teneas
1661 3066 1848 3102 Christum
1870 3067 1935 3102 l)ei
1961 3067 2137 3103 virtutem
2165 3076 2202 3103 et
2223 3069 2373 3118 sapien-

1391 3127 1499 3171 tiam,
1514 3139 1560 3161 an
1578 3126 1735 3162 tenearis
1749 3125 1795 3161 ab
1814 3127 1909 3174 ipso.
1930 3129 2046 3171 Ama,
2065 3127 2209 3176 inquit,
2229 3133 2376 3176 sapien-

385 3263 392 3277 ¹
415 3260 423 3286 1
443 3258 513 3285 (jor.
536 3267 591 3289 xv,
610 3256 670 3290 2¹1,
697 3257 746 3283 28.
764 3272 805 3274 --κ
827 3255 1057 3287 ²('.cn.xv111,
1085 3253 1150 3280 1-8.
1169 3269 1209 3273 —-
1227 3249 1352 3282 31·'.xod.
1370 3264 1426 3281 xix
1441 3258 1469 3282 ct
1487 3263 1601 3282 xxxiv.
1619 3271 1653 3274 -ν
1678 3251 1691 3276 ⁴5
1714 3254 1792 3281 Gen.
1810 3263 1918 3282 xxviii
1933 3277 1940 3289 ‚
1964 3256 2018 3288 12,
2042 3257 2092 3283 113.
2110 3272 2150 3275 —--
2173 3251 2185 3274 ⁵
2203 3253 2246 3284 ld.
2264 3265 2372 3292 xxxii,

336 3312 504 3339 ‘2'1-25).—-
523 3306 701 3337 ‘monitu
718 3330 725 3342 ,
753 3310 812 3341 ιιι,
836 3307 906 3334 17,
932 3324 936 3325 ⁷

960 3307 1129 3338 71.=1‹·.n,
1152 3306 1191 3333 28
1209 3327 1215 3339 ,
1240 3308 1292 3334 250.
1315 3323 1350 3326 ’μ
1370 3306 1383 3326 ⁸
1400 3308 1409 3334 1
1426 3308 1495 3335 Cor.
1516 3316 1542 3339 1,
1560 3307 1614 3334 530.
