2504 3928
335 231 410 264 815

1008 234 1290 271 TRACTATUS
1320 238 1383 271 DE
1413 237 1704 272 (lt-tAltt'rA't'E.

334 318 416 341 sum
448 318 599 341 securus
622 319 642 340 a
669 307 811 351 securi,
841 307 870 343 si
901 307 1042 357 absque
1068 324 1113 346 eo
1140 312 1348 348 im‘eniai·.⁴

2301 244 2377 280 816

1354 310 1380 329 ⁰¹
1395 325 1494 348 resse
1512 320 1566 347 est
1584 312 1679 348 allici
1698 321 1860 349 mentem
1877 314 2118 353 vehementer
2131 318 2300 364 amantis,
2316 319 2379 356 ab·

337 364 452 399 Valde
470 364 627 399 ‹nnnino
646 365 736 400 mihi
754 366 936 403 amandus
955 377 1030 414 est,
1048 383 1116 419 per
1132 384 1242 419 quem
1267 371 1323 406 vi-
1342 373 1369 406 Α
1393 379 1495 406 sente
1513 385 1623 420 quem
1648 381 1766 417 amat,
1797 373 1885 409 dum
1917 382 2015 410 totus
2036 376 2071 410 in
2102 378 2378 426 exspectatione

337 436 383 457 vo
399 451 408 467 ,
430 437 536 466 sum,
567 424 691 472 sapio,
714 425 742 460 si
774 425 940 473 ingratus
967 441 1042 464 non
1066 443 1146 465 sum
1168 438 1203 465 et
1223 430 1322 466 indi—

333 494 441 529 gnus
464 481 604 528 Dignus
624 483 733 531 plane
749 492 804 520 est
823 494 960 530 morte,
978 487 1040 535 qui
1060 487 1145 533 tibi,
1165 490 1323 525 Domine

334 543 436 583 Jesu,
457 548 601 575 recusat
624 554 637 575 x
651 541 764 586 ivere,
782 550 817 578 et
836 552 1007 580 mortuus
1025 555 1102 591 est;
1122 547 1232 596 etqui
1256 547 1322 583 tibi

332 610 407 633 non
429 599 546 648 sapit,
573 599 708 648 desipit
727 616 733 636 :
752 610 787 637 et
812 603 875 651 qui
903 614 1008 640 curat
1029 619 1107 643 esse
1129 620 1203 642 non
1232 621 1321 656 pro-

329 665 415 706 pter
433 666 486 702 te,
513 671 583 707 pro
604 659 721 695 nilulo
741 669 816 706 est,
833 670 868 697 et
887 663 978 699 nihil
997 673 1062 701 est.
1090 669 1246 715 Propter
1265 674 1320 702 te-

330 716 547 766 metipsum,
565 721 676 763 Deus,
693 719 808 755 fecisti
825 722 950 757 onmia
963 729 970 743 ¹
989 737 997 758 :
1016 731 1050 759 et
1066 725 1128 772 qui
1147 738 1225 760 esse
1239 726 1320 761 vult

328 773 400 810 sibi
420 784 456 811 et
480 789 554 812 non
579 775 665 822 tibi,
689 779 780 815 nihil
805 793 884 815 esse
906 781 1037 830 incipit
1058 783 1157 820 inter
1178 784 1315 820 omnia.

328 836 400 871 Pro
415 834 471 871 his
485 848 574 884 ergo
591 836 639 872 ita
657 851 737 873 sum
753 852 880 876 amans
897 848 930 876 te
947 851 1128 890 quantum
1147 857 1313 893 possum.

328 892 399 929 Sed
425 902 477 929 est
506 895 608 942 quod
634 909 692 932 me
716 898 799 946 plus
820 908 965 946 movet,
986 902 1071 951 plus
1092 912 1215 951 urget,
1234 904 1317 952 plus

328 953 510 989 accendit.
532 958 652 1003 Super
671 957 820 1002 onmia,
840 959 1013 1008 inquam,
1035 961 1157 998 reddit
1174 962 1318 998 amabi-

328 1013 400 1048 lem
420 1022 453 1049 te
468 1013 577 1057 mihi,
594 1018 681 1050 Jesu
699 1015 811 1063 bone,
830 1019 924 1054 calix
939 1033 1049 1068 quem
1068 1020 1209 1066 bibisti,
1225 1034 1320 1071 opus

1391 443 1615 479 suspensus,
1641 432 1912 479 quantamlibet
1934 433 2208 471 festinationem
2230 444 2379 485 reputat

1391 490 1615 525 tarditatem.
1640 490 1853 527 Subtraetio
1877 505 2011 542 nempe
2037 493 2090 529 rei
2113 507 2224 542 quam
2253 508 2376 540 amas,

1388 549 1640 597 augmentatio
1671 550 1846 586 desiderii
1875 559 1948 596 est,
1983 561 2019 589 et
2053 553 2155 602 quod
2188 554 2378 590 ardentius

1389 608 1597 655 desideras,
1619 622 1722 645 cares
1742 610 1888 657 aegrius.

1725 739 1898 778 CAPUT
1928 740 2042 779 VIII.

1594 853 1641 881 De
1668 852 1767 883 actiia
1784 858 1813 884 et
1832 854 2072 896 contemplativa
2094 856 2166 887 sita.

1439 962 1499 996 33.
1528 965 1637 998 Forte
1656 963 1803 1011 appetis
1825 965 2154 1014 contemplationis
2183 967 2345 1016 quietem
2361 970 2377 1003 P

1387 1022 1431 1055 lit
1468 1019 1563 1056 benc
1599 1021 1697 1058 sacis.
1730 1025 1828 1071 Ergo
1865 1037 1953 1059 cura
1982 1024 2163 1060 virtutum
2196 1026 2375 1062 exercitio

328 1081 465 1109 nostrae
504 1073 788 1122 redemptionis.
840 1081 920 1114 lloc
957 1080 1114 1117 omnino
1152 1094 1318 1117 amorem
1342 1079 1556 1116 Bsanetum
1599 1082 1716 1117 otium
1747 1084 1967 1131 praevenire.
2005 1085 2182 1133 Alioquin
2215 1085 2375 1122 delicato

328 1139 451 1168 ‚neum
474 1133 578 1168 l'aeile
600 1134 767 1171 vindieat
789 1145 909 1174 totum
937 1138 1019 1175 sibi.
1044 1144 1123 1177 Hoc
1143 1150 1197 1177 est
1217 1141 1319 1190 quod

328 1200 491 1227 nostram
507 1192 748 1231 devotionem
763 1205 798 1232 et
812 1196 984 1235 blandius
996 1200 1123 1245 allicit,
1137 1200 1319 1248 etjustius

324 1251 436 1300 exigit
448 1280 456 1296 ‚
476 1259 511 1288 et
526 1253 662 1289 arctius
676 1255 843 1304 stringit,
858 1265 895 1292 et
911 1257 1025 1293 afficit
1043 1258 1314 1296 vehementius.

671 1386 846 1426 CAPUT
876 1389 969 1427 VII.

495 1504 542 1531 De
561 1500 676 1542 duplici
696 1500 795 1541 lingna
809 1524 816 1537 ,
836 1500 959 1541 Verbi,
980 1507 1009 1532 et
1027 1501 1147 1533 animaf.

373 1611 434 1647 31.
458 1611 617 1660 Spiritus
637 1619 692 1647 est
713 1611 877 1648 Verbum
891 1640 900 1657 ‚
924 1613 1152 1662 spiritusque
1171 1613 1312 1659 anima,

320 1669 534 1719 habentque
566 1671 710 1719 linguas
728 1684 832 1716 suas,
857 1671 996 1720 quibus
1024 1685 1062 1708 se
1090 1673 1311 1709 alterutrum

318 1729 577 1778 alloquuntur,
597 1738 877 1778 prcesentesque
896 1731 1072 1768 indicent.
1090 1731 1204 1768 Verbi
1223 1733 1311 1781 qui-

320 1788 406 1825 dem
433 1789 559 1838 lingua
587 1790 692 1825 favor
719 1790 945 1838 dignationis
971 1800 1045 1837 est;
1069 1793 1202 1828 animae
1222 1805 1312 1829 vero

1385 1140 1472 1176 satis
1501 1141 1578 1176 otio
1608 1141 1812 1178 dormitare
1834 1143 1957 1189 voles,
1989 1144 2018 1179 si
2042 1157 2117 1180 non
2149 1145 2376 1182 exercitatus

1385 1198 1574 1247 quiescere
1605 1209 1778 1249 appetas,
1809 1209 1844 1237 et
1865 1202 1940 1238 Liae
1961 1202 2186 1239 fecunditate
2208 1204 2375 1252 neglecta

1384 1259 1506 1294 solum
1545 1260 1672 1308 cupias
1703 1261 1875 1297 Raclielis
1909 1262 2146 1311 amplexibus
2177 1262 2372 1300 oblectari.

1385 1317 1455 1353 Sed
1479 1325 1515 1352 et
1534 1327 1787 1367 praeposterus
1802 1329 1857 1356 est
1878 1320 1973 1356 ordo
1995 1329 2081 1357 ante
2105 1321 2278 1357 meritum
2299 1322 2375 1357 exi-

1384 1388 1471 1423 gere
1488 1377 1702 1424 praemium,
1719 1386 1755 1413 et
1773 1387 1858 1414 ante
1875 1378 2041 1415 laborem
2063 1393 2210 1416 sumere
2231 1379 2371 1416 cibum.

1384 1437 1467 1470 Non
1497 1435 1612 1483 igitur
1643 1445 1752 1485 putes
1785 1437 1830 1473 de
1859 1439 2015 1488 proprio
2047 1452 2176 1475 amore
2209 1439 2370 1487 quietis,

1383 1494 1519 1530 sanetis
1547 1493 1771 1531 obedientiae
1797 1496 1960 1542 actibus,
1990 1498 2228 1534 seniorumve
2254 1499 2373 1535 tradi-

1384 1552 1550 1589 tionibus
1589 1553 1850 1602 praejudicium
1893 1556 2079 1592 ullatenus
2125 1557 2337 1593 faciendum
2363 1573 2371 1594 z

1383 1610 1548 1660 alioquin
1570 1625 1645 1648 non
1673 1612 1861 1662 approbat
1882 1614 2067 1651 Dominus
2099 1623 2172 1651 tuae
2204 1623 2372 1652 contem-

1379 1670 1557 1717 plationis
1574 1671 1684 1708 inane
1706 1673 1844 1719 otium,
1861 1682 2019 1723 propter
2035 1674 2137 1723 quod
2158 1687 2235 1710 non
2257 1687 2372 1711 exau-

1380 1729 1456 1767 diet
1491 1731 1682 1767 orationes
1719 1740 1821 1777 tuas,
1857 1741 2089 1782 vocatusque
2119 1747 2196 1770 non
2232 1734 2369 1770 veniet.

1379 1794 1455 1827 Nec
1483 1791 1583 1826 enim
1605 1790 1708 1826 dabit
1736 1790 1967 1828 inobedienti
1989 1794 2135 1842 copiam
2159 1794 2215 1829 sui
2245 1802 2370 1830 tantus

318 1848 445 1884 fervor
461 1848 686 1884 devotionis.
712 1849 879 1898 Elinguis
901 1859 955 1886 est
975 1850 1099 1887 anima
1117 1860 1228 1900 atque
1248 1853 1312 1888 in-
1334 1856 1360 1891 C
1378 1850 1602 1886 obedientiae
1622 1859 1786 1897 amator,
1805 1860 1846 1887 nt
1867 1852 1962 1888 mori
1983 1866 2094 1901 quam
2117 1866 2192 1889 non
2213 1852 2367 1890 obedire

319 1907 400 1943 fans
420 1920 504 1956 quae
531 1907 627 1943 hanc
653 1921 729 1943 non
759 1908 890 1953 habet,
918 1917 955 1945 et
984 1923 1059 1946 non
1086 1919 1212 1960 potest
1238 1911 1311 1960 ipsi

318 1967 532 2004 nullatenus
559 1969 823 2004 sermocinatio
843 1982 922 2005 esse
942 1983 1025 2006 cum
1047 1969 1183 2006 Verbo.
1212 1973 1311 2019 Ergo

318 2025 580 2074 hujuscemodi
596 2027 759 2076 linguam
773 2041 876 2064 suam
893 2042 978 2065 cum
992 2029 1156 2066 Verbum
1169 2038 1312 2075 movet,

318 2086 450 2121 volens
464 2084 567 2135 loqui
583 2086 628 2122 ad
646 2087 820 2133 animam,
834 2100 909 2123 non
925 2096 1049 2137 potest
1064 2102 1141 2124 non
1159 2090 1309 2126 sentire.

318 2146 437 2181 Vivus
455 2154 510 2181 est
526 2158 650 2181 sermo
670 2146 734 2181 Dei
756 2154 792 2181 et
810 2146 963 2192 efficax,
982 2155 1018 2182 et
1039 2146 1312 2196 penetrabilior

319 2202 423 2238 omni
441 2203 564 2251 gladio
585 2204 753 2252 ancipiti,
775 2204 994 2253 pertingens
1014 2218 1133 2254 usque
1155 2205 1201 2241 ad
1219 2205 1310 2241 divi—

321 2262 464 2297 sionem
482 2263 615 2298 animce
634 2271 670 2298 et
686 2263 840 2311 spiritus
858 2270 882 2298 ².
901 2267 946 2300 Et
961 2277 1088 2300 rursus
1102 2278 1185 2300 cum
1206 2278 1309 2301 suam

319 2321 441 2357 anima
470 2322 633 2371 linguam
667 2331 810 2367 movet,
846 2324 962 2359 latere
995 2324 1160 2360 Verbum
1191 2326 1309 2361 multo

319 2380 443 2415 minus
459 2381 617 2429 poterit,
636 2394 712 2416 non
734 2382 852 2417 solum
874 2383 961 2430 quia
983 2382 1124 2431 ubique
1144 2397 1310 2432 praesens

318 2447 394 2484 est;
413 2439 477 2475 sed
497 2448 653 2488 propter
674 2440 744 2476 hoc
762 2441 897 2489 magis,
917 2441 1033 2489 quod,
1053 2442 1122 2477 nisi
1142 2443 1223 2491 ipso
1242 2443 1309 2479 sti-

320 2498 504 2543 mulante,
524 2498 738 2535 devotionis
760 2500 886 2548 lingua
908 2501 1061 2536 minime
1081 2501 1126 2537 ad
1151 2502 1309 2550 loquen-

318 2555 407 2591 dum
444 2566 650 2593 moveatur.
687 2557 811 2594 Verbo
844 2559 956 2607 igitur
994 2560 1117 2596 dicere
1155 2561 1308 2607 animae,

318 2616 478 2650 Pulchra
493 2630 543 2660 es,
562 2625 598 2652 et
617 2617 807 2666 appellare
825 2618 1002 2663 amicam3
1021 2618 1220 2655 infundere
1238 2628 1305 2665 est,

315 2673 416 2709 unde
440 2683 475 2710 et
492 2683 607 2720 amet,
628 2684 664 2711 et
685 2689 722 2712 se
743 2685 943 2725 prsesumat
963 2678 1094 2713 amari.
1119 2679 1196 2727 Ipsi
1216 2691 1306 2715 vero

317 2732 481 2769 Verbum
508 2734 670 2770 vicissim
697 2736 894 2772 nominare
921 2736 1097 2773 dilectum
1115 2766 1124 2782 ‚
1144 2746 1180 2773 et
1200 2738 1306 2775 fateri

316 2793 514 2842 pulchrum
528 2793 540 2815 ³
557 2794 659 2843 quod
679 2803 800 2840 amat;
823 2803 859 2831 et
879 2809 955 2845 qno
976 2804 1135 2841 amatur,
1155 2797 1208 2833 illi
1229 2798 1308 2834 sine

318 2853 467 2888 fictione
479 2853 689 2889 adscribere
703 2863 739 2890 et
755 2854 897 2901 fraude,
913 2856 1039 2892 mirari
1055 2857 1306 2904 dignationem

318 2920 353 2947 et
382 2920 535 2960 stupere
561 2913 606 2949 ad
636 2914 805 2961 gratiam.
842 2918 896 2951 Ita
920 2929 1008 2952 sane
1033 2916 1172 2952 locutio
1194 2915 1306 2953 Verbi

318 2970 457 3006 infusio
481 2971 571 3006 doni
591 3000 600 3017 ,
631 2980 667 3007 et
689 2973 882 3021 responsio
910 2974 1045 3010 animae
1068 2987 1151 3010 cum
1173 2975 1307 3023 gratia-

319 3042 399 3064 rum
421 3029 566 3065 actione
591 3030 805 3067 admiratio.

368 3089 428 3124 32.
450 3093 540 3125 Cum
554 3098 689 3138 praesto
704 3099 757 3125 cst
773 3091 874 3139 quod
891 3100 1051 3137 amatur,
1068 3093 1167 3141 viget
1183 3106 1304 3139 amor;

315 3148 466 3195 languet
495 3162 578 3184 cum
601 3148 705 3184 abest
726 3164 732 3184 :
750 3150 851 3197 quod
878 3164 952 3186 non
977 3160 1031 3186 est
1061 3152 1161 3187 alind
1194 3166 1304 3201 quam

316 3207 464 3242 twdium
483 3207 674 3256 quoddam
692 3209 920 3258 impatientis
937 3209 1125 3256 desiderii,
1146 3224 1222 3259 quo
1244 3224 1305 3247 ne-

365 3345 371 3358 '
395 3342 482 3370 Prov.
501 3351 573 3373 ιιι,
600 3343 623 3370 ἰ4
655 3360 683 3363 ---
706 3347 716 3362 ²
737 3341 832 3371 lli-lun
858 3346 1038 3381 ιν,1”.ἲ.---

1377 1910 1561 1946 maluerit.
1585 1913 1639 1946 Ex
1660 1909 1770 1947 bonis
1791 1908 2123 1962 operibus'recipit
2144 1913 2368 1949 consolatio-

1378 1982 1462 2004 nem
1486 1981 1589 2004 mens
1620 1977 1765 2005 assueta
1792 1970 1927 2018 quieti,
1954 1971 2101 2019 quoties
2121 1969 2191 2007 sibi
2219 1971 2306 2017 lux,
2327 1980 2369 2008 ut

1377 2029 1535 2073 assolet,
1558 2029 1885 2078 contemplationis
1901 2029 2146 2066 subtrahitur.
2161 2030 2253 2077 Quis
2268 2031 2367 2067 enim

1377 2100 1453 2123 non
1483 2087 1568 2124 dico
1596 2089 1795 2133 continue,
1825 2088 1888 2124 sed
1909 2086 1969 2124 vel
2002 2088 2087 2134 diu,
2118 2088 2206 2125 dum
2236 2089 2273 2133 in
2296 2089 2368 2126 hoc

1376 2161 1536 2197 corpore
1552 2156 1690 2192 manet,
1706 2148 1847 2184 lumine
1859 2148 2190 2198 contemplationis
2202 2149 2368 2185 fruatur?

1375 2210 1424 2244 At
1447 2208 1595 2256 quoties
1619 2208 1762 2244 corruit
1790 2221 1809 2243 a
1838 2208 2152 2256 contemplativa3
2185 2209 2296 2245 toties
2328 2209 2366 2244 in

1375 2267 1533 2303 activam
1563 2280 1601 2304 se
1624 2267 1774 2316 recipit,
1804 2267 1890 2303 inde
1920 2268 2118 2313 nimirum,
2143 2276 2319 2316 tanquam
2347 2282 2368 2304 e

1374 2324 1517 2370 vicino,
1540 2325 1756 2360 familiarius
1776 2325 1942 2361 reditura
1963 2325 2001 2360 in
2025 2325 2061 2361 id
2091 2326 2213 2374 ipsum
2236 2341 2243 2362 :
2266 2340 2365 2375 quo-

1375 2383 1474 2419 niam
1497 2391 1584 2419 sunt
1613 2383 1773 2419 invicem
1802 2383 2115 2429 contubernales,
2146 2393 2182 2420 et
2210 2384 2365 2421 cohabi-

1376 2450 1454 2477 tant
1486 2442 1542 2477 hae
1564 2442 1647 2478 dnae
1673 2443 1824 2491 pariter.
1859 2445 1922 2478 Est
1950 2443 2090 2492 quippe
2111 2456 2219 2479 soror
2238 2445 2365 2480 Mariae

1374 2501 1530 2536 Martha.
1551 2504 1680 2549 Neque
1704 2501 1803 2537 enim
1828 2501 1894 2536 etsi
1914 2515 1933 2537 a
1952 2502 2282 2550 contemplationis
2302 2503 2366 2538 lu-

1375 2561 1473 2596 mine
1493 2560 1608 2604 cadit,
1632 2561 1772 2609 patitur
1793 2568 1915 2596 tamen
1937 2560 2123 2597 ullatenus
2140 2574 2178 2597 se
2198 2561 2365 2598 incidere

1326 2623 1357 2656 D
1377 2619 1548 2655 tenebras
1577 2620 1737 2668 peccati,
1767 2632 1832 2655 seu
1863 2620 2048 2667 ignaviam
2079 2619 2170 2665 otii,
2206 2633 2294 2657 sane
2326 2621 2364 2656 in

1374 2679 1455 2713 luce
1474 2678 1704 2727 operationis
1725 2677 1834 2714 bonae
1855 2691 1893 2714 se
1915 2679 2091 2714 retinens.

1426 2737 1663 2786 34.1,0q1101·
1692 2737 1801 2773 vobis
1829 2738 2133 2786 experimentum
2162 2738 2266 2786 quod
2295 2751 2362 2775 ex-

1374 2804 1502 2844 pertus
1522 2809 1617 2832 sum.
1635 2796 1671 2833 Si
1690 2796 1843 2845 quando
1865 2809 1953 2832 sane
1974 2797 2142 2846 comperi
2160 2797 2364 2846 profecisse

1374 2854 1520 2902 aliquos
1544 2863 1712 2890 nostrum
1734 2868 1778 2891 ex
1801 2856 1893 2892 meis
1914 2856 2086 2901 monitis;
2107 2864 2195 2892 tunc
2214 2869 2290 2892 non
2308 2857 2363 2906 pi-

1373 2913 1451 2961 guit
1483 2926 1563 2957 me,
1600 2914 1738 2959 fateor,
1772 2928 1899 2950 curam
1934 2915 2141 2964 praetulisse
2179 2915 2363 2952 sermonis

1372 2973 1530 3021 proprio
1551 2973 1628 3008 otio
1649 2981 1685 3008 et
1707 2974 1835 3021 quieti.
1862 2975 2050 3010 Patienter
2072 2975 2214 3010 avellor
2233 2973 2280 3010 ab
2302 2975 2362 3011 in-

1374 3031 1543 3067 feeundae
1578 3032 1714 3067 Rachel
1756 3032 2015 3081 amplexibus,
2044 3041 2082 3068 ut
2107 3033 2195 3069 mihi
2217 3032 2362 3069 exube-

1373 3099 1456 3126 rent
1489 3091 1630 3127 fructus
1665 3092 1900 3140 profectuum
1937 3101 2164 3127 vestrorum.
2194 3092 2361 3128 Charitas

1371 3151 1490 3195 enim,
1513 3164 1596 3199 quae
1617 3164 1692 3186 non
1714 3152 1848 3199 quaerit
1868 3164 1951 3199 quae
1971 3164 2037 3187 sua
2055 3151 2188 3196 sumt,
2211 3151 2247 3187 id
2269 3152 2359 3187 mihi

1367 3210 1591 3258 jamdudum
1619 3211 1724 3246 facile
1747 3211 1951 3260 persuasit,
1974 3211 2024 3247 nil
2051 3211 2191 3247 seilicet
2214 3210 2356 3248 deside-

1060 3342 1071 3363 ³
1087 3342 1205 3374 Cantic.
1221 3355 1249 3381 ι,
1275 3346 1333 3384 lfa,
1357 3347 1406 3374 15».
1429 3363 1454 3366 —
1489 3343 1616 3375 ⁴⁵1Cor.
1637 3353 1714 3381 xm,
1737 3347 1765 3371 ξ».
