<?xml version="1.0" encoding="UTF-8"?>
<!DOCTYPE html PUBLIC "-//W3C//DTD XHTML 1.0 Transitional//EN"
    "http://www.w3.org/TR/xhtml1/DTD/xhtml1-transitional.dtd">
<html xmlns="http://www.w3.org/1999/xhtml" xml:lang="en" lang="en">
 <head>
  <title>
</title>
<meta http-equiv="Content-Type" content="text/html;charset=utf-8" />
  <meta name='ocr-system' content='tesseract 3.04.00' />
  <meta name='ocr-capabilities' content='ocr_page ocr_carea ocr_par ocr_line ocrx_word'/>
</head>
<body>
  <div class='ocr_page' id='page_1' title='image "./operaomniapostho05bern/operaomniapostho05bern_0693.png"; bbox 0 0 2418 3949; ppageno 0'>
   <div class='ocr_carea' id='block_1_1' title="bbox 178 233 275 271">
    <p class='ocr_par' dir='ltr' id='par_1_1' title="bbox 178 233 275 271">
     <span class='ocr_line' id='line_1_1' title="bbox 178 233 275 271; baseline -0.021 0"><span class='ocrx_word' id='word_1_1' title='bbox 178 233 275 271; x_wconf 64' lang='lat'>1365)</span> 
     </span>
    </p>
   </div>
   <div class='ocr_carea' id='block_1_2' title="bbox 767 232 1654 268">
    <p class='ocr_par' dir='ltr' id='par_1_2' title="bbox 767 232 1654 268">
     <span class='ocr_line' id='line_1_2' title="bbox 767 232 1654 268; baseline 0.001 -2"><span class='ocrx_word' id='word_1_2' title='bbox 767 232 930 267; x_wconf 76' lang='lat' dir='ltr'><strong>SERMO</strong></span> <span class='ocrx_word' id='word_1_3' title='bbox 963 232 1027 266; x_wconf 84' lang='lat' dir='ltr'>DE</span> <span class='ocrx_word' id='word_1_4' title='bbox 1066 232 1221 266; x_wconf 86' lang='lat' dir='ltr'><strong>BEATA</strong></span> <span class='ocrx_word' id='word_1_5' title='bbox 1251 232 1409 266; x_wconf 68' lang='lat' dir='ltr'>MARIA</span> <span class='ocrx_word' id='word_1_6' title='bbox 1440 233 1654 268; x_wconf 68' lang='lat' dir='ltr'><strong>VIRGINE.</strong></span> 
     </span>
    </p>
   </div>
   <div class='ocr_carea' id='block_1_3' title="bbox 173 305 1212 359">
    <p class='ocr_par' dir='ltr' id='par_1_3' title="bbox 173 305 1212 359">
     <span class='ocr_line' id='line_1_3' title="bbox 173 305 1212 359; baseline -0.004 -13"><span class='ocrx_word' id='word_1_7' title='bbox 173 311 215 346; x_wconf 91' lang='lat' dir='ltr'>tit</span> <span class='ocrx_word' id='word_1_8' title='bbox 236 325 242 346; x_wconf 91' lang='lat'>:</span> <span class='ocrx_word' id='word_1_9' title='bbox 268 313 345 346; x_wconf 78' lang='lat' dir='ltr'>Eva</span> <span class='ocrx_word' id='word_1_10' title='bbox 371 310 502 359; x_wconf 87' lang='lat' dir='ltr'>spina,</span> <span class='ocrx_word' id='word_1_11' title='bbox 534 306 792 352; x_wconf 82' lang='lat' dir='ltr'>vulnerando3</span> <span class='ocrx_word' id='word_1_12' title='bbox 814 306 931 343; x_wconf 77' lang='lat' dir='ltr'>Maria</span> <span class='ocrx_word' id='word_1_13' title='bbox 959 320 1064 351; x_wconf 89' lang='lat' dir='ltr'>rosa,</span> <span class='ocrx_word' id='word_1_14' title='bbox 1087 305 1212 343; x_wconf 68' lang='grc' dir='ltr'>οη]-69</span> 
     </span>
    </p>
   </div>
   <div class='ocr_carea' id='block_1_4' title="bbox 2136 234 2234 270">
    <p class='ocr_par' dir='ltr' id='par_1_4' title="bbox 2136 234 2234 270">
     <span class='ocr_line' id='line_1_4' title="bbox 2136 234 2234 270; baseline 0.02 -2"><span class='ocrx_word' id='word_1_15' title='bbox 2136 234 2234 270; x_wconf 81' lang='lat'>1370</span> 
     </span>
    </p>
   </div>
   <div class='ocr_carea' id='block_1_5' title="bbox 1219 306 2234 359">
    <p class='ocr_par' dir='ltr' id='par_1_5' title="bbox 1219 306 2234 359">
     <span class='ocr_line' id='line_1_5' title="bbox 1219 306 2234 359; baseline 0.004 -17"><span class='ocrx_word' id='word_1_16' title='bbox 1219 306 1230 324; x_wconf 83' lang='lat'>‘¹</span> <span class='ocrx_word' id='word_1_17' title='bbox 1243 316 1331 343; x_wconf 88' lang='lat' dir='ltr'>sunt</span> <span class='ocrx_word' id='word_1_18' title='bbox 1350 320 1464 357; x_wconf 78' lang='lat' dir='ltr'>opera</span> <span class='ocrx_word' id='word_1_19' title='bbox 1479 312 1566 344; x_wconf 86' lang='lat' dir='ltr'>Jesu</span> <span class='ocrx_word' id='word_1_20' title='bbox 1588 308 1733 346; x_wconf 83' lang='lat' dir='ltr'>Christi.</span> <span class='ocrx_word' id='word_1_21' title='bbox 1751 307 1942 346; x_wconf 84' lang='lat' dir='ltr'>Carbones</span> <span class='ocrx_word' id='word_1_22' title='bbox 1955 309 2014 345; x_wconf 84' lang='lat' dir='ltr'>isti</span> <span class='ocrx_word' id='word_1_23' title='bbox 2032 310 2234 359; x_wconf 85' lang='lat' dir='ltr'>aliquando</span> 
     </span>
    </p>
   </div>
   <div class='ocr_carea' id='block_1_6' title="bbox 173 366 2233 418">
    <p class='ocr_par' dir='ltr' id='par_1_6' title="bbox 173 366 2233 418">
     <span class='ocr_line' id='line_1_6' title="bbox 173 366 2233 418; baseline 0 -12"><span class='ocrx_word' id='word_1_24' title='bbox 173 370 276 406; x_wconf 88' lang='lat' dir='ltr'>nium</span> <span class='ocrx_word' id='word_1_25' title='bbox 316 369 472 405; x_wconf 85' lang='lat' dir='ltr'>affectus</span> <span class='ocrx_word' id='word_1_26' title='bbox 498 366 713 403; x_wconf 91' lang='lat' dir='ltr'>mulcendo.</span> <span class='ocrx_word' id='word_1_27' title='bbox 749 370 826 403; x_wconf 77' lang='lat' dir='ltr'>Eva</span> <span class='ocrx_word' id='word_1_28' title='bbox 860 366 986 415; x_wconf 88' lang='lat' dir='ltr'>spina,</span> <span class='ocrx_word' id='word_1_29' title='bbox 1019 367 1223 415; x_wconf 78' lang='lat' dir='ltr'>infigensA</span> <span class='ocrx_word' id='word_1_30' title='bbox 1242 367 1401 412; x_wconf 87' lang='lat' dir='ltr'>mortui,</span> <span class='ocrx_word' id='word_1_31' title='bbox 1425 368 1654 417; x_wconf 82' lang='lat' dir='ltr'>quandoque</span> <span class='ocrx_word' id='word_1_32' title='bbox 1686 382 1777 404; x_wconf 78' lang='lat' dir='ltr'>vero</span> <span class='ocrx_word' id='word_1_33' title='bbox 1808 377 1895 404; x_wconf 90' lang='lat' dir='ltr'>sunt</span> <span class='ocrx_word' id='word_1_34' title='bbox 1926 369 2045 417; x_wconf 74' lang='lat' dir='ltr'>ignei,</span> <span class='ocrx_word' id='word_1_35' title='bbox 2078 371 2166 418; x_wconf 88' lang='lat' dir='ltr'>quia</span> <span class='ocrx_word' id='word_1_36' title='bbox 2195 371 2233 406; x_wconf 93' lang='lat' dir='ltr'>in</span> 
     </span>
    </p>
   </div>
   <div class='ocr_carea' id='block_1_7' title="bbox 171 424 1174 1068">
    <p class='ocr_par' dir='ltr' id='par_1_7' title="bbox 171 424 1174 1068">
     <span class='ocr_line' id='line_1_7' title="bbox 172 424 1169 470; baseline -0.003 -6"><span class='ocrx_word' id='word_1_37' title='bbox 172 428 349 464; x_wconf 83' lang='lat' dir='ltr'>omnibus</span> <span class='ocrx_word' id='word_1_38' title='bbox 369 435 528 463; x_wconf 89' lang='lat' dir='ltr'>mortem</span> <span class='ocrx_word' id='word_1_39' title='bbox 552 440 560 461; x_wconf 90' lang='lat'>:</span> <span class='ocrx_word' id='word_1_40' title='bbox 580 426 697 462; x_wconf 85' lang='lat' dir='ltr'>Maria</span> <span class='ocrx_word' id='word_1_41' title='bbox 727 437 830 470; x_wconf 85' lang='lat' dir='ltr'>rosa,</span> <span class='ocrx_word' id='word_1_42' title='bbox 854 424 1016 461; x_wconf 91' lang='lat' dir='ltr'>reddens</span> <span class='ocrx_word' id='word_1_43' title='bbox 1036 425 1169 462; x_wconf 87' lang='lat' dir='ltr'>saluti-</span> 
     </span>
     <span class='ocr_line' id='line_1_8' title="bbox 172 484 1170 533; baseline -0.004 -10"><span class='ocrx_word' id='word_1_44' title='bbox 172 488 287 523; x_wconf 83' lang='lat' dir='ltr'>feram</span> <span class='ocrx_word' id='word_1_45' title='bbox 311 485 488 523; x_wconf 89' lang='lat' dir='ltr'>omnibus</span> <span class='ocrx_word' id='word_1_46' title='bbox 516 493 667 521; x_wconf 86' lang='lat' dir='ltr'><strong>sortem.</strong></span> <span class='ocrx_word' id='word_1_47' title='bbox 689 488 744 521; x_wconf 91' lang='lat' dir='ltr'>De</span> <span class='ocrx_word' id='word_1_48' title='bbox 774 484 919 532; x_wconf 86' lang='lat' dir='ltr'>liquore</span> <span class='ocrx_word' id='word_1_49' title='bbox 942 484 1063 533; x_wconf 81' lang='lat' dir='ltr'>spinei</span> <span class='ocrx_word' id='word_1_50' title='bbox 1083 497 1170 520; x_wconf 91' lang='lat' dir='ltr'>cor—</span> 
     </span>
     <span class='ocr_line' id='line_1_9' title="bbox 173 543 1169 583; baseline -0.003 0"><span class='ocrx_word' id='word_1_51' title='bbox 173 547 254 583; x_wconf 84' lang='lat' dir='ltr'>ticis</span> <span class='ocrx_word' id='word_1_52' title='bbox 279 547 321 582; x_wconf 84' lang='lat' dir='ltr'>lit</span> <span class='ocrx_word' id='word_1_53' title='bbox 350 553 570 582; x_wconf 84' lang='lat' dir='ltr'>encaustum</span> <span class='ocrx_word' id='word_1_54' title='bbox 600 543 701 580; x_wconf 91' lang='lat' dir='ltr'>unde</span> <span class='ocrx_word' id='word_1_55' title='bbox 732 543 910 580; x_wconf 80' lang='lat' dir='ltr'><strong>scribitur</strong></span> <span class='ocrx_word' id='word_1_56' title='bbox 933 559 940 580; x_wconf 93' lang='lat'>:</span> <span class='ocrx_word' id='word_1_57' title='bbox 966 544 1012 580; x_wconf 91' lang='lat' dir='ltr'>de</span> <span class='ocrx_word' id='word_1_58' title='bbox 1032 544 1169 580; x_wconf 86' lang='lat' dir='ltr'>carnali</span> 
     </span>
     <span class='ocr_line' id='line_1_10' title="bbox 173 599 1170 652; baseline -0.002 -11"><span class='ocrx_word' id='word_1_59' title='bbox 173 599 298 641; x_wconf 87' lang='lat' dir='ltr'>mente</span> <span class='ocrx_word' id='word_1_60' title='bbox 324 613 387 640; x_wconf 93' lang='lat' dir='ltr'>tua</span> <span class='ocrx_word' id='word_1_61' title='bbox 412 604 536 640; x_wconf 88' lang='lat' dir='ltr'>fluxus</span> <span class='ocrx_word' id='word_1_62' title='bbox 557 604 723 640; x_wconf 86' lang='lat' dir='ltr'>nascitur</span> <span class='ocrx_word' id='word_1_63' title='bbox 749 603 1084 652; x_wconf 75' lang='lat' dir='ltr'>concupiscentiae,</span> <span class='ocrx_word' id='word_1_64' title='bbox 1105 603 1170 652; x_wconf 88' lang='lat' dir='ltr'>qui</span> 
     </span>
     <span class='ocr_line' id='line_1_11' title="bbox 171 663 1171 714; baseline -0.002 -13"><span class='ocrx_word' id='word_1_65' title='bbox 171 665 210 701; x_wconf 85' lang='lat' dir='ltr'>in</span> <span class='ocrx_word' id='word_1_66' title='bbox 227 665 305 714; x_wconf 85' lang='lat' dir='ltr'>ipsa</span> <span class='ocrx_word' id='word_1_67' title='bbox 320 673 357 700; x_wconf 94' lang='lat' dir='ltr'>et</span> <span class='ocrx_word' id='word_1_68' title='bbox 372 665 408 700; x_wconf 88' lang='lat' dir='ltr'>in</span> <span class='ocrx_word' id='word_1_69' title='bbox 426 663 544 700; x_wconf 84' lang='lat' dir='ltr'>Adam</span> <span class='ocrx_word' id='word_1_70' title='bbox 562 672 756 714; x_wconf 86' lang='lat' dir='ltr'>peccatum</span> <span class='ocrx_word' id='word_1_71' title='bbox 775 664 938 709; x_wconf 87' lang='lat' dir='ltr'>actuale,</span> <span class='ocrx_word' id='word_1_72' title='bbox 954 664 992 699; x_wconf 89' lang='lat' dir='ltr'>in</span> <span class='ocrx_word' id='word_1_73' title='bbox 1011 664 1171 713; x_wconf 81' lang='lat' dir='ltr'>posteris</span> 
     </span>
     <span class='ocr_line' id='line_1_12' title="bbox 172 723 1172 774; baseline -0.001 -15"><span class='ocrx_word' id='word_1_74' title='bbox 172 724 351 774; x_wconf 81' lang='lat' dir='ltr'>originale</span> <span class='ocrx_word' id='word_1_75' title='bbox 372 723 584 760; x_wconf 86' lang='lat' dir='ltr'>transfudit.</span> <span class='ocrx_word' id='word_1_76' title='bbox 605 726 660 759; x_wconf 90' lang='lat' dir='ltr'>De</span> <span class='ocrx_word' id='word_1_77' title='bbox 684 723 754 759; x_wconf 86' lang='lat' dir='ltr'>hac</span> <span class='ocrx_word' id='word_1_78' title='bbox 783 736 874 759; x_wconf 88' lang='lat' dir='ltr'>vero</span> <span class='ocrx_word' id='word_1_79' title='bbox 894 724 1101 772; x_wconf 89' lang='lat' dir='ltr'>Apostolus</span> <span class='ocrx_word' id='word_1_80' title='bbox 1121 723 1172 758; x_wconf 85' lang='lat' dir='ltr'>ita</span> 
     </span>
     <span class='ocr_line' id='line_1_13' title="bbox 171 782 1172 831; baseline -0.002 -11"><span class='ocrx_word' id='word_1_81' title='bbox 171 783 307 820; x_wconf 83' lang='lat' dir='ltr'>clamat</span> <span class='ocrx_word' id='word_1_82' title='bbox 329 798 337 820; x_wconf 72' lang='grc' dir='ltr'><strong><em>ε</em></strong></span> <span class='ocrx_word' id='word_1_83' title='bbox 359 786 502 819; x_wconf 79' lang='lat' dir='ltr'><em>Littera</em></span> <span class='ocrx_word' id='word_1_84' title='bbox 534 784 686 826; x_wconf 81' lang='lat' dir='ltr'>occidit,</span> <span class='ocrx_word' id='word_1_85' title='bbox 719 787 871 831; x_wconf 71' lang='lat' dir='ltr'>spI&#39;ritus</span> <span class='ocrx_word' id='word_1_86' title='bbox 901 792 1021 818; x_wconf 83' lang='lat' dir='ltr'>autem</span> <span class='ocrx_word' id='word_1_87' title='bbox 1049 782 1172 828; x_wconf 77' lang='lat' dir='ltr'>vivfi-</span> 
     </span>
     <span class='ocr_line' id='line_1_14' title="bbox 175 842 1169 885; baseline 0 -8"><span class='ocrx_word' id='word_1_88' title='bbox 175 851 236 878; x_wconf 64' lang='grc' dir='ltr'>(αι</span> <span class='ocrx_word' id='word_1_89' title='bbox 252 849 277 878; x_wconf 89' lang='lat'>¹.</span> <span class='ocrx_word' id='word_1_90' title='bbox 298 847 352 880; x_wconf 92' lang='lat' dir='ltr'>Ac</span> <span class='ocrx_word' id='word_1_91' title='bbox 374 842 404 879; x_wconf 92' lang='lat' dir='ltr'>si</span> <span class='ocrx_word' id='word_1_92' title='bbox 424 842 565 878; x_wconf 88' lang='lat' dir='ltr'>diceret</span> <span class='ocrx_word' id='word_1_93' title='bbox 582 856 590 878; x_wconf 74' lang='grc' dir='ltr'>ε</span> <span class='ocrx_word' id='word_1_94' title='bbox 609 845 683 878; x_wconf 83' lang='lat' dir='ltr'>Per</span> <span class='ocrx_word' id='word_1_95' title='bbox 709 856 822 878; x_wconf 81' lang='lat' dir='ltr'>unum</span> <span class='ocrx_word' id='word_1_96' title='bbox 842 844 1028 878; x_wconf 76' lang='lat' dir='ltr'>hominem</span> <span class='ocrx_word' id='word_1_97' title='bbox 1049 855 1169 885; x_wconf 79' lang='lat' dir='ltr'>mors,</span> 
     </span>
     <span class='ocr_line' id='line_1_15' title="bbox 177 902 1174 950; baseline -0.002 -12"><span class='ocrx_word' id='word_1_98' title='bbox 177 911 213 937; x_wconf 84' lang='lat' dir='ltr'>et</span> <span class='ocrx_word' id='word_1_99' title='bbox 235 915 310 950; x_wconf 81' lang='lat' dir='ltr'>per</span> <span class='ocrx_word' id='word_1_100' title='bbox 336 915 449 938; x_wconf 79' lang='lat' dir='ltr'>unum</span> <span class='ocrx_word' id='word_1_101' title='bbox 469 902 654 937; x_wconf 71' lang='lat' dir='ltr'>hominem</span> <span class='ocrx_word' id='word_1_102' title='bbox 687 906 900 937; x_wconf 77' lang='lat' dir='ltr'>resurrectio</span> <span class='ocrx_word' id='word_1_103' title='bbox 920 910 1141 937; x_wconf 81' lang='lat' dir='ltr'>mortuorum</span> <span class='ocrx_word' id='word_1_104' title='bbox 1162 915 1174 935; x_wconf 90' lang='lat'><em>:</em></span> 
     </span>
     <span class='ocr_line' id='line_1_16' title="bbox 174 963 1173 1005; baseline -0.001 -10"><span class='ocrx_word' id='word_1_105' title='bbox 174 970 211 996; x_wconf 86' lang='lat' dir='ltr'>et</span> <span class='ocrx_word' id='word_1_106' title='bbox 238 966 334 997; x_wconf 76' lang='lat' dir='ltr'>sicut</span> <span class='ocrx_word' id='word_1_107' title='bbox 360 965 398 996; x_wconf 83' lang='lat' dir='ltr'>in</span> <span class='ocrx_word' id='word_1_108' title='bbox 426 963 553 997; x_wconf 80' lang='lat' dir='ltr'>Adam</span> <span class='ocrx_word' id='word_1_109' title='bbox 586 974 711 997; x_wconf 81' lang='lat' dir='ltr'>omnes</span> <span class='ocrx_word' id='word_1_110' title='bbox 743 966 958 1005; x_wconf 69' lang='lat' dir='ltr'>morirentur,</span> <span class='ocrx_word' id='word_1_111' title='bbox 990 965 1042 995; x_wconf 81' lang='lat' dir='ltr'>ita</span> <span class='ocrx_word' id='word_1_112' title='bbox 1071 970 1106 995; x_wconf 85' lang='lat' dir='ltr'>et</span> <span class='ocrx_word' id='word_1_113' title='bbox 1135 965 1173 995; x_wconf 75' lang='lat' dir='ltr'>e&#39;n</span> 
     </span>
     <span class='ocr_line' id='line_1_17' title="bbox 177 1020 1172 1068; baseline 0 -13"><span class='ocrx_word' id='word_1_114' title='bbox 177 1020 318 1057; x_wconf 79' lang='lat' dir='ltr'>Christo</span> <span class='ocrx_word' id='word_1_115' title='bbox 333 1035 458 1057; x_wconf 81' lang='lat' dir='ltr'>omnes</span> <span class='ocrx_word' id='word_1_116' title='bbox 472 1021 795 1068; x_wconf 76' lang='lat' dir='ltr'>vivificabuntur2.</span> <span class='ocrx_word' id='word_1_117' title='bbox 814 1020 931 1057; x_wconf 85' lang='lat' dir='ltr'>Maria</span> <span class='ocrx_word' id='word_1_118' title='bbox 947 1027 1071 1056; x_wconf 83' lang='lat' dir='ltr'>autem</span> <span class='ocrx_word' id='word_1_119' title='bbox 1088 1031 1172 1055; x_wconf 87' lang='lat' dir='ltr'>rosa</span> 
     </span>
    </p>
   </div>
   <div class='ocr_carea' id='block_1_8' title="bbox 174 1077 1880 1131">
    <p class='ocr_par' dir='ltr' id='par_1_8' title="bbox 174 1077 1880 1131">
     <span class='ocr_line' id='line_1_18' title="bbox 174 1077 1880 1131; baseline -0.001 -15"><span class='ocrx_word' id='word_1_120' title='bbox 174 1080 246 1117; x_wconf 86' lang='lat' dir='ltr'>fuit</span> <span class='ocrx_word' id='word_1_121' title='bbox 275 1081 434 1118; x_wconf 84' lang='lat' dir='ltr'>candida</span> <span class='ocrx_word' id='word_1_122' title='bbox 463 1093 532 1131; x_wconf 89' lang='lat' dir='ltr'>per</span> <span class='ocrx_word' id='word_1_123' title='bbox 562 1080 832 1130; x_wconf 83' lang='lat' dir='ltr'>virginitatem,</span> <span class='ocrx_word' id='word_1_124' title='bbox 864 1078 1072 1115; x_wconf 88' lang='lat' dir='ltr'>rubicunda</span> <span class='ocrx_word' id='word_1_125' title='bbox 1106 1079 1218 1128; x_wconf 88' lang='lat' dir='ltr'>perB</span> <span class='ocrx_word' id='word_1_126' title='bbox 1237 1086 1393 1127; x_wconf 88' lang='lat' dir='ltr'>puteum</span> <span class='ocrx_word' id='word_1_127' title='bbox 1430 1077 1547 1115; x_wconf 84' lang='lat' dir='ltr'>Jacob</span> <span class='ocrx_word' id='word_1_128' title='bbox 1582 1092 1715 1127; x_wconf 77' lang='lat' dir='ltr'>rogans</span> <span class='ocrx_word' id='word_1_129' title='bbox 1749 1088 1880 1128; x_wconf 87' lang='lat' dir='ltr'>potum</span> 
     </span>
    </p>
   </div>
   <div class='ocr_carea' id='block_1_9' title="bbox 171 1138 1174 1841">
    <p class='ocr_par' dir='ltr' id='par_1_9' title="bbox 173 1138 1173 1485">
     <span class='ocr_line' id='line_1_19' title="bbox 175 1138 1169 1186; baseline -0.004 -9"><span class='ocrx_word' id='word_1_130' title='bbox 175 1141 392 1178; x_wconf 81' lang='lat' dir='ltr'>charitatem</span> <span class='ocrx_word' id='word_1_131' title='bbox 411 1156 418 1177; x_wconf 93' lang='lat'>:</span> <span class='ocrx_word' id='word_1_132' title='bbox 434 1140 609 1186; x_wconf 85' lang='lat' dir='ltr'>candida,</span> <span class='ocrx_word' id='word_1_133' title='bbox 626 1152 757 1184; x_wconf 80' lang='lat' dir='ltr'>carne3</span> <span class='ocrx_word' id='word_1_134' title='bbox 774 1138 1002 1183; x_wconf 83' lang='lat' dir='ltr'>rubicunda,</span> <span class='ocrx_word' id='word_1_135' title='bbox 1021 1146 1145 1174; x_wconf 90' lang='lat' dir='ltr'>mente</span> <span class='ocrx_word' id='word_1_136' title='bbox 1161 1153 1169 1174; x_wconf 87' lang='lat'>:</span> 
     </span>
     <span class='ocr_line' id='line_1_20' title="bbox 174 1197 1172 1246; baseline -0.003 -10"><span class='ocrx_word' id='word_1_137' title='bbox 174 1200 352 1246; x_wconf 86' lang='lat' dir='ltr'>candida,</span> <span class='ocrx_word' id='word_1_138' title='bbox 382 1200 562 1236; x_wconf 71' lang='lat' dir='ltr'>virtutem</span> <span class='ocrx_word' id='word_1_139' title='bbox 590 1198 789 1243; x_wconf 87' lang='lat' dir='ltr'>sectando;</span> <span class='ocrx_word' id='word_1_140' title='bbox 818 1197 1050 1242; x_wconf 86' lang='lat' dir='ltr'>rubicunda,</span> <span class='ocrx_word' id='word_1_141' title='bbox 1081 1198 1172 1234; x_wconf 84' lang='lat' dir='ltr'>vitia</span> 
     </span>
     <span class='ocr_line' id='line_1_21' title="bbox 173 1257 1172 1308; baseline -0.003 -12"><span class='ocrx_word' id='word_1_142' title='bbox 173 1259 352 1296; x_wconf 84' lang='lat' dir='ltr'>calcando</span> <span class='ocrx_word' id='word_1_143' title='bbox 379 1273 386 1295; x_wconf 91' lang='lat'>:</span> <span class='ocrx_word' id='word_1_144' title='bbox 416 1259 595 1304; x_wconf 87' lang='lat' dir='ltr'>candida,</span> <span class='ocrx_word' id='word_1_145' title='bbox 625 1259 799 1294; x_wconf 76' lang='lat' dir='ltr'>affectum</span> <span class='ocrx_word' id='word_1_146' title='bbox 829 1257 1086 1308; x_wconf 83' lang='lat' dir='ltr'>purilicand03</span> <span class='ocrx_word' id='word_1_147' title='bbox 1107 1271 1172 1294; x_wconf 83' lang='lat' dir='ltr'>ru-</span> 
     </span>
     <span class='ocr_line' id='line_1_22' title="bbox 173 1315 1053 1363; baseline -0.005 -8"><span class='ocrx_word' id='word_1_148' title='bbox 173 1317 356 1363; x_wconf 87' lang='lat' dir='ltr'>bicunda,</span> <span class='ocrx_word' id='word_1_149' title='bbox 387 1325 511 1354; x_wconf 86' lang='lat' dir='ltr'>actum</span> <span class='ocrx_word' id='word_1_150' title='bbox 541 1317 729 1353; x_wconf 87' lang='lat' dir='ltr'>carnalem</span> <span class='ocrx_word' id='word_1_151' title='bbox 758 1315 1020 1352; x_wconf 85' lang='lat' dir='ltr'>mortificando</span> <span class='ocrx_word' id='word_1_152' title='bbox 1046 1331 1053 1352; x_wconf 76' lang='lat' dir='ltr'>z</span> 
     </span>
     <span class='ocr_line' id='line_1_23' title="bbox 175 1374 1173 1425; baseline -0.003 -12"><span class='ocrx_word' id='word_1_153' title='bbox 175 1377 282 1423; x_wconf 83' lang='lat' dir='ltr'>dida,</span> <span class='ocrx_word' id='word_1_154' title='bbox 318 1380 440 1414; x_wconf 90' lang='lat' dir='ltr'>Deum</span> <span class='ocrx_word' id='word_1_155' title='bbox 478 1376 690 1425; x_wconf 80' lang='lat' dir='ltr'>diligendo3</span> <span class='ocrx_word' id='word_1_156' title='bbox 731 1374 962 1420; x_wconf 84' lang='lat' dir='ltr'>rubicunda,</span> <span class='ocrx_word' id='word_1_157' title='bbox 998 1375 1173 1424; x_wconf 75' lang='lat' dir='ltr'>proximo</span> 
     </span>
     <span class='ocr_line' id='line_1_24' title="bbox 175 1435 456 1485; baseline -0.004 -13"><span class='ocrx_word' id='word_1_158' title='bbox 175 1435 456 1485; x_wconf 87' lang='lat' dir='ltr'>compatiendo.</span> 
     </span>
    </p>

    <p class='ocr_par' dir='ltr' id='par_1_10' title="bbox 171 1492 1174 1841">
     <span class='ocr_line' id='line_1_25' title="bbox 231 1492 1172 1544; baseline -0.003 -12"><span class='ocrx_word' id='word_1_159' title='bbox 231 1497 290 1532; x_wconf 93' lang='lat'>11.</span> <span class='ocrx_word' id='word_1_160' title='bbox 322 1499 378 1532; x_wconf 92' lang='lat' dir='ltr'>De</span> <span class='ocrx_word' id='word_1_161' title='bbox 401 1495 509 1544; x_wconf 84' lang='lat' dir='ltr'>lignis</span> <span class='ocrx_word' id='word_1_162' title='bbox 529 1508 621 1531; x_wconf 78' lang='lat' dir='ltr'>vero</span> <span class='ocrx_word' id='word_1_163' title='bbox 641 1494 783 1532; x_wconf 88' lang='lat' dir='ltr'>Sethim</span> <span class='ocrx_word' id='word_1_164' title='bbox 806 1493 957 1530; x_wconf 84' lang='lat' dir='ltr'>condita</span> <span class='ocrx_word' id='word_1_165' title='bbox 973 1501 1028 1529; x_wconf 85' lang='lat' dir='ltr'>est</span> <span class='ocrx_word' id='word_1_166' title='bbox 1045 1506 1130 1529; x_wconf 85' lang='lat' dir='ltr'>arca</span> <span class='ocrx_word' id='word_1_167' title='bbox 1144 1492 1172 1538; x_wconf 83' lang='lat'>3,</span> 
     </span>
     <span class='ocr_line' id='line_1_26' title="bbox 173 1554 1174 1604; baseline -0.003 -13"><span class='ocrx_word' id='word_1_168' title='bbox 173 1555 210 1591; x_wconf 87' lang='lat' dir='ltr'>in</span> <span class='ocrx_word' id='word_1_169' title='bbox 232 1567 306 1604; x_wconf 87' lang='lat' dir='ltr'>qua</span> <span class='ocrx_word' id='word_1_170' title='bbox 326 1555 580 1600; x_wconf 83' lang='lat' dir='ltr'>thuribulum,</span> <span class='ocrx_word' id='word_1_171' title='bbox 603 1567 738 1590; x_wconf 77' lang='lat' dir='ltr'>munna</span> <span class='ocrx_word' id='word_1_172' title='bbox 759 1562 796 1590; x_wconf 86' lang='lat' dir='ltr'>et</span> <span class='ocrx_word' id='word_1_173' title='bbox 811 1554 917 1603; x_wconf 77' lang='lat' dir='ltr'>virga</span> <span class='ocrx_word' id='word_1_174' title='bbox 937 1561 1024 1589; x_wconf 91' lang='lat' dir='ltr'>sunt</span> <span class='ocrx_word' id='word_1_175' title='bbox 1042 1566 1174 1589; x_wconf 84' lang='lat' dir='ltr'>recon-</span> 
     </span>
     <span class='ocr_line' id='line_1_27' title="bbox 172 1613 1173 1662; baseline -0.002 -12"><span class='ocrx_word' id='word_1_176' title='bbox 172 1613 249 1650; x_wconf 87' lang='lat' dir='ltr'>dita</span> <span class='ocrx_word' id='word_1_177' title='bbox 275 1613 393 1662; x_wconf 86' lang='lat' dir='ltr'>:quia</span> <span class='ocrx_word' id='word_1_178' title='bbox 423 1614 507 1649; x_wconf 87' lang='lat' dir='ltr'>licet</span> <span class='ocrx_word' id='word_1_179' title='bbox 537 1613 655 1650; x_wconf 85' lang='lat' dir='ltr'>Maria</span> <span class='ocrx_word' id='word_1_180' title='bbox 686 1613 732 1649; x_wconf 88' lang='lat' dir='ltr'>de</span> <span class='ocrx_word' id='word_1_181' title='bbox 761 1621 910 1662; x_wconf 81' lang='lat' dir='ltr'>patrum</span> <span class='ocrx_word' id='word_1_182' title='bbox 942 1620 1074 1648; x_wconf 85' lang='lat' dir='ltr'>natura</span> <span class='ocrx_word' id='word_1_183' title='bbox 1104 1625 1173 1661; x_wconf 90' lang='lat' dir='ltr'>per</span> 
     </span>
     <span class='ocr_line' id='line_1_28' title="bbox 171 1671 1173 1722; baseline -0.001 -14"><span class='ocrx_word' id='word_1_184' title='bbox 171 1680 367 1722; x_wconf 83' lang='lat' dir='ltr'>peccatum</span> <span class='ocrx_word' id='word_1_185' title='bbox 397 1673 525 1709; x_wconf 81' lang='lat' dir='ltr'>vitiata</span> <span class='ocrx_word' id='word_1_186' title='bbox 554 1671 707 1708; x_wconf 87' lang='lat' dir='ltr'>duceret</span> <span class='ocrx_word' id='word_1_187' title='bbox 736 1672 943 1721; x_wconf 79' lang='lat' dir='ltr'>originem,</span> <span class='ocrx_word' id='word_1_188' title='bbox 976 1671 1173 1720; x_wconf 68' lang='lat' dir='ltr'>praeelecta</span> 
     </span>
     <span class='ocr_line' id='line_1_29' title="bbox 173 1730 1173 1781; baseline -0.002 -13"><span class='ocrx_word' id='word_1_189' title='bbox 173 1740 296 1768; x_wconf 85' lang='lat' dir='ltr'>tamen</span> <span class='ocrx_word' id='word_1_190' title='bbox 328 1744 397 1781; x_wconf 90' lang='lat' dir='ltr'>per</span> <span class='ocrx_word' id='word_1_191' title='bbox 425 1731 608 1781; x_wconf 85' lang='lat' dir='ltr'>Spiritum</span> <span class='ocrx_word' id='word_1_192' title='bbox 629 1739 799 1767; x_wconf 90' lang='lat' dir='ltr'>sanctum</span> <span class='ocrx_word' id='word_1_193' title='bbox 822 1739 859 1767; x_wconf 92' lang='lat' dir='ltr'>et</span> <span class='ocrx_word' id='word_1_194' title='bbox 878 1738 1106 1780; x_wconf 65' lang='lat' dir='ltr'>praeservata</span> <span class='ocrx_word' id='word_1_195' title='bbox 1126 1730 1173 1766; x_wconf 83' lang='lat' dir='ltr'>ad</span> 
     </span>
     <span class='ocr_line' id='line_1_30' title="bbox 176 1789 1172 1841; baseline -0.003 -13"><span class='ocrx_word' id='word_1_196' title='bbox 176 1804 335 1841; x_wconf 87' lang='lat' dir='ltr'>purum,</span> <span class='ocrx_word' id='word_1_197' title='bbox 358 1794 477 1827; x_wconf 89' lang='lat' dir='ltr'>Deum</span> <span class='ocrx_word' id='word_1_198' title='bbox 499 1789 609 1827; x_wconf 89' lang='lat' dir='ltr'>nobis</span> <span class='ocrx_word' id='word_1_199' title='bbox 629 1790 767 1826; x_wconf 90' lang='lat' dir='ltr'>obtulit</span> <span class='ocrx_word' id='word_1_200' title='bbox 786 1798 823 1826; x_wconf 90' lang='lat' dir='ltr'>et</span> <span class='ocrx_word' id='word_1_201' title='bbox 842 1790 1047 1826; x_wconf 86' lang='lat' dir='ltr'>hominem.</span> <span class='ocrx_word' id='word_1_202' title='bbox 1066 1790 1172 1826; x_wconf 89' lang='lat' dir='ltr'>Thu-</span> 
     </span>
    </p>
   </div>
   <div class='ocr_carea' id='block_1_10' title="bbox 1081 1313 1178 1351">
    <p class='ocr_par' dir='ltr' id='par_1_11' title="bbox 1081 1313 1178 1351">
     <span class='ocr_line' id='line_1_31' title="bbox 1081 1313 1178 1351; baseline 0 0"><span class='ocrx_word' id='word_1_203' title='bbox 1081 1313 1178 1351; x_wconf 55' lang='lat' dir='ltr'>can-&#39;</span> 
     </span>
    </p>
   </div>
   <div class='ocr_carea' id='block_1_11' title="bbox 1235 426 2240 1841">
    <p class='ocr_par' dir='ltr' id='par_1_12' title="bbox 1235 426 2240 1841">
     <span class='ocr_line' id='line_1_32' title="bbox 1235 426 2235 477; baseline 0.003 -15"><span class='ocrx_word' id='word_1_204' title='bbox 1235 426 1429 462; x_wconf 83' lang='lat' dir='ltr'>Salvatore</span> <span class='ocrx_word' id='word_1_205' title='bbox 1449 435 1579 462; x_wconf 83' lang='lat' dir='ltr'>nostro</span> <span class='ocrx_word' id='word_1_206' title='bbox 1600 440 1701 463; x_wconf 87' lang='lat' dir='ltr'>nunc</span> <span class='ocrx_word' id='word_1_207' title='bbox 1722 429 1876 477; x_wconf 80' lang='lat' dir='ltr'>propria</span> <span class='ocrx_word' id='word_1_208' title='bbox 1895 428 2077 464; x_wconf 77' lang='lat' dir='ltr'>tolerabat</span> <span class='ocrx_word' id='word_1_209' title='bbox 2100 429 2235 465; x_wconf 86' lang='lat' dir='ltr'>huma-</span> 
     </span>
     <span class='ocr_line' id='line_1_33' title="bbox 1236 485 2231 538; baseline 0.005 -18"><span class='ocrx_word' id='word_1_210' title='bbox 1236 485 1353 531; x_wconf 83' lang='lat' dir='ltr'>nitas,</span> <span class='ocrx_word' id='word_1_211' title='bbox 1382 499 1483 522; x_wconf 87' lang='lat' dir='ltr'>nunc</span> <span class='ocrx_word' id='word_1_212' title='bbox 1511 487 1666 535; x_wconf 82' lang='lat' dir='ltr'>propria</span> <span class='ocrx_word' id='word_1_213' title='bbox 1688 487 1843 523; x_wconf 78' lang='lat' dir='ltr'>faciebat</span> <span class='ocrx_word' id='word_1_214' title='bbox 1866 488 2055 525; x_wconf 76' lang='lat' dir='ltr'>divinitas.</span> <span class='ocrx_word' id='word_1_215' title='bbox 2076 490 2175 538; x_wconf 76' lang='lat' dir='ltr'>Ignis</span> <span class='ocrx_word' id='word_1_216' title='bbox 2195 490 2231 525; x_wconf 89' lang='lat' dir='ltr'>in</span> 
     </span>
     <span class='ocr_line' id='line_1_34' title="bbox 1236 543 2234 597; baseline 0.006 -18"><span class='ocrx_word' id='word_1_217' title='bbox 1236 543 1420 590; x_wconf 83' lang='lat' dir='ltr'>carbone,</span> <span class='ocrx_word' id='word_1_218' title='bbox 1451 545 1625 582; x_wconf 72' lang='lat' dir='ltr'>divinitas</span> <span class='ocrx_word' id='word_1_219' title='bbox 1652 554 1708 582; x_wconf 89' lang='lat' dir='ltr'>est</span> <span class='ocrx_word' id='word_1_220' title='bbox 1725 546 1904 583; x_wconf 79' lang='lat' dir='ltr'>innocens</span> <span class='ocrx_word' id='word_1_221' title='bbox 1931 548 1967 583; x_wconf 92' lang='lat' dir='ltr'>in</span> <span class='ocrx_word' id='word_1_222' title='bbox 1989 561 2115 597; x_wconf 88' lang='lat' dir='ltr'>opere.</span> <span class='ocrx_word' id='word_1_223' title='bbox 2134 549 2234 596; x_wconf 79' lang='lat' dir='ltr'>Ignis</span> 
     </span>
     <span class='ocr_line' id='line_1_35' title="bbox 1236 603 2229 652; baseline 0.004 -14"><span class='ocrx_word' id='word_1_224' title='bbox 1236 603 1275 639; x_wconf 93' lang='lat' dir='ltr'>in</span> <span class='ocrx_word' id='word_1_225' title='bbox 1310 604 1461 652; x_wconf 89' lang='lat' dir='ltr'>prunis,</span> <span class='ocrx_word' id='word_1_226' title='bbox 1505 605 1659 641; x_wconf 77' lang='lat' dir='ltr'>evidens</span> <span class='ocrx_word' id='word_1_227' title='bbox 1693 614 1748 641; x_wconf 88' lang='lat' dir='ltr'>est</span> <span class='ocrx_word' id='word_1_228' title='bbox 1792 606 1971 643; x_wconf 86' lang='lat' dir='ltr'>indicium</span> <span class='ocrx_word' id='word_1_229' title='bbox 2011 607 2229 644; x_wconf 76' lang='lat' dir='ltr'>divinitatis.</span> 
     </span>
     <span class='ocr_line' id='line_1_36' title="bbox 1237 662 2231 715; baseline 0.003 -15"><span class='ocrx_word' id='word_1_230' title='bbox 1237 662 1358 700; x_wconf 83' lang='lat' dir='ltr'>Carbo</span> <span class='ocrx_word' id='word_1_231' title='bbox 1391 672 1581 709; x_wconf 88' lang='lat' dir='ltr'>mortuus,</span> <span class='ocrx_word' id='word_1_232' title='bbox 1614 664 1649 700; x_wconf 91' lang='lat' dir='ltr'>in</span> <span class='ocrx_word' id='word_1_233' title='bbox 1680 679 1848 715; x_wconf 74' lang='lat' dir='ltr'><strong>praesepe</strong></span> <span class='ocrx_word' id='word_1_234' title='bbox 1875 666 2004 714; x_wconf 79' lang='lat' dir='ltr'>jacens</span> <span class='ocrx_word' id='word_1_235' title='bbox 2037 682 2044 703; x_wconf 92' lang='lat'><strong>:</strong></span> <span class='ocrx_word' id='word_1_236' title='bbox 2075 668 2231 715; x_wconf 77' lang='lat' dir='ltr'>igneus,</span> 
     </span>
     <span class='ocr_line' id='line_1_37' title="bbox 1237 722 2233 775; baseline 0.005 -18"><span class='ocrx_word' id='word_1_237' title='bbox 1237 722 1422 758; x_wconf 87' lang='lat' dir='ltr'>daemonia</span> <span class='ocrx_word' id='word_1_238' title='bbox 1447 724 1649 772; x_wconf 78' lang='lat' dir='ltr'>expellens.</span> <span class='ocrx_word' id='word_1_239' title='bbox 1671 728 1861 770; x_wconf 79' lang='lat' dir='ltr'>Mortuus,</span> <span class='ocrx_word' id='word_1_240' title='bbox 1883 725 1920 761; x_wconf 92' lang='lat' dir='ltr'>in</span> <span class='ocrx_word' id='word_1_241' title='bbox 1947 729 2150 775; x_wconf 71' lang='lat' dir='ltr'>AEgyptum</span> <span class='ocrx_word' id='word_1_242' title='bbox 2171 727 2233 762; x_wconf 89' lang='lat' dir='ltr'>fu-</span> 
     </span>
     <span class='ocr_line' id='line_1_38' title="bbox 1237 781 2230 829; baseline 0.005 -13"><span class='ocrx_word' id='word_1_243' title='bbox 1237 781 1340 829; x_wconf 87' lang='lat' dir='ltr'>giens</span> <span class='ocrx_word' id='word_1_244' title='bbox 1360 795 1368 816; x_wconf 88' lang='lat'>:</span> <span class='ocrx_word' id='word_1_245' title='bbox 1390 781 1540 829; x_wconf 79' lang='lat' dir='ltr'>igneus,</span> <span class='ocrx_word' id='word_1_246' title='bbox 1562 783 1769 819; x_wconf 81' lang='lat' dir='ltr'>vendentes</span> <span class='ocrx_word' id='word_1_247' title='bbox 1789 791 1825 819; x_wconf 90' lang='lat' dir='ltr'>et</span> <span class='ocrx_word' id='word_1_248' title='bbox 1844 793 2009 820; x_wconf 78' lang='lat' dir='ltr'>ementes</span> <span class='ocrx_word' id='word_1_249' title='bbox 2037 784 2230 821; x_wconf 82' lang='lat' dir='ltr'>columbas</span> 
     </span>
     <span class='ocr_line' id='line_1_39' title="bbox 1239 839 2229 889; baseline 0.004 -14"><span class='ocrx_word' id='word_1_250' title='bbox 1239 839 1285 876; x_wconf 92' lang='lat' dir='ltr'>de</span> <span class='ocrx_word' id='word_1_251' title='bbox 1305 840 1445 889; x_wconf 86' lang='lat' dir='ltr'>templo</span> <span class='ocrx_word' id='word_1_252' title='bbox 1462 840 1625 888; x_wconf 88' lang='lat' dir='ltr'>ejiciens.</span> <span class='ocrx_word' id='word_1_253' title='bbox 1647 845 1832 886; x_wconf 79' lang='lat' dir='ltr'>Mortuus,</span> <span class='ocrx_word' id='word_1_254' title='bbox 1853 842 2044 879; x_wconf 85' lang='lat' dir='ltr'>dormiens</span> <span class='ocrx_word' id='word_1_255' title='bbox 2060 844 2096 879; x_wconf 90' lang='lat' dir='ltr'>in</span> <span class='ocrx_word' id='word_1_256' title='bbox 2115 844 2201 879; x_wconf 81' lang='lat' dir='ltr'>navi</span> <span class='ocrx_word' id='word_1_257' title='bbox 2221 859 2229 880; x_wconf 77' lang='lat' dir='ltr'>z</span> 
     </span>
     <span class='ocr_line' id='line_1_40' title="bbox 1237 899 2232 948; baseline 0.005 -14"><span class='ocrx_word' id='word_1_258' title='bbox 1237 899 1388 948; x_wconf 74' lang='lat' dir='ltr'>igneus,</span> <span class='ocrx_word' id='word_1_259' title='bbox 1411 899 1600 948; x_wconf 81' lang='lat' dir='ltr'>imperans</span> <span class='ocrx_word' id='word_1_260' title='bbox 1616 902 1738 937; x_wconf 64' lang='lat' dir='ltr'>ventis</span> <span class='ocrx_word' id='word_1_261' title='bbox 1754 910 1789 937; x_wconf 91' lang='lat' dir='ltr'>et</span> <span class='ocrx_word' id='word_1_262' title='bbox 1808 902 1912 937; x_wconf 85' lang='lat' dir='ltr'>mari.</span> <span class='ocrx_word' id='word_1_263' title='bbox 1930 906 2122 948; x_wconf 76' lang='lat' dir='ltr'>Mortuus,</span> <span class='ocrx_word' id='word_1_264' title='bbox 2139 902 2232 939; x_wconf 89' lang='lat' dir='ltr'>sub-</span> 
     </span>
     <span class='ocr_line' id='line_1_41' title="bbox 1240 958 2233 1010; baseline 0.005 -16"><span class='ocrx_word' id='word_1_265' title='bbox 1240 958 1338 995; x_wconf 90' lang='lat' dir='ltr'>ditus</span> <span class='ocrx_word' id='word_1_266' title='bbox 1368 959 1586 1008; x_wconf 86' lang='lat' dir='ltr'>parentibus</span> <span class='ocrx_word' id='word_1_267' title='bbox 1609 975 1615 996; x_wconf 89' lang='lat'>:</span> <span class='ocrx_word' id='word_1_268' title='bbox 1637 960 1786 1009; x_wconf 76' lang='lat' dir='ltr'>igneus,</span> <span class='ocrx_word' id='word_1_269' title='bbox 1815 970 1977 1010; x_wconf 89' lang='lat' dir='ltr'>quatuor</span> <span class='ocrx_word' id='word_1_270' title='bbox 2004 963 2140 999; x_wconf 85' lang='lat' dir='ltr'>satians</span> <span class='ocrx_word' id='word_1_271' title='bbox 2160 963 2233 998; x_wconf 90' lang='lat' dir='ltr'>ho-</span> 
     </span>
     <span class='ocr_line' id='line_1_42' title="bbox 1239 1019 2235 1069; baseline 0.004 -15"><span class='ocrx_word' id='word_1_272' title='bbox 1239 1019 1383 1054; x_wconf 86' lang='lat' dir='ltr'>minum</span> <span class='ocrx_word' id='word_1_273' title='bbox 1406 1019 1519 1055; x_wconf 81' lang='lat' dir='ltr'>millia</span> <span class='ocrx_word' id='word_1_274' title='bbox 1550 1019 1596 1055; x_wconf 88' lang='lat' dir='ltr'>de</span> <span class='ocrx_word' id='word_1_275' title='bbox 1623 1029 1764 1069; x_wconf 78' lang='lat' dir='ltr'>septeni</span> <span class='ocrx_word' id='word_1_276' title='bbox 1787 1020 1959 1069; x_wconf 85' lang='lat' dir='ltr'>panibus.</span> <span class='ocrx_word' id='word_1_277' title='bbox 1978 1025 2168 1067; x_wconf 82' lang='lat' dir='ltr'>Mortuus,</span> <span class='ocrx_word' id='word_1_278' title='bbox 2188 1021 2235 1058; x_wconf 85' lang='lat' dir='ltr'>ad</span> 
     </span>
     <span class='ocr_line' id='line_1_43' title="bbox 1913 1080 2233 1129; baseline 0.003 -14"><span class='ocrx_word' id='word_1_279' title='bbox 1913 1094 1920 1115; x_wconf 88' lang='lat'>:</span> <span class='ocrx_word' id='word_1_280' title='bbox 1953 1080 2103 1129; x_wconf 76' lang='lat' dir='ltr'>igneus,</span> <span class='ocrx_word' id='word_1_281' title='bbox 2139 1082 2233 1116; x_wconf 83' lang='lat' dir='ltr'>cirea</span> 
     </span>
     <span class='ocr_line' id='line_1_44' title="bbox 1237 1137 2232 1188; baseline 0.001 -14"><span class='ocrx_word' id='word_1_282' title='bbox 1237 1137 1388 1174; x_wconf 90' lang='lat' dir='ltr'>Jericho</span> <span class='ocrx_word' id='word_1_283' title='bbox 1408 1137 1624 1173; x_wconf 84' lang='lat' dir='ltr'>illuminans</span> <span class='ocrx_word' id='word_1_284' title='bbox 1641 1151 1800 1184; x_wconf 81' lang='lat' dir='ltr'>caecum,</span> <span class='ocrx_word' id='word_1_285' title='bbox 1821 1147 1856 1174; x_wconf 79' lang='lat' dir='ltr'>et</span> <span class='ocrx_word' id='word_1_286' title='bbox 1874 1152 2008 1175; x_wconf 87' lang='lat' dir='ltr'>sanans</span> <span class='ocrx_word' id='word_1_287' title='bbox 2027 1140 2232 1188; x_wconf 80' lang='lat' dir='ltr'>leprosum.</span> 
     </span>
     <span class='ocr_line' id='line_1_45' title="bbox 1238 1196 2232 1241; baseline 0.001 -8"><span class='ocrx_word' id='word_1_288' title='bbox 1238 1196 1360 1234; x_wconf 86' lang='lat' dir='ltr'>Carbo</span> <span class='ocrx_word' id='word_1_289' title='bbox 1375 1206 1454 1233; x_wconf 87' lang='lat' dir='ltr'>erat</span> <span class='ocrx_word' id='word_1_290' title='bbox 1470 1205 1660 1241; x_wconf 75' lang='lat' dir='ltr'>mortuuS,</span> <span class='ocrx_word' id='word_1_291' title='bbox 1681 1197 1769 1233; x_wconf 89' lang='lat' dir='ltr'>dum</span> <span class='ocrx_word' id='word_1_292' title='bbox 1787 1212 1806 1233; x_wconf 83' lang='lat' dir='ltr'>a</span> <span class='ocrx_word' id='word_1_293' title='bbox 1824 1197 1976 1233; x_wconf 82' lang='lat' dir='ltr'>diabolo</span> <span class='ocrx_word' id='word_1_294' title='bbox 1997 1207 2204 1234; x_wconf 82' lang='lat' dir='ltr'>tentaretur</span> <span class='ocrx_word' id='word_1_295' title='bbox 2225 1213 2232 1234; x_wconf 90' lang='lat'>:</span> 
     </span>
     <span class='ocr_line' id='line_1_46' title="bbox 1237 1256 2235 1306; baseline 0.002 -14"><span class='ocrx_word' id='word_1_296' title='bbox 1237 1257 1388 1306; x_wconf 78' lang='lat' dir='ltr'>igneus,</span> <span class='ocrx_word' id='word_1_297' title='bbox 1412 1256 1500 1292; x_wconf 83' lang='lat' dir='ltr'>(lum</span> <span class='ocrx_word' id='word_1_298' title='bbox 1523 1256 1555 1292; x_wconf 91' lang='lat' dir='ltr'>ei</span> <span class='ocrx_word' id='word_1_299' title='bbox 1576 1256 1622 1292; x_wconf 86' lang='lat' dir='ltr'>ab</span> <span class='ocrx_word' id='word_1_300' title='bbox 1645 1258 1796 1305; x_wconf 76' lang='lat' dir='ltr'>Angelis</span> <span class='ocrx_word' id='word_1_301' title='bbox 1820 1257 2105 1294; x_wconf 80' lang='lat' dir='ltr'>ministraretur.</span> <span class='ocrx_word' id='word_1_302' title='bbox 2128 1261 2235 1294; x_wconf 75' lang='lat' dir='ltr'>Mor-</span> 
     </span>
     <span class='ocr_line' id='line_1_47' title="bbox 1239 1316 2237 1365; baseline 0.001 -14"><span class='ocrx_word' id='word_1_303' title='bbox 1239 1324 1344 1361; x_wconf 87' lang='lat' dir='ltr'>tuus,</span> <span class='ocrx_word' id='word_1_304' title='bbox 1368 1316 1404 1351; x_wconf 91' lang='lat' dir='ltr'>in</span> <span class='ocrx_word' id='word_1_305' title='bbox 1435 1316 1654 1364; x_wconf 83' lang='lat' dir='ltr'>proditione</span> <span class='ocrx_word' id='word_1_306' title='bbox 1687 1316 1861 1365; x_wconf 86' lang='lat' dir='ltr'>discipuli</span> <span class='ocrx_word' id='word_1_307' title='bbox 1891 1331 1898 1351; x_wconf 93' lang='lat'>:</span> <span class='ocrx_word' id='word_1_308' title='bbox 1926 1317 2075 1365; x_wconf 74' lang='lat' dir='ltr'>igneus,</span> <span class='ocrx_word' id='word_1_309' title='bbox 2098 1317 2135 1352; x_wconf 87' lang='lat' dir='ltr'>in</span> <span class='ocrx_word' id='word_1_310' title='bbox 2162 1317 2237 1352; x_wconf 87' lang='lat' dir='ltr'>lilio</span> 
     </span>
     <span class='ocr_line' id='line_1_48' title="bbox 1238 1375 2238 1424; baseline -0.001 -12"><span class='ocrx_word' id='word_1_311' title='bbox 1238 1376 1385 1423; x_wconf 77' lang='lat' dir='ltr'>Reguli.</span> <span class='ocrx_word' id='word_1_312' title='bbox 1415 1375 1590 1424; x_wconf 83' lang='lat' dir='ltr'>Sopitus,</span> <span class='ocrx_word' id='word_1_313' title='bbox 1616 1384 1703 1411; x_wconf 85' lang='lat' dir='ltr'>ante</span> <span class='ocrx_word' id='word_1_314' title='bbox 1722 1375 1920 1424; x_wconf 80' lang='lat' dir='ltr'>praesidem</span> <span class='ocrx_word' id='word_1_315' title='bbox 1942 1391 1948 1411; x_wconf 91' lang='lat'>:</span> <span class='ocrx_word' id='word_1_316' title='bbox 1971 1377 2120 1424; x_wconf 78' lang='lat' dir='ltr'>igneus,</span> <span class='ocrx_word' id='word_1_317' title='bbox 2142 1376 2238 1412; x_wconf 82' lang='lat' dir='ltr'>circa</span> 
     </span>
     <span class='ocr_line' id='line_1_49' title="bbox 1240 1434 2240 1484; baseline 0 -13"><span class='ocrx_word' id='word_1_318' title='bbox 1240 1434 1504 1484; x_wconf 71' lang='lat' dir='ltr'>Tyberiadem.</span> <span class='ocrx_word' id='word_1_319' title='bbox 1528 1435 1699 1483; x_wconf 85' lang='lat' dir='ltr'>Sopitus,</span> <span class='ocrx_word' id='word_1_320' title='bbox 1730 1434 1817 1470; x_wconf 86' lang='lat' dir='ltr'>(lum</span> <span class='ocrx_word' id='word_1_321' title='bbox 1848 1436 1881 1471; x_wconf 90' lang='lat' dir='ltr'>ei</span> <span class='ocrx_word' id='word_1_322' title='bbox 1911 1435 2079 1471; x_wconf 78' lang='lat' dir='ltr'>Herodes</span> <span class='ocrx_word' id='word_1_323' title='bbox 2104 1436 2240 1471; x_wconf 87' lang='lat' dir='ltr'>illude—</span> 
     </span>
     <span class='ocr_line' id='line_1_50' title="bbox 1241 1494 2237 1543; baseline 0 -12"><span class='ocrx_word' id='word_1_324' title='bbox 1241 1503 1297 1531; x_wconf 87' lang='lat' dir='ltr'>ret</span> <span class='ocrx_word' id='word_1_325' title='bbox 1330 1510 1336 1531; x_wconf 91' lang='lat'>:</span> <span class='ocrx_word' id='word_1_326' title='bbox 1363 1495 1513 1543; x_wconf 66' lang='lat' dir='ltr'>ignem,</span> <span class='ocrx_word' id='word_1_327' title='bbox 1544 1494 1633 1530; x_wconf 88' lang='lat' dir='ltr'>dum</span> <span class='ocrx_word' id='word_1_328' title='bbox 1665 1503 1901 1531; x_wconf 82' lang='lat' dir='ltr'>mortuorum</span> <span class='ocrx_word' id='word_1_329' title='bbox 1932 1496 2130 1531; x_wconf 84' lang='lat' dir='ltr'>suscitator</span> <span class='ocrx_word' id='word_1_330' title='bbox 2155 1509 2237 1531; x_wconf 90' lang='lat' dir='ltr'>ma-</span> 
     </span>
     <span class='ocr_line' id='line_1_51' title="bbox 1241 1554 2235 1603; baseline 0.001 -13"><span class='ocrx_word' id='word_1_331' title='bbox 1241 1555 1398 1603; x_wconf 78' lang='lat' dir='ltr'>gnificus</span> <span class='ocrx_word' id='word_1_332' title='bbox 1430 1555 1546 1590; x_wconf 86' lang='lat' dir='ltr'>lieret.</span> <span class='ocrx_word' id='word_1_333' title='bbox 1581 1554 1749 1603; x_wconf 88' lang='lat' dir='ltr'>Sopitus,</span> <span class='ocrx_word' id='word_1_334' title='bbox 1784 1554 1873 1590; x_wconf 89' lang='lat' dir='ltr'>dum</span> <span class='ocrx_word' id='word_1_335' title='bbox 1907 1555 1939 1591; x_wconf 78' lang='lat' dir='ltr'>ei</span> <span class='ocrx_word' id='word_1_336' title='bbox 1975 1563 2120 1591; x_wconf 81' lang='lat' dir='ltr'>acetum</span> <span class='ocrx_word' id='word_1_337' title='bbox 2153 1569 2235 1591; x_wconf 84' lang='lat' dir='ltr'>cum</span> 
     </span>
     <span class='ocr_line' id='line_1_52' title="bbox 1239 1612 2238 1661; baseline 0.001 -14"><span class='ocrx_word' id='word_1_338' title='bbox 1239 1612 1323 1648; x_wconf 87' lang='lat' dir='ltr'>felle</span> <span class='ocrx_word' id='word_1_339' title='bbox 1345 1612 1502 1647; x_wconf 72' lang='lat' dir='ltr'>mixtum</span> <span class='ocrx_word' id='word_1_340' title='bbox 1525 1613 1794 1661; x_wconf 83' lang='lat' dir='ltr'>propinaretur</span> <span class='ocrx_word' id='word_1_341' title='bbox 1816 1627 1823 1648; x_wconf 94' lang='lat'>:</span> <span class='ocrx_word' id='word_1_342' title='bbox 1844 1613 1992 1661; x_wconf 78' lang='lat' dir='ltr'>igneus,</span> <span class='ocrx_word' id='word_1_343' title='bbox 2014 1613 2103 1649; x_wconf 87' lang='lat' dir='ltr'>dum</span> <span class='ocrx_word' id='word_1_344' title='bbox 2126 1613 2172 1650; x_wconf 86' lang='lat' dir='ltr'>ab</span> <span class='ocrx_word' id='word_1_345' title='bbox 2193 1627 2238 1649; x_wconf 85' lang='lat' dir='ltr'>eo</span> 
     </span>
     <span class='ocr_line' id='line_1_53' title="bbox 1240 1669 2237 1721; baseline 0.003 -15"><span class='ocrx_word' id='word_1_346' title='bbox 1240 1669 1369 1707; x_wconf 85' lang='lat' dir='ltr'>decem</span> <span class='ocrx_word' id='word_1_347' title='bbox 1403 1671 1541 1720; x_wconf 89' lang='lat' dir='ltr'>leprosi</span> <span class='ocrx_word' id='word_1_348' title='bbox 1578 1670 1862 1707; x_wconf 72' lang='lat' dir='ltr'>intitularentur.</span> <span class='ocrx_word' id='word_1_349' title='bbox 1898 1675 2066 1721; x_wconf 87' lang='lat' dir='ltr'>Sopitus,</span> <span class='ocrx_word' id='word_1_350' title='bbox 2097 1672 2186 1709; x_wconf 89' lang='lat' dir='ltr'>dum</span> <span class='ocrx_word' id='word_1_351' title='bbox 2217 1687 2237 1709; x_wconf 89' lang='lat' dir='ltr'>a</span> 
     </span>
     <span class='ocr_line' id='line_1_54' title="bbox 1239 1730 2236 1781; baseline 0.003 -15"><span class='ocrx_word' id='word_1_352' title='bbox 1239 1730 1378 1766; x_wconf 80' lang='lat' dir='ltr'>Judaeis</span> <span class='ocrx_word' id='word_1_353' title='bbox 1400 1743 1438 1766; x_wconf 92' lang='lat' dir='ltr'>se</span> <span class='ocrx_word' id='word_1_354' title='bbox 1468 1730 1738 1776; x_wconf 81' lang='lat' dir='ltr'>absconderet3</span> <span class='ocrx_word' id='word_1_355' title='bbox 1762 1733 1907 1780; x_wconf 90' lang='lat' dir='ltr'>sopitus</span> <span class='ocrx_word' id='word_1_356' title='bbox 1934 1732 2022 1768; x_wconf 88' lang='lat' dir='ltr'>dum</span> <span class='ocrx_word' id='word_1_357' title='bbox 2050 1746 2135 1769; x_wconf 89' lang='lat' dir='ltr'>cum</span> <span class='ocrx_word' id='word_1_358' title='bbox 2165 1747 2236 1781; x_wconf 89' lang='lat' dir='ltr'>pu-</span> 
     </span>
     <span class='ocr_line' id='line_1_55' title="bbox 1239 1789 2237 1841; baseline 0.003 -16"><span class='ocrx_word' id='word_1_359' title='bbox 1239 1789 1393 1826; x_wconf 85' lang='lat' dir='ltr'>blicanis</span> <span class='ocrx_word' id='word_1_360' title='bbox 1425 1798 1461 1826; x_wconf 88' lang='lat' dir='ltr'>et</span> <span class='ocrx_word' id='word_1_361' title='bbox 1493 1790 1754 1840; x_wconf 82' lang='lat' dir='ltr'>peccatoribus</span> <span class='ocrx_word' id='word_1_362' title='bbox 1781 1791 1909 1827; x_wconf 79' lang='lat' dir='ltr'>ederet</span> <span class='ocrx_word' id='word_1_363' title='bbox 1936 1807 1943 1828; x_wconf 91' lang='lat'>:</span> <span class='ocrx_word' id='word_1_364' title='bbox 1969 1792 2115 1841; x_wconf 71' lang='lat' dir='ltr'>igneus,</span> <span class='ocrx_word' id='word_1_365' title='bbox 2148 1793 2237 1829; x_wconf 80' lang='lat' dir='ltr'>(lum</span> 
     </span>
    </p>
   </div>
   <div class='ocr_carea' id='block_1_12' title="bbox 176 1848 2237 1901">
    <p class='ocr_par' dir='ltr' id='par_1_13' title="bbox 176 1848 2237 1901">
     <span class='ocr_line' id='line_1_56' title="bbox 176 1848 2237 1901; baseline 0 -14"><span class='ocrx_word' id='word_1_366' title='bbox 176 1850 342 1888; x_wconf 86' lang='lat' dir='ltr'>ribulum</span> <span class='ocrx_word' id='word_1_367' title='bbox 377 1858 652 1887; x_wconf 80' lang='lat' dir='ltr'>sacrosanctam</span> <span class='ocrx_word' id='word_1_368' title='bbox 673 1863 822 1886; x_wconf 88' lang='lat' dir='ltr'>carnem</span> <span class='ocrx_word' id='word_1_369' title='bbox 843 1849 1024 1899; x_wconf 75' lang='lat' dir='ltr'>significat</span> <span class='ocrx_word' id='word_1_370' title='bbox 1046 1849 1175 1885; x_wconf 84' lang='lat' dir='ltr'>Salva·</span> <span class='ocrx_word' id='word_1_371' title='bbox 1195 1848 1220 1882; x_wconf 92' lang='lat' dir='ltr'>C</span> <span class='ocrx_word' id='word_1_372' title='bbox 1241 1848 1451 1885; x_wconf 82' lang='lat' dir='ltr'>ambularet</span> <span class='ocrx_word' id='word_1_373' title='bbox 1472 1862 1585 1899; x_wconf 86' lang='lat' dir='ltr'>super</span> <span class='ocrx_word' id='word_1_374' title='bbox 1613 1850 1753 1896; x_wconf 89' lang='lat' dir='ltr'>undas;</span> <span class='ocrx_word' id='word_1_375' title='bbox 1774 1851 1927 1900; x_wconf 78' lang='lat' dir='ltr'>igneus,</span> <span class='ocrx_word' id='word_1_376' title='bbox 1959 1850 2047 1887; x_wconf 91' lang='lat' dir='ltr'>dum</span> <span class='ocrx_word' id='word_1_377' title='bbox 2076 1865 2121 1888; x_wconf 85' lang='lat' dir='ltr'>ex</span> <span class='ocrx_word' id='word_1_378' title='bbox 2141 1864 2237 1901; x_wconf 85' lang='lat' dir='ltr'>aqua</span> 
     </span>
    </p>
   </div>
   <div class='ocr_carea' id='block_1_13' title="bbox 178 1910 1178 1960">
    <p class='ocr_par' dir='ltr' id='par_1_14' title="bbox 178 1910 1178 1960">
     <span class='ocr_line' id='line_1_57' title="bbox 178 1910 1178 1960; baseline -0.002 -13"><span class='ocrx_word' id='word_1_379' title='bbox 178 1911 290 1956; x_wconf 90' lang='lat' dir='ltr'>toris,</span> <span class='ocrx_word' id='word_1_380' title='bbox 313 1923 398 1960; x_wconf 80' lang='lat' dir='ltr'>quae</span> <span class='ocrx_word' id='word_1_381' title='bbox 415 1923 527 1947; x_wconf 84' lang='lat' dir='ltr'>aurea</span> <span class='ocrx_word' id='word_1_382' title='bbox 547 1910 704 1957; x_wconf 81' lang='lat' dir='ltr'>dicitur3</span> <span class='ocrx_word' id='word_1_383' title='bbox 725 1911 813 1960; x_wconf 91' lang='lat' dir='ltr'>quia</span> <span class='ocrx_word' id='word_1_384' title='bbox 833 1910 974 1947; x_wconf 92' lang='lat' dir='ltr'>nullius</span> <span class='ocrx_word' id='word_1_385' title='bbox 994 1923 1102 1958; x_wconf 87' lang='lat' dir='ltr'>passa</span> <span class='ocrx_word' id='word_1_386' title='bbox 1121 1916 1178 1946; x_wconf 89' lang='lat' dir='ltr'>est</span> 
     </span>
    </p>
   </div>
   <div class='ocr_carea' id='block_1_14' title="bbox 172 1969 1175 2258">
    <p class='ocr_par' dir='ltr' id='par_1_15' title="bbox 172 1969 1175 2258">
     <span class='ocr_line' id='line_1_58' title="bbox 175 1969 1173 2019; baseline -0.002 -13"><span class='ocrx_word' id='word_1_387' title='bbox 175 1970 443 2007; x_wconf 86' lang='lat' dir='ltr'>detrimentum</span> <span class='ocrx_word' id='word_1_388' title='bbox 472 1969 649 2019; x_wconf 88' lang='lat' dir='ltr'>pudoris,</span> <span class='ocrx_word' id='word_1_389' title='bbox 679 1974 809 2019; x_wconf 84' lang='lat' dir='ltr'>Agnus</span> <span class='ocrx_word' id='word_1_390' title='bbox 829 1970 970 2007; x_wconf 90' lang='lat' dir='ltr'>scilieet</span> <span class='ocrx_word' id='word_1_391' title='bbox 987 1969 1065 2006; x_wconf 88' lang='lat' dir='ltr'>sine</span> <span class='ocrx_word' id='word_1_392' title='bbox 1092 1982 1173 2004; x_wconf 88' lang='lat' dir='ltr'>ma-</span> 
     </span>
     <span class='ocr_line' id='line_1_59' title="bbox 174 2029 1174 2078; baseline -0.002 -12"><span class='ocrx_word' id='word_1_393' title='bbox 174 2030 277 2075; x_wconf 87' lang='lat' dir='ltr'>cula,</span> <span class='ocrx_word' id='word_1_394' title='bbox 296 2030 361 2078; x_wconf 91' lang='lat' dir='ltr'>qui</span> <span class='ocrx_word' id='word_1_395' title='bbox 385 2037 580 2078; x_wconf 90' lang='lat' dir='ltr'>peccatum</span> <span class='ocrx_word' id='word_1_396' title='bbox 602 2042 679 2065; x_wconf 90' lang='lat' dir='ltr'>non</span> <span class='ocrx_word' id='word_1_397' title='bbox 701 2029 807 2074; x_wconf 84' lang='lat' dir='ltr'>fecit,</span> <span class='ocrx_word' id='word_1_398' title='bbox 830 2029 1092 2065; x_wconf 87' lang='lat' dir='ltr'>necinventus</span> <span class='ocrx_word' id='word_1_399' title='bbox 1119 2037 1174 2064; x_wconf 88' lang='lat' dir='ltr'>est</span> 
     </span>
     <span class='ocr_line' id='line_1_60' title="bbox 173 2087 1172 2138; baseline -0.003 -12"><span class='ocrx_word' id='word_1_400' title='bbox 173 2089 284 2126; x_wconf 91' lang='lat' dir='ltr'>dolus</span> <span class='ocrx_word' id='word_1_401' title='bbox 311 2090 350 2125; x_wconf 90' lang='lat' dir='ltr'>in</span> <span class='ocrx_word' id='word_1_402' title='bbox 379 2102 444 2125; x_wconf 89' lang='lat' dir='ltr'>ore</span> <span class='ocrx_word' id='word_1_403' title='bbox 473 2088 555 2138; x_wconf 92' lang='lat' dir='ltr'>ejus</span> <span class='ocrx_word' id='word_1_404' title='bbox 568 2090 597 2133; x_wconf 66' lang='lat'>4,</span> <span class='ocrx_word' id='word_1_405' title='bbox 630 2089 676 2125; x_wconf 90' lang='lat' dir='ltr'>de</span> <span class='ocrx_word' id='word_1_406' title='bbox 707 2102 782 2138; x_wconf 88' lang='lat' dir='ltr'>quo</span> <span class='ocrx_word' id='word_1_407' title='bbox 812 2101 881 2138; x_wconf 89' lang='lat' dir='ltr'>per</span> <span class='ocrx_word' id='word_1_408' title='bbox 906 2087 1172 2138; x_wconf 85' lang='lat' dir='ltr'>propheticum</span> 
     </span>
     <span class='ocr_line' id='line_1_61' title="bbox 174 2148 1175 2197; baseline -0.004 -12"><span class='ocrx_word' id='word_1_409' title='bbox 174 2148 313 2185; x_wconf 85' lang='lat' dir='ltr'>dicitur</span> <span class='ocrx_word' id='word_1_410' title='bbox 327 2148 520 2197; x_wconf 87' lang='lat' dir='ltr'>eloquium</span> <span class='ocrx_word' id='word_1_411' title='bbox 539 2162 546 2184; x_wconf 92' lang='lat'>:</span> <span class='ocrx_word' id='word_1_412' title='bbox 563 2151 598 2184; x_wconf 87' lang='lat' dir='ltr'><em>E</em></span> <span class='ocrx_word' id='word_1_413' title='bbox 600 2162 661 2184; x_wconf 83' lang='lat' dir='ltr'>cce</span> <span class='ocrx_word' id='word_1_414' title='bbox 671 2162 769 2197; x_wconf 80' lang='lat' dir='ltr'>puer</span> <span class='ocrx_word' id='word_1_415' title='bbox 783 2162 882 2183; x_wconf 80' lang='lat' dir='ltr'>meus</span> <span class='ocrx_word' id='word_1_416' title='bbox 895 2151 1049 2191; x_wconf 75' lang='lat' dir='ltr'>electus,</span> <span class='ocrx_word' id='word_1_417' title='bbox 1063 2151 1175 2195; x_wconf 77' lang='lat' dir='ltr'>posui</span> 
     </span>
     <span class='ocr_line' id='line_1_62' title="bbox 172 2207 1171 2258; baseline -0.001 -15"><span class='ocrx_word' id='word_1_418' title='bbox 172 2222 284 2258; x_wconf 80' lang='lat' dir='ltr'>super</span> <span class='ocrx_word' id='word_1_419' title='bbox 297 2222 380 2244; x_wconf 79' lang='lat' dir='ltr'>eum</span> <span class='ocrx_word' id='word_1_420' title='bbox 397 2212 565 2256; x_wconf 78' lang='lat' dir='ltr'>spiritum</span> <span class='ocrx_word' id='word_1_421' title='bbox 587 2222 706 2244; x_wconf 78' lang='lat' dir='ltr'>meum</span> <span class='ocrx_word' id='word_1_422' title='bbox 723 2208 749 2244; x_wconf 84' lang='lat'>⁵.</span> <span class='ocrx_word' id='word_1_423' title='bbox 769 2207 960 2246; x_wconf 88' lang='lat' dir='ltr'>Carbones</span> <span class='ocrx_word' id='word_1_424' title='bbox 977 2207 1171 2252; x_wconf 86' lang='lat' dir='ltr'>thuribuli,</span> 
     </span>
    </p>
   </div>
   <div class='ocr_carea' id='block_1_15' title="bbox 1238 1908 2236 2256">
    <p class='ocr_par' dir='ltr' id='par_1_16' title="bbox 1238 1908 2236 2256">
     <span class='ocr_line' id='line_1_63' title="bbox 1243 1908 2236 1960; baseline 0.004 -16"><span class='ocrx_word' id='word_1_425' title='bbox 1243 1908 1340 1944; x_wconf 80' lang='lat' dir='ltr'>facto</span> <span class='ocrx_word' id='word_1_426' title='bbox 1367 1908 1458 1944; x_wconf 74' lang='lat' dir='ltr'>vino</span> <span class='ocrx_word' id='word_1_427' title='bbox 1478 1909 1682 1945; x_wconf 80' lang='lat' dir='ltr'>laetilicaret</span> <span class='ocrx_word' id='word_1_428' title='bbox 1703 1910 1894 1947; x_wconf 73' lang='lat' dir='ltr'>convivas.</span> <span class='ocrx_word' id='word_1_429' title='bbox 1919 1911 2088 1960; x_wconf 63' lang='lat' dir='ltr'>Solutus,</span> <span class='ocrx_word' id='word_1_430' title='bbox 2106 1911 2236 1960; x_wconf 77' lang='lat' dir='ltr'>jacens</span> 
     </span>
     <span class='ocr_line' id='line_1_64' title="bbox 1238 1967 2236 2019; baseline 0.004 -16"><span class='ocrx_word' id='word_1_431' title='bbox 1238 1968 1276 2003; x_wconf 89' lang='lat' dir='ltr'>in</span> <span class='ocrx_word' id='word_1_432' title='bbox 1299 1967 1495 2004; x_wconf 80' lang='lat' dir='ltr'>cunabulis</span> <span class='ocrx_word' id='word_1_433' title='bbox 1519 1984 1526 2005; x_wconf 76' lang='grc' dir='ltr'>ε</span> <span class='ocrx_word' id='word_1_434' title='bbox 1550 1970 1702 2017; x_wconf 80' lang='lat' dir='ltr'>igneus,</span> <span class='ocrx_word' id='word_1_435' title='bbox 1722 1970 1867 2019; x_wconf 70' lang='lat' dir='ltr'>fulgens</span> <span class='ocrx_word' id='word_1_436' title='bbox 1885 1970 1921 2006; x_wconf 91' lang='lat' dir='ltr'>in</span> <span class='ocrx_word' id='word_1_437' title='bbox 1944 1971 2142 2006; x_wconf 85' lang='lat' dir='ltr'>miraculis.</span> <span class='ocrx_word' id='word_1_438' title='bbox 2169 1974 2236 2008; x_wconf 89' lang='lat' dir='ltr'>So-</span> 
     </span>
     <span class='ocr_line' id='line_1_65' title="bbox 1239 2028 2236 2080; baseline 0.004 -17"><span class='ocrx_word' id='word_1_439' title='bbox 1239 2028 1359 2077; x_wconf 87' lang='lat' dir='ltr'>pitus‚</span> <span class='ocrx_word' id='word_1_440' title='bbox 1389 2036 1474 2064; x_wconf 84' lang='lat' dir='ltr'>ante</span> <span class='ocrx_word' id='word_1_441' title='bbox 1505 2028 1665 2065; x_wconf 77' lang='lat' dir='ltr'>tribunal</span> <span class='ocrx_word' id='word_1_442' title='bbox 1693 2029 1862 2079; x_wconf 68' lang='lat' dir='ltr'>praesidis</span> <span class='ocrx_word' id='word_1_443' title='bbox 1885 2044 1892 2065; x_wconf 90' lang='lat'>:</span> <span class='ocrx_word' id='word_1_444' title='bbox 1918 2031 2066 2080; x_wconf 83' lang='lat' dir='ltr'>igneus,</span> <span class='ocrx_word' id='word_1_445' title='bbox 2093 2031 2130 2066; x_wconf 91' lang='lat' dir='ltr'>in</span> <span class='ocrx_word' id='word_1_446' title='bbox 2159 2031 2236 2067; x_wconf 78' lang='lat' dir='ltr'>filia</span> 
     </span>
     <span class='ocr_line' id='line_1_66' title="bbox 1239 2084 2235 2139; baseline 0.001 -14"><span class='ocrx_word' id='word_1_447' title='bbox 1239 2088 1510 2125; x_wconf 78' lang='lat' dir='ltr'>Chananitidis.</span> <span class='ocrx_word' id='word_1_448' title='bbox 1551 2090 1721 2138; x_wconf 84' lang='lat' dir='ltr'>Sopitus,</span> <span class='ocrx_word' id='word_1_449' title='bbox 1744 2084 1797 2126; x_wconf 40' lang='lat' dir='ltr'>‘in</span> <span class='ocrx_word' id='word_1_450' title='bbox 1830 2104 1938 2126; x_wconf 89' lang='lat' dir='ltr'>cruce</span> <span class='ocrx_word' id='word_1_451' title='bbox 1975 2105 1983 2126; x_wconf 90' lang='lat'>:</span> <span class='ocrx_word' id='word_1_452' title='bbox 2015 2090 2165 2139; x_wconf 72' lang='lat' dir='ltr'>igneus,</span> <span class='ocrx_word' id='word_1_453' title='bbox 2200 2091 2235 2126; x_wconf 89' lang='lat' dir='ltr'>in</span> 
     </span>
     <span class='ocr_line' id='line_1_67' title="bbox 1240 2149 2236 2197; baseline 0.003 -14"><span class='ocrx_word' id='word_1_454' title='bbox 1240 2156 1382 2183; x_wconf 85' lang='lat' dir='ltr'>monte.</span> <span class='ocrx_word' id='word_1_455' title='bbox 1407 2152 1540 2185; x_wconf 81' lang='lat' dir='ltr'>Prunae</span> <span class='ocrx_word' id='word_1_456' title='bbox 1567 2162 1656 2197; x_wconf 72' lang='lat' dir='ltr'>crgo</span> <span class='ocrx_word' id='word_1_457' title='bbox 1678 2157 1836 2185; x_wconf 76' lang='lat' dir='ltr'>mortuae</span> <span class='ocrx_word' id='word_1_458' title='bbox 1867 2159 1974 2186; x_wconf 84' lang='lat' dir='ltr'>erant</span> <span class='ocrx_word' id='word_1_459' title='bbox 1993 2149 2236 2187; x_wconf 80' lang='lat' dir='ltr'>humanitatis</span> 
     </span>
     <span class='ocr_line' id='line_1_68' title="bbox 1240 2208 1988 2256; baseline 0.003 -13"><span class='ocrx_word' id='word_1_460' title='bbox 1240 2220 1357 2256; x_wconf 85' lang='lat' dir='ltr'>opera</span> <span class='ocrx_word' id='word_1_461' title='bbox 1379 2222 1385 2243; x_wconf 92' lang='lat'>:</span> <span class='ocrx_word' id='word_1_462' title='bbox 1408 2208 1551 2256; x_wconf 78' lang='lat' dir='ltr'>ignitae,</span> <span class='ocrx_word' id='word_1_463' title='bbox 1573 2208 1777 2245; x_wconf 78' lang='lat' dir='ltr'>divinitatis</span> <span class='ocrx_word' id='word_1_464' title='bbox 1797 2210 1988 2246; x_wconf 85' lang='lat' dir='ltr'>miracula.</span> 
     </span>
    </p>
   </div>
   <div class='ocr_carea' id='block_1_16' title="bbox 229 2329 2010 2371">
    <p class='ocr_par' dir='ltr' id='par_1_17' title="bbox 229 2329 2010 2371">
     <span class='ocr_line' id='line_1_69' title="bbox 229 2329 2010 2371; baseline -0.001 -8"><span class='ocrx_word' id='word_1_465' title='bbox 229 2338 236 2353; x_wconf 79' lang='lat'>⁸</span> <span class='ocrx_word' id='word_1_466' title='bbox 255 2334 371 2364; x_wconf 79' lang='lat' dir='ltr'>neor.</span> <span class='ocrx_word' id='word_1_467' title='bbox 389 2343 446 2370; x_wconf 81' lang='grc' dir='ltr'>ιη,</span> <span class='ocrx_word' id='word_1_468' title='bbox 467 2337 498 2364; x_wconf 89' lang='grc'>6.</span> <span class='ocrx_word' id='word_1_469' title='bbox 515 2351 558 2356; x_wconf 88' lang='lat'>—</span> <span class='ocrx_word' id='word_1_470' title='bbox 578 2339 591 2354; x_wconf 87' lang='lat'>²</span> <span class='ocrx_word' id='word_1_471' title='bbox 606 2335 619 2363; x_wconf 86' lang='grc' dir='ltr'>Ι</span> <span class='ocrx_word' id='word_1_472' title='bbox 634 2335 706 2365; x_wconf 89' lang='lat' dir='ltr'>Cor.</span> <span class='ocrx_word' id='word_1_473' title='bbox 720 2344 775 2371; x_wconf 88' lang='lat' dir='ltr'>xv,</span> <span class='ocrx_word' id='word_1_474' title='bbox 795 2334 850 2370; x_wconf 82' lang='lat'>21,</span> <span class='ocrx_word' id='word_1_475' title='bbox 869 2335 924 2363; x_wconf 87' lang='lat'>22.</span> <span class='ocrx_word' id='word_1_476' title='bbox 947 2349 990 2354; x_wconf 81' lang='lat'>—</span> <span class='ocrx_word' id='word_1_477' title='bbox 1008 2329 1021 2352; x_wconf 84' lang='lat'>³</span> <span class='ocrx_word' id='word_1_478' title='bbox 1037 2331 1136 2362; x_wconf 77' lang='lat' dir='ltr'>Exod.</span> <span class='ocrx_word' id='word_1_479' title='bbox 1155 2343 1234 2369; x_wconf 82' lang='lat' dir='ltr'>xxv,</span> <span class='ocrx_word' id='word_1_480' title='bbox 1259 2334 1309 2361; x_wconf 90' lang='lat'>10.</span> <span class='ocrx_word' id='word_1_481' title='bbox 1325 2349 1368 2353; x_wconf 82' lang='lat'><strong>—</strong></span> <span class='ocrx_word' id='word_1_482' title='bbox 1385 2331 1587 2369; x_wconf 64' lang='lat' dir='ltr'>41Peu·.1r,</span> <span class='ocrx_word' id='word_1_483' title='bbox 1606 2335 1660 2363; x_wconf 74' lang='lat'>22.</span> <span class='ocrx_word' id='word_1_484' title='bbox 1680 2350 1723 2354; x_wconf 87' lang='lat'>-</span> <span class='ocrx_word' id='word_1_485' title='bbox 1741 2330 1754 2354; x_wconf 88' lang='grc'>5</span> <span class='ocrx_word' id='word_1_486' title='bbox 1776 2332 1958 2369; x_wconf 63' lang='lat' dir='ltr'>Isai.xt11‚</span> <span class='ocrx_word' id='word_1_487' title='bbox 1983 2337 2010 2363; x_wconf 89' lang='grc'>1.</span> 
     </span>
    </p>
   </div>
  </div>
 </body>
</html>
