2418 3949
60 160 130 197 181

57 237 248 284 stitueras;
276 236 367 286 quid
395 249 498 274 nunc
525 236 621 273 circa
646 235 780 286 jugum
811 235 1047 273 immoraris?
1066 232 1098 251 ¹²⁴

746 162 798 197 IN
826 161 1057 204 CANTICA,
1088 159 1251 196 SERMO
1279 160 1416 196 XXVI.

2035 156 2108 194 182

1167 235 1204 270 5.
1234 235 1339 270 Sicut
1354 239 1461 270 turris
1480 236 1605 270 David
1626 237 1755 271 collam
1777 243 1889 271 tuum.
1910 233 2004 271 Vide
2029 233 2109 283 pri-

56 296 155 344 Quid
173 295 218 333 de
232 296 326 346 jugo
340 296 386 333 ad
402 297 730 334 collum?Utinam
746 295 851 332 nihil.
863 299 971 333 Nunc
987 307 1052 331 au-
1068 298 1099 332 A
1117 291 1295 341 vilegium
1313 305 1473 342 sponsae.
1490 294 1692 343 Apostolus
1708 297 1841 330 Petrus
1853 293 2028 329 hortatur
2041 304 2111 328 nos

58 363 131 392 tem
147 356 324 393 contritio
341 369 487 406 magna.
507 359 645 405 Jugum
665 356 764 392 enim
785 354 831 391 ad
847 353 937 403 quid
949 381 959 399 ,
977 353 1048 389 nisi

56 414 105 452 ad
116 416 256 452 collum
269 418 284 452 Ρ
295 416 367 454 Sed
380 429 455 452 non
471 415 519 452 ad
532 416 670 452 collum
685 428 833 465 sponsae
843 442 852 459 ,
869 412 1046 463 quiajam

56 475 179 512 soluta
199 476 350 513 vincula
373 476 460 513 colli
486 475 589 525 ejus,
609 475 686 525 jam
714 476 833 512 nescit
856 472 1047 510 servitutis

50 532 146 584 jugo
167 535 364 572 contineri.
392 537 494 572 Sicut
517 540 648 581 turris,
673 534 813 584 inquit,
833 534 971 578 David,
995 536 1047 567 sic

55 597 189 630 collum
204 603 319 631 tuum.
335 593 678 632 Exuberantissima
695 606 763 643 per
776 593 849 629 hoc
862 599 1046 628 monstra-

56 659 117 688 tur
135 651 306 699 libertas,
320 660 358 689 et
377 651 620 701 depressione
636 651 682 688 ab
699 651 802 688 omni
818 650 952 697 libera,
967 662 1044 687 non

53 719 177 747 tamen
201 712 320 757 nuda,
341 711 406 748 sed
425 724 509 760 quae
530 710 666 747 habeat
685 711 826 760 aliquid
850 709 1044 747 fortitudi—

53 769 111 806 nis
133 769 354 807 admixtum.
383 774 428 808 In
463 779 565 806 turre
590 783 666 807 non
697 771 776 807 sola
801 771 958 816 erectio,
978 769 1042 806 sed

51 829 277 873 munimenti
302 828 482 866 fortitudo
506 828 713 866 attenditur
737 842 757 866 a
782 829 872 865 facie
890 828 1041 865 inimici.

50 887 236 925 Restituta
252 897 309 926 est
327 888 479 938 quidem
498 887 671 933 libertas,
693 887 758 924 sed
779 888 956 925 securitas
976 887 1040 925 tibi

51 946 219 984 nondum
246 948 488 998 permittitur.
516 947 747 996 Captivitatis
777 947 962 983 contritus
987 955 1043 983 est

1114 351 1338 388 coaedificari
1356 357 1395 388 in
1412 355 1538 389 domos
1552 357 1766 402 spirituales
1778 353 1791 376 ⁵
1807 368 1815 390 :
1830 353 1910 389 haec
1923 365 2016 389 vero
2030 364 2107 388 non

1113 418 1256 447 tantum
1276 412 1312 448 in
1333 411 1509 458 domum,
1528 412 1591 449 sed
1608 414 1719 450 etiam
1737 413 1775 450 in
1793 413 1925 449 turrim
1944 411 2109 448 aedifica-

1113 478 1185 506 tur.
1206 471 1343 508 Paulus
1363 471 1400 507 in
1421 471 1676 508 habitaculum
1700 476 1771 508 Dei
1790 471 2012 509 coaedificari
2037 483 2109 507 nos

1111 537 1218 578 optat
1234 528 1250 550 ⁵
1277 544 1285 566 :
1312 529 1377 566 sed
1406 543 1544 579 sponsa
1569 531 1641 567 hoc
1669 544 1746 568 non
1767 539 1967 577 contenta,
1993 530 2106 567 etiam

1110 590 1394 638 propugnacula
1415 589 1605 639 adjungit,
1628 599 1670 626 ut
1692 590 1862 628 sublimis
1882 599 1917 628 et
1938 590 2108 627 securior

1110 648 1158 685 sit
1181 647 1374 684 habitatio.
1394 651 1507 686 Forte
1527 658 1564 685 et
1584 649 1664 686 haec
1683 663 1758 686 una
1780 650 1827 687 de
1845 651 1917 686 illis
1938 648 2106 686 turribus

1110 714 1186 752 est,
1208 706 1254 743 de
1275 707 1413 756 quibus
1432 707 1570 744 dicitur
1588 723 1596 745 ε
1617 711 1706 744 Fiat
1717 723 1801 758 pax
1819 714 1858 745 in
1874 714 2012 745 virtute
2029 717 2106 753 tua,

1111 774 1147 802 et
1164 765 1397 802 abundantia
1422 772 1460 802 in
1481 767 1640 804 turribus
1657 773 1745 805 tuis.
1776 769 1941 806 Omnino
1966 781 2108 805 conve-

1107 826 1186 872 nit,
1208 835 1250 862 ut
1275 826 1313 862 in
1343 835 1447 864 turre
1478 840 1556 864 non
1582 827 1678 864 desit
1704 827 1869 865 ubertas.
1897 831 1999 865 Dura
2020 827 2108 876 quia

1107 884 1296 935 duplicata
1328 887 1552 933 necessitas,
1581 886 1647 924 ubi
1680 888 1770 924 foris
1799 887 1967 933 obsidio,
1993 887 2108 923 fames

1106 944 1345 982 intrinsecus.
1375 946 1475 994 Quid
1511 947 1663 996 proficit
1692 947 1839 984 clausos
1871 954 1908 982 et
1940 945 2106 982 munitos

50 1005 219 1055 laqueus.
242 1008 371 1044 Hostis
393 1005 544 1044 aliunde
571 1006 707 1056 quaerit
733 1006 923 1043 innectere
951 1021 959 1043 ε
981 1005 1045 1055 jus
1063 1008 1092 1042 B
1110 1017 1190 1041 esse
1212 1005 1337 1042 aditus
1360 1018 1515 1052 omnes,
1536 1006 1567 1044 si
1591 1007 1694 1044 intus
1713 1019 1834 1043 saevus
1853 1005 1970 1043 hostis
1992 1005 2108 1041 fames

50 1064 234 1114 perdidit,
250 1079 328 1103 non
352 1066 527 1116 deposuit
549 1064 797 1115 recuperandi
821 1078 945 1115 spem,
963 1078 1041 1102 non

50 1125 298 1174 pervicaciam
316 1124 529 1162 infestandi.
553 1124 668 1162 Liber
680 1124 836 1161 effectus
853 1137 912 1169 es,
927 1123 1043 1161 liber-

53 1184 136 1221 tatis
156 1185 304 1222 tuendae
324 1185 371 1222 de
390 1193 526 1222 caetero
547 1183 614 1221 tibi
633 1183 816 1220 incumbit
834 1184 1040 1233 negotium.

50 1243 195 1281 Collum
220 1243 457 1294 amplexibus
485 1244 613 1294 sponsi
637 1243 806 1281 deditum
835 1243 913 1280 noli
938 1256 985 1280 ne
1003 1244 1042 1280 in

50 1303 201 1340 modico
220 1303 371 1353 quidem
393 1304 567 1354 degeneri
588 1316 779 1353 exponere
798 1302 903 1352 jugo.
924 1303 1043 1341 Deni-

50 1377 124 1414 que
144 1365 347 1401 revertenti
367 1363 443 1400 filio
465 1372 571 1413 pater
590 1363 726 1400 obvius
747 1364 911 1413 procidit
930 1375 1044 1413 super

53 1424 191 1460 collum
211 1423 304 1473 ejus.
323 1424 386 1460 Pia
403 1423 547 1459 sarcina
559 1452 568 1469 ,
585 1431 623 1460 et
635 1422 768 1472 jugum
788 1423 897 1459 dulce
914 1437 922 1460 :
940 1422 1044 1472 quod

51 1491 176 1520 tamen
200 1484 384 1520 sustinere
405 1495 474 1519 nec
497 1483 634 1519 sentire
653 1482 807 1528 meruit,
825 1482 945 1519 donec
959 1482 1040 1531 pri-

51 1555 113 1579 mo
129 1543 167 1579 in
180 1555 219 1580 se
233 1555 403 1580 reversus
420 1542 592 1578 servilem
610 1541 866 1578 conditionem
884 1542 1040 1591 dirupit,

50 1601 102 1638 sic
119 1614 307 1651 regressus
323 1601 369 1638 ad
388 1610 531 1651 patrem
547 1607 572 1638 ¹.
589 1604 721 1638 Erecta
737 1610 792 1637 est
809 1601 936 1638 cervix
953 1609 1013 1638 tua
1030 1616 1038 1638 ε

49 1668 129 1697 esto
149 1660 255 1697 fortis
278 1660 373 1697 sicut
393 1660 504 1697 turris
527 1659 667 1705 David,
686 1669 727 1697 ut
750 1660 874 1697 dicere
894 1661 1038 1710 possis:

49 1722 317 1756 Fortitudinem
335 1733 454 1755 meam
470 1721 524 1754 ad
535 1728 569 1755 te
583 1722 784 1755 custodiam
798 1725 823 1756 ².
838 1724 922 1770 Ipse
938 1721 1039 1757 enim

1107 1072 1243 1100 cuncta
1259 1065 1480 1102 contristat?
1493 1066 1590 1102 Mala
1606 1065 1732 1112 fames,
1749 1065 1950 1102 fastidium.
1964 1065 2106 1102 Clausae

1107 1132 1196 1159 sunt
1218 1122 1346 1172 januae
1374 1133 1411 1161 et
1438 1125 1645 1162 exteriores
1665 1126 1801 1175 muni-ti
1821 1125 1966 1171 adum,
1986 1124 2016 1160 si
2035 1136 2105 1173 per

1108 1194 1286 1219 sensuum
1317 1192 1469 1220 tuorum
1499 1184 1680 1222 fenestras
1706 1198 1808 1222 mors
1832 1198 1909 1222 non
1935 1182 2104 1234 ingredi-

1109 1251 1191 1290 tur,
1209 1256 1279 1280 nec
1293 1244 1525 1293 experientia
1540 1244 1909 1294 indisciplinatorum
1926 1256 2104 1281 sensuum

1109 1302 1155 1339 de
1175 1304 1352 1340 exteriori
1374 1304 1530 1340 materia
1553 1305 1641 1341 mali
1665 1305 1854 1342 incentiva
1877 1305 2051 1342 admittit.
2068 1306 2106 1342 Si

1107 1363 1262 1413 projicis
1289 1364 1484 1400 avaritiam
1508 1377 1553 1400 ex
1580 1365 1789 1411 calumnia,
1813 1366 1841 1402 si
1862 1365 2016 1402 obturas
2037 1378 2105 1402 au-

1109 1436 1187 1459 rem
1212 1436 1259 1460 ne
1283 1423 1412 1460 audias
1435 1425 1675 1474 sanguinem,
1693 1425 1722 1461 si
1742 1425 1885 1461 claudis
1905 1425 2034 1462 oculos
2056 1437 2104 1461 ne

1108 1482 1235 1519 videas
1261 1483 1423 1528 malum3
1443 1482 1520 1532 jam
1550 1484 1698 1520 clausus
1727 1497 1785 1530 es,
1802 1484 1878 1534 jam
1900 1484 2046 1521 habitas
2064 1484 2102 1520 in

1106 1543 1281 1589 excelsis,
1299 1551 1336 1579 et
1354 1544 1587 1580 munimenta
1603 1558 1780 1581 saxorum
1798 1544 2006 1582 sublimitas
2024 1552 2100 1581 tua.

1105 1603 1297 1652 Numquid
1326 1604 1414 1640 satis
1443 1606 1523 1640 est?
1553 1604 1651 1652 Quid
1677 1604 1834 1654 prodest
1861 1614 1935 1641 tam
1957 1605 2099 1641 munita

1104 1662 1333 1708 sublimitas,
1354 1663 1383 1700 si
1406 1676 1491 1712 quae
1516 1663 1619 1700 intus
1647 1673 1755 1709 sunt,
1775 1665 1890 1701 fames
1907 1673 1944 1701 et
1964 1663 2101 1701 fastidii

1105 1731 1226 1759 vastat
1242 1723 1404 1760 crudelis
1420 1725 1584 1772 egestas?
1603 1724 1695 1773 quid
1712 1724 1867 1774 prodest
1884 1724 1978 1761 dura
1994 1737 2103 1761 saxo-

48 1780 190 1825 David,
210 1781 291 1830 ipse
310 1781 506 1826 Salomon,
528 1780 696 1816 Christus
713 1781 853 1817 scilicet
868 1781 938 1817 Dei
958 1782 1038 1817 vir-
1060 1785 1086 1821 C
1107 1794 1189 1818 rum
1219 1790 1256 1818 et
1281 1782 1469 1819 inaccessa
1498 1782 1729 1829 sublimitas,
1758 1784 1787 1820 si
1813 1797 1888 1821 non
1916 1783 1968 1820 ibi
1994 1784 2103 1834 panis

50 1848 110 1876 tus
128 1847 165 1875 et
180 1840 250 1877 Dei
270 1840 462 1889 sapientia.
484 1838 574 1887 Ejus
597 1840 709 1876 turris
726 1853 783 1885 es,
806 1841 836 1877 si
857 1854 934 1877 non
954 1841 1041 1877 infi-

49 1911 127 1944 me,
156 1912 233 1935 non
256 1899 404 1935 infirme
434 1899 570 1935 sentias
601 1899 698 1935 circa
727 1900 849 1949 ipsum
881 1915 888 1936 :
913 1900 977 1936 sed
1010 1901 1039 1937 si

48 1958 256 1995 sublimitas
276 1959 428 1995 virtutis
449 1959 536 2004 Dei,
564 1972 641 1995 non
669 1972 716 1996 ex
742 1968 777 1996 te
804 1960 900 2009 ipso.
925 1962 1039 2008 Quasi

47 2019 160 2055 turris
177 2027 250 2063 est,
267 2031 343 2054 non
362 2018 473 2054 turris
488 2018 627 2064 David,
645 2018 709 2055 sed
728 2020 842 2068 magis
860 2019 1039 2056 adversus

47 2078 187 2122 David,
208 2078 271 2126 qui
292 2077 444 2113 inflatus
463 2090 574 2113 sensu
597 2079 719 2113 carnis
738 2090 813 2113 suae
834 2079 980 2114 extollit
999 2090 1038 2114 se

47 2137 225 2174 adversus
253 2137 444 2173 scientiam
472 2136 551 2172 Dei.
579 2135 745 2173 Sublime
769 2135 840 2172 hoc
865 2137 1001 2173 collum
1027 2153 1034 2174 :

47 2196 110 2234 sed
141 2194 389 2245 superborum
419 2203 455 2232 et
482 2194 697 2232 sublimium
731 2196 826 2232 colla
855 2197 1037 2245 sapientia

45 2256 180 2301 calcat,
203 2254 397 2291 humilium
417 2255 567 2291 exaltat.
595 2255 795 2291 Humilitas
822 2255 899 2305 ipsa
928 2268 1034 2292 sum·

44 2323 131 2366 ptus
151 2314 379 2350 necessarios
397 2312 657 2350 subministrat
678 2313 723 2349 ad
748 2313 1033 2352 aedificationem

43 2374 266 2423 evangelicae
283 2373 405 2410 turris.
423 2376 498 2410 Nec
519 2372 725 2409 verendum
744 2381 798 2409 est
818 2386 865 2410 ne
886 2387 1033 2424 sponsae

42 2442 215 2484 sumptus
231 2432 369 2478 desint,
381 2445 477 2482 quos
496 2431 734 2469 abundanter
752 2433 798 2469 (le
816 2434 944 2483 sponsi
960 2447 1032 2484 po-

44 2502 115 2530 test
132 2505 218 2529 arca
242 2492 416 2528 mutuari.
441 2494 593 2536 Discite,
619 2493 762 2542 inquit,
791 2507 815 2528 a
837 2506 914 2537 me,
943 2499 1032 2542 quia

1106 1850 1174 1886 est,
1190 1842 1220 1878 si
1240 1855 1316 1878 nou
1335 1855 1440 1891 aquae
1456 1842 1584 1878 fideles
1601 1845 1711 1879 sunt?
1726 1847 1831 1880 Bona
1847 1843 2000 1892 quidem
2014 1858 2103 1894 pro-

1107 1901 1239 1945 tectio,
1263 1901 1292 1937 si
1317 1910 1440 1937 tamen
1468 1914 1546 1938 non
1576 1901 1671 1938 desit
1696 1903 1863 1940 refectio.
1887 1907 1990 1940 Bona
2011 1913 2100 1941 sunt

1105 1960 1338 1996 munimenta
1369 1973 1572 2005 saxorum,
1604 1962 1634 1997 si
1667 1970 1792 1998 tamen
1829 1963 1916 2000 talia
1945 1963 2020 1999 sint
2051 1963 2098 2000 de

1104 2033 1265 2069 quorum
1288 2020 1405 2068 possit
1425 2020 1563 2056 duritia
1587 2028 1623 2056 et
1642 2021 1714 2057 mel
1735 2030 1772 2058 et
1789 2023 1912 2059 oleum
1931 2024 2027 2060 elici.
2051 2028 2097 2061 Et

1103 2078 1254 2126 quidem
1285 2078 1363 2127 ipsa
1393 2078 1718 2117 observantiarum
1750 2081 1905 2127 duritia,
1928 2091 1964 2119 et
1989 2092 2097 2133 petra

1103 2135 1310 2186 disciplinae
1327 2166 1336 2182 ,
1377 2137 1594 2186 frequenter
1633 2139 1755 2188 largos
1792 2141 1953 2178 effundit
1994 2143 2097 2180 rivos

1102 2196 1200 2240 olei,
1225 2204 1261 2231 et
1290 2196 1425 2232 mentis
1457 2196 1624 2233 faucibus
1654 2198 1891 2236 dulcedinem
1921 2201 2097 2238 devotio-

1101 2255 1158 2291 nis
1192 2255 1378 2291 ministrat
1408 2255 1561 2292 Ordinis
1593 2257 1746 2306 quidam
1779 2259 1949 2308 lapideus
1979 2261 2092 2310 rigor.

1100 2315 1274 2364 Denique
1293 2316 1344 2351 sic
1367 2314 1482 2352 habes
1508 2331 1516 2352 :
1540 2319 1629 2352 Fiat
1642 2331 1726 2365 pax
1746 2323 1785 2354 in
1807 2324 1942 2355 vittate
1964 2330 2037 2365 tua,
2063 2330 2097 2357 et

1100 2374 1330 2410 abundantia
1364 2380 1401 2411 in
1432 2376 1592 2412 turribus
1616 2383 1702 2423 tuis,
1731 2392 1753 2414 o
1783 2381 1988 2416 Jerusalem
2005 2409 2014 2426 ‚
2032 2381 2097 2417 sed

1098 2434 1332 2471 abundantia
1359 2436 1598 2483 diligentibus
1623 2445 1693 2473 (οἳ.
1714 2439 1911 2489 Alioquin,
1933 2441 1997 2490 qui
2019 2454 2096 2477 non

1098 2504 1216 2541 amat,
1249 2496 1317 2532 etsi
1347 2496 1448 2533 intus
1481 2497 1544 2540 sit,
1573 2499 1690 2535 esurit
1718 2508 1853 2536 tamen.
1888 2502 2092 2549 Quomodo

43 2557 140 2589 mitis
159 2566 236 2588 snm
261 2562 296 2588 et
316 2553 469 2588 humilis
493 2555 602 2588 corde
613 2551 638 2588 3.
660 2552 834 2589 Nondum
858 2553 1034 2602 intelligis
1053 2556 1084 2589 D
1101 2564 1224 2591 autem
1256 2564 1400 2604 egestas
1430 2557 1500 2593 crit
1534 2558 1569 2593 in
1600 2559 1668 2595 linc
1698 2560 1882 2609 spirituali
1911 2569 2034 2607 turre,
2058 2563 2094 2599 in

42 2626 115 2663 qua
133 2613 277 2650 ratione
293 2620 465 2662 sumptus
481 2612 670 2650 humilitas
686 2621 836 2662 praestet
853 2613 889 2648 in
912 2613 1032 2650 aedifi-

40 2673 225 2710 cationem
249 2672 389 2708 turris?
409 2673 484 2717 Qui
502 2686 557 2716 se,
581 2672 722 2721 inquit,
749 2672 940 2715 humiliat,
964 2688 1033 2709 ex-

40 2731 251 2769 allabit11r⁴.
269 2735 314 2768 Et
334 2730 430 2768 bene
451 2731 498 2767 de
515 2731 724 2767 humilitate
745 2731 781 2767 in
805 2733 1032 2781 praeccdenti

40 2793 197 2828 latenter
213 2798 268 2828 est
281 2800 495 2840 suggestum
514 2791 697 2840 capitulo,
718 2791 780 2827 ubi
799 2805 946 2841 sponsae
968 2807 1032 2830 oc-

40 2852 139 2887 culta
153 2858 444 2896 commemorat,
462 2850 623 2900 eoquod
641 2850 859 2887 humilitatis
875 2852 1030 2900 pulchra

40 2912 86 2948 sit
105 2911 263 2961 species,
290 2911 508 2947 meritorum
537 2911 663 2947 laudes
688 2912 890 2948 occultare.
916 2913 950 2949 Si
980 2912 1029 2949 ibi

40 2971 86 3008 de
102 2971 312 3008 humilitate
325 2999 333 3015 ,
351 2980 625 3020 consequenter
640 2971 685 3007 de
701 2971 927 3008 sublimitate
950 2973 1029 3009 istic

39 3032 212 3070 annectit.
233 3035 316 3068 Non
337 3040 461 3081 potest
478 3031 658 3069 abscondi
679 3032 742 3068 diu
766 3032 878 3069 turris
895 3033 931 3068 iu
954 3033 1025 3069 lm-

38 3091 193 3128 militate
215 3090 379 3128 fundata.

86 3229 93 3243 ¹
114 3226 185 3254 Luc.
202 3235 257 3259 xv,
281 3225 333 3253 20.
350 3241 392 3246 ——
412 3223 515 3254 ²1‘sal.
536 3235 630 3259 ινιιι,
654 3228 703 3255 w.
731 3242 761 3246 -
796 3222 810 3246 3
834 3224 947 3255 Mauh.
973 3237 1027 3261 xi,
1052 3230 1104 3258 29.
1126 3246 1165 3250 —-
1191 3226 1203 3252 4ί
1227 3230 1300 3258 Luc.
1323 3239 1392 3261 xiv.
1416 3232 1467 3259 11.

38 3279 90 3306 22.
142 3276 485 3310 ⁷71‘sal.‹—xx1‚7.s‚.

1102 2623 1204 2651 turre
1225 2615 1344 2651 David
1359 2645 1368 2661 ,
1389 2617 1426 2652 in
1448 2617 1547 2653 collo
1564 2630 1712 2667 sponsae
1726 2649 1734 2665 ,
1751 2621 1788 2656 in
1805 2634 1880 2670 quo
1893 2620 1973 2670 jugi
1990 2635 2096 2658 com·—

1100 2675 1239 2711 mercio
1271 2675 1424 2724 spiritus
1451 2676 1573 2713 vitalis
1607 2678 1769 2714 trahitur
1796 2687 1832 2715 et
1860 2681 2094 2727 refunditur-3

1099 2734 1135 2770 in
1165 2748 1241 2783 quo
1263 2733 1366 2770 xerbi
1394 2735 1486 2771 sacri
1516 2746 1749 2773 commeatus
1773 2738 1943 2775 assiduus
1964 2748 2041 2785 cst,
2057 2748 2095 2776 et

1097 2794 1236 2830 vocalis
1253 2794 1406 2843 spiritus
1419 2794 1618 2831 discurrit?
1634 2797 1829 2845 quomodo
1845 2798 2093 2836 samesincol-

1098 2854 1156 2897 lo,
1180 2867 1248 2903 per
1270 2853 1372 2902 quod
1401 2853 1630 2891 abundantia
1656 2857 1848 2893 suavitatis
1870 2867 2064 2895 eructatur
2079 2888 2088 2902 ,

1097 2922 1134 2949 ct
1160 2913 1318 2950 verbum
1348 2913 1489 2950 bouum
1515 2914 1560 2950 dc
1586 2916 1710 2952 cordis
1730 2916 1927 2954 libertate?
1943 2919 2087 2956 Collum

1097 2973 1288 3023 quoddam
1326 2973 1474 3009 videtur
1505 2977 1795 3021 commercium,
1830 2986 1864 3014 ct
1895 2978 2087 3027 quoddam

1095 3033 1281 3082 glutinum
1298 3063 1306 3077 ,
1329 3041 1365 3069 ct
1386 3034 1511 3070 cordis.
1531 3048 1614 3071 cum
1641 3050 1727 3082 ore,
1754 3046 1789 3072 ct
1810 3038 1982 3087 corporis
2002 3051 2086 3073 cum

1095 3093 1234 3143 capite,
1253 3093 1447 3143 utriusque
1463 3094 1509 3130 ad
1529 3095 1700 3132 alterum.
1717 3099 1759 3133 In
1778 3097 1875 3133 collo
1895 3097 2085 3133 vinculum

1549 3227 1561 3250 ⁵
1583 3234 1593 3261 Ι
1613 3232 1692 3262 [Ἢν.
1718 3236 1828 3265 11.:'=.›
1882 3231 1896 3250 ’ἶ
1915 3232 2027 3274 ΙΓΙιΙιυε.
2051 3246 2087 3267 ιι,
