2504 3928
347 216 446 254 1279

1052 214 1214 249 SERMO
1243 215 1292 249 IN
1321 215 1472 250 COENA
1502 215 1690 250 DOMINI.

2293 213 2392 250 1280

344 295 434 330 tudo
463 291 734 333 afllietionum3
769 288 900 324 botrus
934 289 1068 338 Cypri,
1104 289 1471 340 abundantia¹¹⁰¹per
1500 303 1665 327 amorem
1687 305 1697 334 ;
1719 288 1797 339 ipse
1826 301 1918 325 vcro
1950 289 1986 324 in
2022 297 2056 325 te
2089 301 2157 338 per
2180 288 2331 337 justitiae
2357 298 2395 326 et

343 353 564 401 gaudiorum

395 415 429 446 8.
454 410 523 446 Sed
549 422 624 445 uon
645 416 700 444 est
718 406 1023 457 pi·:1·tereun(lmn
1044 407 1146 456 quod
1167 407 1332 453 dieitur,

345 474 561 507 l¹'1a.=‹·1'‹·ulus
596 469 759 519 msrrlm’
791 470 944 503 dile-stas
978 481 1076 502 meus
1113 469 1206 503 mihi
1242 473 1336 503 iuter

343 530 454 565 ula-ra
477 527 765 563 mmmm-abitm·
780 533 804 562 ¹.
831 525 886 562 lbi
911 526 1011 561 enim
1033 535 1087 563 est
1107 540 1184 562 eor.
1213 531 1255 563 Et
1271 527 1334 563 ubi

343 598 395 624 est
415 602 491 632 eor,
515 587 562 623 ibi
581 586 752 631 dilecti03
784 594 820 621 et
845 584 908 620 ubi
935 585 1104 632 dilectio,
1135 585 1184 621 ibi
1211 586 1335 622 dilecti

344 649 525 684 mansio-¹.
548 647 659 683 Novit
684 654 807 682 autem
837 645 1064 694 quicumque
1092 655 1189 682 recte
1222 647 1334 696 sapit,

343 715 525 755 quamtum
553 705 766 741 christiauae
787 704 914 753 pietati
941 703 1132 752 expediat,
1155 714 1337 753 quantum

345 767 412 802 Dei
434 777 585 801 servum
607 763 736 799 deceat
756 771 1000 798 sacrosanctae
1022 763 1205 812 passionis
1224 763 1339 812 ipsius

346 825 492 860 lidelius
514 823 681 859 recolere
702 821 902 866 beneficia,
923 821 968 857 ad
994 821 1192 857 fruendum
1215 822 1340 857 suavi-

346 893 402 920 ter
416 885 451 920 in
470 881 718 925 couscientia,
741 880 785 916 ad
805 880 1086 916 recondendum
1110 880 1256 929 plenius
1273 893 1340 929 per

345 945 591 980 imitationem
611 942 646 977 iu
670 941 850 977 memoria
873 955 880 976 :
899 939 1002 989 quod
1027 948 1082 976 est
1097 939 1341 989 spiritualiter

347 1004 574 1040 manducare
599 1014 738 1050 corpus
765 1000 935 1045 Domini,
961 1007 997 1035 et
1024 1000 1241 1048 sanguinem
1261 997 1341 1047 ejus

590 365 597 385 ε
621 349 720 385 illinc
746 348 974 393 amaricans,
1004 348 1112 384 istinc
1136 348 1335 386 inebrians.
1354 351 1384 384 A
1406 350 1612 387 sanctitatis
1639 349 1921 398 operationem,
1955 348 1991 384 in
2023 347 2104 396 ejus
2130 362 2289 398 corpore
2306 350 2394 385 etin

1400 409 1577 445 membris
1607 408 1687 457 ejus
1708 406 1999 457 computaberis.
2032 411 2076 443 lit
2108 407 2191 443 ideo
2229 408 2258 443 si
2294 420 2394 443 amas

1400 469 1561 504 animam
1580 476 1678 503 tuam
1696 495 1704 513 ‚
1728 475 1885 516 propter
1899 467 2085 503 Christum
2108 466 2266 516 perdere
2280 465 2394 510 debes

1402 541 1496 572 eam,
1519 528 1595 563 sive
1614 526 1792 576 ponendo
1814 534 1854 561 ut
1874 534 2029 574 martyr,
2052 526 2079 562 si
2103 526 2300 561 necessitas
2327 539 2394 561 ex-

1401 587 1543 635 egerit3
1567 587 1645 622 sive
1673 585 1875 633 affligendo
1903 586 2104 621 districtius
2127 593 2166 621 ut
2183 585 2389 634 poenitens:

1402 659 1615 695 quanquam
1647 653 1683 681 et
1711 658 1828 693 genus
1863 644 2030 692 martyrii
2058 644 2127 688 sit,
2147 644 2278 693 spiritu
2301 644 2395 680 sacta

1404 706 1523 742 carnis
1542 705 1789 748 mortificare,
1822 704 1885 739 illo
1911 704 2087 739 nimirum
2119 716 2195 751 quo
2227 701 2395 738 membra

1405 765 1603 801 caeduntur
1624 764 1745 808 ferro,
1775 763 1933 799 horrore
1961 762 2113 812 quidem
2142 762 2286 807 mitius,
2306 760 2394 797 diu-

1407 824 1584 859 turuitate
1604 831 1728 859 autem
1755 822 1959 858 molestius.
1982 821 2194 858 Habeamus
2211 833 2300 870 ergo
2329 833 2395 855 eo-

1406 896 1487 919 rum
1519 896 1602 931 quse
1639 881 1935 930 contemptibilia
1970 881 2116 918 Christo
2150 888 2237 916 sunt
2269 879 2393 924 illata,

1407 943 1622 978 continuam
1658 950 1695 977 et
1724 941 1996 977 indesinentem
2037 939 2255 975 memoriam
2285 953 2292 974 :
2318 951 2394 974 non

1406 1001 1537 1049 utique
1553 1001 1734 1046 otiosam,
1753 1013 1829 1036 non
1847 1000 2010 1049 tepidam
2025 1027 2034 1044 ‚
2054 1012 2131 1035 non
2159 1006 2392 1047 torpentem,

349 1063 498 1109 bibere,
532 1062 581 1098 ob
613 1074 779 1098 amorem
812 1068 849 1096 ct
877 1059 1125 1095 reverentiam
1157 1057 1257 1106 ejus,
1278 1059 1341 1107 qui
1359 1061 1386 1094 B
1407 1060 1470 1096 scd
1488 1060 1758 1109 compassionis
1775 1059 1910 1096 ardore
1924 1058 2175 1108 superomnia
2192 1057 2395 1106 plurimum

347 1121 586 1159 credentibus
605 1121 640 1157 in
657 1134 694 1157 se
716 1119 886 1169 praecipit
903 1118 1050 1163 dicens,
1070 1120 1148 1152 Hoc
1163 1117 1285 1163 jacite
1305 1121 1341 1152 in

347 1196 467 1218 meam
484 1184 865 1216 commemorationem
881 1184 907 1213 ².
934 1182 976 1214 In
1000 1190 1076 1226 quo
1097 1177 1206 1213 etiam
1229 1190 1341 1225 quam

348 1242 505 1291 impium
523 1241 569 1276 sit
587 1239 778 1275 hominem
798 1245 907 1274 tantae
929 1237 1077 1286 pietatis
1089 1236 1156 1272 Dei
1175 1249 1254 1272 esse
1272 1236 1342 1271 im-

349 1314 554 1337 memorem
570 1327 579 1343 ,
600 1299 722 1348 palam
737 1306 792 1334 est
809 1296 1009 1341 omnibus;
1028 1308 1111 1331 cum
1129 1295 1238 1330 amici
1258 1307 1342 1330 mo-

350 1361 478 1396 rientis
494 1359 550 1394 vel
574 1371 730 1407 peregre
751 1355 1020 1406 proficiscentis
1041 1352 1342 1390 commendatam

350 1419 419 1456 sibi
440 1418 509 1453 sub
530 1418 657 1466 aliquo
684 1417 789 1464 signo
817 1415 1035 1451 memoriam
1063 1413 1166 1448 nefas
1181 1413 1228 1448 sit
1244 1411 1343 1447 obli-

349 1478 450 1514 visci.
472 1476 664 1525 Siquidem
696 1475 807 1523 hujus
836 1472 1052 1510 reverendae
1072 1483 1344 1508 commemora-

351 1537 461 1573 tionis
479 1535 698 1584 mysterium
719 1547 787 1570 suo
811 1532 923 1569 modo
937 1561 946 1578 ‚
972 1544 1041 1568 suo
1065 1541 1255 1580 tempore,
1277 1543 1345 1566 suo

350 1598 432 1632 loco
453 1594 643 1632 celebrare
674 1592 762 1630 licet
790 1592 919 1642 paucis
947 1590 1187 1636 hominibus,
1208 1589 1346 1638 quibus

351 1666 386 1693 et
400 1658 472 1693 hoc
487 1656 664 1692 traditum
682 1662 738 1690 est
750 1653 981 1702 mysterium.
999 1656 1092 1689 Rem
1105 1664 1196 1687 vcro
1213 1658 1347 1699 myste-

352 1717 396 1752 rii
417 1716 519 1752 omni
542 1723 711 1764 tempore
737 1721 773 1749 et
799 1713 836 1748 in
858 1711 962 1748 omni
994 1711 1077 1747 loco
1114 1709 1345 1746 dominatio-

352 1775 409 1811 nis
431 1775 498 1811 Dei
522 1773 635 1810 modo
657 1785 733 1822 quo
755 1771 932 1808 traditum
956 1778 1030 1815 est,
1050 1769 1087 1805 id
1108 1777 1184 1814 est,
1208 1767 1347 1804 debitae

1407 1119 1674 1164 delectantem,
1693 1128 1730 1155 et
1745 1119 1961 1154 imitationis
1979 1117 2175 1167 privilegio
2191 1116 2318 1152 omnia
2332 1116 2397 1151 im-

1407 1186 1628 1227 petrantem.
1651 1178 1760 1215 Unde
1778 1178 1981 1227 propheta,
2000 1179 2192 1212 Delectan-
2213 1180 2248 1211 in
2267 1178 2397 1211 Domi-

1407 1251 1466 1282 no,
1486 1238 1630 1286 inquit,
1660 1246 1699 1273 ut
1726 1245 1849 1287 spreta
1872 1236 2003 1272 mundi
2029 1235 2206 1271 vitiorum
2227 1235 2396 1270 omnium

1402 1295 1639 1344 jucunditate
1656 1296 1808 1332 suavior
1824 1295 1905 1343 ejus
1924 1294 2133 1331 recordatio
2154 1295 2220 1340 sit;
2242 1302 2278 1329 et
2296 1293 2400 1329 «labit

1408 1353 1473 1388 thi
1484 1357 1682 1402 petitiones
1700 1356 1820 1388 cordis
1839 1352 1930 1399 tue'³‚
1952 1366 2027 1389 non
2048 1353 2181 1390 carnis.

1459 1413 1495 1448 9.
1524 1417 1642 1449 Porro
1673 1421 1746 1448 tres
1772 1419 1859 1448 sunt
1876 1412 2041 1460 species,
2061 1411 2106 1446 de
2135 1410 2273 1459 quibus
2301 1424 2398 1447 con-

1412 1474 1536 1510 ficitur
1562 1473 1817 1522 pigmentum,
1849 1471 1952 1520 quod
1985 1470 2030 1506 ad
2063 1471 2195 1519 regalis
2235 1470 2401 1507 convivii

1411 1534 1579 1570 festivam
1596 1531 1905 1568 exhilarationem
1919 1530 2124 1579 apponitur
2141 1544 2148 1566 ε
2168 1530 2402 1579 triumphalis

1412 1593 1554 1629 reditus
1578 1590 1624 1627 ab
1645 1591 1795 1635 inferis,
1824 1590 1942 1639 gloria
1972 1588 2277 1634 resurrectionis,
2312 1601 2402 1625 con-

1412 1665 1535 1689 sessus
1562 1652 1608 1688 ad
1637 1651 1829 1687 dexteram
1863 1649 1931 1686 Dei
1960 1649 2092 1686 Patris,
2128 1647 2207 1685 Cibi
2238 1647 2402 1697 praedicti

1411 1712 1645 1748 confortant:
1663 1710 1730 1746 ista
1743 1723 1834 1745 vero
1851 1709 1918 1745 tria
1936 1708 2135 1744 laetilicant.
2154 1707 2403 1744 Convivantes

1412 1778 1448 1807 et
1474 1770 1620 1806 invitati
1640 1769 1677 1805 in
1700 1777 1867 1818 tempore
1896 1767 2023 1817 gratiae
2047 1779 2123 1816 prae
2139 1765 2280 1802 caeteris
2302 1770 2404 1815 Apo-

353 1835 501 1885 pietatis
535 1834 690 1878 affectu,
727 1840 764 1868 et
800 1839 937 1867 sanctae
964 1828 1183 1866 imitationis
1218 1827 1354 1864 effectu
1374 1830 1401 1866 C
1420 1830 1504 1866 stoli
1520 1838 1556 1866 et
1573 1837 1756 1878 martyres
1774 1841 1853 1866 esse
1869 1827 2094 1873 creduntur,
2109 1826 2173 1876 qui
2191 1826 2227 1862 in
2252 1825 2403 1862 sortitu-

354 1907 480 1943 agere‚
524 1901 682 1929 tractare
719 1899 756 1927 et
793 1902 942 1927 sumere
982 1889 1021 1925 in
1059 1888 1217 1924 salutem
1255 1899 1350 1923 cun-

355 1953 424 1989 ctis
454 1951 626 1989 fidelibus
656 1951 694 1987 in
726 1957 905 2000 promptu
930 1956 997 1985 est.
1028 1951 1120 1985 Nam
1148 1955 1185 1983 et
1217 1949 1349 1984 Sacra-

357 2021 524 2049 mentum
548 2012 644 2049 sicut
672 2010 806 2059 accipit
831 2009 877 2045 ad
901 2008 1014 2044 vitam
1045 2006 1208 2056 dignus:
1231 2006 1283 2042 sic
1304 2004 1352 2042 ad

352 2072 536 2122 judicium
554 2079 591 2107 et
613 2079 770 2106 mortem
792 2067 982 2118 propriam
1007 2065 1196 2115 indignus.
1223 2068 1354 2102 Sacra-

359 2140 524 2168 mentum
541 2131 642 2167 enim
665 2130 744 2166 sine
766 2142 804 2165 re
823 2126 1072 2172 Sacramenti‚
1090 2137 1191 2162 mors
1208 2133 1264 2161 est
1283 2137 1354 2162 su-

360 2191 475 2227 menti
497 2205 504 2227 :
530 2203 588 2226 res
607 2203 698 2225 vero
726 2187 955 2226 Sacramenti
982 2187 1092 2222 etiam
1119 2192 1257 2234 praeter
1285 2186 1353 2220 Sa-

360 2258 591 2286 cramentum
606 2278 614 2294 ‚
638 2249 715 2285 vita
734 2257 873 2284 aeterna
894 2255 949 2283 est
969 2245 1176 2295 accipienti.
1199 2245 1354 2291 Quoties

361 2310 397 2345 in
427 2308 827 2345 commemorationem
856 2305 937 2354 ejus
967 2306 1031 2354 qui
1058 2317 1128 2354 pro
1158 2312 1193 2339 te
1222 2316 1354 2353 passus

363 2376 436 2413 est,
465 2368 523 2417 pie
553 2380 595 2403 ac
624 2365 782 2401 fideliter
812 2365 999 2402 Christum
1027 2362 1211 2398 imitando
1242 2362 1355 2397 fueris

364 2428 520 2463 affectus
546 2435 582 2462 et
609 2425 787 2469 devotus,
810 2437 947 2473 corpus
972 2423 1054 2471 ejus
1073 2421 1297 2465 manducas,
1318 2429 1355 2456 et

365 2486 582 2535 sanguinem
606 2483 687 2532 ejus
705 2483 801 2519 bibis
823 2498 830 2519 :
853 2491 889 2518 et
906 2480 1086 2530 quamdiu
1104 2480 1142 2515 in
1163 2492 1207 2515 co
1229 2491 1355 2514 manes

1415 1889 1501 1926 dine
1529 1889 1667 1925 coelesti
1694 1896 1731 1925 et
1759 1887 1943 1937 spirituali
1970 1886 2217 1923 exsultatione
2246 1897 2322 1921 non
2351 1885 2405 1921 in-

1415 1948 1509 2000 grati
1521 1949 1579 1985 vel
1595 1948 1835 1984 immemores
1854 1945 2011 1983 exhibiti
2025 1959 2046 1982 a
2059 1945 2207 1982 Christo
2227 1943 2402 1989 convivii,

1417 2006 1632 2045 retribuunt,
1651 2015 1688 2044 et
1704 2006 1870 2043 offerunt
1885 2006 1931 2042 de
1948 2018 1986 2042 se
2002 2005 2091 2055 ipsis
2108 2004 2233 2053 qualia
2252 2015 2407 2052 accepe-

1417 2076 1520 2104 runt.
1537 2070 1580 2103 In
1603 2066 1791 2103 desiderio
1815 2073 1851 2101 et
1870 2065 1907 2101 in
1924 2076 2042 2115 agone
2062 2064 2132 2100 isto
2151 2062 2308 2108 sudant,
2325 2074 2406 2098 cur-

1418 2136 1507 2165 runt
1531 2136 1568 2164 et
1586 2126 1780 2172 laborant;
1797 2139 1894 2175 quos
1919 2125 2030 2175 elegit
2047 2127 2148 2161 Deus
2161 2151 2170 2169 ,
2189 2131 2230 2159 ut
2252 2135 2290 2159 se
2307 2122 2407 2172 ipsos

1419 2186 1579 2224 hostiam
1602 2187 1725 2222 vivam
1756 2194 1793 2222 et
1810 2189 1889 2222 Deo
1909 2191 2100 2232 acceptam
2128 2181 2339 2218 exhibeant.
2362 2183 2408 2217 Et

1420 2247 1561 2284 utinam
1586 2246 1753 2283 Christus
1775 2244 1884 2281 nobis
1902 2243 2092 2292 indulgeat
2120 2241 2409 2291 quantulacum-

1420 2320 1493 2356 que
1527 2305 1715 2341 bonorum
1757 2317 1915 2354 operum
1953 2301 2215 2343 exsecutione,
2258 2299 2407 2335 illorum

1421 2365 1574 2414 vestigia
1591 2364 1782 2400 humiliter
1803 2363 1982 2408 adorare;
1999 2361 2064 2410 qui
2090 2368 2147 2398 est
2167 2363 2267 2396 Deus
2292 2357 2408 2394 bene-

1420 2423 1541 2460 dictus
1563 2423 1601 2459 in
1622 2422 1768 2459 saecula.
1792 2426 1922 2458 Amen.

415 2616 421 2630 ¹
439 2609 559 2641 Cautic.
578 2621 587 2639 1
601 2633 608 2646 ‚
635 2612 686 2647 13,
708 2612 758 2639 12.
773 2625 816 2630 ——
842 2613 853 2628 ²
876 2609 976 2639 lCor.
992 2617 1026 2636 xt
1043 2629 1050 2643 ‚
1073 2608 1125 2636 25.
1146 2621 1187 2626 —-
1207 2602 1220 2625 3
1236 2603 1315 2634 Psal.
1333 2612 1454 2638 xxxvi,
1472 2603 1503 2631 4.

412 2672 422 2685 ³
439 2674 515 2709 Qua·
529 2674 699 2710 sequuntur
720 2678 816 2708 usque
830 2666 868 2697 ad
891 2665 983 2703 illud,
1005 2667 1047 2695 Et
1060 2662 1130 2693 ideo
1147 2662 1173 2693 si
1191 2673 1279 2692 amas
1302 2660 1436 2691 animam
1458 2666 1558 2695 luam,
1579 2658 1686 2689 iisdem
1709 2657 1771 2689 fere
1792 2657 1893 2688 verbis
1913 2655 2067 2687 habentur
2090 2664 2201 2697 supra,
2221 2653 2251 2684 in
2275 2651 2411 2695 Epistola

365 2723 403 2753 ad
426 2726 542 2753 Fratres
567 2722 605 2753 de
622 2720 805 2754 Monte-Dei
819 2743 827 2759 ‚
850 2719 904 2751 lib.
927 2722 956 2757 1,
978 2729 1008 2749 n.
1028 2720 1081 2749 30.
