2504 3928
388 196 428 230 31
1151 194 1441 229 GlLlAEBERTl
1472 195 1669 229 ABBATIS
2377 195 2425 229 32

382 273 452 307 hoc
473 271 636 320 capitulo
654 268 907 311 occasionem,
929 277 1072 314 actum,
1094 277 1130 305 et
1150 283 1310 307 causam.
1330 274 1371 307 lu

1440 270 1549 306 taedet
1570 270 1674 314 vitre,
1696 269 1805 306 taedet
1836 269 1986 305 luminis
2015 268 2144 318 hujus,
2164 270 2342 319 quoniam
2370 271 2427 307 lu-

382 331 559 379 diligeute
581 343 708 371 causa,
732 337 835 364 actus
851 328 889 364 in
910 337 1123 377 qua-renim
1144 330 1371 379 opportuni-
1390 328 1419 361 Α
1438 342 1522 364 men
1543 329 1740 364 oculorum
1772 340 1942 363 meorum
1974 336 2010 364 et
2030 329 2151 377 ipsum
2175 341 2251 365 non
2271 337 2326 365 est
2345 342 2427 366 me-

385 398 437 424 tas
458 402 547 425 vero
564 397 599 424 et
619 387 764 423 occasio
786 387 822 422 in
843 387 981 423 lectulo
1003 396 1040 423 et
1060 397 1169 424 nocte
1190 390 1371 425 innuitur.

384 450 500 483 Breve
520 456 641 483 autem
668 446 895 494 capitulum,
913 447 1090 495 quoniam
1113 447 1234 484 bonus
1254 449 1373 484 lectu-

385 506 459 549 lus,
480 506 515 541 iu
546 518 622 553 quo
651 505 806 553 suscipit
834 518 939 541 mens
966 506 1113 554 fatigata
1142 507 1370 552 fomentum,

384 564 460 600 imo
482 565 629 599 fervens
650 563 884 608 incendium,
909 564 944 600 in
971 578 1047 613 quo
1071 578 1178 601 amor
1202 565 1290 601 dum
1315 567 1374 601 ol'-

384 622 614 658 Tendit-ulum
636 635 713 658 non
736 621 869 667 habet,
896 622 1068 659 desiderii
1090 637 1197 660 usum
1225 634 1375 661 exercet

383 680 586 717 ardentius.
615 680 686 717 Sed
710 680 787 729 jam
813 695 880 717 nos
903 682 962 718 hic
988 683 1182 732 paululum
1203 684 1374 732 quiesca-

384 753 484 784 mus,
505 749 540 775 et
561 741 597 776 in
620 741 682 776 illo
711 741 854 777 utinam
888 741 1039 786 lectulo,
1071 742 1108 778 in
1140 756 1217 791 quo
1237 757 1374 793 sponsa

383 798 472 835 dum
493 799 652 848 quievit,
671 800 848 836 dilectum
865 802 1037 849 quaesivit
1057 816 1063 837 ε
1082 810 1121 837 ut
1135 803 1374 851 experientiae

383 871 493 894 sensu
529 859 565 894 in
597 857 705 894 nohis
736 859 826 908 ipsis
860 859 1025 895 ediscere
1060 860 1246 908 possimus
1272 860 1374 909 quod

384 930 484 953 nune
501 918 593 953 alios
613 917 748 954 docere
777 931 971 964 conamur,
999 932 1112 968 quam
1142 919 1250 956 dulce
1270 921 1315 955 sit
1338 920 1374 956 in

383 976 453 1011 boc
474 976 609 1012 lectulo
627 977 838 1024 quiescere,
858 985 895 1012 et
917 977 1093 1014 dilectum
1121 991 1288 1027 quaerere
1307 983 1373 1016 Je-

383 1049 464 1072 sum
487 1037 675 1073 Christum
693 1038 896 1074 Dominum
919 1046 1101 1074 nostrum.

738 1167 1006 1178 ==s=====s=s========
1013 1168 1289 1179 xsussxsunssnssxzsn
1295 1170 1376 1179 ιιι-ιι

675 1293 926 1350 SERMO
973 1296 1074 1350 ΙΙΙ.

423 1434 555 1473 Qua-sici
572 1432 674 1469 illum,
699 1440 728 1463 et
746 1445 809 1464 non
826 1435 937 1467 inveni.
958 1436 1076 1468 Cantic.
1091 1445 1159 1477 cap.
1179 1447 1229 1473 ni,
1247 1434 1284 1473 ᾖ.
1312 1439 1342 1467 1.

782 1568 792 1569 7
801 1561 994 1576 fian-000*-

443 1686 471 1720 1.
501 1689 583 1722 Non
613 1686 707 1722 solet
730 1699 890 1735 sponsus
912 1699 1073 1736 semper,
1096 1687 1154 1722 vel
1179 1700 1247 1736 pro
1280 1695 1376 1723 tem-

385 1756 498 1792 pore,
533 1744 589 1779 vel
620 1757 691 1793 pro
722 1745 928 1793 quantitate
957 1746 1090 1781 animae
1120 1758 1158 1781 se
1178 1746 1378 1794 quaerentis

1437 402 1534 424 cum.
1557 387 1630 425 Ubi
1651 387 1722 423 erit
1742 387 1830 422 foris
1860 387 2087 431 consolatio,
2113 387 2142 423 si
2170 387 2270 424 intus
2297 388 2336 425 in
2368 401 2427 424 me

1438 448 1516 496 ipsa
1538 455 1571 482 te
1591 445 1745 482 absente
1775 444 1965 481 turbatio?
1996 446 2251 481 Cenem-batum
2284 456 2338 482 est
2368 460 2430 481 cor

1439 520 1578 548 meum,
1601 507 1797 552 dereliquit
1812 518 1871 539 me
1889 509 2006 539 virtus
2026 518 2125 548 mea,
2150 514 2183 540 et
2203 508 2323 541 lumen
2343 519 2428 541 ocu-

1439 568 1552 601 lorum
1574 577 1735 600 meorum
1757 572 1791 598 et
1811 568 1928 611 ipsum
1960 577 2033 599 non
2062 573 2116 599 ese
2144 577 2282 599 mecum
2298 569 2323 600 ².
2344 565 2431 601 Tria

1439 624 1516 660 haec
1537 633 1658 660 tecum
1683 622 1875 667 abierunt,
1903 623 2038 667 virtus,
2060 623 2214 668 veritas,
2242 622 2427 659 identitas.

1439 683 1639 731 Quomodo
1667 682 1766 718 enim
1788 681 1904 718 virtus
1932 682 2002 718 erit
2028 682 2065 718 in
2090 681 2233 718 doloris
2258 682 2369 726 lecto,
2391 683 2428 719 in

1441 751 1550 779 nocte
1569 743 1714 788 lumen,
1735 749 1772 778 et
1798 742 1835 778 in
1865 741 2049 777 divisione
2070 749 2106 777 et
2129 742 2363 790 separatione
2392 741 2429 778 id

1440 802 1590 851 ipsum?
1617 801 1675 838 Ad
1708 813 1766 837 me
1800 813 1899 836 nunc
1933 800 2081 849 respicit
2112 800 2174 836 illa
2202 800 2431 850 prophetalis

1440 860 1682 910 exprobratio
1698 875 1704 895 :
1728 861 1926 907 Quousque
1946 861 2263 906 dissolveris,filia
2279 872 2377 907 vaga
2391 856 2432 894 ³?

1440 919 1612 968 Denique
1640 927 1677 954 et
1707 918 1816 964 Cain,
1836 931 1881 954 ex
1908 931 1984 967 quo
2013 930 2181 966 egressus
2205 926 2261 955 est
2288 930 2309 954 a
2341 917 2431 954 facie

1439 978 1614 1023 Domini,
1635 990 1750 1026 vagus
1770 977 1887 1013 sactus
1907 985 1962 1013 est
1981 985 2017 1012 et
2034 977 2227 1026 profugus.
2248 980 2326 1026 Ego
2342 977 2431 1026 qui-

1390 1039 1417 1074 B
1435 1037 1518 1073 dem
1540 1050 1616 1073 non
1633 1037 1684 1073 ita
1703 1050 1795 1085 vaga
1815 1044 1851 1072 et
1871 1036 2029 1085 profuga
2050 1050 2057 1072 ε
2079 1035 2194 1084 magis
2213 1035 2313 1072 enim
2331 1048 2433 1084 quae-

1441 1110 1527 1133 rens
1549 1109 1660 1145 quam
1683 1096 1847 1144 sugiens3
1868 1103 1922 1140 et,
1944 1104 1984 1130 ut
2005 1095 2175 1131 licentius
2194 1095 2340 1144 loquar,
2365 1093 2432 1130 tibi

1442 1156 1527 1204 suga
1544 1155 1628 1204 plus
1645 1155 1836 1203 competit.
1854 1158 1911 1190 An
1928 1166 2004 1189 non
2021 1166 2130 1203 vaga,
2146 1167 2229 1202 quae
2245 1153 2292 1189 de
2307 1153 2433 1190 lectuli
2463 1199 2471 1209 “

1439 1214 1619 1263 angustiis
1636 1221 1783 1248 transeo
1800 1211 1847 1248 ad
1867 1211 2049 1247 ambitum
2073 1210 2196 1257 urbis,
2219 1211 2433 1247 discurrens

1440 1286 1507 1322 per
1524 1273 1680 1322 plateas,
1699 1285 1766 1321 per
1786 1271 1907 1316 vicos,
1926 1283 1993 1320 per
2010 1271 2163 1319 vigiles?
2179 1270 2252 1318 Qui
2269 1270 2434 1306 adhaeret

1440 1332 1620 1376 Domino,
1643 1343 1740 1366 unus
1759 1337 1814 1365 est
1839 1329 1992 1378 spiritus
2005 1329 2030 1364 ·³.
2052 1329 2171 1365 Dulce
2190 1329 2262 1365 hoc
2281 1328 2402 1378 ipsum
2420 1355 2429 1372 ‚

1441 1399 1478 1427 et
1498 1391 1582 1426 ideo
1603 1390 1696 1426 dura
1714 1390 1912 1438 separatio.

1495 1448 1531 1485 2.
1555 1449 1757 1496 Quomodo
1775 1448 1952 1497 dissipata
1972 1457 2027 1484 est
2046 1448 2124 1484 haec
2144 1446 2336 1493 identitas,
2355 1446 2432 1483 ‹lis-

1442 1508 1529 1544 siliit
1555 1508 1660 1551 unio,
1687 1515 1724 1543 et
1749 1507 1795 1543 ad
1819 1520 1877 1543 me
1897 1507 2089 1544 dimidiata
2110 1506 2228 1543 redii?
2248 1510 2339 1543 Nam
2358 1513 2435 1542 tota

1441 1581 1461 1604 a
1491 1576 1524 1604 te
1554 1580 1630 1604 non
1663 1567 1824 1603 discessi.
1846 1567 2040 1604 Desiderio
2062 1566 2220 1604 enimin
2249 1574 2284 1602 te
2317 1565 2432 1608 feror,

1442 1627 1507 1663 sed
1529 1640 1549 1663 a
1571 1627 1768 1676 praeseutia
1788 1626 1944 1662 differor
1962 1642 1969 1662 ε
1991 1626 2113 1663 habeo
2136 1624 2290 1674 aliquod
2309 1625 2346 1660 in
2369 1624 2436 1660 de-

1443 1686 1580 1722 siderio
1609 1686 1802 1731 solatium,
1823 1685 1887 1722 sed
1917 1694 2036 1722 totum
2066 1685 2159 1722 illud
2185 1683 2381 1721 abscondit
2399 1691 2436 1719 et

1444 1744 1621 1781 absorbet
1651 1745 1697 1780 de
1730 1744 1908 1781 dilatione
1941 1745 2178 1794 supplicium.
2212 1747 2296 1791 Quo
2325 1750 2435 1792 paeto

386 1812 476 1838 voto
493 1803 734 1851 respondere.
759 1806 937 1849 Quoesivi,
962 1804 1106 1852 inquit,
1122 1814 1158 1840 et
1172 1818 1243 1839 non
1261 1806 1382 1840 inveni
1401 1806 1427 1841 C
1447 1817 1523 1839 non
1538 1802 1784 1840 absconditur
1804 1816 1916 1839 omne
1934 1804 2106 1839 solatium
2118 1831 2127 1848 ,
2150 1801 2330 1851 quamdiu
2346 1800 2434 1837 abs-

386 1865 501 1897 illmn.
535 1864 692 1899 Gratum
724 1870 824 1897 certe
852 1861 1031 1906 verbum,
1060 1866 1216 1909 quoesiei
1247 1876 1258 1896 .·
1289 1861 1376 1907 sed,

386 1935 460 1956 non
482 1925 601 1955 inveni
621 1923 744 1963 illum,
774 1932 901 1969 grave.
922 1919 1063 1968 Quidni
1082 1932 1195 1968 grave
1221 1927 1257 1955 et
1278 1920 1380 1955 into—

386 1979 539 2015 lerabile
555 1980 606 2015 sic
623 1979 825 2027 quaerenti,
840 1986 877 2014 et
896 1978 948 2013 sic
966 1977 1131 2013 amanti?
1147 1981 1264 2014 Nemo
1281 1977 1380 2013 enim

386 2051 432 2074 eo
463 2038 566 2086 quod
599 2037 776 2073 ardenter
809 2037 964 2085 quaerit‚
997 2049 1074 2071 non
1112 2036 1222 2071 anxie
1254 2044 1378 2081 caret,

389 2105 568 2145 tantoque
597 2096 845 2132 cumulatiore
877 2095 1066 2144 angustia,
1101 2095 1129 2130 si
1163 2095 1285 2131 vicina
1317 2108 1382 2144 spe

381 2155 614 2205 jamjamque
659 2155 943 2204 apprehensura
988 2153 1192 2190 fraudatur.
1232 2157 1382 2201 Quanto

389 2214 504 2262 magis
534 2213 615 2258 illa,
645 2225 758 2260 quam
789 2220 954 2260 expertae
982 2219 1019 2247 et
1046 2211 1202 2260 perditae
1226 2211 1383 2248 internae

388 2270 598 2307 dulcedinis
627 2277 809 2319 provocat
839 2269 1004 2305 esuries?
1033 2268 1219 2306 Credibile
1247 2277 1302 2306 est
1322 2282 1382 2306 se-

389 2329 555 2366 cundum
577 2328 855 2364 multitudinem
874 2335 1080 2363 retractatae
1096 2336 1133 2363 et
1150 2328 1329 2364 revolutae
1344 2328 1382 2363 in

389 2388 503 2425 corde
531 2387 759 2432 dulcedinis,
790 2386 925 2423 acriori
952 2385 998 2422 ad
1028 2386 1274 2435 quaerendum
1306 2387 1383 2423 ictu

389 2445 604 2483 everberari
633 2446 799 2482 animum
831 2445 999 2481 amantis.
1022 2445 1195 2494 Denique
1222 2445 1267 2481 ad
1289 2445 1384 2482 dile-

390 2505 522 2541 ctionis
556 2517 790 2549 mensuram,
828 2518 903 2540 non
938 2505 1165 2541 invenientis
1197 2504 1384 2554 pendatur

1445 1861 1576 1898 condis
1607 1861 1737 1897 faciem
1766 1870 1866 1898 tuam
1894 1875 1914 1898 a
1940 1864 2024 1898 me?
2052 1861 2244 1910 Denique,
2267 1861 2362 1896 sicut
2385 1860 2438 1897 ait

1446 1920 1650 1969 propheta,
1676 1921 1883 1956 Consolatio
1904 1920 2119 1957 abscondita
2139 1930 2196 1956 est
2222 1919 2269 1955 ab
2297 1922 2435 1965 oculis,

1446 1983 1536 2026 quia
1555 1976 1670 2025 sacta
1691 1987 1745 2013 est
1767 1983 1863 2014 inter
1889 1981 2038 2014 dilectos
2058 1980 2188 2014 divisio
2203 1977 2230 2014 ⁵.
2249 1977 2319 2014 Sed
2346 1977 2438 2013 mihi

1447 2035 1686 2080 abscondita,
1709 2036 1886 2084 quoniam
1907 2036 1996 2072 mihi
2018 2027 2139 2073 fuerat
2163 2036 2242 2072 haec
2270 2035 2361 2072 unio
2379 2035 2438 2072 in-

1448 2095 1562 2131 dulta.
1596 2098 1650 2131 Tu
1682 2095 1781 2131 enim
1812 2094 2000 2133 bonorum
2034 2108 2204 2131 meorum
2234 2107 2311 2131 non
2339 2107 2436 2143 eges.

1446 2157 1549 2190 Bona
1566 2153 1666 2189 enim
1689 2166 1790 2199 mea,
1812 2153 1911 2190 dona
1933 2162 1995 2189 tua
2019 2161 2105 2189 sunt
2126 2168 2133 2190 :
2155 2153 2240 2189 ideo
2261 2153 2350 2189 mihi
2378 2152 2437 2189 in—

1447 2211 1590 2249 cumbit
1615 2212 1810 2257 desolatio,
1835 2212 1923 2249 dum
1948 2226 1969 2249 a
1990 2221 2023 2249 te
2044 2212 2209 2262 separari
2237 2211 2433 2261 contingit.

1449 2275 1503 2308 Tu
1526 2272 1646 2307 virtus
1666 2284 1747 2307 mea
1768 2286 1775 2307 :
1800 2279 1839 2307 tu
1857 2272 1983 2307 lumen
2009 2271 2204 2307 oculorum
2227 2283 2398 2307 meorum
2427 2284 2435 2306 :

1449 2338 1486 2366 tu
1505 2330 1593 2366 mihi
1611 2330 1733 2379 ipsum
1751 2345 1759 2366 ε
1778 2338 1816 2366 tu
1845 2330 1934 2365 mihi
1963 2338 2095 2365 totum.
2113 2329 2285 2378 Denique
2305 2328 2439 2365 defecit

1447 2403 1534 2426 caro
1564 2403 1645 2426 mea
1664 2398 1700 2426 et
1719 2402 1786 2425 cor
1805 2402 1949 2435 meum,
1975 2397 2016 2425 ut
2040 2389 2086 2424 de
2111 2388 2258 2437 reliquo
2282 2388 2320 2424 in
2351 2401 2410 2424 me
2426 2415 2436 2432 ,

1448 2460 1516 2484 nec
1533 2447 1690 2484 carnalis
1705 2447 1882 2492 affectus,
1903 2459 1971 2483 nec
1989 2446 2112 2483 cordis
2133 2446 2205 2482 mei
2225 2458 2354 2483 sensus
2379 2459 2439 2482 re-

1447 2507 1585 2556 spiret3
1615 2505 1678 2542 sed
1707 2506 1752 2542 sit
1777 2509 1878 2542 Deus
1909 2505 2033 2542 cordis
2065 2505 2156 2551 mei,
2183 2512 2221 2542 et
2244 2517 2330 2554 pars
2356 2517 2438 2540 mea

391 2563 558 2600 affectus.
580 2564 617 2599 Si
648 2564 731 2612 quis
751 2564 787 2599 in
809 2576 847 2599 se
868 2576 1032 2612 unquam
1067 2563 1176 2599 talem
1204 2571 1382 2612 expertus
1402 2569 1434 2602 D
1448 2570 1550 2603 Deus
1570 2566 1607 2602 in
1627 2573 1808 2602 aeternurn
1822 2563 1848 2601 ⁶.
1877 2565 1913 2602 Si
1933 2564 2028 2601 hanc
2047 2571 2191 2613 partem
2220 2563 2436 2613 perdidero,

390 2631 446 2659 est
463 2622 519 2658 vel
546 2622 757 2658 dilectionis
775 2622 832 2658 vel
854 2621 1026 2658 desiderii
1047 2634 1216 2666 sensum,
1238 2622 1382 2671 proprii

390 2679 572 2716 aestimare
590 2689 714 2729 potest
729 2680 946 2728 conjectura
961 2681 1140 2730 exempli,
1158 2694 1270 2729 quam
1287 2694 1382 2729 que—

392 2739 474 2774 rulo
494 2752 631 2788 sponsa
650 2739 763 2775 corde
781 2739 980 2788 protulerit
997 2754 1004 2775 ε
1023 2742 1107 2775 Non
1123 2743 1243 2774 inveni
1261 2743 1379 2776 illum.

391 2800 581 2845 Nusquam
600 2798 822 2841 consolatio,
842 2811 1025 2846 nusquam
1043 2797 1296 2846 refrigerium,
1319 2798 1383 2834 sed

392 2854 532 2903 ubique
554 2855 832 2892 tribulationem
865 2865 902 2891 et
933 2855 1102 2892 dolorem
1124 2856 1270 2900 inveni,
1293 2855 1382 2892 dum

391 2913 496 2948 illum
516 2927 626 2961 quem
648 2914 824 2950 ardenter
840 2914 968 2962 diligo,
985 2923 1021 2951 et
1036 2915 1218 2951 instanter
1236 2928 1380 2963 quaero,

393 2983 468 3006 non
490 2971 628 3007 inveni.
658 2972 827 3020 Denique
848 2973 1006 3020 posuisti
1026 2986 1102 3017 me,
1120 2985 1197 3008 nou
1214 2972 1298 3009 dico
1317 2972 1382 3008 tibi

392 3030 637 3075 contrariam,
659 3031 721 3066 sed
743 3045 763 3066 a
782 3039 816 3066 te
842 3032 946 3079 quasi
973 3041 1209 3077 extraneam,
1231 3040 1267 3067 et
1290 3032 1382 3068 sacta

392 3101 473 3123 sum
503 3089 741 3137 mihimetipsi
771 3090 892 3136 gravis
910 3096 932 3125 ¹.
963 3090 1095 3126 Gravis
1119 3090 1249 3138 plane,
1271 3104 1381 3139 quam

444 3226 450 3239 ¹
476 3218 537 3249 Job
558 3230 603 3246 xii
619 3243 626 3253 ,
654 3222 705 3247 Ἠ).
724 3238 729 3239 ⁷
749 3238 762 3241 -
785 3220 890 3248 11‘ml.
918 3231 1031 3249 xxxvii
1046 3245 1053 3257 ,
1086 3224 1135 3250 11.

393 3274 407 3291 ‘¹
426 3271 501 3301 luni.
522 3281 631 3298 [κλμ.
657 3275 693 3288 m-

1446 2624 1568 2660 inanis
1587 2632 1624 2660 et
1644 2636 1762 2660 vacua
1787 2623 2004 2667 remanebo,
2025 2622 2130 2672 quasi
2159 2630 2256 2659 terra
2284 2622 2411 2658 sitiens
2426 2649 2436 2666 ‚

1448 2692 1484 2719 et
1510 2683 1613 2732 quasi
1646 2696 1710 2719 vas
1737 2683 1937 2733 perditum.
1965 2687 2142 2728 Assume,
2175 2694 2341 2724 assume,
2373 2681 2437 2730 qui

1448 2741 1574 2778 ebrius
1588 2755 1641 2787 es,
1660 2742 1859 2786 sitientem,
1873 2749 1910 2777 et
1925 2753 2045 2777 vacuo
2059 2740 2136 2776 vasi
2153 2748 2225 2776 tuae
2236 2739 2438 2789 plenitudi-

1449 2801 1505 2837 nis
1524 2801 1738 2850 portionem
1760 2798 1929 2836 infunde.
1948 2798 2047 2847 Quid
2068 2799 2188 2848 parcis
2205 2798 2361 2834 torrenti
2386 2797 2439 2833 illi

1448 2857 1629 2895 ubertatis
1654 2860 1756 2894 tuae?
1786 2861 1869 2895 Heu
1900 2860 1978 2894 me!
1999 2869 2110 2906 quam
2141 2856 2276 2907 raptim
2307 2856 2440 2892 transit

1450 2925 1595 2952 torrens
1617 2917 1683 2952 iste
1701 2917 1837 2952 nostris
1856 2917 1892 2952 in
1913 2914 2166 2952 convallibus!
2185 2914 2266 2951 Cito
2285 2913 2437 2962 quidem

1450 2975 1598 3020 transit,
1619 2975 1683 3011 sed
1705 2975 1857 3011 trahunt
1877 2988 1935 3011 me
1956 2983 2042 3024 post
2061 2987 2099 3010 se
2116 2974 2153 3010 in
2170 2981 2351 3009 aeternum
2369 2973 2437 3009 de-

1448 3033 1625 3069 siderium
1645 3033 1842 3082 impartitae
1860 3033 2012 3069 deliciae.
2031 3033 2179 3069 Deliciae
2194 3031 2352 3077 abeunt,
2373 3031 2437 3068 sed

1449 3091 1673 3127 desiderium
1693 3091 1921 3140 relinquunt.
1942 3091 2018 3127 111ae
2037 3098 2259 3136 excurrunt,
2280 3098 2314 3126 et
2339 3090 2437 3127 istud

1156 3239 1190 3243 --
1215 3219 1226 3241 3
1242 3223 1353 3250 Jnrem.
1380 3233 1476 3258 xxxi,
1505 3226 1559 3253 22.
1579 3243 1617 3247 ——
1647 3226 1658 3247 >¹
1678 3226 1689 3253 1
1711 3225 1779 3253 Cor.
1799 3233 1830 3251 vr
1846 3246 1852 3258 ‚
1879 3225 1927 3252 17.
1947 3242 1991 3246 -—
2010 3221 2022 3243 ⁵
2041 3225 2216 3257 Oseextn,
2238 3224 2273 3252 14
2289 3246 2295 3257 ,
2322 3226 2371 3251 15.
2393 3239 2436 3244 —-
