2418 3949
85 223 160 259 360
848 219 1133 257 TRACTATUS
1161 219 1390 256 ASCETICI.
2069 214 2114 254 δῖ

83 299 276 348 diligentia
290 297 595 335 exhortationum
621 297 741 334 excoli
763 310 870 346 rogas
888 299 903 334 Ρ
927 301 1020 334 Nam
1040 296 1071 332 si
1083 294 1129 312 ¹⁸²
1143 297 1306 330 tudinem
1323 295 1487 331 nubium.
1503 295 1596 332 Satis
1611 294 1659 331 sit
1676 307 1794 344 usque
1810 293 1882 330 liuc
1894 305 2006 331 ausus
2016 302 2129 330 exten

83 357 174 393 inte
198 370 315 406 prava
343 355 449 392 radix
478 355 557 392 haec
585 355 788 402 emoritur,
819 355 885 392 sed
915 356 1078 391 circum·
1097 356 1128 388 A
1145 353 1243 390 disse
1269 354 1513 399 temerarios,
1542 366 1620 389 non
1647 366 1727 389 esse
1747 352 1907 389 aliorum
1931 351 2146 388 communi—

83 429 235 465 quaque
270 415 380 464 juxta
409 423 444 451 te
476 415 647 452 exoritur
682 429 690 451 z
722 427 884 464 cumque
915 412 1074 450 verbum

84 475 356 512 cohortationis
388 474 435 512 ad
473 483 508 511 te
539 475 692 511 missum
721 475 862 511 utiliter
884 473 1013 519 fuerit,
1034 473 1074 509 in

85 535 166 572 aliis
202 536 356 572 forsitan
390 534 569 571 damnose
609 534 728 571 cadet.
770 533 955 570 Plantatio
994 532 1074 568 haec

83 593 225 644 ubique
241 603 319 640 est,
341 595 435 631 sicut
461 594 611 642 myricae
631 594 669 630 in
697 593 859 630 deserto.
880 596 928 630 Et
948 592 1072 629 nescio

83 654 203 692 sicubi
227 655 347 691 laetius
375 654 564 699 frutescit,
597 666 709 702 quam
738 653 776 689 in
803 661 901 690 terra
929 652 1007 689 sitis
1036 660 1074 688 et

83 713 290 762 salsuginis.
320 712 413 749 Vide
434 711 524 747 mihi
547 712 637 748 istos
662 725 826 761 quorum
845 711 1073 748 exsiccatum

82 780 139 810 est
157 772 301 809 corium
315 799 325 817 ,
353 783 518 820 quorum
541 771 683 820 pallent
706 784 771 808 ora
786 770 937 821 jejuniis
951 800 960 818 ‚
982 783 1076 821 quo-

83 843 165 868 rum
200 842 399 880 operosam
444 829 560 865 callus
594 828 751 866 obducit
796 843 973 877 manum,
1010 829 1076 878 qui

81 889 258 939 elongant
279 897 316 925 et
343 896 498 925 manent
524 888 562 924 in
593 888 817 934 solitudine,
838 889 902 938 qui
924 888 1070 939 adope-

81 949 230 986 riuntur
246 961 367 994 sacco,
385 956 423 984 et
442 947 587 996 squalet
599 946 773 984 sordibus
790 949 885 985 cutis
904 961 1036 985 eorum
1060 961 1067 983 :

80 1008 186 1055 vide,
203 1009 376 1057 inquam,
391 1007 422 1044 si
442 1019 519 1043 non
537 1006 575 1042 in
597 1015 695 1043 terra
719 1007 904 1055 squaloris
925 1016 961 1044 et
983 1007 1072 1043 soli-

1142 420 1216 449 tate
1236 421 1474 449 contentum.
1503 412 1573 448 Hic
1594 412 1736 462 poteris
1763 411 1952 462 superbiae
1971 411 2144 461 posuisse

1140 482 1297 518 metam,
1320 481 1357 509 et
1387 473 1618 509 ascensionis
1649 473 1774 509 fixisse
1801 472 1971 521 gradum.
2003 473 2143 508 Similis

1139 547 1200 569 ero
1218 536 1422 569 Altissimo.
1449 532 1698 570 Altitudinem
1726 531 1885 569 nubium
1906 544 2084 582 superas,
2105 539 2143 567 et

1137 593 1331 630 Altissimo
1369 601 1404 628 te
1437 593 1664 642 comparas?
1698 593 1907 629 concreatis
1935 591 2088 641 praefers
2107 597 2142 636 ³,

1139 660 1176 688 et
1206 652 1375 689 Creatori
1406 659 1441 687 te
1469 652 1647 687 confers?
1665 651 1874 687 Inordinati
1900 651 2037 700 gradus
2061 651 2142 696 isti,

1139 710 1350 748 indebitum
1383 711 1540 761 gradum
1570 711 1762 760 usurpasti
1798 725 1805 747 ε
1837 719 2038 760 propterea
2073 711 2142 747 dc·

1137 770 1258 820 jectus
1288 782 1328 806 es
1356 769 1403 806 de
1429 769 1549 818 gradu
1578 778 1664 813 tuo,
1689 777 1727 805 et
1746 769 1792 805 de
1813 770 1973 806 statione
1996 778 2077 815 tua,
2106 778 2144 805 ct

1141 831 1305 866 detracta
1327 837 1382 865 est
1397 830 1452 864 ad
1465 826 1607 875 inferos
1626 827 1800 876 superbia
1822 837 1887 863 tua
1910 834 1933 864 ¹.
1956 829 2144 864 Plantavit

1143 897 1178 925 te
1198 889 1383 925 Dominus
1395 888 1501 938 quasi
1525 887 1672 924 vineam
1691 887 1863 931 electam,
1884 899 1996 923 omne
2014 900 2142 923 semen

1136 960 1268 984 verum
1290 954 1325 994 ²3
1348 947 1413 984 sed
1435 956 1472 984 tu
1502 947 1539 983 in
1568 946 1628 983 die
1650 946 1894 996 plantationis
1922 954 1994 982 tuae
2019 945 2143 981 statim

1138 1009 1292 1045 effectus
1328 1021 1367 1045 es
1405 1007 1607 1053 labrusca,
1644 1016 1682 1043 et
1716 1015 1802 1043 ante
1849 1019 2006 1042 messem
2043 1014 2143 1041 totus

83 1067 220 1104 tudinis
255 1067 422 1116 ipsorum
462 1065 625 1102 ubertim
666 1065 883 1103 ambitionis
927 1066 1071 1103 radices
1088 1065 1115 1098 Β
1135 1068 1345 1104 effloruisti.
1372 1067 1578 1103 Effloruisti
1604 1067 1735 1116 plane,
1763 1066 1934 1102 evacuati
1960 1073 2048 1102 sunt
2074 1065 2144 1101 flo-

81 1127 306 1164 increscunt.
332 1126 503 1175 Denique
531 1125 628 1162 iutra
660 1125 791 1162 vitales
821 1125 984 1175 paradisi
1014 1138 1071 1162 ar-

82 1184 196 1222 bores
214 1194 251 1222 et
270 1185 353 1222 laeta
372 1184 562 1234 germina,
587 1183 651 1221 ubi
676 1197 753 1221 non
773 1184 935 1221 habebat
955 1185 1070 1222 homo

81 1246 239 1282 vestium
261 1246 388 1291 sinus,
416 1244 552 1294 quibus
581 1253 733 1294 peccata
758 1245 1006 1290 reconderet,
1030 1245 1070 1281 in

81 1306 226 1354 optimo
263 1305 344 1342 solo
377 1317 517 1354 pravus
553 1305 725 1342 surculus
753 1305 891 1355 erupit.
923 1304 1072 1341 Creavit

81 1365 179 1401 enim
205 1367 305 1401 Deus
330 1365 504 1401 universa
524 1363 626 1400 hona
642 1364 762 1400 valde.

135 1424 170 1460 3.
190 1423 262 1460 Sed
282 1423 372 1473 quid
398 1436 468 1473 ego
493 1423 539 1460 de
570 1423 744 1474 paradiso
773 1423 935 1460 retexo?
959 1423 1075 1461 Coele-

85 1483 150 1520 stis
176 1484 238 1520 illa
271 1483 456 1529 solitudo,
478 1492 515 1520 et
543 1483 701 1533 angelici
734 1491 881 1520 montes
911 1483 1077 1520 humana

85 1543 302 1580 conditione
343 1551 379 1579 et
422 1543 711 1580 conversatione
749 1544 1077 1593 supereminenter

85 1601 247 1648 deserti,
279 1602 458 1652 germinis
488 1602 659 1652 praedicti
685 1615 732 1639 ex
760 1610 866 1652 parte
896 1602 992 1639 male
1022 1602 1077 1638 fe-

86 1675 189 1699 races
211 1662 448 1699 exstiterunt.
465 1665 635 1699 Testatur
656 1662 806 1699 illorum
825 1675 951 1708 casus,
979 1675 1077 1712 prae-

84 1730 278 1771 posterum
309 1722 375 1772 qui
409 1721 594 1771 parabant
623 1735 830 1759 ascensum.
865 1723 958 1760 Audi
985 1722 1078 1772 quid

85 1781 262 1831 princeps
282 1780 380 1818 dicat
406 1796 413 1817 :
445 1782 563 1830 Super
584 1792 685 1818 astra
705 1785 790 1818 coeli
817 1781 1000 1818 collocabo
1018 1796 1078 1818 so-

1137 1141 1196 1165 res
1219 1128 1290 1174 tui,
1311 1135 1348 1163 et
1366 1140 1444 1163 non
1465 1134 1553 1164 sunt
1576 1126 1759 1162 reservati
1784 1125 1830 1162 ad
1857 1137 2015 1162 messem
2034 1153 2042 1169 ,
2068 1137 2145 1160 non

1136 1195 1225 1225 sunt
1256 1186 1302 1224 ad
1332 1186 1584 1222 maturitatem
1616 1185 1811 1234 perducti,
1839 1185 1904 1221 sed
1928 1185 2023 1220 sicut
2050 1183 2144 1219 sub-

1134 1245 1334 1296 jungitur,
1377 1249 1578 1280 immatura
1621 1243 1804 1293 perfectio
1848 1247 2072 1292 germinavit
2096 1241 2145 1272 31

1137 1314 1339 1356 propterea
1367 1305 1514 1354 praecisi
1547 1313 1636 1341 sunt
1664 1305 1867 1341 ramusculi
1896 1304 1950 1341 tui
1975 1332 1985 1350 ,
2021 1317 2148 1340 ramu-

1140 1365 1232 1402 sculi
1261 1365 1430 1408 steriles‚
1458 1373 1495 1400 et
1523 1364 1749 1401 infructuosi
1779 1363 1917 1400 divinae
1947 1363 2143 1400 sententiae

1141 1424 1287 1474 praecisi
1323 1422 1496 1460 falcibus.
1522 1427 1566 1461 Et
1591 1431 1630 1460 tu
1663 1424 1767 1473 ipse,
1794 1422 1904 1472 juxta
1942 1423 2143 1472 Prophetae

1141 1483 1309 1533 ejusdem
1332 1482 1633 1528 insultationem,
1656 1487 1766 1530 quasi
1797 1486 1904 1530 stirps
1931 1482 2102 1517 inutili&
2130 1510 2141 1526 ,

1143 1542 1189 1579 de
1219 1542 1355 1591 quietis
1391 1549 1428 1578 et
1461 1541 1590 1590 gloriae
1625 1549 1698 1577 tuae
1733 1541 1818 1578 loco
1856 1541 2049 1591 projectus
2078 1554 2142 1586 es,

1142 1602 1348 1650 effectaque
1363 1609 1418 1637 est
1438 1600 1621 1637 habitatio
1644 1609 1707 1637 tua
1728 1601 1767 1637 in
1789 1601 1914 1637 medio
1933 1601 2029 1646 doli,
2047 1609 2084 1637 ct
2106 1601 2142 1637 in

1143 1660 1268 1697 medio
1299 1659 1455 1697 doloris.
1488 1663 1640 1697 Poterat
1669 1660 1856 1710 superbiae
1891 1660 2064 1697 surculus
2102 1660 2142 1695 in

1143 1720 1317 1770 paradiso
1350 1719 1561 1769 pullulare,
1602 1719 1668 1755 sed
1709 1732 1785 1756 non
1821 1727 1971 1769 poterat
2005 1718 2142 1768 perdu-

1144 1794 1227 1817 rare
1261 1795 1268 1816 z
1298 1779 1422 1816 omnis
1443 1780 1543 1816 enim
1568 1780 1751 1830 plantatio
1770 1808 1779 1826 ,
1801 1793 1914 1829 quam
1935 1792 2013 1815 non
2031 1779 2143 1829 plan-

85 1842 174 1876 Iium
199 1854 319 1877 meum
336 1868 349 1885 ,
373 1843 573 1877 ascendam
602 1855 713 1890 super
741 1844 974 1878 altitudinem
1001 1855 1073 1877 ηιι-
1094 1842 1121 1878 C
1144 1840 1235 1877 tavit
1253 1843 1362 1876 Pater
1385 1839 1568 1885 coelestis,
1597 1839 1852 1876 eradicabitur
1869 1838 1896 1876 ⁵.
1915 1839 2087 1876 Plantarc
2108 1847 2142 1875 te

88 1897 185 1935 bium
202 1928 214 1944 ,
242 1902 376 1935 similis
402 1913 463 1936 ero
488 1902 691 1937 Aletssimo.
714 1900 872 1938 Dicebat
892 1901 972 1938 haec
1000 1914 1078 1938 non

86 1969 201 2002 voce,
235 1957 298 1994 sed
319 1966 409 1994 voto
434 1972 441 1994 ε
473 1972 570 2005 non,
596 1962 699 1996 Inter
726 1968 843 2006 astra,
875 1960 1019 2009 inquit,
1042 1969 1080 1997 et

87 2016 186 2052 inter
207 2015 347 2063 nubes;
368 2017 454 2062 sed,
477 2019 598 2066 Super
613 2029 712 2055 nstra
728 2028 766 2056 et
784 2034 894 2068 super
909 2022 1078 2056 altitudi-

89 2089 170 2111 nem
196 2076 361 2114 nubium.
389 2080 473 2127 Ipse
508 2091 597 2128 ergo
634 2079 733 2116 inter
763 2088 861 2116 astra
893 2080 1078 2117 matutina

86 2144 234 2172 creatus
259 2144 297 2172 et
324 2149 421 2174 unus
441 2137 487 2174 de
506 2138 588 2174 filiis
611 2140 700 2183 Dei,
730 2148 952 2176 caeterorum
974 2148 1076 2177 sorte

87 2207 162 2230 non
180 2203 381 2232 contentus
395 2225 403 2240 ,
428 2197 529 2233 solus
553 2197 770 2235 haereditate
794 2199 986 2248 possidere
1006 2212 1076 2235 vo-

88 2254 154 2290 luit
177 2256 430 2292 sanctuarium
452 2257 541 2303 Dei,
568 2267 605 2293 et
631 2262 668 2293 iu
694 2267 818 2294 monte
845 2264 1074 2303 testamenti,

84 2315 122 2351 in
159 2315 383 2353 haereditatis
415 2316 596 2366 dignitate
638 2318 769 2355 sedere
807 2333 814 2355 ε
854 2328 1077 2357 testamento

84 2374 184 2411 enim
209 2376 357 2424 paterni
372 2376 470 2424 juris
496 2378 691 2414 confertur
710 2378 919 2415 haereditas.
940 2379 1080 2415 Sedebo

87 2439 125 2470 in
145 2444 268 2471 monte
289 2441 506 2474 testamenti.
534 2440 618 2486 Quo
646 2451 684 2475 se
714 2439 877 2488 proripit
903 2438 1076 2489 improba

87 2495 299 2532 temeritas?
330 2496 422 2545 quid
442 2496 508 2533 tibi
539 2511 718 2548 usurpas,
736 2498 839 2548 quod
868 2507 923 2536 est
941 2499 1076 2537 Unici?

83 2557 170 2604 Ipse
189 2555 323 2602 Filius,
343 2557 423 2607 ipse
442 2558 594 2603 unicus,
620 2559 700 2608 ipse
717 2559 839 2609 imago
859 2568 915 2597 est
931 2559 998 2597 Dei
1016 2560 1075 2596 in-

1147 1899 1298 1936 voluisti
1323 1899 1361 1935 in
1381 1899 1467 1936 loco
1494 1912 1571 1936 non
1607 1898 1735 1936 debito
1750 1928 1758 1944 ,
1782 1899 1868 1936 ideo
1888 1899 1995 1948 quasi
2014 1898 2143 1948 spuria

1144 1959 1329 2009 plantatio
1358 1972 1435 1995 non
1467 1958 1603 1996 dedisti
1632 1959 1798 1995 radicem
1825 1959 1950 1995 altam.
1968 1959 2142 2007 Denique

1143 2027 1302 2055 etnemo
1318 2017 1388 2054 sibi
1405 2018 1520 2054 sumit
1547 2017 1731 2053 honorem
1750 2046 1760 2063 ,
1781 2017 1845 2054 sed
1866 2017 1930 2066 qui
1945 2025 2102 2053 vocatur
2118 2030 2139 2052 a

1142 2082 1243 2115 Deo:
1267 2086 1305 2114 tu
1326 2085 1450 2113 autem
1472 2076 1706 2126 assumpsisti
1725 2076 1938 2113 indebitum
1955 2104 1964 2122 ‚
1996 2076 2138 2113 idcirco

1142 2137 1410 2187 consumpsisti
1440 2137 1584 2173 datum.

1196 2198 1231 2234 4.
1250 2201 1331 2234 Heu
1345 2200 1425 2234 me!
1445 2196 1642 2246 quomodo
1657 2197 1784 2233 nullus
1802 2205 1905 2233 tutus
1923 2204 1978 2233 est
1998 2196 2045 2232 ab
2066 2196 2138 2232 hoc

1143 2257 1308 2306 virgulto
1324 2257 1450 2302 locus,
1466 2256 1569 2292 nulla
1586 2256 1764 2292 immunis
1787 2256 1890 2305 regio
1907 2258 1914 2291 !
1940 2255 2045 2292 radix
2073 2256 2139 2291 ista

1144 2315 1251 2352 radix
1275 2315 1492 2366 cupiditatis
1510 2314 1651 2364 ubique
1673 2316 1749 2352 fere
1769 2316 1904 2352 crescit
1917 2344 1927 2361 ,
1945 2325 1981 2353 ct
2008 2316 2140 2352 fructi—

1148 2376 1252 2421 ficat,
1277 2388 1466 2425 occupans
1488 2383 1597 2411 terrae
1617 2375 1746 2411 faciem
1763 2404 1771 2420 ‚
1791 2384 1827 2411 et
1856 2376 1961 2425 quasi
1994 2388 2141 2411 memor

1142 2433 1206 2470 ubi
1236 2434 1360 2484 primo
1389 2442 1471 2471 orta
1502 2434 1634 2480 fuerit,
1666 2435 1703 2470 in
1726 2435 1782 2471 llis
1816 2436 2043 2485 peculiarius
2075 2434 2140 2483 qui

1143 2502 1297 2544 portant
1319 2495 1517 2543 imaginem
1540 2495 1713 2531 coelestis.
1739 2495 1922 2543 Quando,
1953 2495 2140 2539 Domine,

1142 2552 1350 2590 eradicabis
1378 2554 1650 2604 plantationem
1686 2554 1782 2590 hanc
1811 2555 2025 2595 infidelem,
2053 2567 2140 2603 ger-

85 2612 261 2660 visibihs,
294 2615 372 2665 ipse
400 2617 581 2666 splendor
603 2619 750 2667 gloriae,
775 2628 812 2656 et
834 2620 951 2669 figura
982 2618 1075 2656 sub-
1095 2618 1128 2652 D
1147 2628 1231 2651 men
1258 2615 1449 2651 alienum?
1479 2615 1633 2664 quando
1654 2615 1927 2665 adimplebitur
1949 2615 2053 2664 quod
2083 2614 2141 2650 di-

88 2674 253 2720 stantiae,
282 2683 319 2712 et
351 2683 390 2712 tu
411 2676 522 2723 (licis,
551 2680 688 2714 Similis
712 2693 773 2715 ero
806 2682 1020 2716 Altissimo?
1040 2679 1077 2717 Si

85 2732 215 2770 similis
234 2734 328 2780 eris,
350 2735 518 2772 nondum
539 2750 630 2787 ergo
656 2751 695 2774 es
722 2753 729 2774 :
759 2739 839 2788 ipse
865 2751 955 2775 vero
975 2738 1074 2776 Uni-

83 2791 230 2840 genitus
255 2804 402 2842 semper
418 2802 500 2839 est,
529 2803 566 2831 ct
595 2808 641 2832 ex
663 2809 773 2846 aequo
794 2797 924 2834 similis
945 2805 1021 2842 est;
1039 2805 1077 2833 et

84 2850 121 2885 in
147 2849 219 2886 hoc
249 2863 324 2887 non
351 2851 574 2902 adoptatus,
609 2854 672 2891 sed
705 2863 814 2892 natus
835 2864 912 2902 est,
934 2864 971 2892 et
1001 2868 1072 2905 pa-

87 2917 203 2946 ternae
224 2912 418 2960 potestatis
433 2912 520 2961 jura
540 2926 616 2950 non
636 2915 779 2965 accepit
799 2929 868 2966 per
892 2916 1049 2965 gratiam

85 2968 150 3005 sed
171 2968 282 3006 habet
306 2983 374 3020 per
393 2980 578 3011 naturam.
609 2974 775 3012 Firmum
797 2984 834 3011 et
858 2974 1073 3021 immobile,

85 3037 122 3064 ct
145 3037 326 3066 aeternum
348 3039 608 3070 testamentum
636 3033 773 3071 ‹livinae
799 3035 990 3079 essentiae‚
1012 3035 1073 3070 in·-

85 3087 261 3124 ‹lisferens
286 3090 408 3127 unitas
427 3105 436 3127 :
456 3099 494 3128 et
517 3100 557 3130 tu
580 3092 645 3129 tibi
671 3102 836 3130 montem
860 3094 1073 3130 testamenti

86 3149 305 3196 praesutnis?
320 3151 439 3198 Super
452 3161 553 3188 astra
568 3155 785 3198 ascendam,
804 3162 839 3188 ct
854 3166 965 3202 super
980 3155 1070 3188 alti—

134 3285 227 3312 'lsuh
245 3295 310 3319 xiv,
334 3288 440 3317 ll-l.'r.

84 3335 370 3371 ⁶1=.·:.>.=1.s.—
390 3344 401 3366 7
424 3341 492 3368 l.u‹·.
511 3351 603 3375 xxiii,
632 3345 677 3370 ΙΙ,
721 3359 729 3362 ·
754 3341 765 3361 ⁸
785 3340 828 3371 l‹l.
847 3351 931 3373 xxm,
955 3343 1003 3369 10,

523 3293 532 3308 ²
559 3289 602 3318 lil.
624 3301 654 3324 x,
685 3291 1139 3324 l,‘'.,‹·thr=·u=.11..'.l.--
1167 3287 1262 3317 ³1».st
1281 3298 1373 3318 υιιι.
1395 3301 1422 3317 .›.
1453 3308 1459 3309 ff

1146 2684 1245 2711 ctum
1281 2683 1337 2711 est
1371 2687 1438 2724 per
1474 2675 1729 2724 prophetam:
1755 2678 1910 2711 Deserta
1938 2674 2048 2722 jhs-ta
2085 2684 2140 2710 cst

1144 2739 1255 2771 vinea
1276 2734 1438 2770 Salmma
1452 2763 1462 2779 ,
1481 2737 1623 2770 domini
1642 2740 1807 2783 gentium
1825 2738 2139 2782 c.r‹·id‹·r1mtst‹1-

1140 2797 1243 2843 gella
1267 2792 1398 2840 ty'uss'?
1422 2794 1585 2829 Sabanm
1614 2795 1796 2831 Attollens
1817 2795 2051 2832 altitudinem
2079 2796 2138 2831 ‹li—

1143 2855 1251 2890 citur.
1273 2854 1372 2902 Quid
1387 2863 1441 2890 est
1459 2854 1694 2891 altitudinem
1718 2857 1906 2901 attollere,
1924 2857 1992 2892 nisi
2010 2857 2141 2892 turrita

1142 2914 1407 2962 magnificare?
1434 2916 1518 2949 Non
1539 2928 1617 2950 sum
1632 2943 1642 2958 ,
1665 2915 1787 2964 inquit
1806 2916 2032 2961 Phariswus,
2053 2920 2142 2951 sient

1549 2975 1666 3011 Aliter
1685 2975 1855 3013 Christus
1883 2990 1950 3013 nos
1975 2977 2101 3013 docuit
2127 2991 2133 3010 2

1144 3035 1234 3069 Cum
1256 3061 1267 3075 ‚
1304 3033 1447 3082 iuquit,
1483 3039 1610 3070 omnia
1634 3035 1830 3082 feceritis,
1867 3039 1977 3072 dicits
1996 3065 2004 3080 ‚
2040 3040 2138 3082 Qum

1140 3097 1230 3127 sewi
1263 3095 1413 3128 inutiles
1445 3107 1569 3129 summ
1587 3093 1613 3131 ⁸.
1641 3096 1779 3132 Docuit
1816 3110 1874 3133 me
1900 3097 2135 3132 altitudinem

1142 3153 1320 3188 virtutum
1362 3161 1397 3189 ct
1432 3167 1591 3204 operum
1623 3168 1697 3192 uon
1729 3157 1920 3196 attollere,
1949 3157 2011 3191 sut
2039 3166 2134 3192 attv-

1140 2978 1268 3008 coetcri
1293 2974 1481 3008 hominum
1495 2981 1520 3010 7.

1492 3289 1720 3322 ·²t·t.x1=,t!›.
1806 3290 1926 3321 'Mulli
1959 3302 2010 3322 xx,
2032 3296 2065 3318 15

1409 3348 1420 3360 ·'
1441 3343 1599 3373 l‘tu'lawv.
1622 3355 1691 3371 stur«
1708 3358 1725 3371 ·,
