2418 3949
105 233 180 271 265

105 321 305 347 moerorem
325 308 403 358 jani
428 309 543 359 coepit
570 317 646 346 tota
674 309 840 346 transire.
862 309 937 347 Ubi
964 309 1114 346 consi-¹

763 235 811 269 IN
841 232 1070 275 CANTICA,
1101 231 1264 266 SERMO
1294 232 1504 266 xxxvnt.

1122 307 1151 326 ²⁸
1165 307 1456 356 interpolatione
1477 305 1558 355 ejus
1581 305 1768 354 aquilonis
1791 305 1998 354 malignitas
2015 314 2152 356 tempe-

2078 231 2152 268 260·

105 369 143 405 tii
164 382 240 405 non
280 369 397 419 fulget
430 369 599 415 occasio,
632 367 696 405 ubi
730 367 838 405 bonae
866 369 944 418 spei
978 381 1015 405 se
1036 367 1092 403 vel
1114 373 1144 407 A
1163 373 1277 402 retur.
1305 364 1484 401 Extendis
1516 365 1644 414 (sicut
1670 365 1708 401 in
1736 363 1808 400 Job
1843 364 2025 415 legimus)
2047 366 2152 414 aqui-

104 429 238 466 umbra
260 442 337 466 non
368 429 498 476 offert,
529 428 582 465 ibi
611 441 688 465 non
718 428 999 474 sollicitudinis,
1027 427 1091 464 sed

104 489 277 525 moeroris
308 496 396 525 sunt
426 496 565 537 partes.
593 488 702 524 Multi
736 487 896 537 gemitus
924 487 1020 532 mei,
1055 495 1093 523 et

103 560 170 584 cor
192 561 316 584 meum
343 560 513 584 moerens.
540 548 689 585 Parvuli
717 555 852 596 petunt
873 559 1008 596 panem
1023 573 1034 591 ,
1055 553 1094 582 et

102 618 179 642 non
195 615 250 643 est
265 606 329 656 qui
351 607 496 655 frangat
514 605 568 643 eis
584 612 607 642 ¹.
626 608 740 642 Deest
752 604 852 642 enim
867 604 932 653 qui
947 603 1092 652 franga-

103 672 166 701 tur
179 692 190 710 ‚
209 677 285 702 non
305 665 391 702 dico
411 665 457 701 de
475 664 583 701 verbi
607 677 703 714 pane
717 693 728 711 ‚
748 663 812 702 sed
833 664 880 700 de
905 664 976 700 hoc
992 676 1089 713 quo-

103 723 247 761 tidiano
271 724 443 774 corporis
471 724 664 760 alimento.
698 727 781 761 Non
811 732 936 774 potest
965 731 1088 759 tamen

101 782 261 819 coelestis
287 782 388 819 illius
413 782 521 831 panis
551 781 781 831 pinguedine
807 782 946 832 repleri
967 782 1090 819 anima

101 855 205 887 mea,
226 841 315 878 dum
343 841 553 891 quotidiani
578 840 690 889 hujus
723 842 830 890 panis
857 842 985 892 inopia
1010 854 1090 878 ma-

101 901 194 938 ciem
207 900 408 950 quamdam
424 900 597 937 moeroris
611 899 768 937 inducit.
782 904 814 937 A
828 914 921 937 voce
933 900 1093 950 gemitus

101 960 208 997 istius
227 959 365 996 oblitus
384 972 465 996 sum
483 958 681 996 comedere
701 973 836 1009 panem
856 959 961 996 illum
980 961 1092 997 coele-

104 1027 209 1056 stem.
238 1022 365 1056 Durus
396 1018 544 1067 aquilo,
573 1018 739 1054 exterior
768 1018 992 1064 adversitas,
1026 1019 1090 1056 sed

103 1079 223 1115 multo
250 1078 381 1115 durior
404 1077 540 1114 mentis
566 1078 744 1114 anxietas.
769 1078 920 1125 Altera,
942 1079 1090 1125 fratres,

103 1150 172 1174 vos
197 1146 303 1187 urget
325 1152 332 1173 :
353 1150 412 1174 me
437 1137 575 1187 premit
602 1145 772 1187 utraque.
803 1141 881 1187 Ego
900 1139 1092 1175 communi

102 1197 294 1234 attritione
308 1197 439 1234 laboro
455 1197 495 1234 in
513 1196 640 1243 vobis,
656 1205 694 1233 et
710 1197 913 1235 domestica
929 1198 1090 1247 quadam

103 1269 182 1306 prae
199 1255 325 1303 vobis,
349 1256 437 1305 quia
457 1269 527 1306 pro
547 1255 666 1293 vobis.
689 1256 786 1293 Hinc
810 1257 1007 1293 infortunii
1028 1271 1090 1294 ca-

104 1328 186 1361 sus,
220 1315 307 1352 hine
339 1316 507 1352 forenses
540 1315 737 1365 insurgunt
769 1316 977 1353 calumniae.
1016 1317 1090 1354 Alii

105 1375 439 1420 submurmurant,
456 1383 495 1411 et
517 1375 579 1411 alii
596 1375 777 1412 insultant
800 1389 808 1411 :
828 1384 866 1412 et
887 1375 991 1424 quod
1018 1389 1094 1412 non

103 1444 161 1473 est
176 1435 347 1472 liumanae
369 1435 561 1472 industriae
586 1435 787 1484 providere
814 1448 860 1472 ne
881 1436 1094 1485 contingat,

106 1495 366 1544 improperant
395 1508 479 1531 cum
511 1494 700 1531 acciderit.
735 1495 892 1542 Quidam
920 1495 1092 1541 irritant,

106 1553 257 1603 quidam
277 1553 456 1600 irrident,
484 1554 678 1590 adversam
701 1555 888 1590 fortunam
918 1554 964 1590 ad
982 1555 1094 1590 satui-

108 1621 219 1650 tatem
253 1613 454 1650 trahentes.
487 1615 685 1650 Successus
720 1613 841 1650 bonos
868 1613 1004 1662 quibus
1025 1626 1094 1649 ex·

106 1672 290 1719 oberant,
311 1671 381 1709 sibi
399 1673 607 1722 imputant,
629 1681 665 1708 et
678 1673 783 1722 quasi
800 1680 865 1709 aut
887 1672 1095 1722 providen-

107 1731 189 1776 tias,
222 1739 288 1768 aut
315 1731 438 1767 meriti
471 1731 658 1776 credunt,
693 1744 769 1768 non
811 1731 976 1767 muneris
1015 1744 1096 1768 esse

107 1790 237 1827 divini.
263 1790 484 1836 Abunduut,
500 1790 622 1840 inquit
634 1790 725 1837 Job,
742 1791 984 1827 tabernacula
997 1805 1096 1839 prce-

1158 425 1283 461 lonem
1305 438 1419 474 super
1434 438 1593 461 vacuum
1612 426 1639 471 4,
1657 438 1732 461 non
1751 437 1865 474 super
1885 424 2048 461 hortum.
2065 429 2148 462 Non

1158 492 1214 522 est
1240 498 1379 521 vacuus
1415 484 1590 521 hortulus
1609 496 1782 534 sponsae,
1809 484 1848 520 in
1871 497 1949 533 quo
1975 485 2149 534 superius

1157 552 1413 581 annumeratae
1441 544 1659 593 plantantur
1682 551 1738 579 tot
1759 542 1969 579 aromaticae
1995 543 2147 592 species.

1158 605 1205 638 Et
1223 602 1419 651 quomodo
1436 601 1598 651 quibunt
1618 601 1872 638 meditationis
1887 610 2054 638 aromata
2067 603 2150 639 laeta

1153 661 1346 710 profluere
1359 690 1369 708 ,
1387 660 1451 697 ubi
1467 674 1488 697 a
1505 674 1666 697 moerore
1679 660 1796 696 libera
1813 673 1889 696 non
1905 670 1993 697 sunt
2013 662 2148 709 studia,

1155 721 1221 758 ubi
1241 722 1437 758 contristat
1458 721 1680 763 adversitas,
1707 720 1833 768 aquilo
1850 721 2023 770 stringit?
2042 725 2146 768 Esto,

1156 781 1319 818 Domine
1333 810 1343 828 ‚
1363 781 1503 817 zelotes
1518 809 1528 827 ,
1545 780 1723 816 aemulare
1743 791 1939 828 sponsam,
1964 780 2023 816 dic
2044 782 2150 830 aqui-

1157 841 1235 878 loni
1252 849 1292 877 ut
1307 849 1456 890 surgat,
1477 849 1515 877 et
1539 852 1624 876 cum
1641 847 1769 876 austro
1787 838 1958 875 dimidiet
1980 847 2149 889 tempora

1159 914 1236 938 sua.
1267 901 1326 937 Sic
1355 900 1507 950 quidem
1540 901 1604 936 fiet
1635 898 1843 936 secundum
1872 899 2150 936 multitudinem

1158 961 1333 997 dolorum
1360 973 1531 997 meorum
1548 960 1586 996 in
1607 958 1720 995 eorde
1746 972 1850 1004 meo,
1879 959 1908 995 si
1925 959 2152 996 consolatio-

1157 1033 1223 1056 nes
1241 1028 1312 1057 tuae
1328 1020 1516 1056 laetificent
1535 1019 1697 1056 animam
1724 1032 1856 1055 meam.
1883 1018 2048 1065 Videtis,
2076 1019 2150 1056 fra—

1110 1081 1137 1114 B
1162 1088 1257 1124 tres,
1274 1080 1437 1128 qualiter
1452 1079 1580 1129 aquilo
1595 1079 1641 1115 ad
1666 1090 1878 1115 mensuram
1900 1079 1956 1114 sui
1981 1087 2150 1115 austrum

1159 1139 1343 1188 parturiat
1360 1153 1368 1175 ε
1385 1147 1423 1175 et
1439 1140 1534 1175 forte
1551 1138 1615 1176 ubi
1632 1138 1839 1175 abundavit
1858 1138 2003 1187 aquilo,
2020 1151 2153 1188 super-

1158 1198 1367 1235 abundabit
1388 1207 1426 1235 et
1456 1207 1594 1235 auster.
1623 1202 1760 1236 Auster
1786 1198 1886 1234 enim
1908 1206 1945 1233 et
1972 1210 2154 1247 prospere

1157 1257 1288 1305 flabit,
1313 1267 1351 1295 et
1372 1271 1464 1308 quas
1494 1258 1620 1294 intulit
1649 1257 1776 1306 aquilo
1807 1256 2068 1306 compensabit
2096 1258 2153 1293 in-

1158 1316 1292 1366 jurias.
1320 1322 1419 1367 Ergo
1435 1325 1564 1367 surgat
1578 1317 1727 1366 aquilo,
1753 1316 1903 1363 saeviat,
1921 1317 2154 1365 quantumli—

1161 1376 1226 1414 bet
1264 1378 1416 1423 fremat,
1452 1376 1661 1413 dummodo
1690 1375 1947 1421 occasionem,
1981 1384 2018 1412 et
2048 1376 2153 1425 quasi

1162 1437 1236 1473 vim
1252 1444 1265 1459 ἱ·
1285 1445 1436 1486 praestet
1453 1436 1604 1473 flatibus
1625 1435 1755 1472 austri.
1776 1439 1910 1472 Nonne
1938 1434 2002 1471 tibi
2022 1435 2155 1472 viden—

1163 1505 1224 1533 tur
1247 1510 1379 1546 graves
1405 1497 1604 1546 pertulisse
1627 1496 1816 1545 aquilonis
1841 1496 1972 1540 flatus,
1998 1510 2094 1545 quos
2119 1498 2155 1533 in

1163 1554 1333 1603 Epistola
1361 1554 1407 1591 ad
1430 1553 1610 1590 Hebraeos
1642 1554 1779 1590 Paulus
1811 1554 2043 1602 alloquitur?
2066 1557 2157 1591 Ma—

1158 1627 1287 1661 gnum,
1309 1613 1451 1662 inquit,
1469 1622 1656 1649 certamen
1671 1617 1893 1648 sustinuistis
1910 1618 2128 1661 passionum
2147 1630 2158 1650 :

1163 1681 1197 1707 cc
1213 1675 1249 1707 in
1265 1675 1382 1707 altero
1396 1673 1546 1720 quidem
1576 1671 1782 1720 opprobriis
1805 1681 1840 1707 ct
1863 1672 2157 1710 tribulationibus-

1161 1734 1406 1780 spectaculum
1419 1729 1539 1778 sacti‚·
1557 1735 1596 1767 in
1617 1734 1734 1767 altero
1746 1736 1836 1767 socii
1861 1736 1990 1768 taliter
2013 1747 2158 1770 conver-

1163 1795 1323 1826 santium
1342 1789 1475 1838 tssecti.
1496 1792 1592 1826 Num
1609 1799 1645 1826 et
1658 1794 1803 1835 vinctis,
1823 1791 1944 1840 inquit
1954 1820 1964 1837 ,
1978 1799 2160 1841 compassi

109 1851 245 1885 donum
259 1877 269 1895 ,
300 1859 334 1886 et
355 1853 533 1886 audacter
542 1860 740 1898 provocant
765 1854 902 1895 Deum,
925 1864 1005 1886 cum
1022 1852 1098 1898 ipsc
1117 1855 1144 1890 C
1163 1855 1260 1886 estis.
1276 1850 1347 1887 Sed
1366 1851 1464 1886 inter
1482 1858 1583 1886 tanta
1602 1850 1789 1898 aquilonis
1807 1850 1924 1886 flabra
1949 1851 2069 1889 nullas
2090 1853 2160 1890 sibi

109 1913 235 1944 onmia
253 1910 396 1945 dederit
417 1913 454 1944 iu
482 1923 613 1944 munus
642 1914 804 1958 ipsorum
833 1915 855 1945 ².
884 1909 1044 1956 Quidam
1066 1918 1103 1945 et

110 1966 309 2015 praedones
333 1975 370 2002 et
385 1975 655 2016 provocatores
678 1976 786 2012 sunt,
816 1967 880 2016 qni
905 1967 1008 2016 quod
1032 1968 1100 2003 Dei

109 2033 186 2071 est,
205 2025 275 2074 ipsi
291 2026 445 2071 tollunt,
467 2025 557 2061 dum
579 2025 648 2061 sibi
675 2026 870 2072 tribuunt3
899 2034 935 2062 et
964 2026 1100 2062 divinae

109 2083 253 2120 donum
275 2084 401 2133 gratia}
432 2084 477 2120 ad
508 2085 670 2133 propriae
701 2085 899 2121 inflectunt
924 2085 1097 2121 effectum

109 2142 314 2179 industriae.
332 2143 431 2190 Quid
457 2143 626 2191 impensa
646 2143 808 2192 desuper
825 2143 931 2179 vobis
956 2143 1099 2179 benefi-

108 2201 164 2238 cia
193 2202 459 2251 improperatis
476 2202 679 2239 nobis?An
701 2202 789 2251 quia
813 2203 1021 2238 elementiae
1039 2202 1098 2238 ‹li-

110 2262 206 2298 vinoe
231 2262 328 2298 circa
352 2275 420 2298 vos
450 2263 581 2298 oculus
604 2261 726 2298 bonus
759 2271 836 2307 est,
868 2262 953 2298 ideo
976 2271 1099 2299 vester

106 2313 203 2368 erga>
221 2333 289 2356 nos
306 2333 466 2369 nequam
484 2322 564 2357 est?
584 2323 659 2357 Cur
681 2333 748 2356 vos
769 2321 896 2356 divina
918 2320 1097 2357 beneficia

109 2379 315 2429 paratiores
343 2379 506 2416 reddunt
533 2379 579 2416 ad
603 2379 885 2429 derogandum,
911 2393 1022 2429 quam
1051 2381 1097 2416 ad

108 2437 339 2486 erogandum
352 2440 367 2474 Ξ)

160 2499 195 2534 3.
214 2497 349 2544 Vides,
374 2499 553 2545 Domine,
574 2507 667 2548 quot
686 2512 729 2535 cx
753 2498 923 2548 partibus
951 2499 1097 2548 aquilo-

108 2557 165 2592 nis
182 2569 251 2593 nos
275 2557 389 2594 flabra
409 2558 628 2604 molestant;
657 2558 823 2608 undiquc
845 2558 1007 2608 perflant
1036 2559 1095 2594 in-

1169 1909 1268 1945 vices
1301 1908 1506 1945 vindicavit
1543 1911 1691 1945 auster?
1722 1912 1802 1945 Imo
1832 1910 1956 1958 plane.
1987 1911 2159 1961 Denique

1167 1968 1254 2004 audi
1279 1967 1382 2017 quod
1409 1967 1601 2016 sequitur:
1622 1970 1670 2003 Et
1691 1972 1865 2015 rapinam
1881 1996 1894 2012 ,
1923 1968 2068 2017 inquit,
2093 1970 2158 2005 bo-

1166 2039 1293 2061 norum
1310 2035 1512 2061 vestrorum
1529 2040 1610 2061 cum
1624 2027 1761 2074 gaudio
1779 2030 2007 2074 suscc’pistis,
2026 2041 2159 2076 cogno-

1163 2093 1302 2120 scentes
1328 2098 1394 2121 vos
1421 2084 1557 2119 habere
1582 2088 1768 2120 meliorem
1788 2093 1823 2119 et
1846 2094 2054 2121 manentem
2077 2088 2158 2123 sub-

1164 2148 1340 2179 stantiam
1356 2142 1382 2180 5.
1410 2143 1534 2191 Quid?
1550 2156 1635 2179 cum
1652 2144 1824 2192 Apostoli
1840 2144 1939 2180 irent
1954 2147 2159 2192 gaudentes

1165 2216 1189 2238 ιι
1211 2211 1403 2250 conspectu
1423 2205 1569 2237 com-ilii
1580 2230 1592 2245 ,
1621 2207 1796 2249 quoniam
1824 2203 1931 2249 (ligni
1947 2202 2062 2238 habui
2075 2214 2161 2240 suut

1156 2275 1228 2309 pro
1248 2266 1397 2296 nomine
1409 2264 1499 2297 Jcsu
1514 2262 1771 2296 columnellam
1788 2264 1875 2308 pati
1888 2259 1925 2306 ‘³3
1944 2273 2073 2298 nonne
2093 2262 2159 2299 tibi

1164 2320 1314 2356 videtur
1337 2328 1467 2355 contra
1489 2319 1677 2368 aquilonis
1694 2332 1826 2367 graves
1842 2319 2005 2368 impetus
2024 2321 2160 2359 leniter

1164 2379 1256 2429 ipsis
1276 2387 1401 2415 auster
1418 2378 1608 2427 spirasse?
1635 2377 1839 2415 Considera
1859 2378 1975 2415 tristia
1990 2379 2051 2415 illa
2074 2380 2160 2417 sab-

1164 2438 1249 2474 bata
1263 2438 1468 2487 sepulturae
1485 2436 1697 2473 dominieae.
1717 2440 1851 2473 ,Nonne
1870 2438 1971 2473 velut
1989 2438 2034 2474 ad
2052 2440 2159 2488 aqui-

1165 2498 1260 2533 lonis
1277 2498 1406 2533 flatum
1425 2524 1435 2541 ,
1459 2496 1729 2545 Apostolorum
1756 2495 1870 2532 corda
1888 2495 2107 2534 infidelitate
2123 2507 2157 2535 et

1164 2557 1362 2593 timiditate
1377 2556 1539 2605 quadam
1558 2555 1817 2604 diriguerunt?
1834 2559 2066 2604 Resurgente
2083 2561 2158 2594 Do-

107 2615 304 2651 commoda
319 2644 328 2661 ,
349 2629 561 2661 murmura,
588 2616 740 2666 probra.
761 2621 862 2654 Inter
878 2616 1095 2666 hujusmodi
1113 2620 1145 2653 Ι)
1164 2618 1266 2653 mino
1294 2617 1407 2665 coepit
1431 2624 1557 2652 auster
1578 2616 1671 2652 lenis
1694 2616 1846 2652 liortum
1874 2615 1954 2664 ejus
1980 2618 2153 2666 perflare.

109 2672 259 2710 dolores
274 2673 472 2711 distraetus
488 2683 525 2711 et
547 2676 770 2711 constrictus
784 2676 930 2712 animus
948 2704 958 2721 ,
980 2677 1094 2713 austri

110 2731 206 2767 lenia
227 2733 342 2769 nescit
362 2732 476 2769 flabra
500 2734 676 2783 recipere.
699 2738 885 2783 Exsurge,
913 2735 1095 2781 Domine,

110 2802 186 2826 non
217 2792 416 2839 praevaleat
435 2792 581 2840 aquilo;
606 2793 693 2828 satis
719 2802 774 2828 est
799 2793 901 2842 quod
925 2793 999 2842 jam
1031 2794 1094 2830 diu

111 2849 333 2896 insurrexit,
361 2850 464 2899 quod
487 2850 659 2887 incubuit
683 2866 690 2888 :
722 2851 782 2887 die.
813 2860 853 2888 ut
881 2861 1030 2901 surgat,
1056 2862 1096 2889 ut

109 2906 293 2953 discedat,
311 2916 352 2944 ut
367 2909 473 2945 cedat
492 2918 631 2946 austro.
652 2913 835 2948 Succensa
849 2912 926 2961 jam
950 2912 1094 2961 pridem

109 2974 165 3001 est
198 2966 271 3002 olla
302 2981 322 3003 a
345 2968 434 3004 faeie
460 2969 645 3017 aquilonis
661 2969 688 3016 ³,
713 2970 778 3007 sed
820 2980 880 3017 tu,
913 2971 1094 3017 Domine,

109 3030 276 3059 austrum
291 3024 438 3069 emitte,
457 3026 520 3074 qui
539 3026 645 3063 faeiat
662 3028 825 3065 medium
845 3029 1006 3064 fornacis
1025 3029 1096 3065 liu-

107 3082 169 3130 jus
207 3083 311 3131 ‹piasi
345 3093 496 3121 ventum
534 3086 628 3123 roris
664 3087 828 3124 flantem.
861 3092 941 3124 lNon
976 3088 1096 3124 audeo

111 3143 308 3180 continuos
330 3145 444 3180 austri
477 3145 586 3182 flatus
616 3160 746 3195 rogare
776 3162 782 3182 :
810 3147 942 3182 suflicit
983 3147 1009 3181 si
1039 3148 1095 3183 vel

163 3281 168 3294 ¹
196 3274 369 3310 ι·1ιιϊιι.ιν,
396 3279 419 3306 i.
502 3283 509 3297 ²
526 3278 586 3309 Jol·
607 3291 666 3310 χιι,
692 3287 721 3309 ιι,
803 3277 927 3310 ‘Jeteiu
957 3291 985 3311 ι,
1013 3285 1060 3310 1,Ι.

161 3330 171 3342 ’“
189 3327 273 3357 Alias
288 3351 295 3364 ,
314 3329 486 3359 ηιιιιιίἰίιηι.

1162 2676 1265 2713 Totis
1285 2675 1342 2711 his
1368 2675 1530 2723 denique
1548 2675 1796 2723 quadraginta
1813 2674 1945 2711 diebus
1971 2676 2008 2711 in
2031 2678 2158 2713 inultis

1162 2735 1392 2783 argumentis
1418 2733 1615 2769 ‹lominiea‘
1633 2734 1917 2770 resurreetionis
1936 2742 1973 2770 et
1991 2736 2158 2773 veritatis

1165 2794 1273 2840 fides,
1303 2802 1335 2829 et
1375 2792 1556 2828 libertatis
1591 2792 1727 2828 fiducia
1757 2792 1892 2827 sensim
1928 2793 2157 2833 incrementa

1162 2860 1417 2902 sumpserunt.
1441 2855 1527 2900 Ipso
1552 2850 1612 2886 die
1641 2855 1900 2897 l'enteeostes,
1927 2852 2082 2900 quando
2109 2854 2156 2890 fa—

1163 2920 1244 2948 etus
1260 2920 1311 2947 est
1330 2912 1484 2961 spiritus
1498 2910 1699 2946 vehemens
1715 2911 1750 2946 in
1764 2912 1956 2947 cantat-nto
1971 2911 2035 2948 ubi
2050 2922 2155 2949 erant

1163 2972 1332 3020 Apostoli
1362 2970 1552 3016 sedentes,
1574 2971 1696 3007 soluta
1722 2980 1775 3006 est
1803 2971 1926 3007 omnis
1952 2973 2156 3019 congelatae

1164 3030 1297 3066 mentis
1326 3029 1530 3077 frigiditas,
1564 3030 1655 3064 sieut
1688 3038 1834 3065 torrens
1861 3030 1897 3065 in
1924 3038 2052 3066 austro
2083 3046 2090 3066 ε
2120 3040 2152 3067 et

1163 3089 1340 3138 deinceps
1359 3087 1460 3124 xerbi
1486 3088 1746 3138 virtutunupw
1777 3090 2040 3139 profluxerunt
2068 3103 2155 3126 aro-

1165 3157 1273 3184 mata.

1475 3280 1799 3314 ³ll=·lv1.x,.l'¹.it.

1146 3281 1394 3315 ¹.11·l›xxx·,7.
1883 3284 2097 3314 ⁴·.x‹1.x‚11.
