2504 3928
407 215 503 251 1335

908 222 955 255 lx
985 222 1275 259 NATIVITATE
1306 226 1341 260 S.
1371 225 1570 260 Jomxls
1600 226 1734 260 BAPT.
1765 225 1941 261 SERMO.

406 293 538 327 missus
564 300 642 334 est,
673 293 736 340 qui
774 295 1054 333 renovationem
1091 300 1220 336 mundi
1258 302 1418 350 pudori⁶

2349 228 2446 263 13:36

1424 301 1682 351 1711110110110111
1702 301 1904 338 nativitatis
1919 300 2030 351 hujus
2047 300 2266 339 celebranda
2282 304 2446 350 devotio,

408 364 420 384 1
434 351 577 399 irgineo
599 364 696 387 nova
713 353 935 390 salutatione
957 358 1131 405 portavit.
1157 360 1299 396 Exhinc
1314 362 1397 397 Ἢν-
1419 365 1446 397 Α
1464 368 1718 409 quantamque
1737 361 1891 408 gratiam
1920 361 1956 397 in
1982 361 2100 397 oculis
2121 362 2291 398 Ecclesiae
2311 364 2448 412 poterit

405 422 452 456 go
482 410 666 446 festinavit
695 412 739 446 ad
773 412 982 458 Elisabeth,
1007 423 1042 450 ct
1068 416 1184 452 tribus
1206 419 1396 455 mensibus

405 478 574 516 cognata:
615 470 790 518 dignatur
828 473 976 510 visitare
1014 475 1241 525 hospitium,
1277 479 1396 515 donce

406 528 494 563 110111
521 530 657 565 mensis
677 531 747 566 11110
769 533 946 568 concluso
962 561 970 577 ‚
995 535 1165 571 nativitas
1186 537 1394 574 immineret

407 587 639 623 l‘atriareha·.
662 590 731 625 Alii
748 591 812 638 qui
831 590 1162 640 librumjustorum
1181 595 1395 643 diligentio-

405 644 507 680 ribus
539 647 656 683 oculis
682 648 943 697 inspexerunt,
973 664 1011 687 se
1034 652 1168 689 vidisse
1198 663 1393 700 testantur,

401 704 504 752 quod
530 705 608 754 ipsa
633 708 699 742 Dei
720 709 891 745 (ienitrix
921 710 1061 746 felicem
1092 725 1249 760 puerum
1273 715 1395 763 primo

403 761 449 796 de
467 770 564 798 terra
583 764 718 800 levavit
736 793 744 807 ‚
767 774 803 802 et
825 777 990 815 cognata:
1011 778 1157 818 partum
1177 773 1278 808 omni
1300 786 1393 821 pro-

403 830 528 856 secuta
556 831 609 858 est
629 825 820 861 servitute.
851 831 1100 877 Quocumque
1127 839 1250 866 autem
1281 832 1394 867 modo

406 880 456 914 rei
480 880 589 928 hujus
619 884 755 919 veritas
781 884 1018 932 decernatur,
1051 888 1163 936 illud]
1193 903 1261 938 pro
1293 900 1394 927 certo

403 948 546 975 certum
580 950 634 977 est
649 970 657 985 ‚
692 944 780 991 quia
815 958 888 980 11011
923 959 1052 995 parum
1085 949 1244 985 contulit
1275 963 1393 998 puero

405 999 595 1035 nascituro
613 1009 684 1037 tam
704 1003 789 1039 felix
803 1012 840 1040 et
857 1018 1047 1042 morosum
1065 1007 1293 1045 intemeratae
1308 1010 1392 1046 vir-

404 1057 501 1105 ginis
525 1061 768 1097 consortium.

457 1118 491 1152 5.
512 1122 674 1165 Quartus
694 1120 816 1157 honor
831 1124 985 1159 Joaunis
1002 1133 1057 1160 051
1072 1126 1256 1163 Gaudium
1273 1127 1309 1163 in
1333 1141 1396 1163 na-

404 1175 558 1212 tivitate.
584 1179 784 1224 l⁴2rubcsce‚
809 1183 971 1228 Lucifer,
987 1184 1050 1232 qui
1069 1197 1177 1221 tuane
1197 1186 1391 1232 oriebariS,

402 1242 439 1269 01
470 1246 672 1274 conatuum
711 1248 860 1277 tuorum
895 1243 1117 1279 frustratus³
1146 1245 1391 1294 impulsibus,

404 1294 552 1331 tandem
573 1297 735 1348 intellige
757 1301 843 1348 quia
863 1302 899 1336 in
923 1303 1136 1339 novissimis
1156 1304 1288 1341 dicbus
1310 1314 1393 1342 tan-

401 1364 512 1399 quam
539 1355 671 1402 perdix
692 1359 932 1395 stultissimus
951 1361 1173 1398 remanebis.
1204 1363 1394 1399 Machina-

403 1409 569 1448 tionibus
589 1414 660 1450 tuis
678 1416 812 1452 factum
831 1426 886 1453 est
903 1426 942 1453 ut
960 1418 1112 1455 humani
1135 1420 1282 1469 generis
1306 1421 1393 1457 uni-

402 1469 556 1506 versitas
590 1471 628 1507 in
667 1475 828 1522 peccatis
862 1476 1147 1525 conciperetur,
1177 1478 1215 1513 in
1249 1479 1394 1516 tristitia

402 1538 631 1566 nasceretur.
653 1532 724 1568 Sed
740 1546 826 1569 ecce
843 1535 911 1570 iste
932 1536 1183 1573 sanctificatur
1203 1537 1239 1573 in
1260 1547 1367 1575 utero
1381 1567 1390 1585 ,

401 1587 522 1623 oritur
539 1589 573 1625 in
599 1592 759 1639 gaudio,
782 1594 1025 1644 laetitiamque
1043 1596 1185 1632 mundo
1211 1610 1277 1633 sua
1302 1599 1394 1634 nati-

403 1646 516 1683 vitate
533 1650 711 1687 refundit.
732 1655 825 1689 Ecce
847 1667 965 1702 genus
986 1663 1184 1692 armaturae
1204 1656 1306 1705 quod
1327 1657 1392 1694 tibi

400 1707 647 1745 constitueras
665 1710 710 1745 ad
731 1711 945 1758 victoriam,
965 1713 1034 1749 1100
1062 1715 1198 1751 Joanni
1229 1716 1394 1752 nascitur

400 1764 445 1799 ad
469 1778 658 1803 coronam.
682 1771 934 1819 Apprchende
965 1786 1068 1809 arma
1099 1782 1135 1809 et
1163 1783 1331 1821 scutum,
1357 1784 1393 1811 et

1463 419 1644 455 iuvenire.
1679 419 1823 455 Nullius
1853 419 2015 455 hominis
2048 420 2282 456 Nativitatem
2313 429 2448 470 praeter

1462 478 1576 512 solius
1593 477 1660 513 Dei
1679 477 1713 513 111
1733 479 1962 514 auctoritatis
1978 491 2099 514 arcem
2117 479 2256 528 reecpit
2270 480 2445 525 Ecclesia,

1463 535 1572 584 liujus
1588 536 1690 572 istius
1705 536 1928 585 exceptione
1943 545 2099 573 servata.
2120 538 2231 574 Novit
2248 537 2345 573 enim
2361 539 2449 586 quia

1463 596 1594 631 melior
1614 604 1667 631 cst
1693 595 1771 632 dies
1793 597 1922 632 mortis
1944 596 2004 632 die
2030 596 2269 640 nativitatis4,
2291 605 2326 632 et
2346 597 2448 646 quod

1463 662 1568 689 ortus
1581 655 1772 690 hominum
1791 654 1936 690 tristitia
1950 655 2161 692 comitetur.
2176 655 2267 691 Inde
2278 656 2447 704 estquod

1461 713 1558 749 diem
1585 715 1715 750 mortis
1743 722 1971 762 martyrum,
1995 728 2068 750 non
2092 715 2293 750 nativitatis
2310 715 2449 750 solem-

1808 781 1964 809 mortem
1993 782 2114 809 tamen
2144 786 2293 818 eorum,
2313 774 2447 810 natali-

1462 834 1597 869 tiorum
1623 834 1773 869 nomine
1794 833 2010 878 nominans,
2036 832 2173 882 quibus
2191 833 2309 869 factus
2327 842 2382 869 051
2402 833 2447 868 de

1462 902 1581 928 morte
1605 893 1748 928 natalis.
1779 896 1884 928 Tunc
1909 892 2009 928 enim
2033 901 2228 940 coeperunt
2254 891 2300 928 dc
2329 901 2449 928 morte

1460 951 1560 987 nasci
1587 951 1632 987 ad
1662 952 1799 996 vitam,
1831 964 1915 987 cum
1947 951 2061 986 vitani
2092 950 2350 999 deposuerunt
2379 964 2448 999 pro

1459 1011 1546 1046 vita.
1566 1009 1686 1058 llujus
1705 1023 1794 1046 vero
1813 1010 2043 1045 nativitatem
2059 1022 2197 1059 sponsa
2212 1010 2346 1046 Christi
2364 1018 2447 1045 tan-

1462 774 1558 809 nizat
1589 774 1749 809 Ecclesia
1773 787 1780 809 τ

1415 1068 1441 1101 B
1464 1077 1500 1104 to
1518 1069 1683 1104 securius
1709 1068 2062 1104 benevolentissima
2083 1067 2299 1116 dignatione
2317 1080 2450 1104 susce-

1460 1129 1535 1177 pit,
1558 1137 1698 1177 quanto
1718 1128 1941 1177 singularius
1961 1140 2040 1163 eam
2062 1127 2229 1163 veritatis
2255 1127 2448 1175 evangeli-

1460 1201 1510 1224 cae
1527 1187 1790 1237 irrefragabilis
1806 1187 2045 1223 commendat
2067 1186 2279 1222 auctoritas.

1513 1250 1547 1283 (5.
1567 1248 1728 1295 Quintus
1753 1247 1876 1283 honor
1895 1254 1951 1282 est
1972 1245 2214 1294 Singularitas
2236 1245 2272 1280 iu
2293 1258 2448 1282 conver-

1460 1306 1564 1341 sione
1604 1315 1639 1341 et
1677 1306 1974 1341 conversatione.
2019 1309 2123 1341 Intra
2160 1304 2447 1341 teneritudinem

1459 1377 1644 1400 annorum
1665 1363 1795 1400 beatus
1824 1364 1892 1400 iste
1918 1377 2012 1412 puer
2041 1364 2087 1399 ad
2119 1376 2284 1399 eremum
2315 1363 2449 1412 spiritu

1459 1423 1619 1459 ducente
1647 1423 1828 1459 deductus
1861 1431 1916 1458 051
1939 1436 1945 1457 :
1971 1435 2038 1458 nec
2071 1422 2218 1458 obstitit
2246 1423 2364 1459 aetatis
2396 1422 2448 1458 in-

1459 1482 1639 1527 firmitas,
1671 1494 1782 1530 quam
1815 1479 1986 1528 majestas
2021 1480 2170 1516 Domini
2209 1479 2446 1516 fecundabat.

1459 1541 1616 1589 Spiritus
1657 1540 1755 1576 enim
1796 1547 1943 1575 sanctus
1983 1552 2059 1575 non
2094 1539 2253 1575 attendit
2291 1552 2447 1575 sexuum

1459 1599 1724 1643 differentiam,
1743 1598 1977 1647 fragilitatem
1995 1611 2217 1647 corporum,
2235 1606 2447 1647 temporum

1457 1659 1705 1695 annositatem
1726 1673 1733 1694 :
1750 1657 1813 1694 sed
1829 1669 2125 1706 quemcumque,
2143 1665 2180 1692 01
2193 1656 2451 1705 quandocum-

1457 1730 1549 1766 que,
1570 1725 1607 1753 et
1628 1716 1821 1766 quomodo
1841 1716 1922 1751 vult
1938 1715 2220 1764 dignantissima
2245 1716 2366 1765 replet
2389 1715 2449 1752 110-

1459 1777 1652 1826 nignitate.
1683 1775 1876 1824 Relinquit
1907 1779 2072 1811 joannes
2105 1774 2306 1820 mundum,
2325 1775 2450 1811 homi-

399 1831 478 1859 toto
512 1827 751 1875 malignitatis
782 1839 852 1867 tuae
878 1831 1013 1880 spiritu
1044 1831 1273 1870 debacchare
1295 1849 1301 1869 :
1326 1847 1393 1870 nec
1413 1837 1438 1873 C
1459 1848 1524 1871 nes
1545 1835 1658 1883 fugit,
1682 1834 1841 1883 patriam
1859 1833 1999 1878 nescit,
2019 1841 2192 1883 parentes
2210 1842 2446 1882 aspernatur,

397 1890 518 1919 tamen
548 1888 688 1934 poteris
708 1891 864 1925 Joannis
892 1891 1101 1940 irrumpere
1121 1893 1358 1941 privilegium
1376 1923 1385 1940 ,

396 1943 498 1989 quod
519 1943 681 1993 benigna
707 1948 903 1985 scribentis
927 1963 1060 1986 manus
1086 1952 1244 2001 proprio
1262 1953 1389 1988 chara-

394 2009 493 2037 ctere
522 2005 769 2055 consignavit.
800 2009 961 2044 Multum
996 2009 1175 2059 deceptus
1193 2039 1202 2055 ,
1228 2012 1386 2047 multum

393 2059 543 2097 delusus
561 2076 611 2099 es.
638 2069 694 2100 An
721 2066 872 2114 ignoras
889 2067 991 2116 quod
1014 2068 1078 2104 tibi
1093 2069 1151 2105 vir
1166 2069 1326 2106 bellator
1341 2070 1387 2107 ab

390 2119 663 2170 adolescentia,
692 2133 729 2161 et
756 2127 866 2162 etiam
891 2140 910 2162 a
930 2128 1058 2163 matris
1078 2137 1210 2165 ventre
1227 2143 1385 2166 consur-

392 2179 470 2226 git?
490 2183 616 2219 Nescis
635 2185 721 2232 quia
739 2198 760 2221 a
781 2186 913 2222 diebus
934 2187 1011 2223 istis
1029 2200 1185 2235 regnum
1206 2190 1386 2225 coelorum

393 2239 466 2274 vim
487 2241 639 2288 patitur,
663 2252 699 2279 et
720 2245 874 2281 violenti
896 2247 1048 2295 rapiunt
1072 2247 1162 2282 illud
1178 2254 1185 2268 ¹
1204 2249 1218 2283 Ρ
1238 2252 1295 2284 An
1313 2248 1386 2284 ob-

392 2297 478 2334 litus
495 2313 534 2335 es
547 2329 555 2344 ‚
576 2302 677 2349 quod
695 2303 760 2339 iste
779 2305 938 2341 mittitur
953 2318 1084 2354 parare
1101 2306 1247 2354 plebem
1265 2308 1388 2356 perfe—

394 2365 489 2393 ctam
512 2361 724 2397 1)(111111102.3
744 2367 895 2400 Intuere
918 2364 1087 2400 ordinem
1116 2378 1259 2410 rerum,
1286 2374 1323 2401 et
1341 2365 1387 2401 ab

396 2415 512 2464 ipsius
543 2421 799 2469 conceptionis
833 2436 908 2458 suae
946 2423 1060 2459 initiis
1091 2424 1260 2460 invenies
1288 2425 1389 2462 hunc

394 2477 566 2514 validiori
581 2481 778 2517 conamine
798 2491 898 2518 tuam
918 2483 1176 2519 fortitudinem
1196 2484 1386 2534 irrupisse.

394 2538 448 2570 Tu
473 2537 587 2574 fecisti
613 2548 651 2574 ut
673 2541 861 2577 fratricida
888 2542 997 2587 Cain,
1016 2543 1079 2590 qui
1112 2543 1255 2591 primus
1282 2552 1389 2580 natus

1453 1903 1490 1930 et
1515 1895 1552 1930 in
1580 1894 1694 1930 solius
1718 1893 1922 1929 divinitatis
1949 1892 2092 1941 apicem
2121 1892 2251 1941 deligit
2279 1891 2445 1928 obtutus.

1452 1953 1546 1990 Mira
1576 1966 1700 1989 rerum
1727 1951 1942 1994 conversio,
1965 1951 2156 1987 homiuem
2182 1951 2243 1986 vix
2264 1950 2446 1986 mundum

1454 2013 1684 2061 ingressum,
1703 2011 1833 2047 mundi
1849 2011 1975 2059 fugere
1989 2011 2146 2060 gloriam
2162 2025 2171 2055 3
2189 2018 2226 2046 01
2241 2010 2366 2046 saeculi
2381 2023 2447 2046 cu—

1453 2073 1626 2122 piditates
1645 2085 1720 2108 non
1738 2072 1858 2108 solum
1877 2070 2063 2115 oblivisci,
2083 2070 2148 2106 sed
2171 2071 2313 2107 11050110
2327 2099 2336 2116 ,
2359 2082 2446 2119 1101-

1453 2140 1685 2181 petuumque
1706 2144 1791 2167 011111
1812 2130 2006 2166 divinitate
2032 2129 2170 2166 habere
2191 2129 2444 2166 consortium!

1454 2196 1635 2229 Recessus
1658 2191 1859 2234 montium,
1885 2190 2062 2225 silvarum
2084 2189 2271 2225 anfractus
2299 2197 2336 2225 01
2363 2188 2447 2224 val-

1454 2250 1544 2286 lium
1577 2249 1834 2298 subterjacens
1866 2249 2016 2284 vastitas
2044 2261 2165 2297 puero
2197 2247 2442 2297 patriarchae,

1454 2309 1606 2357 quando
1637 2323 1711 2345 nox
1746 2316 1937 2357 coegerat,
1969 2307 2157 2344 domicilia
2187 2306 2443 2357 praebuerunt.

1454 2372 1536 2404 Non
1559 2369 1646 2404 milii
1667 2376 1881 2417 opponatur
1900 2367 2100 2412 Jeremias,
2121 2380 2188 2402 nec
2208 2366 2445 2415 praedicantis

1453 2427 1624 2476 111ιο111110
1643 2427 1761 2462 virtus
1778 2426 1912 2462 audeat
1933 2425 2105 2470 obviare3
2126 2426 2213 2474 quia
2229 2426 2257 2461 si
2276 2426 2337 2461 ille
2355 2439 2445 2461 con-

1454 2493 1619 2521 secratur
1637 2485 1672 2521 in
1697 2485 1940 2534 prophetam,
1961 2484 2019 2520 hic
2048 2485 2084 2520 in
2112 2484 2197 2533 plus
2219 2497 2330 2533 quam
2359 2498 2445 2534 1110-

1455 2544 1617 2593 phetam.
1641 2547 1684 2580 Et
1707 2544 1793 2578 licet
1821 2543 1883 2578 ille
1914 2543 2057 2591 populo
2092 2542 2214 2578 futura
2241 2543 2443 2592 praedicat,

397 2603 473 2640 est,
493 2597 659 2644 pollutus
682 2607 718 2634 01
744 2599 946 2636 obvolutus
977 2601 1116 2645 exiret,
1138 2610 1175 2637 et
1199 2602 1388 2650 originalis
1409 2605 1439 2637 D
1455 2617 1529 2639 non
1576 2611 1699 2639 tamen
1739 2602 2034 2638 conversationis
2068 2602 2240 2637 humanae
2284 2602 2446 2639 declinat

395 2656 534 2701 peccati
585 2667 864 2705 respergeretur
898 2659 1062 2695 infamia.
1100 2663 1204 2695 llanc
1239 2661 1385 2709 excepit

392 2713 493 2750 orbis
524 2717 748 2760 exterritus,
769 2726 805 2753 et
836 2718 986 2754 humani
1013 2720 1160 2768 generis
1188 2719 1385 2756 subsecuta

391 2773 585 2818 nativitas,
609 2775 654 2810 ad
684 2776 837 2812 infinitae
870 2777 1025 2813 tristitiae
1049 2778 1239 2814 cumulum
1266 2787 1385 2815 trans-

392 2832 575 2879 migravit.
616 2835 796 2871 Nativitas
838 2845 959 2872 autem
1003 2837 1159 2873 Joannis
1197 2837 1307 2886 hujus
1346 2839 1383 2874 in

387 2892 564 2939 gaudium
586 2902 660 2939 est,
679 2903 714 2929 et
730 2896 1002 2932 solemnitatem
1019 2897 1247 2945 pra‘claram.
1266 2901 1384 2934 Laeta-

390 2959 449 2985 tur
466 2951 586 2996 orbis,
605 2962 639 2988 et
657 2967 721 3002 per
739 2963 902 3002 quatuor
923 2956 1212 2992 111111111101111111111
1229 2957 1385 2993 circum-

388 3019 494 3045 sonat
515 3012 685 3057 gloriosa}
713 3014 920 3050 festivitatis
946 3015 1138 3058 instantia,
1161 3016 1249 3064 ipsis
1271 3017 1381 3052 etiam

389 3069 488 3103 cnr-lis
513 3069 668 3106 celebris
685 3080 720 3107 01
745 3072 894 3109 famosa.
915 3075 1026 3121 Quis,
1050 3083 1180 3124 putas,
1200 3089 1295 3124 puer
1315 3076 1382 3111 iste

386 3128 455 3162 erit
470 3127 508 3162 3?
526 3133 548 3164 Α
559 3130 673 3165 micus
695 3133 837 3179 sponsi,
860 3134 1030 3169 inimicus
1051 3134 1133 3179 sibi,
1154 3143 1187 3169 te
1207 3135 1288 3183 ipso
1311 3147 1382 3183 po-

387 3188 538 3224 tentior.
566 3190 886 3228 Consideraudum
909 3193 1018 3228 etiam
1040 3203 1178 3242 quanta
1203 3194 1383 3241 dignitate

429 3315 638 3349 “31.11111..υ,
669 3320 716 3347 12.
745 3335 776 3339 —-
794 3324 803 3338 ²
819 3321 893 3348 Luc.
917 3330 947 3355 1,
972 3321 1019 3349 17.
1047 3336 1083 3340 -
1112 3317 1125 3340 3
1157 3319 1235 3350 lbid.
1260 3324 1312 3351 00.
1330 3338 1370 3342 »ἥ
1394 3319 1407 3346 ⁴⁸
1427 3321 1527 3352 liccle.
1547 3332 1592 3351 v11
1608 3345 1615 3358 ‚
1635 3325 1664 3353 2.

1451 2670 1632 2711 aspectus.
1673 2665 1836 2697 Joannes
1873 2669 1997 2696 autem
2032 2660 2150 2697 aetatis
2180 2673 2443 2710 supergressus

1452 2721 1645 2757 infantiam
1662 2749 1670 2765 ‚
1696 2728 1732 2755 et
1753 2719 1950 2755 nobilioris
1978 2720 2125 2767 generis
2152 2720 2440 2769 generositatem

1452 2779 1610 2823 oblitus,
1630 2779 1697 2815 soli
1720 2786 1824 2815 vacat
1845 2777 2052 2823 divinitati,
2071 2778 2188 2814 factus
2205 2778 2324 2814 forma
2338 2779 2437 2824 vitae,

1453 2839 1720 2874 monachorum
1738 2837 1972 2887 propositum
1986 2864 1995 2881 ,
2014 2837 2321 2873 anachoretarum
2338 2839 2440 2887 prin-

1451 2898 1610 2947 cipium,
1633 2898 1745 2933 totius
1765 2897 1955 2945 religionis
1974 2897 2140 2933 assertio.
2161 2901 2255 2933 Ecce
2268 2898 2344 2934 haec
2359 2898 2438 2946 qui-

1451 2957 1534 2993 dem
1557 2971 1626 3006 pro
1650 2957 1910 2993 conversione.
1942 2960 2058 2993 Porro
2079 2964 2218 3004 quanta
2233 2956 2439 2993 sublimitas

1450 3016 1486 3051 in
1511 3016 1797 3051 conversatione
1820 3016 1951 3058 fucrit,
1985 3028 2060 3051 non
2081 3023 2136 3051 est
2156 3017 2339 3052 currentis
2362 3017 2440 3052 lin-

1448 3088 1529 3124 guae
1559 3074 1794 3110 volubilitate
1828 3074 2106 3119 disserendum,
2133 3074 2196 3111 sed
2217 3076 2438 3123 evangelicae

1449 3134 1638 3181 dignitatis
1659 3133 1981 3182 comprobandum
2003 3133 2166 3182 eloquio.
2187 3135 2364 3177 Jaamaees,
2383 3136 2437 3171 in—

1449 3194 1549 3242 quit,
1570 3193 1729 3229 habebat
1751 3198 2005 3229 υο.11(”ηιι·1ι(ιυη
2023 3195 2068 3228 (le
2081 3196 2172 3240 pilis
2196 3197 2432 3239 camelorum,

1971 3326 1985 3342 ἢ
2001 3320 2086 3351 Alias
2096 3343 2103 3357 ,
2114 3319 2244 3360 fractis.
