2418 3949
101 277 147 312 41
833 275 883 309 IN
912 272 1132 316 CANTICA,
1162 274 1324 310 SERMO
1353 276 1414 310 IV.
2100 267 2148 303 42

155 354 190 388 6.
210 350 384 400 Denique
403 358 440 387 et
459 349 581 386 David
600 349 639 385 in
662 349 734 385 fine
752 350 986 386 Psalmorum
1005 362 1089 385 cum
1112 348 1117 364 ¹

1125 347 1138 365 ³
1156 348 1203 384 ad
1223 349 1442 385 memoriam
1472 355 1666 397 prompta,
1688 346 1735 383 ad
1763 344 2021 383 meditandum
2049 357 2148 393 pro-

101 424 254 449 omnem
287 419 495 448 creaturam
522 410 560 446 in
589 409 719 446 laudes
745 410 814 446 Dei
844 410 1090 446 concitasset:
1109 410 1138 443 Α
1161 407 1259 453 fusa,
1283 408 1329 444 ad
1354 407 1632 444 subsistendum
1657 414 1862 456 perpetua,
1883 404 1928 441 ad
1956 404 2150 442 sufficicn—

105 474 281 517 cantate,
300 471 441 520 inquit,
466 472 622 505 Domino
641 474 826 504 canticum
846 483 991 513 novum,
1012 472 1095 504 laus

101 533 180 578 ejus
199 536 235 567 in
259 534 415 568 ecclesia
433 539 640 566 sanctorum
656 536 681 566 ¹.
701 533 797 566 Vere
814 543 961 572 nomm,
985 527 1093 576 cujus

100 592 220 628 nescit
243 590 502 640 antiquitatem
532 588 707 632 materia,
733 587 920 623 fastidium
950 587 1088 636 gratia:

102 664 186 701 quae
217 663 367 700 semper
395 658 451 686 est
479 662 606 685 amore
628 660 777 692 recens,
801 660 871 683 usu
892 647 1091 683 recentior.

101 714 196 748 Vere
216 710 315 746 enim
343 721 497 752 mutum,
524 707 627 756 quod
651 707 848 742 hominum
873 706 1019 742 animos
1046 704 1092 741 ad

101 777 280 805 aeternam
308 768 466 803 innovat
493 765 779 802 beatitudinem.
802 765 972 814 Denique
998 765 1092 813 legi-

102 836 164 864 tur
182 842 189 863 :
213 829 272 864 Ne
291 829 535 862 memineritis
550 830 734 873 priorum,
752 834 786 860 et
800 829 956 873 antiqua
976 838 1022 860 ne
1040 830 1095 859 [ἠ-

101 889 303 929 tueamini;
325 899 418 920 nova
448 898 592 932 quoque
612 898 677 932 ego
687 883 797 932 facio
820 891 845 920 ².
866 888 956 921 Jure
975 898 1069 919 nova
1082 913 1092 930 ,

100 958 185 994 quae
210 944 257 981 ab
282 945 439 994 antiquo
471 944 657 980 currentis
684 952 827 980 naturae
857 957 1094 992 nequaquam

100 1005 276 1041 conclusa
292 1013 381 1040 sunt
399 1003 555 1053 legibus.
573 1006 670 1039 Laus
688 1005 766 1049 ejus
783 1009 822 1039 in
840 1007 995 1038 ecclesia
1010 1017 1096 1038 scm-

100 1073 252 1100 ctorum.
273 1063 445 1111 Quodam
467 1063 597 1112 utique
623 1063 854 1099 excellentiae
873 1062 1071 1112 privilegio
1084 1091 1093 1107 ,

1160 469 1250 505 dum
1278 469 1400 517 plena.
1432 467 1535 513 Filii,
1555 467 1707 515 inquam
1721 495 1731 512 ,
1751 466 1968 510 hominum,
1988 464 2066 500 imo
2085 462 2150 499 tilii

1159 528 1324 572 Excelsi,
1346 528 1487 563 alumni
1517 526 1724 576 religionis,
1745 525 1810 574 qui
1836 523 2016 574 regularis
2035 522 2149 558 disci-

1156 588 1269 636 plinae
1296 586 1424 622 limina
1453 585 1588 630 teritis,
1621 584 1754 633 utquid
1780 583 1884 620 arida
1910 583 2014 619 fauce
2034 593 2149 630 aquas

1157 647 1391 682 coenulentas
1422 645 1548 689 sititis,
1572 644 1739 680 coelestes
1772 643 1978 679 fastiditis?
2004 639 2150 690 thuid

1158 705 1404 754 cogitationes
1433 703 1627 740 admittitis
1648 703 1684 738 in
1705 703 1892 746 animum,
1915 701 1961 737 ad
1990 712 2150 750 quarum

1159 765 1327 801 actiones
1353 775 1431 798 non
1454 761 1598 797 mittitis
1625 773 1778 796 manum
1795 762 1808 795 Ρ
1825 760 1935 807 Quod
1955 771 2064 808 agere
2085 770 2151 807 pe-

1160 823 1262 860 nitus
1283 822 1498 858 detrectatis
1512 849 1520 864 ‚
1546 819 1681 868 utquid
1703 819 1867 856 studiosa
1887 827 2012 855 niente
2032 826 2153 854 retra-

1161 883 1296 918 ctatis?
1317 881 1475 930 Experti
1498 881 1716 928 frequenter
1736 872 1842 922 estis,
1870 877 1975 926 quod
2003 889 2154 912 omnem

1160 941 1258 978 lianc
1284 942 1433 977 inanem
1461 952 1639 989 pompam
1668 938 1879 986 recogitatae
1910 935 2155 985 turpitudinis

1161 1001 1256 1037 citus
1271 1001 1444 1049 excipere
1461 999 1557 1035 solet
1573 998 1696 1034 exitus
1712 995 1970 1046 poenitudinis.
1985 994 2156 1043 Denique

1161 1069 1198 1097 et
1216 1061 1342 1110 pudor
1357 1068 1412 1096 est
1429 1058 1611 1109 prodere,
1633 1066 1669 1093 et
1687 1070 1797 1106 poena
1818 1056 1984 1092 reticere.
2001 1053 2156 1090 Medita-

101 1135 179 1159 non
212 1130 357 1158 tantuin
389 1122 574 1171 aequitatis
604 1121 904 1171 dispensatione,
925 1120 990 1158 sed
1011 1134 1096 1169 gra·
1116 1117 1143 1150 B
1164 1120 1276 1156 tionis
1305 1132 1394 1168 ergo
1423 1126 1563 1154 mutate
1596 1117 1809 1160 materiam,
1830 1114 1896 1151 sed
1920 1120 2067 1149 servate
2092 1112 2155 1147 in-

103 1181 198 1217 tuito
225 1181 429 1218 sanctitatis
457 1181 560 1216 dono
580 1188 617 1216 et
636 1194 805 1217 munere.
831 1184 934 1216 Laus
960 1181 1039 1225 cy'as
1060 1184 1096 1215 in

101 1243 255 1276 ecclesia
285 1249 493 1275 sanctorum
512 1254 523 1274 .·
541 1240 722 1288 quoniam
755 1240 807 1275 ita
835 1239 984 1275 laudem
1017 1237 1097 1287 ejus

101 1307 319 1335 sanctorum
336 1298 501 1336 ostendit
520 1307 644 1343 actus,
670 1307 710 1334 ut
729 1299 831 1334 illam
849 1297 1018 1334 attendat
1037 1297 1095 1334 af-

101 1359 231 1394 fectus.
253 1357 377 1394 Sancti
397 1357 497 1398 enim
524 1357 752 1393 excellenter
771 1356 973 1406 gratiarum
995 1355 1096 1392 dona

102 1417 333 1466 suscipiunt,
366 1416 608 1453 devotionem
639 1416 897 1466 persentiunt,
927 1416 1094 1464 gratula-

102 1477 243 1512 tionem
268 1476 503 1526 persolvunt.
523 1475 614 1512 Ideo
635 1475 799 1524 quodam
819 1474 995 1511 laudatur
1015 1475 1096 1524 pri-

101 1535 240 1584 vilegio
260 1536 298 1571 in
319 1535 481 1572 Ecclesia
507 1543 723 1572 sanctorum
743 1549 751 1570 ε
773 1543 878 1570 extra
897 1534 1095 1570 Ecclesiam

102 1595 277 1632 laudatur
296 1595 504 1631 ministerio
529 1593 738 1631 insensibili
757 1603 794 1630 et
815 1602 921 1630 muto
949 1607 1074 1630 rerum
1088 1622 1097 1639 ,

102 1668 201 1691 vano
216 1654 424 1691 hominum.
443 1658 486 1691 In
503 1654 616 1691 rebus
633 1654 831 1690 insensatis
852 1654 1040 1700 conditi03
1061 1655 1099 1691 in

103 1713 321 1751 hominibus
349 1727 427 1750 non
456 1715 597 1750 renatis
624 1714 817 1763 aliquanta
849 1714 1036 1762 cognitio,
1060 1714 1099 1750 in

103 1773 247 1810 neutris
267 1781 391 1809 tamen
412 1772 575 1809 dilectio.
596 1776 691 1810 Nam
713 1773 865 1809 dileetio
885 1773 1101 1810 Conditoris

107 1834 164 1870 sui
194 1833 233 1869 in
263 1833 396 1882 primis
426 1833 548 1877 nulla,
571 1833 610 1868 in
643 1832 818 1869 secundis
850 1846 927 1869 non
959 1841 1099 1869 sancta.

1163 1179 1350 1216 stantiam.
1378 1181 1499 1226 Quam
1526 1176 1667 1213 foedum
1693 1184 1748 1211 est
1769 1183 1859 1210 tune
1884 1172 2007 1209 studia
2035 1179 2158 1207 vestra

1163 1239 1300 1283 minui,
1331 1251 1415 1274 cum
1448 1245 1643 1273 mutantur
1668 1236 1707 1271 in
1736 1234 1900 1270 melius?
1922 1236 2004 1269 Hoc
2032 1239 2158 1267 autem

1161 1298 1264 1344 dic03
1285 1299 1381 1334 sicut
1398 1296 1620 1333 exhibuistis
1640 1295 1807 1331 animum
1829 1292 1875 1329 ad
1896 1292 2080 1340 cogitatus
2100 1290 2157 1326 af—

1161 1359 1346 1394 fectuosos
1366 1356 1474 1393 foedae
1501 1355 1765 1405 turpitudinis,
1786 1354 1837 1389 ita
1861 1352 2037 1389 exhibete
2058 1363 2159 1387 nunc

1160 1418 1207 1454 ad
1235 1416 1416 1453 fecundos
1449 1415 1627 1452 circuitus
1655 1413 1823 1463 pulchrae
1862 1412 2041 1448 veritatis.
2083 1411 2163 1446 Cir-

1163 1479 1334 1513 cumdate
1361 1478 1471 1519 Sion,
1493 1476 1616 1524 inquit
1646 1473 1866 1518 Psalmista,
1887 1480 1922 1507 et
1948 1473 2163 1518 complecti-

1164 1541 1254 1572 mim'
1276 1551 1358 1572 eam
1376 1537 1405 1571 ⁴⁷.
1426 1534 1665 1573 Circumdate
1684 1531 1920 1577 meditando,
1943 1529 2164 1579 complecti-

1165 1597 1256 1632 mini
1288 1595 1464 1632 amando.
1497 1592 1799 1643 Complectimini
1820 1604 1920 1635 eam,
1945 1598 1988 1625 ut
2011 1588 2092 1637 ejus
2117 1589 2164 1624 sit

1165 1664 1202 1692 et
1221 1655 1509 1705 comprehensio
1536 1654 1701 1700 integra,
1727 1659 1763 1687 et
1785 1649 1984 1686 collocatio
2013 1648 2160 1684 intima.

1165 1715 1253 1752 Plus
1279 1713 1420 1763 aliquid
1442 1714 1602 1749 innuere
1628 1710 1781 1746 videtur
1803 1708 2024 1757 complexus
2050 1720 2165 1756 quani

1167 1773 1358 1810 circuitus.
1377 1772 1605 1821 Complexus
1621 1768 1732 1805 simul
1750 1767 1919 1804 continet
1937 1773 2078 1811 toturn,
2099 1765 2168 1801 cir-

1168 1834 1288 1870 cuitus
1311 1833 1357 1869 de
1385 1832 1458 1868 alio
1482 1831 1520 1867 in
1544 1828 1645 1865 aliud
1672 1827 1760 1863 facit
1788 1825 1998 1862 transitum.
2024 1827 2067 1861 In
2095 1824 2167 1860 hoc

109 1895 207 1929 Laus
232 1894 308 1939 ejus
328 1898 366 1928 il]
387 1896 537 1929 ecclesia
567 1902 788 1929 sanctorum.
818 1895 976 1930 Sanctus
1003 1893 1102 1929 enim
1125 1890 1151 1925 C
1171 1903 1294 1930 tamen
1316 1892 1495 1929 circuitus
1515 1896 1694 1939 praestare
1714 1885 1877 1930 videtur,
1897 1883 2001 1933 quod
2021 1896 2063 1920 ea
2083 1896 2167 1932 quae

105 1960 142 1988 et
158 1965 242 2001 quae
259 1952 411 1988 condita
429 1961 535 1998 sunt,
554 1960 595 1987 ut
612 1951 834 1987 naturaliter
852 1951 945 1997 sint;
968 1959 1005 1988 et
1020 1964 1103 2000 quae

107 2011 321 2061 dispensata
334 2019 439 2056 sunt,
458 2019 500 2047 ut
513 2010 825 2047 inconvenienter
839 2018 875 2045 et
891 2010 1104 2046 inordinate

109 2083 187 2106 non
216 2070 310 2116 sint;
335 2079 371 2106 et
391 2083 473 2119 quae
497 2069 762 2119 praedestinata
791 2077 896 2114 sunt,
925 2077 967 2104 ut
996 2067 1104 2105 beate

109 2130 199 2176 sint;
219 2130 391 2166 universa
407 2137 667 2178 perscrutatur
686 2136 723 2164 et
743 2128 901 2163 aestimat
920 2136 1101 2176 quantum

107 2188 241 2226 datur:
262 2197 303 2225 ut
322 2201 391 2238 per
418 2189 496 2224 haec
517 2187 681 2223 auctoris
705 2185 816 2234 juxta
835 2186 932 2222 vires
953 2187 1103 2236 colligat

108 2249 322 2295 notionem,
346 2249 480 2297 migret
497 2247 545 2284 ad
564 2247 862 2292 aemulationem,
881 2246 1049 2295 rapiatur
1065 2246 1103 2282 in

109 2309 362 2345 affectionem.

163 2368 196 2404 7.
224 2370 313 2404 Haec
332 2380 421 2416 ergo
447 2366 577 2403 civitas
597 2365 801 2415 spiritualis
826 2373 905 2410 est,
926 2364 1006 2401 haec
1030 2367 1103 2401 Ec-

108 2426 219 2463 clesia
236 2435 450 2464 sanctorum
461 2454 471 2470 ,
491 2438 603 2474 quam
617 2425 857 2461 circuituram
872 2436 951 2460 sese
965 2437 1105 2473 sponsa

108 2486 316 2536 praesumit.
336 2490 437 2524 Deus
456 2485 574 2531 bone,
593 2493 733 2534 quanta
747 2484 807 2520 hic
826 2482 976 2520 utilium
996 2486 1105 2533 copia

109 2546 408 2596 speculationum
425 2547 432 2580 l
451 2545 542 2592 Quis
558 2544 659 2580 enim
679 2544 766 2580 satis
787 2543 1000 2579 existimare
1016 2556 1105 2593 pos—

109 2606 176 2650 sit,
197 2619 310 2655 quam
331 2605 489 2656 pulchra
509 2613 546 2640 et
563 2617 674 2653 quam
695 2604 855 2652 plurima
872 2603 944 2639 sint
965 2602 1105 2652 ubique

1170 1951 1478 2001 complectimur,
1514 1947 1776 1985 indifferenter
1802 1953 1839 1980 et
1869 1943 2038 1979 involute
2072 1956 2169 1979 con-

1170 2011 1389 2059 stringimus
1407 2024 1414 2044 :
1436 2007 1501 2044 ubi
1522 2019 1614 2043 vero
1638 2004 1818 2041 circuitus
1838 2010 1914 2047 est,
1939 2001 2082 2050 singula
2104 2014 2166 2037 se-

1171 2070 1292 2106 riatim
1325 2068 1557 2105 discutimus,
1589 2066 1656 2101 Ille
1690 2070 1891 2099 contentus
1919 2069 1974 2097 est
1999 2073 2166 2107 summa,

1171 2128 1238 2164 iste
1259 2127 1434 2163 discurrit
1453 2138 1522 2174 per
1542 2122 1700 2171 singula.

1223 2187 1260 2222 8.
1284 2185 1462 2221 Esuriens
1493 2183 1592 2219 enim
1619 2190 1655 2216 et
1684 2192 1856 2229 quaerens
1887 2178 2053 2223 animus,
2077 2178 2167 2214 duni

1169 2245 1274 2281 illum
1296 2257 1372 2281 non
1395 2243 1530 2280 satiant
1549 2242 1690 2289 aliqua,
1711 2251 1860 2287 semper
1878 2239 2023 2287 rapitur
2041 2238 2086 2274 ad
2109 2251 2168 2274 re-

1170 2304 1271 2353 liqua
1291 2319 1299 2340 :
1321 2311 1358 2339 et
1386 2302 1552 2352 quodam
1581 2299 1749 2335 volvitur
1777 2297 1957 2342 circuitu,
1982 2298 2168 2334 currentis

1172 2363 1347 2399 desiderii
1374 2368 1588 2412 protractus
1608 2366 1753 2402 rotatu,
1778 2356 1900 2392 donec
1921 2356 2111 2405 repleatur
2129 2357 2166 2392 in

1169 2421 1281 2459 bonis
1300 2421 1442 2458 esuries
1463 2419 1624 2465 amoris,
1648 2425 1685 2453 et
1713 2424 1874 2464 occupet
1895 2415 1932 2451 in
1953 2416 2016 2451 illo
2036 2428 2167 2452 cursus

1170 2483 1227 2519 sui
1245 2490 1402 2526 statum,
1425 2480 1461 2516 in
1482 2491 1560 2528 quo
1575 2477 1776 2514 terminum
1794 2488 1869 2511 nou
1887 2475 2044 2511 invenit.
2060 2477 2168 2512 Nulla

1170 2542 1270 2579 enim
1291 2554 1375 2590 quae
1395 2548 1517 2576 creata
1538 2546 1643 2583 sunt,
1665 2537 1702 2572 in
1723 2535 1951 2572 conditionis
1973 2547 2049 2571 sua:
2070 2544 2167 2572 statu

1170 2601 1316 2638 infinita
1338 2607 1449 2636 sunt:
1472 2607 1510 2635 et
1537 2597 1623 2633 ideo
1654 2608 1758 2632 mens
1787 2608 1870 2643 quae
1900 2594 2052 2639 circuit,
2080 2595 2167 2630 uni-

109 2665 320 2714 spectacula
335 2665 374 2701 in
394 2664 654 2708 sacramentis,
672 2663 874 2712 exemplis,
893 2663 1108 2699 miraculis?
1126 2660 1157 2693 D
1176 2673 1282 2696 versa
1304 2658 1525 2709 pertransit,
1549 2668 1733 2704 nusquam
1752 2653 1919 2702 requiem
1937 2653 2088 2702 capiens
2107 2652 2171 2689 ubi

111 2724 236 2761 Prima
261 2723 497 2768 salvationis,
517 2721 683 2758 secunda
708 2722 1029 2766 conversationis,
1054 2729 1110 2758 at—

114 2783 322 2820 testationis
347 2791 436 2820 sunt
456 2783 575 2818 tertia.
597 2781 697 2829 Quid
717 2794 828 2827 vero,
849 2795 932 2818 cum
955 2781 1001 2818 ‹le
1025 2795 1111 2831 my-

112 2843 253 2889 steriis,
288 2855 372 2879 cum
411 2841 457 2878 de
501 2841 672 2877 moribus
702 2841 747 2877 ad
787 2841 1111 2878 remunerationes

112 2910 270 2938 aeternas
304 2901 567 2951 temporalium
616 2900 837 2936 meritorum
882 2899 1111 2937 admiratura

114 2973 219 2996 mens
243 2960 430 3009 assurgit?
451 2963 644 3007 Quantum
663 2957 714 2994 ibi
735 2957 899 3007 profusis
927 2958 1023 2994 votis
1050 2972 1110 2994 re-

115 3019 286 3056 funditur
317 3018 465 3068 gaudii!
495 3021 584 3053 Filii
618 3019 830 3061 homimem,
863 3019 997 3064 utquid
1021 3020 1109 3052 dili-

112 3084 201 3128 gitis
239 3092 364 3123 vana,
392 3087 426 3113 cl
453 3082 623 3126 quaeritis
649 3078 879 3112 mendacium
899 3075 912 3097 ³
935 3077 949 3112 Ρ
978 3076 1109 3125 utquid

115 3138 283 3175 animum
299 3137 346 3174 ad
365 3137 486 3173 aliena
502 3136 777 3172 oblectamenta
795 3135 1016 3172 convertitis
1029 3164 1038 3181 ,
1059 3136 1111 3171 la-

116 3196 267 3234 boriose
298 3197 467 3246 quaeritis
496 3195 664 3232 labentes
693 3195 844 3231 delicias
869 3196 883 3230 ?
914 3194 1026 3242 Quasi
1065 3194 1111 3230 ad

118 3270 268 3294 manum
291 3257 482 3293 materiam
502 3256 587 3292 fidei
609 3264 747 3292 nostrae
768 3254 902 3291 tenetis
920 3255 1112 3303 mysteria,

171 3388 177 3402 ¹
198 3381 274 3413 l‘sal.
295 3393 410 3418 cxcix,
431 3386 458 3413 1.
477 3399 514 3404 -
536 3381 759 3420 ²1>ai.x1„111‚
786 3384 822 3412 18
838 3405 845 3416 ,
869 3384 919 3412 19.
947 3400 977 3403 --
999 3379 1169 3417 ³r>at1x3

1177 2720 1289 2755 linem
1325 2717 1475 2766 reperit.
1506 2715 1614 2751 Solus
1635 2714 1696 2749 ille
1725 2712 1874 2761 requies
1902 2719 1957 2747 est
1975 2712 2114 2747 amanti
2135 2720 2171 2747 et

1177 2777 1351 2820 refectio,
1377 2775 1441 2824 qui
1465 2775 1548 2810 linis
1573 2781 1628 2809 est
1650 2771 1840 2814 omnium,
1861 2779 1896 2805 ct
1916 2770 2021 2818 cujus
2046 2771 2171 2806 nullus

1178 2846 1233 2874 est
1253 2837 1347 2873 linis.
1366 2839 1571 2884 Propterea
1588 2845 1745 2881 sponsa,
1770 2831 1806 2866 in
1824 2830 1980 2866 circuitu
1999 2843 2066 2866 suo
2083 2844 2171 2876 cuu-

1177 2905 1235 2934 cta
1266 2895 1486 2946 pertransit,
1519 2902 1559 2929 ut
1587 2892 1776 2941 pertingat
1811 2889 1856 2925 ad
1887 2890 2008 2938 ipsum
2039 2905 2046 2926 :
2079 2894 2169 2925 Sat·-

1175 2971 1282 3004 gam,
1317 2955 1457 3003 inquit,
1489 2951 1650 2987 cist-{cibo
1691 2956 1889 2986 civitatem.
1927 2949 2101 2987 Circuilio
2134 2951 2170 2986 in

1177 3015 1341 3058 cunctis,
1368 3026 1452 3049 eum
1482 3025 1594 3061 quem
1625 3010 1740 3059 diligo
1769 3022 1961 3058 quaereus,
1983 3009 2046 3045 sed
2078 3023 2170 3047 nus-

1177 3088 1288 3124 quam
1313 3072 1515 3122 repericns.
1538 3069 1741 3107 Invisibilia
1772 3069 1907 3118 ipsius,
1932 3081 1998 3117 per
2020 3082 2062 3104 ea
2089 3083 2172 3117 qua¹

1179 3135 1271 3170 farta
1302 3139 1408 3176 sunt,
1440 3130 1628 3166 intellecta
1656 3128 1941 3176 conspiciuntur
1960 3127 1972 3149 ⁵
1993 3142 1999 3163 :
2022 3127 2084 3163 sed
2113 3136 2170 3163 ta—

1179 3206 1263 3230 men
1286 3192 1424 3227 uullius
1443 3198 1625 3226 creaturae
1651 3186 1857 3237 quamlibet
1879 3187 2111 3230 excellentis,
2136 3196 2173 3223 ct

1178 3253 1224 3289 ad
1246 3251 1361 3301 ipsius
1381 3249 1592 3287 accedentis
1614 3248 1882 3292 imitationem,
1908 3248 2019 3297 plene
2037 3248 2093 3283 x'el
2113 3248 2171 3283 in-

1191 3383 1221 3410 3.
1240 3397 1282 3402 υ-
1301 3377 1534 3408 trutinum-11.
1560 3378 1608 3405 tit.
1639 3393 1648 3395 s
1686 3371 1697 3393 5*
1718 3375 1807 3403 Rom.
1830 3384 1836 3401 1
1853 3396 1858 3405 ,
1884 3376 1937 3401 Ἢ).
