2418 3949
164 151 238 187 549

502 285 676 325 CAPUT
705 285 821 326 XIV.

201 401 374 434 Antithesis
395 411 473 432 verae
490 407 520 431 et
538 399 621 431 ralsae
636 399 795 442 sapientiae
814 410 823 430 :
843 398 897 429 ubi
912 398 950 429 de
967 398 1078 428 virtute
1093 402 1124 428 et

429 453 609 486 excellentia
628 464 709 485 verae
724 453 894 495 sapientiae.

220 581 281 618 41.
313 580 504 630 Siquidem
541 579 618 615 haec
645 577 883 628 philosophia
898 577 936 612 in
965 575 1157 612 scientiam

167 653 293 677 rerum
340 639 590 676 humanarum
620 645 657 674 et
701 637 918 673 divinarum
960 634 1153 671 dividitur.

168 699 356 748 Quamdiu
378 707 433 734 cst
461 698 499 734 in
524 697 719 742 humanis,
743 696 794 732 sic
810 695 960 732 interim
993 693 1063 731 sibi
1093 702 1158 730 est.

167 757 328 806 Quando
342 770 432 794 vero
452 756 499 793 ad
517 756 644 792 divina
665 768 703 792 se
719 756 875 800 exaltat,
893 762 1035 803 quanto
1052 754 1162 790 altius

167 817 353 862 ascendit,
370 824 475 853 tanto
490 815 647 852 inferius
665 814 765 852 cadit
780 823 816 850 et
831 815 1011 863 impletur
1035 814 1070 849 in
1092 826 1137 849 eo
1150 841 1160 858 ,

174 879 270 923 Quia
287 879 430 912 elevans
440 878 587 911 allisisti
603 888 660 910 nze
672 881 694 909 ¹.
707 877 761 910 Eo
782 874 968 922 siquidem
989 873 1165 922 aliquan-

169 935 218 972 do
237 943 373 972 conatu
392 933 572 971 naturalis
586 933 725 982 ingenii
747 933 983 982 provehitur,
1011 940 1070 978 ut,
1099 933 1165 969 sic-

648 151 794 186 LIBER
824 152 888 186 DF.
917 151 1117 185 NATURA
1147 149 1206 183 ET
1235 148 1503 184 DIGNITATE
1532 151 1727 186 AMORIS.

1162 222 1192 241 23

2144 151 2221 187 550

1198 222 1212 240 ⁹
1226 235 1274 259 ne
1294 224 1399 260 exuit
1417 238 1424 260 :
1447 227 1607 274 Deoque
1623 226 1733 276 plene
1750 234 1788 262 et
1808 226 1846 261 in
1865 225 2042 264 omnibus
2066 226 2216 273 affecta,

1177 288 1209 322 A
1225 295 1375 319 omnem
1400 284 1498 320 infra
1518 288 1639 321 Deum
1664 294 1871 322 creaturam
1888 298 1966 321 non
1985 286 2092 322 aliter
2106 299 2219 336 quam

1223 345 1323 379 Deus
1347 344 1526 389 attendit,
1547 344 1585 379 in
1610 345 1692 381 luce
1710 353 1747 380 et
1768 346 1905 381 virtute
1921 345 2114 394 sapientiae
2136 359 2218 383 om—

1223 400 1284 437 nia
1309 401 1536 450 disponens,
1560 411 1596 438 et
1622 404 1823 449 ordinan53
1854 405 1906 440 sic
1931 418 2064 453 agens,
2094 407 2147 442 sic
2173 407 2219 443 de

1224 460 1277 495 eis
1294 460 1488 508 judicans,
1505 462 1599 497 sicut
1622 470 1690 507 est,
1713 463 1808 499 sicut
1824 464 1936 509 vivit,
1956 464 2093 502 faciens
2112 465 2220 515 judi-

1224 520 1321 556 cium
1345 520 1576 569 etjustitiam
1595 522 1641 558 de
1661 535 1706 558 eo
1728 523 1829 558 unde
1847 532 1920 569 est,
1942 532 1978 560 et
1996 525 2094 561 unde
2114 527 2219 563 vivit.

1223 581 1291 615 Est
1314 580 1412 616 enim
1433 581 1617 629 sapientia
1632 582 1719 626 Dei,
1740 582 1836 617 sicut
1852 582 1931 631 ipsa
1943 583 2052 629 dicit,
2074 586 2223 622 Candor

1226 641 1316 673 lucis
1333 648 1509 684 retortae,
1535 649 1569 674 et
1587 643 1775 687 speculam
1791 646 1872 675 sine
1888 646 2034 678 macula
2049 646 2118 681 Dei
2139 659 2221 682 ma-

1222 695 1411 745 jestatis⁴'‚
1449 706 1485 734 et
1523 699 1712 734 emanatio
1747 700 1922 735 claritatis
1953 703 2223 751 omnipotentis

1227 758 1294 794 Dei
1309 758 1453 794 sincera
1465 786 1474 803 ,
1495 766 1532 794 et
1550 771 1672 807 vapor
1690 758 1840 796 virtutis
1856 759 1949 807 ejus.
1968 760 2058 797 Ideo
2074 765 2222 812 sapiens

1229 817 1353 853 anima
1370 817 1466 853 sicut
1483 817 1685 853 candorem
1708 818 1801 855 lucis
1817 827 1967 856 aeternae
1983 820 2082 857 intra
2102 835 2139 857 se
2160 836 2225 871 ge-

1230 878 1296 923 rit,
1323 885 1360 914 et
1393 878 1588 926 speculum
1617 878 1686 913 Dei
1712 877 1964 926 majestatis³3
1995 880 2046 916 sic
2069 894 2152 917 cum
2186 883 2224 919 in

1232 945 1438 973 creaturam
1458 949 1495 972 se
1511 937 1689 985 exponit,
1711 937 1890 986 exprimit
1906 946 1942 973 et
1963 938 2114 975 exhibet
2131 940 2226 977 ima-

169 1003 211 1032 ut
230 995 320 1031 dicit
342 994 569 1044 ApostoluS‚
593 992 695 1042 quod
716 1000 848 1028 notum
869 1000 925 1028 est
938 991 1030 1037 Dei,
1052 990 1090 1027 id
1110 999 1167 1028 est
1186 999 1213 1032 B
1232 996 1357 1044 ginem
1380 994 1558 1031 bonitatis
1573 1004 1609 1031 et
1627 994 1786 1043 justitiae
1803 997 1892 1041 Dei;
1914 1005 1951 1032 et
1971 998 2065 1034 sicut
2091 999 2228 1036 virtute

169 1062 352 1104 quantum
368 1053 414 1090 de
430 1057 512 1092 Deo
528 1081 536 1098 ‚
559 1053 654 1089 ratio
674 1059 800 1102 potest
814 1051 1138 1100 comprehendere
1151 1079 1160 1097 ,

171 1121 303 1149 notum
327 1112 375 1149 sit
393 1112 488 1156 illis,
512 1111 563 1148 ita
584 1119 625 1147 ut
658 1111 694 1146 in
722 1110 794 1146 illis
810 1138 820 1155 ,
848 1110 886 1146 id
905 1118 960 1146 est
983 1110 1080 1147 intra
1109 1123 1164 1146 se-

171 1173 362 1221 metipsos.
393 1175 494 1208 Deus
526 1171 625 1208 enim
658 1170 730 1207 illis
757 1170 969 1216 revelavit3
1000 1170 1088 1219 quia
1115 1170 1166 1206 sic

171 1244 236 1268 eos
255 1230 415 1278 creavit,
434 1239 476 1267 ut
494 1230 533 1267 in
555 1243 593 1267 se
612 1231 701 1280 ipsis
717 1229 900 1276 habeant,
923 1230 1024 1266 unde
1043 1233 1165 1266 Deum

171 1299 407 1340 cognoscant.
440 1294 607 1339 Surgunt
644 1291 744 1327 enim
783 1290 828 1326 de
866 1290 988 1326 ethica
1021 1302 1087 1327 sua
1128 1290 1166 1326 in

170 1350 373 1400 quamdam
392 1350 585 1400 physicam
599 1378 609 1395 ,
636 1358 673 1386 et
692 1349 893 1386 invisibilia
915 1350 1005 1393 Dei,
1034 1362 1102 1398 per
1126 1362 1168 1385 ea

172 1423 255 1460 quae
275 1411 369 1447 facta
393 1418 500 1455 sunt,
524 1409 715 1446 intellecta
741 1409 1002 1458 conspiciunt,
1026 1409 1167 1458 sempi-

175 1478 318 1506 ternam
331 1482 484 1518 quoquc
498 1467 580 1517 ejus
596 1469 773 1504 virtutem
790 1476 826 1504 et
837 1468 1071 1504 divinitatem
1088 1483 1098 1513 ;
1118 1468 1169 1504 ita

174 1537 216 1564 ut
235 1528 308 1564 sint
323 1526 596 1564 inexcusabiles
617 1542 624 1564 ε
654 1528 741 1577 quia
758 1527 933 1563 videlicet
953 1527 1090 1573 nolunt
1113 1528 1170 1563 ul-

176 1587 290 1624 terius
318 1587 525 1638 procedere
549 1588 607 1624 vel
629 1587 812 1636 proficere
830 1600 916 1623 cum
937 1587 1103 1636 possint,
1131 1588 1168 1623 in

177 1660 302 1684 veram
334 1647 474 1684 scilicet
505 1647 731 1696 theologiam
758 1661 765 1682 :
794 1646 882 1695 quia
915 1659 999 1682 cum
1029 1659 1171 1696 cogno-

175 1707 300 1743 verint
322 1710 464 1752 Deum,
490 1719 566 1743 non
587 1707 683 1743 sicut
703 1709 824 1743 Deum
850 1706 1082 1756 glorificant,
1108 1715 1172 1743 aut

1229 1055 1298 1091 Dei
1315 1063 1523 1104 vaporatur
1542 1055 1700 1091 interius
1716 1083 1725 1099 ,
1751 1055 1802 1091 sic
1823 1055 2001 1093 claritatis
2021 1065 2057 1093 et
2072 1058 2231 1095 charita-

1230 1114 1276 1150 tis
1290 1114 1359 1150 Dei
1384 1114 1660 1150 emanationem
1680 1114 1842 1150 el'sundit
1860 1115 2025 1152 exterius
2046 1131 2052 1151 :
2071 1116 2172 1153 unde
2194 1126 2231 1153 et

1231 1173 1320 1210 alibi
1339 1174 1429 1210 dicit
1446 1175 1622 1211 Salomon
1639 1202 1648 1219 ,
1672 1175 1868 1222 Sapientia
1893 1176 2051 1211 hominis
2069 1178 2165 1212 lacet
2191 1182 2228 1213 ιἰι

1234 1236 1334 1269 vulta
1355 1235 1434 1279 ejus
1451 1232 1486 1278 ⁵3
1516 1242 1552 1270 et
1581 1233 1692 1279 alibi,
1731 1235 1858 1278 Oculi,
1881 1234 2026 1283 inquit,
2050 1242 2231 1284 saplentis

1235 1298 1272 1329 in
1295 1297 1416 1340 capite
1436 1294 1512 1338 ejus
1527 1291 1562 1338 ⁶3
1585 1293 1674 1341 quia
1700 1305 1776 1328 non
1795 1293 1946 1329 aliunde
1966 1306 2078 1342 quam
2097 1294 2143 1330 de
2164 1308 2232 1332 na-

1234 1351 1344 1388 turali
1364 1359 1401 1387 et
1431 1352 1579 1387 interna
1605 1351 1746 1387 virtute
1771 1351 1915 1387 cerebri
1937 1353 2020 1397 sui,
2041 1353 2078 1388 id
2098 1362 2153 1390 est
2169 1367 2230 1391 sa—

1234 1411 1406 1461 pientiae,
1428 1411 1594 1448 exterius
1624 1424 1663 1447 se
1681 1411 1884 1447 effundunt
1897 1441 1906 1457 ‚
1923 1420 1961 1448 et
1977 1425 1998 1448 a
2018 1414 2140 1463 capite
2157 1427 2235 1451 non

1236 1470 1432 1507 recedunt.
1453 1470 1553 1506 Dicit
1570 1470 1746 1506 Salomon
1767 1484 1774 1505 :
1795 1471 1992 1505 Multitudo
2006 1477 2233 1519 sapentiam

1235 1535 1379 1566 sanitas
1392 1539 1445 1565 est
1459 1529 1554 1565 orbis
1569 1538 1747 1565 terrarum
1765 1536 1793 1564 7.
1823 1531 1855 1566 Ο
1874 1529 1996 1566 felices
2015 1542 2075 1567 res
2099 1531 2233 1568 huma-

1237 1602 1323 1635 nas,
1338 1590 1366 1626 si
1384 1588 1524 1638 ubique
1545 1588 1777 1639 sapientibus
1797 1590 1982 1625 servirent
1997 1590 2232 1639 insipientes!

1237 1648 1309 1687 Sed
1329 1657 1366 1684 et
1387 1649 1512 1686 felices
1534 1661 1592 1685 res
1613 1649 1819 1694 humanas,
1840 1648 1930 1685 dicit
1960 1649 2110 1698 quidam
2146 1650 2233 1700 phi-

1236 1708 1420 1757 losophus
1431 1707 1462 1755 ¹³,
1490 1708 1519 1745 si
1546 1716 1610 1744 aut
1630 1708 1699 1745 soli
1717 1708 1904 1757 sapientes
1927 1717 2150 1758 regnarent,
2170 1719 2234 1747 aut

175 1767 311 1816 gratias
330 1775 466 1816 agunt;
494 1766 559 1803 sed
575 1774 806 1804 evanescunt
825 1765 862 1802 in
881 1765 1171 1815 cogitationibus
1193 1771 1220 1806 C
1239 1767 1599 1817 philosopharentur
1616 1779 1746 1803 omnes
1769 1767 1834 1815 qui
1855 1770 2032 1816 regnant!
2053 1768 2126 1805 Sed
2147 1782 2232 1805 cum

177 1826 271 1872 suis,
287 1834 325 1863 et
343 1825 569 1863 obscuratur
588 1826 768 1876 insipiens
785 1838 851 1862 cor
876 1838 1007 1861 eorum
1027 1839 1034 1861 :
1052 1825 1177 1862 dicen-

178 1894 232 1922 tes
257 1885 355 1922 enim
374 1898 412 1922 se
440 1898 520 1923 esse
541 1885 749 1935 sapientes,
773 1885 878 1922 stulti
897 1885 981 1921 facti
1007 1893 1104 1922 sunt.
1131 1888 1177 1921 Et

177 1945 243 1994 qui
266 1945 493 1994 theologiam
525 1945 747 1995 insipienter
767 1944 1042 1994 perdiderunt,
1062 1945 1174 1982 etiam

178 2004 226 2040 de
247 2004 401 2054 physica
427 2004 691 2042 miserabiliter
719 2003 878 2050 cadunt,
910 2017 994 2040 cum
1015 2005 1172 2053 gloriam

180 2071 328 2100 mutant
365 2063 664 2114 incorruptibilis
709 2064 777 2100 Dei
813 2064 851 2100 in
889 2064 1172 2101 similitudinem

179 2123 352 2174 imaginis
387 2123 644 2174 corruptibilis
673 2124 858 2169 hominis,
889 2132 926 2160 et
958 2125 1171 2170 volucrum,

180 2190 218 2218 et
240 2182 545 2232 quadrupedum,
569 2192 606 2220 et
632 2192 864 2233 serpentum.
883 2186 1043 2232 Propter
1069 2183 1172 2232 quod

182 2253 250 2278 nec
276 2242 313 2278 in
335 2251 461 2279 nostra
489 2243 608 2279 ethica
640 2255 861 2292 permanere
890 2243 1173 2292 permittuntur,

181 2301 246 2338 sed
275 2301 386 2338 tradit
413 2302 496 2339 illos
523 2307 626 2340 Deus
646 2303 683 2339 in
716 2302 900 2339 desideria
924 2302 1047 2339 cordis
1072 2303 1175 2352 ipso-

184 2372 266 2396 rum
280 2388 291 2407 ‚
313 2360 351 2397 in
372 2361 668 2407 immunditiam,
692 2370 734 2398 ut
753 2362 992 2398 contumeliis
1012 2362 1177 2399 afficiant

182 2432 342 2469 corpora
367 2433 433 2457 sua
466 2421 503 2458 in
538 2421 774 2471 semetipsis:
794 2421 906 2458 tradit
929 2422 1012 2458 illos
1044 2422 1082 2458 in
1113 2434 1175 2459 re-

186 2478 348 2527 probum
372 2493 547 2527 sensum,
575 2489 618 2518 ut
649 2481 784 2518 faciant
816 2495 900 2531 quae
931 2494 1007 2518 non
1036 2494 1177 2518 conve-

1243 1826 1432 1876 sapienter
1470 1826 1618 1875 fugiunt
1652 1825 1839 1874 sapientes
1868 1838 1982 1875 super
2013 1827 2236 1877 insipientes

1242 1898 1418 1934 regnare,
1448 1885 1558 1921 etiam
1582 1884 1803 1934 insipienter
1835 1884 1983 1934 fugiunt
2016 1885 2237 1936 insipientes

1242 1943 1312 1982 sub
1332 1943 1562 1994 sapientibus
1584 1956 1665 1980 esse
1686 1958 1694 1979 :
1719 1943 1846 1979 onmia
1876 1943 2086 1994 desipiunt,
2109 1946 2236 1982 onmia

1241 2004 1544 2049 contunduntur,
1563 2011 1600 2040 et
1616 2002 1828 2040 turbantur.
1847 2005 2042 2053 Sapientes
2069 2005 2185 2042 latent
2200 2014 2238 2042 et

1239 2064 1487 2110 delitescunt,
1507 2063 1617 2113 pueri
1647 2071 1807 2112 regnant
1831 2071 1868 2099 et
1891 2063 2156 2114 principantur
2175 2079 2183 2102 :
2201 2073 2239 2102 et

1240 2124 1334 2161 fiunt
1350 2124 1542 2173 principes
1555 2123 1621 2172 qui
1639 2135 1748 2159 mane
1765 2122 1983 2170 comedunt,
2000 2131 2037 2159 et
2050 2136 2107 2160 vae
2128 2132 2237 2161 terrae

1239 2183 1293 2219 illi
1311 2182 1324 2204 ⁸
1340 2186 1347 2218 !
1365 2182 1437 2219 Sed
1461 2182 1506 2218 ad
1528 2182 1765 2232 propositum
1786 2182 1998 2220 redeamus.

1293 2242 1354 2278 43.
1382 2241 1518 2278 Anima
1536 2241 1649 2290 igitur
1667 2241 1801 2291 spiritu
1821 2241 2013 2291 sapientiae
2032 2242 2236 2288 illustrata,

1242 2300 1331 2350 quia
1361 2300 1482 2350 diligit
1508 2298 1693 2348 justitiam
1723 2308 1761 2336 et
1791 2300 1872 2336 odit
1904 2300 2166 2350 iniquitatem,
2201 2308 2238 2337 et

1243 2367 1445 2409 propterea
1472 2359 1581 2395 unxit
1607 2372 1688 2396 eam
1722 2363 1824 2396 Deus
1855 2360 1941 2396 oleo
1970 2360 2127 2405 laetitiae,
2163 2373 2240 2410 quo

1244 2426 1380 2455 unctus
1411 2427 1466 2455 est
1489 2418 1659 2456 Christus
1679 2431 1757 2468 prae
1779 2418 2026 2468 participibus
2054 2420 2130 2457 suis
2143 2427 2171 2467 9,
2200 2429 2238 2457 et

1243 2491 1354 2527 quam
1390 2477 1556 2528 perfudit
1580 2478 1717 2527 gratia3
1751 2477 1928 2514 omnibus
1963 2478 2103 2528 placet,
2129 2487 2166 2516 et
2192 2479 2239 2516 ab

187 2538 298 2574 niunt
314 2545 340 2575 ².
364 2539 436 2576 Sed
456 2541 639 2590 sapientia
659 2554 806 2591 semper
828 2541 944 2577 vincit
972 2541 1173 2577 malitiam:
1196 2543 1225 2576 D
1245 2537 1422 2574 omnibus
1459 2546 1618 2574 amatur.
1653 2537 1728 2587 Ipsi
1760 2537 1870 2573 etiam
1903 2537 1968 2586 qui
2000 2550 2045 2574 ex
2081 2538 2241 2577 adverso

188 2611 272 2647 quae
295 2598 584 2636 contubernium
612 2599 754 2637 habens
778 2601 870 2645 Dei,
898 2600 1005 2637 novit
1029 2613 1179 2649 semper

191 2658 396 2707 prolicere,
423 2667 459 2695 et
488 2672 681 2708 nunquam
713 2659 893 2705 deficere,
920 2667 957 2695 et
980 2660 1128 2708 attingit
1160 2673 1180 2696 a

192 2718 264 2753 line
281 2730 398 2765 usque
421 2718 466 2754 ad
497 2720 610 2754 linem
632 2719 787 2764 sortiter,
807 2727 844 2754 et
864 2718 1032 2768 disponit
1054 2719 1181 2756 onmia

191 2777 356 2813 suaviter
372 2776 403 2823 ³;
424 2778 613 2827 sapienter
631 2791 670 2815 se
695 2791 807 2826 agens
829 2778 866 2814 in
888 2778 1025 2814 divinis
1039 2806 1048 2823 ,
1074 2787 1180 2815 caute

193 2837 228 2871 in
252 2836 433 2885 physicis,
458 2837 665 2886 prudenter
700 2837 739 2873 in
773 2836 992 2873 moralibus.

246 2895 309 2931 42.
333 2895 450 2944 Igitur
471 2896 619 2945 sapiens
638 2896 781 2942 anima,
801 2897 893 2933 sieut
911 2910 1023 2947 supra
1041 2897 1182 2933 dictum

194 2962 271 2998 est,
302 2953 348 2990 ab
383 2954 559 2991 omnibus
586 2955 717 2992 alienis
755 2955 949 2993 affectibus
983 2957 1181 3000 defaecata,

197 3017 315 3051 Deum
343 3014 603 3051 tantummodo
626 3016 788 3065 sapiens,
802 3016 993 3052 hominem
1015 3016 1184 3052 inhomi-

249 3147 355 3177 ¹1*sat.
378 3158 422 3183 ct,
443 3150 494 3178 11.
523 3166 545 3169 -—
576 3153 587 3168 ²
611 3151 700 3178 Rom.
726 3159 748 3182 ι,
782 3152 893 3178 19:28.
921 3166 940 3168 --

201 3205 212 3227 7
233 3202 303 3239 Sap.
322 3210 368 3235 vi,
387 3202 439 3229 its».
457 3218 489 3221 -ν
518 3197 531 3219 ⁸
547 3199 645 3230 Erclc.
664 3212 680 3229 x
698 3224 704 3235 ,
730 3204 780 3230 ts).
801 3219 830 3222 —
860 3207 875 3229 ἔ)
892 3200 968 3230 l‘sal.
986 3211 1075 3235 xmv,
1095 3204 1124 3229 8.

248 3263 260 3276 ¹¹
280 3257 362 3286 Alias
376 3256 440 3287 lta‘t·
457 3257 564 3287 desunt
581 3282 587 3291 ,
610 3264 637 3286 1¹!
654 3258 792 3287 emannli
794 3271 879 3288 .......
898 3257 1083 3296 ›naſs-struis,
1106 3278 1114 3281 -
1137 3278 1145 3279 ff

978 3145 990 3167 ³
1012 3151 1084 3188 Sap.
1107 3159 1182 3181 viu.
1213 3151 1237 3177 1,
1256 3165 1294 3168 μ
1326 3147 1332 3171 ἱ
1355 3146 1396 3175 ld.
1417 3158 1474 3178 vri.
1499 3151 1550 3176 ⁴³1².
1571 3165 1608 3169 —
1630 3145 1642 3167 5
1659 3148 1755 3177 tsi-ctu
1776 3159 1851 3180 viii.
1881 3152 1905 3177 1.

1245 2606 1356 2644 sunt,
1389 2597 1561 2633 videntes
1581 2597 1819 2646 hujusmodi,
1841 2597 1972 2633 timont
2000 2605 2036 2633 et
2062 2611 2242 2635 reveren—

1248 2666 1320 2694 tur.
1349 2662 1396 2695 Et
1416 2658 1444 2694 si
1465 2657 1606 2693 bonum
1629 2658 1666 2693 in
1696 2657 1797 2694 bono
1820 2670 1897 2693 non
1918 2657 1999 2693 vult
2021 2658 2160 2695 imitari
2179 2660 2239 2695 in-

1248 2717 1379 2754 durata
1406 2717 1591 2766 nequitia3
1617 2717 1850 2752 dissimulare
1877 2725 1999 2752 tamen
2021 2730 2096 2753 non
2119 2727 2242 2767 potest

1249 2786 1395 2814 natura.
1417 2781 1519 2813 Inter
1539 2790 1577 2813 se
1593 2785 1718 2812 autem
1741 2775 1880 2811 habent
1899 2777 2086 2825 sapientes
2103 2791 2240 2826 quam-

1250 2838 1334 2874 dam
1365 2837 1550 2886 privatam
1572 2836 1750 2884 gratiam,
1772 2844 1807 2872 et
1839 2835 2041 2885 quamdam
2077 2837 2242 2885 linguam

1250 2897 1474 2946 angelicam,
1494 2910 1567 2945 qua
1595 2896 1692 2931 inter
1721 2908 1759 2932 se
1791 2896 2000 2944 loquuntur
2023 2897 2161 2933 mutuis
2182 2898 2240 2933 as—

1252 2956 1497 3001 sertionibus,
1518 2955 1704 3005 spirituali
1726 2956 1886 3004 quadam
1909 2957 2024 3005 gratia
2039 2985 2047 3001 ‚
2073 2970 2242 2994 commu-

1252 3014 1465 3052 nicantibus
1481 3015 1516 3051 in
1531 3015 1600 3051 hoc
1613 3015 1734 3065 ipsum
1752 3015 2004 3053 exterioribus
2017 3017 2244 3067 aspectibus:

1981 3147 2110 3181 ‘ll-[11.
2135 3154 2142 3178 1
2162 3153 2184 3179 i.

1166 3258 1179 3277 ⁸·
1201 3258 1297 3288 Plau».
