2418 3949
159 132 229 168 581

810 135 1160 170 COMMENTATIO
1190 134 1256 169 EX
1285 135 1560 171 BERNARDO.

2138 144 2213 180 532

156 209 195 245 in
212 209 298 245 colli
321 218 544 246 ornamento
570 210 690 259 gloria
714 223 753 247 se
780 210 918 247 obtulit
949 211 994 247 de
1025 208 1309 247 exem-“wdere
1336 223 1485 248 necesse
1514 213 1582 257 sit,
1604 214 1819 251 exundante
1849 217 2086 265 plenitudine
2118 220 2210 256 cha-

157 269 242 318 plo,
273 269 325 305 sic
365 269 403 304 in
442 277 577 305 ornatu
611 282 743 305 aurum
779 269 826 306 de
859 269 989 306 verbo.
1023 269 1196 307 GloriaA
1218 267 1337 303 ritatis
1357 269 1403 304 ad
1424 270 1720 308 adolescentulas
1741 275 1918 321 recurrit,
1945 275 2081 325 quibus
2110 277 2208 315 idem

156 328 255 364 enim
279 336 313 365 te
339 328 452 365 debet
475 342 662 378 quaerere,
692 342 768 365 non
792 338 831 365 tu
854 329 969 365 illam.
989 329 1026 366 Si
1043 341 1149 377 quae-

156 387 206 423 ris
234 387 359 433 illam,
392 387 505 436 fugit3
537 388 567 424 si
599 388 714 437 fugis,
742 388 917 434 incurrit3
951 387 980 423 si
1011 387 1149 436 quaeris

155 459 235 483 eam
263 455 299 483 et
326 447 491 493 invenis,
524 447 659 484 nociva
692 456 748 484 est
777 448 834 484 vel
861 447 1017 483 inutilis.

207 506 267 544 25.
289 509 524 542 Maroemtlas
543 520 674 542 aureas
685 505 874 554 faciemus
894 507 981 549 tibi,
1001 505 1146 554 inquit,

156 569 417 601 vermiculatas
441 572 632 613 argento&
666 565 884 602 Muraenulae
913 572 1001 601 sunt
1031 577 1146 600 orna-

155 633 214 661 tus
258 625 426 670 aurium,
465 637 549 673 quae
582 638 602 661 a
633 637 774 674 sponso
808 637 955 674 sponsae
994 624 1145 669 dantur,

152 697 236 720 cum
271 683 393 721 bonus
430 685 541 720 datur
574 684 723 720 auditus
755 683 836 732 ejus
872 682 1143 733 praedicationi.

156 746 423 779 Vermiculatus
453 751 628 792 argento,
664 743 701 778 id
729 751 804 788 est,
836 743 1028 780 distinctas
1063 743 1144 778 clo-

152 803 242 851 quio
272 817 280 839 :
309 803 396 852 quia
422 805 493 838 alii
518 803 630 837 datur
651 815 770 837 sermo
795 806 1012 850 sapientise,
1041 801 1145 851 quod

150 861 333 910 significat
365 875 521 907 aurum3
545 864 614 897 alii
641 874 759 896 sermo
794 863 1008 906 sciencioe2,
1041 861 1143 910 quod

150 921 332 970 significat
355 930 564 970 argentum.
594 920 784 958 Promittit
815 920 941 969 itaque
960 933 1140 969 sponsus,

1215 327 1402 364 desiderat
1421 330 1523 378 quod
1550 330 1632 367 sibi.
1665 333 1769 368 Felix
1790 335 1951 372 amicitia
1971 345 2007 372 et
2023 336 2130 374 beata
2149 352 2210 375 so-

1213 386 1338 433 cietas,
1352 387 1417 425 ubi
1435 390 1498 438 qui
1518 391 1634 437 audit,
1652 393 1774 429 statim
1793 394 1904 431 dicit:
1921 397 2026 433 Veni.
2044 398 2209 435 Rediens

1213 445 1338 494 itaque
1358 447 1404 483 ad
1426 461 1504 493 eas,
1524 452 1618 485 Dum
1640 460 1751 496 essee,
1776 453 1918 502 inquit,
1943 469 2010 490 rea·
2030 461 2068 491 in
2091 471 2206 492 accu-

1213 504 1288 539 blm
1304 520 1368 541 sno
1381 535 1389 550 ,
1410 510 1549 542 nardus
1577 523 1659 544 mea
1692 513 1796 546 (ledit
1813 515 1959 549 odorem
1987 529 2092 552 suum
2107 530 2119 551 .·
2135 516 2207 553 hoe

1212 572 1289 608 est,
1314 565 1494 602 Putabam
1526 580 1584 603 me
1611 568 1721 604 vilem
1744 578 1780 605 et
1806 570 1988 618 abjectam
2018 575 2052 609 in
2084 576 2204 612 oculis

1213 624 1365 672 sponsi,
1389 625 1476 673 quia
1498 639 1582 661 cum
1605 627 1798 663 meridiem
1821 639 2058 678 expeterem,
2076 636 2204 684 repul-

1213 694 1290 718 sam
1306 695 1413 731 passa
1429 696 1524 719 sum.
1543 684 1614 721 Sed
1627 685 1844 734 quijudicat
1864 701 1921 724 me
1938 692 2122 728 Dominus
2137 703 2204 729 est.

1213 744 1306 776 Dum
1325 742 1423 777 enim
1451 752 1543 778 esset
1573 757 1638 777 rex
1670 758 1774 780 meus
1802 754 1839 781 et
1867 750 2053 786 Dominus
2078 764 2203 795 meus,

1210 812 1282 848 pro
1301 798 1458 836 arbitrio
1480 799 1712 848 judiciorum
1741 816 1895 839 suorum
1925 806 2051 842 onmia
2072 807 2203 857 dispo-

1210 871 1303 895 nens
1312 858 1517 895 secundum
1531 859 1881 898 bonumconsilium
1897 864 2099 902 voluntatis
2113 880 2203 913 suae,

1209 922 1245 953 ist
1265 919 1434 954 aceubitu
1455 933 1540 963 sua,
1565 920 1601 955 id
1622 929 1678 956 est
1700 920 1932 969 judiciorum
1959 937 2113 962 suorum
2141 940 2202 963 se-

149 981 250 1030 quod
268 981 425 1018 interius
450 990 487 1018 et
512 981 676 1018 exterius
696 993 775 1017 eam
797 979 1031 1029 glorificabit.
1053 982 1141 1016 sllic-
1163 979 1190 1013 B
1208 987 1331 1022 creto,
1354 980 1492 1014 nardus
1518 993 1601 1014 mea
1617 1008 1628 1023 ,
1658 980 1695 1016 id
1722 990 1777 1017 est
1798 982 1989 1020 humilitas
2011 984 2056 1021 de
2081 987 2200 1034 priori

150 1044 334 1087 νωτιαίας,
369 1041 512 1091 inquit,
543 1040 760 1089 facierum,
793 1053 862 1089 ego
894 1048 931 1076 et
963 1044 1073 1076 Pater
1103 1048 1140 1076 et

149 1100 330 1150 Spiritus;
370 1114 428 1137 me
462 1100 681 1150 sapientiam
702 1128 711 1145 ,
755 1103 864 1136 Patre
909 1099 1136 1144 efficaciam,

147 1161 288 1209 Spiritu
319 1169 449 1197 sancto
479 1158 671 1210 praebente
704 1158 982 1208 benignitatem.
1018 1159 1141 1196 Facie-

148 1233 230 1256 mus
259 1228 382 1257 autem
401 1220 447 1256 de
476 1219 617 1264 nihilo,
650 1218 688 1255 id
717 1227 839 1255 estex
860 1219 965 1255 nullo
994 1232 1137 1268 praece—

146 1280 258 1317 dente
278 1280 439 1325 merit03
470 1279 542 1316 hoc
571 1279 672 1315 enim
702 1279 886 1328 significat
914 1292 1053 1314 nomen
1082 1279 1138 1314 fa-

146 1348 274 1376 cturae.
291 1339 402 1377 Unde
416 1348 454 1376 et
467 1338 519 1375 ibi
531 1339 668 1375 dicitur
682 1353 689 1373 ι
703 1341 902 1373 Faciamus
914 1339 1097 1374 hominem
1108 1336 1134 1374 3.

145 1399 210 1435 Vel
229 1397 443 1445 faciemus,
465 1411 534 1448 ego
563 1407 600 1434 et
622 1397 755 1446 Angeli
772 1406 809 1434 et
832 1397 1006 1433 doctores
1035 1398 1108 1433 mei
1127 1411 1134 1433 :

145 1471 214 1507 ego
237 1458 464 1508 inspirando
479 1486 489 1505 ,
515 1457 646 1508 Angeli
676 1456 938 1507 suggerendo,
966 1457 1136 1493 homines

147 1518 330 1554 docendo.
353 1520 456 1554 Deus
481 1518 579 1554 enim
604 1517 707 1553 videt
731 1517 998 1561 intentionem,
1019 1525 1055 1565 et
1075 1529 1137 1552 an-

145 1578 247 1627 gelus
271 1578 526 1624 affectionem,
546 1578 660 1614 homo
681 1577 831 1613 factum.
852 1576 1016 1624 Angelus
1037 1577 1136 1612 enim

144 1637 392 1673 intentionem
416 1650 490 1673 non
520 1636 643 1681 videt,
671 1636 735 1672 sed
763 1636 1001 1672 affectionem
1022 1635 1136 1672 videt.

145 1696 235 1733 Ideo
265 1698 417 1746 angelus
441 1697 560 1733 malus
585 1695 727 1732 bonum
754 1700 873 1732 Deum
904 1708 980 1731 nou
1011 1695 1135 1740 videt,

1206 1038 1493 1075 conversatione
1509 1039 1567 1074 vel
1586 1038 1631 1075 de
1645 1041 1831 1089 pressuris
1856 1043 1986 1079 mundi
2002 1072 2011 1089 ,
2032 1046 2137 1081 (ledit
2161 1046 2199 1081 iu

1206 1106 1412 1147 conspectu
1434 1097 1514 1147 ejus
1537 1101 1684 1134 odorem
1704 1114 1807 1136 suum
1825 1129 1837 1145 ‚
1862 1101 1898 1137 id
1915 1111 1970 1139 est
1991 1104 2198 1140 secundum

1207 1158 1425 1206 qualitatem
1451 1158 1647 1194 suavitatis
1671 1172 1758 1196 suae.
1790 1160 1936 1197 Nardus
1953 1163 2052 1198 enim
2081 1163 2199 1201 herba

1207 1225 1264 1253 est
1290 1217 1441 1253 humilis
1470 1224 1506 1252 et
1541 1217 1659 1254 calida
1684 1227 1721 1255 et
1752 1219 1966 1266 odorifera,
1990 1235 2058 1271 per
2088 1236 2199 1272 quam

1203 1276 1386 1324 figuratur
1398 1275 1602 1321 humilitaS,
1624 1277 1766 1314 fervida
1784 1278 1980 1326 charitate,
1998 1290 2035 1317 et
2049 1292 2201 1332 accepta

1202 1338 1284 1371 Deo
1301 1348 1345 1371 ex
1364 1335 1528 1384 puritate
1542 1335 1776 1374 intentionis.
1798 1340 1843 1374 Et
1857 1352 1945 1376 vere
1962 1344 2101 1377 nardus
2116 1357 2200 1378 mea

1203 1396 1304 1430 dedit
1321 1397 1470 1430 odorem
1486 1407 1590 1429 sicum
1608 1409 1619 1429 .·
1635 1409 1720 1432 nam
1734 1395 1939 1443 fasciculus
1963 1403 2123 1446 myrrhoe
2143 1405 2200 1438 a'i-

1204 1457 1314 1490 lectus
1330 1469 1430 1491 meus
1443 1455 1569 1501 milei53
1584 1455 1621 1492 id
1635 1465 1702 1502 est,
1714 1457 1864 1494 dilectio
1876 1458 2000 1496 dilecti
2015 1462 2087 1498 mei
2101 1462 2200 1512 (quae

1203 1527 1312 1551 causa
1341 1516 1430 1552 milii
1460 1526 1515 1553 est
1541 1518 1579 1553 iu
1607 1517 1677 1553 hoc
1704 1519 1842 1554 saeculo
1875 1519 2128 1560 tribulationis
2161 1534 2198 1561 et

1203 1575 1482 1622 amaritudinis,
1513 1577 1559 1613 de
1589 1590 1664 1626 quo
1685 1577 1878 1626 gemebam
1906 1580 1952 1616 ad
1982 1594 2089 1629 eum,
2110 1596 2195 1620 cum

1202 1643 1416 1683 pugnarent
1433 1645 1564 1672 contra
1582 1650 1641 1672 me
1658 1637 1722 1673 lilii
1740 1638 1869 1674 matris
1893 1640 2008 1689 meae)
2028 1641 2123 1679 facta
2142 1652 2197 1679 est

1204 1694 1294 1729 mihi
1318 1695 1468 1744 myrrha
1489 1697 1641 1745 quidem
1664 1710 1810 1744 amara,
1829 1699 1894 1735 sed
1918 1700 2098 1738 condiens
2117 1715 2197 1748 nie,

144 1756 231 1806 quia
261 1755 358 1792 idem
389 1764 444 1793 est
474 1760 593 1801 Deus,
624 1764 660 1791 et
692 1755 864 1800 affectus,
896 1763 932 1790 et
966 1755 1140 1791 voluntas
1157 1755 1183 1789 C
1204 1767 1249 1790 ne
1267 1764 1477 1804 putrescam
1498 1758 1535 1793 in
1555 1766 1709 1807 torpore
1728 1759 1937 1796 securitatis
1955 1769 1991 1796 et
2012 1762 2200 1812 negligen-

143 1815 224 1864 ejus
247 1829 254 1851 :
276 1828 344 1852 nec
363 1816 462 1852 enim
481 1816 650 1852 aflicitur.
673 1815 936 1863 Suggestiones
956 1827 1046 1850 vcro
1066 1818 1139 1851 Λη-

143 1875 311 1923 gelorum
327 1903 337 1921 ‚
366 1875 454 1924 ipsae
480 1883 568 1911 sunt
593 1875 729 1924 liuguae
755 1886 907 1918 eorum,
929 1873 974 1909 de
1001 1873 1138 1922 quibus

143 1934 233 1970 (licit
254 1934 458 1983 Apostolus
477 1948 484 1969 :
505 1935 545 1969 Si
569 1936 705 1982 [lagnis
723 1935 943 1980 Angelorum
965 1935 1098 1980 loquar
1109 1932 1136 1968 4.

143 1995 237 2030 Sunt
252 2002 375 2030 autem
392 1994 472 2029 haec
493 1993 661 2042 quaedam
681 1993 785 2042 sigua
803 1993 946 2028 occulta
967 1993 1138 2041 spiritua-

142 2052 189 2089 lia
223 2051 332 2089 nobis
357 2051 568 2101 incognita,
596 2050 734 2100 quibus
760 2050 830 2087 sibi
859 2051 1080 2099 loquuntur,
1101 2059 1137 2086 et

141 2112 372 2148 innotescere
394 2112 531 2147 faciunt
556 2112 769 2147 voluntates
794 2123 898 2155 suas,
922 2123 989 2146 nec
1015 2111 1134 2146 solum

141 2171 210 2207 sibi
230 2172 386 2207 invicem
401 2199 410 2216 ,
433 2171 497 2207 sed
523 2180 559 2207 et
579 2170 794 2207 bominibus
811 2169 998 2218 aliquibus
1020 2183 1135 2217 ange-

140 2230 246 2266 licam
265 2230 378 2265 vitam
403 2229 638 2266 ducentibus.
658 2230 839 2279 Linguam
861 2242 950 2277 ergo
966 2230 1134 2278 Angelo-

141 2302 222 2325 rum
242 2289 434 2338 intelligit,
454 2289 518 2338 qui
539 2289 794 2338 suggestiones
817 2289 967 2324 illorum
991 2289 1133 2324 intelli-

137 2348 201 2396 git.
225 2349 367 2397 Lingua
387 2362 517 2385 corum
543 2349 723 2397 loquitur,
747 2348 810 2397 qui
839 2347 932 2383 sicut
961 2347 1134 2384 Nicolaus

137 2416 174 2443 et
197 2408 435 2454 Benedictus,
463 2409 500 2444 in
530 2408 693 2453 somnis,
720 2408 779 2443 vel
805 2407 885 2443 aliis
906 2407 1132 2456 quibusdam

139 2467 293 2503 occultis
311 2467 450 2512 modis,
469 2468 528 2503 vel
552 2466 848 2511 dormientibus,
866 2467 923 2503 vel
942 2467 1051 2516 longe
1066 2466 1133 2503 ab·

1206 1813 1277 1850 tiae.
1313 1818 1395 1852 Non
1423 1825 1479 1852 est
1511 1825 1634 1852 autem
1666 1818 1754 1854 mihi
1783 1819 1889 1855 fascis
1918 1820 2104 1868 myrrhae,
2133 1822 2198 1858 sed

1196 1872 1424 1920 fasciculus,
1449 1877 1536 1925 quia
1567 1876 1631 1913 diu
1664 1891 1740 1913 non
1767 1877 1920 1914 (ltwabit
1942 1894 1949 1915 :
1976 1880 2034 1916 vel
2058 1893 2197 1928 parvus

1205 1933 1293 1969 mihi
1315 1947 1391 1983 prae
1410 1948 1538 1971 amore
1558 1935 1659 1984 ejus3
1682 1937 1740 1972 vel
1759 1951 1898 1986 parvus
1920 1951 1997 1987 prae
2020 1939 2195 1976 conside—

1205 1994 1348 2030 ratione
1381 1995 1565 2032 malorum
1600 2010 1768 2032 meorum
1800 1999 2089 2046 pra-teritorum.
2123 2000 2194 2037 Sed

1204 2054 1350 2090 lfetetur
1383 2055 1492 2100 Sion,
1519 2064 1554 2092 et
1578 2057 1766 2092 exsultent
1791 2058 1873 2093 [iliae
1898 2058 2003 2094 Judae
2037 2069 2195 2109 propter

1197 2113 1337 2161 judicia
1360 2123 1445 2160 tua,
1467 2117 1629 2153 Domine
1651 2116 1665 2138 ⁶
1699 2132 1706 2153 :
1731 2118 1819 2166 quia
1846 2128 2196 2170 quantumcumque

1201 2187 1326 2210 amara
1345 2175 1388 2211 sit
1407 2176 1571 2224 myrrha,
1589 2186 1938 2226 quantumcumque
1958 2179 2194 2228 ponderosus

1201 2233 1247 2268 sit
1263 2234 1474 2279 fasciculus,
1491 2240 1529 2269 in
1547 2239 1666 2271 medio
1685 2236 1831 2272 uberum
1853 2251 2014 2273 tin-oram
2030 2253 2192 2276 emmim-

1201 2293 1357 2336 mbitur‚
1385 2296 1421 2329 iu
1455 2294 1578 2330 medio
1607 2296 1868 2344 prosperitatis
1896 2306 1932 2333 et
1958 2297 2193 2335 adversitatis

1201 2365 1310 2397 meae,
1331 2354 1367 2388 in
1391 2353 1515 2389 medio
1538 2355 1872 2403 congratulationis
1901 2370 1993 2393 meze
2018 2366 2055 2393 et
2084 2372 2190 2394 com-

1199 2412 1382 2460 passionis
1422 2426 1513 2449 mcae
1543 2428 1550 2449 :
1580 2413 1630 2449 ibi
1665 2414 1973 2461 commorabitur,
2004 2430 2073 2454 nec
2104 2418 2191 2455 inde

1199 2471 1412 2508 movebitur
1433 2473 1470 2508 in
1492 2481 1690 2509 aeternum.
1714 2478 1789 2511 Nee
1806 2475 1904 2511 euim
1927 2475 2098 2524 gaudebo
2120 2479 2191 2515 uisi

138 2524 326 2569 sentibus,
347 2535 551 2574 suggerunt
574 2540 656 2575 quac
685 2527 828 2562 volunt.
855 2527 919 2563 Vel
941 2540 1132 2562 marcelin-
1149 2533 1182 2566 D
1201 2531 1235 2566 in
1259 2532 1442 2576 Domino,
1470 2546 1537 2568 nec
1571 2533 1824 2569 contristabor
1850 2535 1919 2571 nisi
1946 2536 1981 2571 in
2010 2537 2185 2574 Domino.

139 2587 196 2619 las
215 2598 348 2620 aureas
369 2585 553 2631 sociemus
575 2585 638 2620 tibi·
662 2590 924 2622 vermiculalas
953 2596 1127 2634 argento,

137 2642 176 2679 id
193 2651 265 2688 est,
287 2656 497 2681 sermonem
522 2645 647 2693 gratiae
674 2646 748 2681 sale
775 2645 981 2681 conditum.

191 2704 251 2740 26.
278 2703 444 2740 Audiens
474 2718 612 2754 sponsa
641 2704 840 2755 benignam
870 2718 939 2755 spo
951 2706 1007 2742 nsi
1036 2719 1129 2756 pro-

138 2763 351 2799 missionem
368 2792 377 2809 ,
400 2765 480 2800 laeta
505 2764 600 2801 redit
619 2765 663 2801 ad
687 2765 994 2802 adolescentulas.
1022 2767 1128 2803 Sola-

139 2822 230 2858 tium
252 2830 306 2858 est
329 2823 469 2873 quippe
495 2824 578 2860 vitae
606 2824 797 2870 liumanae,
826 2824 963 2861 habere
983 2826 1043 2862 cui
1063 2839 1128 2862 cor

138 2889 241 2917 tuum
270 2881 422 2927 credas,
447 2896 558 2932 quem
588 2884 805 2934 participem
835 2884 981 2933 gaudii,
1011 2886 1122 2934 parti-

136 2939 256 2988 cipem
289 2941 400 2976 etiam
426 2941 537 2978 facias
565 2942 707 2979 doloris
738 2944 802 2980 tui.
836 2947 980 2993 Sponsa
1009 2944 1122 2992 igitur

136 2999 444 3049 quotiescumque
458 3014 478 3036 a
496 3013 635 3050 sponso
650 3002 782 3052 accipit
795 3002 866 3038 olei
881 3002 1121 3048 infusionem,

137 3057 317 3106 impletur
333 3071 450 3108 usque
467 3059 513 3096 ad
530 3061 764 3098 effusionem.
778 3061 888 3109 Quod
905 3076 989 3099 cum
1003 3064 1122 3099 effun-

185 3197 191 3209 '
218 3190 334 3221 (tanne.
366 3202 389 3227 1,
419 3194 508 3221 6-10.
537 3211 547 3214 -
570 3211 577 3214 -

134 3242 149 3264 ⁶
168 3244 245 3274 l'sal.
267 3254 368 3280 xrvn,
393 3246 443 3274 ¹2.

606 3199 616 3214 ²
642 3197 653 3223 Ι
679 3195 750 3224 Cor.
778 3205 840 3229 xxx,
874 3197 905 3224 8,
934 3214 974 3217 „-

1014 3193 1022 3214 ³
1049 3199 1127 3226 (len.
1158 3208 1182 3231 1,
1207 3199 1259 3228 26.

1196 2590 1267 2628 Sed
1288 2591 1424 2640 etipse
1454 2592 1531 2627 sive
1563 2605 1631 2641 per
1658 2605 1837 2642 prospera
1867 2607 1925 2630 me
1955 2596 2184 2640 consoletur,

1195 2649 1273 2685 sive
1304 2650 1340 2685 iu
1373 2649 1538 2686 adversis
1567 2659 1766 2694 exerceat,
1793 2651 1838 2687 de
1868 2652 1991 2688 medio
2023 2652 2183 2690 uberum

1196 2723 1390 2753 meorum,
1426 2709 1461 2745 id
1497 2717 1551 2746 est
1586 2709 1631 2745 de
1665 2710 1789 2745 medio
1817 2710 1930 2746 corde
1967 2725 2070 2757 meo,
2108 2726 2184 2751 nou

1197 2768 1411 2806 movebitur
1433 2784 1439 2804 :
1464 2777 1501 2805 et
1532 2769 1610 2805 sive
1646 2770 1985 2817 congratulandum
2015 2772 2052 2808 in
2076 2771 2185 2810 bonis

1194 2828 1374 2873 aliorum,
1398 2828 1476 2863 sive
1497 2828 1533 2863 in
1555 2828 1660 2863 malis
1681 2829 1988 2877 compatiendum
2007 2831 2096 2868 mihi
2113 2833 2180 2876 sit,

1194 2888 1343 2923 nonnisi
1363 2887 1397 2923 in
1420 2887 1596 2923 Domino.

1242 2946 1302 2982 ⁸27.
1326 2949 1456 2981 Betria.»
1475 2950 1577 2993 cypri
1601 2948 1755 2982 dilectas
1780 2960 1880 2982 metis
1897 2949 1988 2983 mihi
2002 2953 2038 2983 111
2061 2955 2182 2985 vineis

1190 3007 1375 3053 Engaddi.
1412 3007 1592 3055 Superius
1618 3019 1793 3055 sponsam
1828 3006 2018 3043 tabescere
2047 3008 2183 3046 severat

1187 3066 1287 3100 zelus
1305 3078 1393 3102 suus
1410 3093 1418 3108 ,
1439 3066 1523 3113 quia
1546 3065 1652 3102 obliti
1670 3075 1775 3102 erant
1797 3066 1911 3103 verba
1933 3068 2082 3104 Domini
2108 3070 2178 3105 ini»

1286 3215 1327 3220 v·
1353 3198 1364 3222 *l
1398 3199 1507 3227 l('.or.
1538 3209 1613 3231 xm,
1639 3202 1664 3228 1.
1698 3217 1731 3221 0—
1763 3197 1773 3215 ‘¹
1797 3200 1912 3228 Cannu
1941 3210 1961 3233 1,
1993 3203 2042 3232 11.
2072 3206 2119 3230 1ἰ“.
2140 3220 2143 3221 ν
2163 3218 2179 3222 -
