2504 3928
373 186 448 220 Tuss

368 275 470 298 arma
503 258 740 309 capessenda.
776 257 1048 306 Undecumque
1088 258 1219 294 vitium
1242 287 1251 303 ,
1285 258 1362 293 sive

978 182 1260 217 't‘RAC‘t‘AThs
1291 182 1353 215 DE
1383 180 1634 215 lxtffluottt
1666 183 1816 216 DOMO.

2346 185 2417 220 70¹0

1435 257 1524 292 tium
1559 265 1725 293 nostrum
1755 271 1762 292 :
1797 257 1844 292 sit
1874 256 2030 293 sollicita
2056 257 2152 294 circa
2182 259 2289 296 fidele
2309 260 2421 298 obse·-

369 322 485 363 clam,
515 320 592 354 sive
614 318 733 367 palam
762 329 896 352 nocere
915 317 1131 360 tentaverim
1156 317 1285 366 procul
1316 316 1360 352 il—
1383 317 1578 364 Aquium,
1612 330 1656 352 ne
1687 325 1787 352 tanta
1815 316 1986 365 majestas
2016 326 2159 354 recuset
2185 319 2308 355 cordis
2339 333 2423 369 gre—

371 379 433 415 lud
457 387 599 419 arceat,
626 385 663 411 ut
684 377 726 411 sit
747 389 876 411 secura
897 376 1135 412 conscientia.
1154 379 1290 411 Secura
1310 384 1364 411 est

368 435 521 485 quando
543 434 816 470 accusationmn
839 446 914 468 non
936 434 1099 482 patitur,
1125 434 1180 469 vel
1206 447 1274 483 pro
1305 442 1362 469 te-

370 509 462 544 pore
485 494 592 538 boni,
612 493 668 528 vel
692 506 759 541 pro
783 492 1078 541 prmsumpssone
1101 493 1199 529 mali.
1225 493 1363 529 Munda

367 562 423 589 est
443 562 478 589 et
501 553 595 588 bene
616 551 684 588 sibi
711 552 880 595 conscia,
913 565 995 587 cuni
1019 565 1086 587 nec
1107 552 1152 587 de
1174 553 1363 601 praeterito

363 613 465 662 juste
497 620 713 656 accusatur,
736 624 803 647 nec
834 611 879 646 dc
902 611 1075 660 praesenti
1102 611 1236 659 injuste
1268 611 1364 647 delc-

368 681 501 708 ctatur.
531 676 625 708 Pura
646 679 698 707 est
714 699 722 715 ,
745 671 803 706 cui
828 674 924 706 Deus
946 683 1012 705 nec
1039 684 1104 706 sua
1126 679 1275 719 peecata
1298 672 1366 706 im—

370 740 497 782 putat,
530 732 617 781 quia
645 744 720 767 non
755 731 839 766 fecit
871 744 877 765 z
909 744 976 766 nec
1004 731 1146 775 aliena,
1174 731 1260 778 quia
1290 743 1364 765 non

367 789 596 840 approbavit
626 805 633 825 ε
665 801 732 824 nec
765 788 1052 836 negligentiam,
1084 787 1171 836 quia
1202 800 1276 822 non
1309 796 1365 822 ta·-

369 852 445 886 cuit
467 865 474 885 :
495 863 561 886 nec
590 847 825 898 superbiam,
858 847 945 896 quia
976 847 1011 883 in
1043 847 1251 883 humilitate
1280 860 1366 896 pcr-

376 913 523 946 mansit.

739 1024 913 1063 CAPUT
943 1024 992 1062 X.

512 1151 558 1178 Dc
571 1158 643 1178 cura
660 1146 854 1177 conscientia·
874 1143 1066 1186 pra‘l'crenda
1081 1143 1225 1173 scientim.

446 1267 503 1303 17.
536 1265 643 1301 Multi
678 1270 851 1311 quaerunt
881 1261 1095 1304 scicntiam;
1133 1260 1241 1309 pauci
1276 1273 1366 1295 vero

371 1325 649 1361 conscientiam.
674 1323 709 1358 si
734 1334 824 1356 vero
847 1328 949 1355 tanto
978 1319 1103 1355 studio
1128 1327 1164 1354 et
1191 1318 1369 1354 sollicitu—

373 1384 459 1420 dine
487 1390 719 1432 quaereretur
746 1379 994 1423 conscientia,
1015 1385 1158 1426 quanto
1189 1377 1370 1425 quaeritur

373 1442 560 1479 saecularis
585 1449 621 1476 ct
643 1451 738 1475 vana
765 1437 940 1481 seientia,
969 1444 1005 1471 et
1030 1436 1138 1471 citius
1160 1435 1370 1484 apprehen-

373 1502 525 1538 deretur
539 1529 547 1544 ‚
566 1509 602 1535 et
618 1499 744 1535 utilius
763 1497 1000 1533 retineretur.
1020 1495 1192 1543 Cogiture
1209 1508 1370 1544 namque

374 1560 419 1596 de
460 1559 714 1602 conscientia,
743 1569 875 1593 sensus
903 1563 959 1591 est
989 1562 1297 1598 consummatus;
1334 1561 1370 1589 et

373 1619 436 1668 qui
459 1618 623 1655 custodit
645 1618 769 1661 illam,
800 1628 949 1664 semper
971 1614 1041 1649 erit
1071 1625 1237 1649 securus.
1265 1613 1372 1650 Salva

375 1677 586 1715 reverentia
633 1675 826 1726 sapientiae
851 1703 860 1720 ,
893 1673 1022 1709 utilius
1053 1681 1108 1709 est
1138 1685 1289 1708 currere
1326 1672 1372 1708 ad

375 1737 666 1782 conscientiam,
698 1748 809 1784 quain
842 1733 888 1770 ad
927 1732 1174 1782 sapientiam3
1205 1732 1273 1768 nisi
1314 1745 1373 1767 sa—

1433 377 1546 411 mium
1582 390 1587 410 z
1620 377 1665 411 sit
1697 376 1852 420 devota,
1887 384 1927 411 ut
1955 377 2023 412 soli
2054 379 2132 412 Deo
2162 378 2325 426 placeat,
2352 381 2420 416 soli

1430 438 1510 470 Deo
1543 434 1737 478 intendat,
1775 447 1843 469 nec
1874 435 2020 471 recedat
2048 434 2094 471 ab
2122 449 2178 472 co.
2207 437 2304 473 Talis
2332 451 2423 474 eon-

1429 493 1584 528 scientia
1614 493 1773 528 lwtilicat
1799 493 1959 529 animam
1978 522 1986 538 ,
2024 502 2059 529 et
2099 494 2249 531 exhibet
2277 509 2315 532 se
2343 500 2422 533 Deo

1429 561 1588 599 gratam,
1615 561 1651 588 et
1675 552 1889 588 hominibus
1913 562 1950 588 ct
1976 554 2127 601 Angelis
2155 555 2421 601 reverendam,

1430 619 1465 646 et
1491 611 1711 660 sibimetipsi
1735 611 1878 661 placata
1900 620 1937 648 et
1967 612 2094 661 quieta
2123 613 2260 650 existit.

1787 742 1962 781 CAPUT
1991 744 2062 783 XI.

1544 859 1590 887 De
1610 856 1778 887 commodis
1792 862 1821 886 ct
1839 856 1988 888 fructibus
2003 857 2092 889 bona·
2105 860 2311 891 conscientiae.

1491 969 1545 1004 18.
1566 968 1801 1005 Conscientia
1829 977 1885 1005 est
1909 969 2030 1006 cordis
2051 970 2201 1007 scientia
2220 985 2226 1007 2
2247 984 2329 1020 quae
2351 972 2425 1008 du·-

1383 1024 1410 1056 B
1432 1027 1579 1075 pliciter
1616 1028 1860 1076 intelligitur;
1891 1028 2064 1064 videlicet
2090 1030 2148 1065 vel
2177 1029 2239 1066 illa
2269 1043 2352 1079 quae
2387 1043 2426 1067 se

1432 1086 1539 1122 novit
1562 1100 1628 1135 per
1649 1100 1686 1123 se
1705 1116 1713 1132 ,
1738 1088 1793 1123 vel
1818 1088 1879 1123 illa
1902 1101 1985 1136 qua!
2006 1096 2143 1136 praeter
2164 1101 2202 1124 se
2224 1088 2334 1125 etiam
2356 1090 2427 1126 alia

1433 1145 1538 1180 novit
1557 1159 1601 1181 ex
1621 1159 1670 1182 se.
1694 1149 1767 1183 Cor
1785 1147 1884 1182 enim
1905 1155 1941 1182 et
1964 1161 2001 1183 se
2023 1148 2128 1184 novit
2145 1161 2210 1184 sua
2230 1149 2428 1185 conscien-

1434 1204 1503 1248 tia,
1527 1214 1563 1241 et
1584 1206 1699 1242 inulta
1719 1207 1800 1242 alia.
1823 1207 1982 1254 Quando
2008 1207 2114 1243 novit
2133 1221 2171 1243 se
2187 1236 2196 1253 ,
2218 1209 2430 1257 appellatur

1433 1265 1661 1301 conscientia
1683 1280 1690 1301 :
1713 1266 1865 1314 quando
1887 1275 2023 1316 praeter
2043 1280 2080 1303 se
2101 1267 2169 1303 alia
2185 1296 2194 1312 ‚
2215 1268 2430 1304 nominatur

1433 1323 1598 1359 scicntia.
1613 1325 1850 1361 Conscientia
1868 1324 1985 1370 bona,
2008 1326 2136 1362 titulus
2153 1335 2207 1362 est
2229 1326 2433 1375 religionis,

1436 1382 1617 1430 templum
1640 1384 1868 1429 Salomonis,
1886 1397 1973 1432 ager
1992 1384 2282 1431 benedictionis,
2299 1386 2431 1422 hortus

1435 1440 1651 1478 deliciarum
1672 1470 1681 1487 ‚
1718 1456 1872 1479 aureum
1908 1443 2186 1480 reclinatorium
2205 1472 2214 1490 ,
2251 1445 2427 1494 gaudium

1436 1500 1666 1548 Angelorum
1688 1529 1698 1545 ,
1733 1514 1817 1537 arca
1852 1501 2021 1546 foederis,
2060 1502 2255 1539 thesaurus
2291 1504 2401 1553 Regis
2418 1532 2427 1548 ‚

1437 1560 1520 1595 aula
1539 1560 1625 1605 Dei,
1646 1560 1900 1597 habitaculum
1921 1561 2082 1610 Spiritus
2103 1562 2242 1607 sancti,
2264 1561 2360 1599 liber
2379 1563 2431 1599 si-

1437 1626 1570 1665 gnatus
1595 1626 1631 1653 et
1660 1619 1825 1664 clausus,
1847 1627 1883 1655 et
1903 1619 1939 1654 in
1962 1618 2021 1654 die
2036 1618 2168 1668 judicii
2189 1620 2429 1669 aperiendus.

1437 1677 1534 1713 Nihil
1567 1686 1621 1713 cst
1643 1676 1868 1725 jucundius,
1908 1678 2000 1714 nihil
2028 1679 2162 1724 tutius,
2197 1679 2286 1715 nihil
2320 1679 2432 1716 ditius

1439 1735 1536 1772 bona
1557 1737 1796 1773 conscicntia.
1820 1740 1968 1773 Premat
1988 1750 2145 1786 corpus,
2170 1738 2290 1774 trahat
2318 1751 2432 1774 mun-

377 1797 517 1847 pientia
535 1797 595 1832 illa
613 1795 659 1831 sit
679 1808 762 1844 quae
785 1793 943 1829 aediticct
968 1792 1249 1828 conscientiam.
1268 1795 1373 1828 Tunc
1393 1793 1419 1828 C
1439 1795 1529 1840 dus,
1552 1804 1688 1832 terreat
1708 1795 1899 1841 diabolus,
1925 1804 1962 1832 et
1984 1796 2045 1832 illa
2065 1797 2135 1832 erit
2154 1810 2297 1833 secura.
2329 1801 2432 1834 Bona

378 1858 478 1894 enim
507 1870 544 1892 se
569 1855 744 1903 intelligit
764 1853 906 1897 anima,
935 1865 1017 1888 cum
1044 1852 1251 1887 illustratur
1277 1865 1370 1887 con-

377 1916 554 1961 scientia,
580 1923 669 1951 tunc
697 1913 875 1963 impletur
905 1925 970 1948 cor
994 1911 1093 1947 bona
1123 1911 1370 1957 couscientia,

378 1989 462 2012 cum
481 1975 519 2011 in
541 1988 578 2010 se
597 1977 737 2018 Deum,
764 1980 801 2008 et
818 1972 856 2008 in
891 1975 967 2008 Deo
987 1979 1115 2006 mutua
1136 1971 1373 2007 revolutione

377 2048 415 2072 se
432 2035 550 2084 ipsam
572 2033 756 2082 receperit
773 2032 894 2080 imago
913 2039 1046 2067 creata.
1066 2030 1234 2068 Crcatrix
1251 2030 1373 2080 imago

377 2095 415 2130 in
434 2093 595 2142 imagine
613 2100 755 2136 creata,
783 2091 872 2126 nihil
892 2089 991 2126 aliud
1012 2098 1067 2126 est
1095 2090 1163 2125 nisi
1192 2089 1374 2138 sapientia

377 2154 414 2189 in
433 2154 574 2197 anima,
597 2152 666 2188 nisi
683 2151 801 2199 gloria
818 2150 855 2186 in
877 2149 1126 2193 conscicntia,
1145 2149 1214 2184 nisi
1232 2149 1373 2185 sancti—

378 2213 500 2249 licatio
518 2212 554 2247 in
570 2225 668 2247 arca.
692 2214 722 2247 Ο
739 2223 850 2258 quam
868 2208 1070 2245 ineffabilis
1086 2217 1142 2244 est
1158 2209 1274 2257 pietas
1289 2209 1372 2254 Dei,

378 2285 461 2320 quae
482 2279 620 2306 tantam
643 2269 873 2318 majestatem
898 2268 1052 2303 inclinat
1071 2267 1115 2302 ad
1136 2276 1273 2303 tantam
1299 2268 1373 2303 hu-

379 2331 594 2366 militatem!
613 2329 685 2376 Qui
709 2328 848 2364 creavit
876 2340 962 2372 nos,
991 2334 1140 2361 creatur
1164 2326 1200 2361 in
1228 2325 1337 2362 nobis
1364 2340 1370 2360 :

378 2398 414 2425 et
431 2390 535 2438 quasi
555 2401 686 2438 parum
704 2395 797 2423 esset
821 2399 888 2422 nos
912 2389 1031 2421 Deum
1054 2393 1198 2434 patrem
1224 2385 1373 2431 habere,

378 2449 459 2485 vult
490 2449 600 2485 etiam
627 2460 694 2483 nos
723 2446 801 2482 lieri
832 2445 900 2481 sibi
934 2445 1084 2480 fratrem
1126 2452 1163 2479 ct
1202 2453 1371 2480 matrem.

384 2510 641 2555 Quicumque,
675 2505 818 2554 inquit,
842 2503 979 2552 fecerit
1000 2506 1226 2539 volunlatem
1251 2506 1375 2539 Patris

379 2571 451 2601 mei
468 2571 532 2615 qui
553 2571 591 2601 in
612 2567 714 2600 coelis
737 2572 789 2599 est
805 2590 815 2606 ,
840 2565 917 2611 ipse
938 2575 1036 2597 'netes
1049 2560 1174 2607 frater
1199 2571 1233 2597 et
1260 2571 1379 2598 mater
1397 2568 1427 2600 Ι)

379 2633 468 2662 est'.
499 2629 650 2670 Frater,
684 2623 917 2668 obcdiendo3
951 2630 1090 2665 mater,
1126 2622 1373 2670 generando:

381 2687 512 2731 frater,
536 2698 604 2734 per
630 2682 857 2720 haereditatis
875 2681 1220 2731 participationem;
1245 2689 1374 2728 mater,

381 2758 448 2794 per
483 2745 640 2781 aliorum
676 2742 975 2779 instructionem.
1006 2744 1037 2778 O
1067 2740 1185 2777 fidelis
1223 2741 1372 2785 anima,

380 2803 552 2853 expande
578 2803 699 2847 sinus,
728 2802 839 2837 dilata
869 2801 1048 2846 affectus;
1081 2813 1125 2836 ne
1154 2801 1376 2849 angustieris

380 2863 417 2898 in
450 2861 655 2898 visceribus
686 2861 756 2896 tuis
784 2860 1006 2908 concipere,
1037 2872 1149 2908 quem
1181 2867 1280 2895 totus
1308 2873 1375 2894 or-

380 2922 438 2958 bis
469 2935 544 2958 non
578 2921 702 2970 potuit
730 2919 1075 2968 comprehendere,
1109 2919 1228 2955 donec
1263 2920 1375 2969 Virgo

381 2981 488 3018 beata
517 2981 622 3016 illum
653 2979 725 3016 lide
754 2980 939 3029 concepit.
970 2979 1059 3016 Fide
1088 2992 1248 3028 namque
1270 2979 1378 3016 Chri-

382 3049 460 3077 stus
493 3039 724 3088 concipitur,
756 3039 862 3074 verbi
893 3038 1160 3088 praedicatione
1189 3039 1374 3084 nascitur,

382 3099 585 3135 devotione
623 3098 810 3143 nutritur,
850 3111 976 3133 amore
1009 3106 1168 3133 tenetur.
1209 3097 1261 3134 Sit
1289 3111 1377 3147 ergo

382 3158 609 3196 conscicntia
634 3171 748 3206 pura,
774 3166 813 3193 ut
840 3161 957 3193 Deum
986 3157 1172 3193 conducat
1189 3157 1234 3193 ad
1254 3157 1377 3207 hospi-

435 3291 440 3304 ¹
463 3284 574 3315 Mauh.
597 3295 644 3314 xii
660 3308 666 3320 ,
691 3287 743 3313 510.

1437 1855 1664 1891 conscientia
1688 1869 1815 1892 secura
1845 1856 1915 1891 erit
1937 1869 2020 1891 cum
2051 1868 2186 1904 corpus
2215 1856 2398 1892 morietur
2420 1871 2429 1901 ;

1438 1927 1585 1961 secura,
1614 1928 1696 1951 cum
1723 1915 1845 1951 anima
1874 1928 1997 1950 coram
2019 1919 2098 1951 Deo
2118 1914 2431 1964 praesentabitur;

1439 1986 1566 2010 secura
1579 2002 1587 2018 ,
1608 1988 1691 2010 cum
1712 1982 1912 2023 utrumque
1932 1974 1970 2009 in
1988 1973 2048 2009 die
2062 1973 2195 2022 judicii
2214 1982 2300 2010 ante
2318 1973 2435 2011 tribu-

1439 2034 1499 2069 nal
1533 2034 1730 2069 terrificum
1761 2033 1852 2082 justi
1883 2033 2024 2069 Judicis
2055 2040 2248 2069 statuetur.
2285 2036 2433 2070 Futurae

1440 2092 1682 2129 beatitudinis
1704 2106 1779 2128 non
1800 2101 1855 2129 est
1874 2092 2001 2128 utilius
2019 2092 2224 2128 remedium
2237 2120 2246 2138 ,
2270 2105 2337 2129 nec
2353 2105 2435 2130 cer-

1442 2152 1513 2188 tius
1529 2152 1780 2189 testimonium
1794 2151 1893 2188 bona
1909 2152 2146 2188 conscientia.
2163 2154 2254 2188 Cum
2274 2152 2436 2190 mundus

1440 2211 1543 2247 omni
1560 2210 1796 2247 volubilitate
1815 2211 2121 2255 circumrotetur,
2142 2211 2280 2260 ploret,
2301 2211 2432 2255 rideat,

1441 2278 1589 2319 pereat,
1613 2278 1794 2314 transeat;
1815 2282 2007 2318 nunquam
2029 2269 2218 2305 marcescit
2234 2268 2332 2305 bona
2348 2282 2436 2305 con-

1441 2328 1604 2364 scientia.
1624 2327 1850 2376 Subjiciatur
1864 2340 2001 2376 corpus
2018 2327 2054 2363 in
2073 2340 2206 2376 poena,
2226 2327 2263 2363 in
2279 2326 2436 2376 jejuniis

1441 2395 1665 2432 maceretur,
1695 2386 1917 2423 verberibus
1949 2386 2128 2430 lanietur,
2157 2387 2318 2434 equuleo
2354 2387 2434 2423 dis-

1441 2446 1614 2482 tendatur
1634 2475 1643 2491 ,
1675 2446 1797 2496 gladio
1837 2445 2069 2490 trucidetur,
2101 2446 2220 2482 crucis
2253 2447 2437 2496 supplicio

1441 2506 1645 2555 affligatur3
1664 2513 1699 2541 ct
1719 2518 1847 2541 secura
1865 2505 1937 2541 erit
1952 2505 2191 2541 conscientia.

1500 2566 1555 2601 19.
1579 2569 1619 2601 In
1645 2565 1798 2614 speculo
1828 2564 2065 2600 conscicntiae
2096 2572 2212 2600 status
2241 2564 2437 2601 exterioris

1441 2633 1477 2661 et
1499 2625 1684 2660 interioris
1708 2625 1872 2660 hominis
1904 2624 2156 2673 cognoscitur.
2179 2624 2314 2660 Anima
2337 2625 2437 2661 enim

1443 2697 1517 2719 non
1543 2683 1646 2718 novit
1678 2696 1737 2728 se,
1766 2696 1849 2731 quae
1871 2683 1949 2719 sine
1970 2683 2122 2732 speculo
2143 2691 2207 2719 est.
2233 2684 2437 2732 Speculum

1443 2742 1644 2787 mundum,
1679 2743 1820 2778 clarum
1846 2750 1882 2778 et
1911 2754 2048 2791 purum
2086 2741 2199 2777 totius
2230 2741 2437 2789 religionis,

1442 2802 1541 2838 bona
1564 2802 1804 2838 conscicntia.
1829 2802 1931 2838 Sicut
1951 2801 2049 2836 enim
2086 2800 2220 2836 mulier
2244 2813 2327 2849 quae
2358 2801 2437 2836 viro

1442 2875 1510 2898 suo
1531 2862 1608 2897 sive
1638 2862 1757 2897 amico
1790 2862 1937 2910 placere
1967 2860 2173 2904 desiderat,
2202 2859 2239 2895 in
2266 2859 2437 2896 contuitu

1442 2921 1583 2970 speculi
1614 2921 1811 2968 imaginem
1839 2920 2049 2969 oppositam
2079 2918 2290 2964 reddentis,
2322 2917 2438 2954 deco-

1444 2992 1520 3015 rem
1555 2987 1591 3015 et
1623 2979 1942 3028 pulcln*itu(linem
1983 2978 2084 3014 faciei
2117 2977 2312 3027 componit
2345 2991 2352 3013 ε
2387 2977 2437 3013 sic

1443 3040 1564 3076 anima
1586 3039 1621 3075 in
1645 3038 1779 3087 quibus
1808 3037 1854 3074 ab
1883 3038 2042 3087 imagine
2073 3037 2240 3073 veritatis
2261 3036 2436 3081 discedit,

1445 3099 1501 3134 vel
1524 3099 1561 3134 in
1583 3097 1721 3147 quibus
1745 3097 1896 3145 vestigia
1927 3096 2114 3132 creatricis
2146 3095 2318 3144 imaginis
2345 3096 2439 3131 reci—

1445 3159 1540 3208 piat,
1571 3158 1606 3194 in
1638 3156 1865 3193 conscientia
1904 3155 2032 3205 relegit
2066 3163 2102 3191 et
2136 3154 2318 3204 intelligit.
2354 3157 2436 3191 Non
