2504 3928
333 213 355 247 S
361 216 380 247 s)
386 215 405 247 s»

1009 201 1290 237 TRACTATUS
1320 204 1380 236 DE
1409 204 1698 238 (ΖΙΙΑΙΠΤΑΤΕ.

332 285 402 321 bus
425 282 638 320 obedientia
658 277 954 315 commendatur.
984 278 1066 312 Nam
1086 282 1164 324 agit
1179 290 1314 324 perpe-
1329 277 1339 294 ⁴

2294 206 2369 241 836

1363 277 1375 293 '¹
1389 279 1481 323 suiv,
1493 291 1607 326 seque
1624 279 1752 314 cellam
1772 279 1952 314 vinariam
1967 306 1976 322 ,
1997 278 2164 327 ignisque
2177 280 2293 317 divini
2315 296 2368 317 re-

335 357 414 379 ram
431 341 542 390 ,·quia
562 338 792 375 nihilcontra
813 335 1079 371 conscientiam
1101 348 1203 371 suam
1222 336 1318 371 facit.
1339 343 1364 374 A
1388 337 1621 386 ceptaculum
1653 345 1752 372 tanta
1778 337 1968 384 vigilantia
1996 337 2143 373 studeat
2168 338 2368 384 exhibere,

335 403 414 436 Nan
430 402 583 447 inflatur
594 397 640 432 de
655 394 845 431 beneficiis
860 394 936 430 Dei.
955 395 1034 428 Non
1049 402 1102 428 est
1113 393 1322 437 atnbiu'm·a;

335 462 421 510 quia
448 470 597 494 omnem
629 454 773 503 respuit
798 452 1044 488 dominatum.
1080 455 1160 487 Nun
1187 457 1324 499 qna-rit

334 534 419 568 qua·
441 531 509 552 saa
524 524 628 557 sant,
648 512 712 549 sed
732 525 816 561 quae
832 510 965 548 Christi
982 511 1038 546 vel
1060 511 1115 546 sui
1137 511 1318 560 proximi:

333 580 409 615 imo
427 577 536 613 etiam
553 573 674 611 ablata
691 585 765 608 non
790 571 934 620 repetit.
956 572 1040 605 Nau
1062 575 1246 615 irritamr,
1265 569 1321 607 Ad

332 635 562 673 iracundiam
594 631 765 669 subaudi.
804 632 886 666 Noa
919 634 1053 677 cogitat
1083 631 1218 664 malum
1238 658 1249 674 ,
1283 637 1324 664 ut

333 696 472 732 malum
494 706 562 743 pro
584 692 681 728 malo
704 689 846 726 reddat.
868 690 948 723 Non
965 691 1106 736 gaudet
1119 702 1231 736 saper
1250 693 1322 723 ini-

333 759 496 803 quitate,
511 751 749 799 subintellige
767 749 930 787 Alterius
949 762 955 783 ε
976 747 1056 796 ejus
1068 748 1166 784 enim
1183 747 1322 796 iniqui-

335 824 390 851 tas
419 814 520 850 nulla
542 820 608 848 est.
640 812 777 845 Omnia
802 807 933 855 sassert
963 807 1166 856 patienter,
1197 811 1323 841 mania

333 876 450 910 credit
461 901 472 917 ‚
493 876 621 907 omnia
636 878 778 918 sperat,
801 867 900 904 dicta
916 867 973 903 vel
990 866 1174 915 promissa
1191 879 1211 902 a
1227 869 1319 902 Deo.

338 938 474 971 Omnia
494 937 682 975 stc-‹tiaelg
707 927 921 964 obediendo
944 926 1146 962 humiliter.

383 994 446 1030 94.
468 992 540 1040 Qui
555 1004 644 1039 ergo
656 999 700 1026 cix
718 988 898 1025 charitate
916 985 1045 1022 obedit
1057 1013 1066 1029 ,
1084 986 1200 1034 legem
1219 997 1320 1020 man-

1387 404 1425 431 ut
1444 397 1479 431 in
1499 395 1557 431 die
1588 395 1684 431 bona
1717 396 1889 440 Domini,
1913 403 1949 431 et
1971 396 2007 431 in
2029 395 2120 432 hora
2148 395 2369 446 beneplaciti

1387 454 1489 502 ejus,
1514 468 1598 491 cum
1617 454 1775 490 audierit
1795 467 1925 490 vocem
1945 455 2116 503 spiritus,
2139 463 2176 491 et
2195 456 2299 491 velut
2318 456 2371 492 si-

1388 513 1503 549 bilum
1529 526 1628 549 aurae
1651 513 1772 548 tenuis
1797 520 1964 547 sanctum
1986 512 2192 548 susurrimn
2208 540 2217 557 ,
2241 513 2372 549 offerat

1388 571 1622 608 affectionem
1644 584 1792 621 puram,
1816 570 2039 619 fidelemque
2066 571 2370 620 intelligentiam,

1389 629 1649 678 utspirituales
1662 629 1801 664 fructus
1814 628 1918 676 quasi
1939 628 1983 663 de
2002 628 2103 676 ligno
2122 629 2206 664 vitae
2226 629 2372 678 collige-

1390 703 1428 725 re
1455 697 1652 725 mereatur.
1674 691 1766 724 San!
1785 698 1906 724 autem
1926 687 2069 734 fructas
2100 693 2256 736 spiritus,
2281 697 2373 726 teste

1388 748 1569 798 Apostolo
1583 776 1592 791 ,
1624 749 1802 790 charitas,
1824 749 2001 795 gaudiam
2014 775 2024 790 ‚
2044 761 2146 795 pam,
2163 752 2371 795 patientia,

1390 811 1673 855 longanimitas,
1689 806 1912 855 benignitas,
1928 810 2173 854 temperantia
2184 834 2195 850 ‚
2213 805 2371 850 bouitas,

1389 869 1642 908 nmnmwtado,
1651 867 1764 912 fides,
1787 869 1982 910 modestia,
2006 870 2155 901 castitas
2169 872 2211 901 ¹⁰.
2235 869 2265 903 Ο
2285 867 2372 902 felix

1387 926 1535 969 anima,
1562 925 1591 961 si
1616 924 1942 968 benevolentiam,
1979 924 2262 973 inspirationem
2284 939 2372 974 gra-

1389 984 1446 1020 tire
1469 984 1649 1028 coelestis,
1675 996 1855 1032 suamque
1878 984 1974 1019 circa
1998 992 2031 1019 te
2050 985 2284 1032 praesentiam
2308 984 2373 1020 tibi

332 1055 506 1091 datorum
523 1051 590 1088 Dci
609 1048 805 1097 adimplet,
823 1059 934 1095 quam
952 1046 1032 1082 sine
1043 1045 1220 1081 charitate
1238 1058 1320 1080 om—
1342 1046 1368 1080 B
1390 1042 1500 1078 certis
1520 1042 1628 1090 liceat
1655 1042 1802 1078 indiciis
1832 1042 2007 1091 experiri.
2040 1045 2181 1091 Tanget
2209 1043 2308 1079 enim
2341 1051 2376 1078 tc

335 1114 426 1150 nino
447 1111 578 1160 aliquis
608 1108 764 1157 implere
789 1119 865 1142 non
886 1112 1025 1154 potest.
1057 1103 1147 1139 Ideo
1171 1103 1247 1151 ipsa
1268 1111 1322 1139 est

335 1173 418 1209 linis
439 1171 566 1219 legis',
588 1167 852 1204 mandatorum
875 1163 1064 1213 impletio,
1085 1170 1121 1197 et
1143 1162 1324 1199 terminus

333 1231 508 1281 perfectae
523 1224 871 1264 consummationis.
895 1225 1025 1258 Omnis
1042 1224 1324 1256 consummatio-

334 1296 390 1326 nis
414 1291 494 1325 vidi
508 1288 628 1333 finem
647 1312 656 1328 ,
681 1288 795 1319 latam
823 1283 1039 1316 mandatam
1059 1288 1158 1314 utum
1177 1282 1284 1313 nimis
1296 1278 1320 1314 3.

337 1354 423 1387 llaec
442 1356 497 1384 est
519 1343 774 1382 testimonium
796 1339 1035 1376 conscientiae
1058 1346 1206 1373 nostrae.
1236 1340 1324 1372 Haec

335 1418 389 1446 est
406 1407 524 1457 gloria
551 1403 660 1440 nobis
681 1399 910 1451 proveniens
928 1410 949 1433 a
969 1397 1109 1446 Spiritu
1130 1395 1297 1431 veritatis
1314 1410 1322 1431 ;

334 1467 494 1517 Spiritus
527 1464 626 1500 enim
655 1459 819 1497 veritatis
855 1455 1030 1507 perhibet
1064 1455 1321 1491 testimonium

334 1525 482 1576 spiritui
510 1531 661 1566 nostro,
678 1518 780 1569 quod
800 1518 864 1553 filii
886 1516 952 1553 Dei
971 1514 1140 1557 sumus&
1168 1526 1324 1562 regene-

333 1585 403 1622 rati
421 1585 457 1620 in
473 1595 576 1633 spem
589 1581 676 1617 vitae
691 1591 760 1629 per
777 1574 1090 1614 resurrectionem
1106 1576 1194 1609 Jesu
1212 1572 1323 1609 Chri—

332 1645 378 1682 sti
403 1657 449 1680 ex
473 1639 672 1679 mortuis&
695 1641 816 1685 Quam
850 1633 1172 1684 regenerationem
1207 1635 1324 1669 Joan-

334 1716 400 1741 nes
419 1700 646 1749 evangelista
662 1697 857 1734 insinuans
872 1693 964 1730 dicit
979 1706 987 1728 :
1007 1693 1148 1727 Scimus
1161 1695 1248 1739 quia
1261 1695 1325 1738 qai

335 1773 444 1799 natus
462 1770 514 1797 est
530 1774 578 1795 ex
596 1762 671 1794 Deo
689 1770 760 1792 non
774 1763 904 1804 peccat
914 1767 927 1796 ‚·
943 1752 1030 1801 quia
1047 1753 1203 1786 coelestis
1218 1763 1327 1798 gene-

1388 1094 1558 1150 quaedam
1583 1101 1619 1137 in
1641 1101 1759 1150 ipsius
1791 1101 2049 1137 recordatione
2077 1101 2256 1146 suavitas,
2295 1102 2377 1137 asfl-

1389 1160 1489 1196 ciens
1509 1173 1607 1196 nova
1623 1169 1659 1197 et
1673 1161 1864 1210 inexperta
1881 1160 2080 1197 dulcedine
2092 1190 2101 1206 ,
2122 1161 2277 1209 utquasi
2294 1159 2378 1198 abs-

1391 1226 1526 1264 tracta,
1563 1226 1599 1254 et
1633 1219 1738 1267 quasi
1768 1232 1787 1254 a
1814 1226 1849 1254 te
1880 1232 2034 1268 prorsus
2064 1220 2183 1255 aliena
2215 1219 2378 1256 exsultes

1389 1276 1549 1325 quadam
1573 1278 1788 1313 anm-nitate
1807 1278 1958 1313 coelesti.
1989 1278 2141 1315 Faciunt
2159 1286 2282 1314 autem
2303 1291 2378 1314 suae

1389 1336 1598 1384 praesentiae
1619 1336 1727 1372 [idem
1743 1365 1752 1381 ,
1781 1337 1882 1386 quod
1908 1350 2039 1374 omnes
2063 1338 2114 1373 tui
2135 1350 2265 1373 sensus
2286 1337 2379 1373 hila-

1392 1403 1542 1431 rescunt
1558 1422 1568 1439 ,
1590 1403 1784 1431 serenatur
1810 1396 2057 1444 intelligentia
2081 1404 2164 1441 tua,
2195 1395 2379 1432 desideria

1389 1453 1643 1499 incalescunt,
1672 1455 1783 1502 gestis
1813 1462 1850 1490 et
1881 1454 2022 1503 aspiras
2052 1455 2089 1490 in
2119 1455 2315 1504 amplexus
2335 1455 2382 1490 il—

1390 1512 1461 1548 lius
1477 1524 1589 1560 quem
1611 1519 1738 1548 tenere
1761 1520 1796 1548 te
1810 1513 1944 1558 sentis,
1969 1521 2003 1549 et
2023 1514 2162 1550 vereris
2183 1526 2230 1549 ne
2251 1513 2379 1550 elaba—

1391 1578 1472 1615 tur3
1505 1578 1541 1606 et
1561 1570 1647 1607 ideo
1677 1584 1753 1607 non
1783 1579 1966 1619 quantum
1997 1571 2077 1616 vis,
2102 1572 2167 1608 sed
2197 1580 2380 1620 quantum

1389 1637 1516 1679 potes,
1551 1630 1673 1679 ipsum
1693 1630 1858 1679 quodam
1880 1630 2091 1668 delectabili
2118 1644 2216 1667 nexu
2243 1631 2382 1669 intimae

1390 1689 1580 1725 charitatis
1602 1689 1786 1739 astringis.

1445 1749 1507 1784 96.
1526 1751 1602 1784 Istc
1622 1756 1695 1794 est,
1713 1761 1736 1784 o
1756 1748 1899 1794 anima,
1923 1748 2079 1785 dilectus
2101 1757 2186 1785 tuus
2210 1748 2381 1786 invisibi-

335 1827 441 1865 raa'a,
462 1819 656 1857 innovatio
677 1815 816 1853 scilicet
838 1811 1041 1855 charitatis,
1063 1823 1142 1845 enm
1166 1818 1283 1844 servat
1296 1807 1325 1853 ⁶,
1344 1808 1370 1844 C
1392 1806 1476 1842 liter
1492 1815 1528 1842 et
1547 1806 1976 1856 incomprehensibi]iter
1990 1836 1999 1854 ,
2028 1807 2319 1844 misericorditer
2346 1816 2382 1844 et

331 1896 400 1933 per
422 1893 533 1930 quam
558 1876 732 1928 praevidit
753 1887 839 1910 eum
860 1876 962 1909 Deus
988 1869 1067 1906 fieri
1088 1869 1321 1905 conformem

332 1941 504 1991 imaginis
522 1938 603 1976 Filii
623 1936 718 1973 sui7.
748 1937 841 1971 Nam
871 1931 939 1967 etsi
969 1928 1089 1966 David
1119 1927 1325 1977 proditioni

333 1999 559 2040 adulterium
580 1993 900 2040 homicidiumque
929 1987 1130 2037 adjecerit,
1157 1987 1243 2022 lieet
1271 1999 1326 2022 se-

334 2071 436 2112 ptem
453 2056 688 2096 ‹laemonibus
708 2053 825 2091 Maria
843 2049 1063 2098 Magdalena
1078 2045 1325 2090 laboraverit3

333 2121 421 2157 licet
441 2123 572 2156 Petrus
597 2115 746 2163 culpam
772 2108 968 2160 apostasiae
995 2105 1215 2150 incurrerit;
1249 2116 1324 2140 non

334 2187 390 2215 est
407 2187 530 2214 tamen
546 2174 610 2223 qui
623 2186 687 2209 eos
701 2171 747 2207 de
764 2181 876 2206 manu
891 2166 1042 2204 Domini
1058 2171 1219 2200 erueret.
1237 2163 1327 2200 Cha-

335 2239 422 2274 ritas
446 2236 531 2271 vitae
561 2230 755 2269 innovatio
775 2237 850 2270 est,
872 2239 941 2276 per
960 2237 1071 2274 quam
1097 2222 1328 2270 crucifigitur

336 2306 372 2332 et
388 2294 662 2332 exterminatur
679 2290 716 2325 in
735 2286 845 2324 nobis
858 2293 966 2321 vetus
980 2284 1093 2319 homo
1106 2310 1115 2326 ‚
1137 2290 1327 2325 terrenus,

337 2354 506 2391 animalis
526 2360 562 2387 et
582 2348 758 2391 carnalis,
779 2346 830 2381 sic
849 2342 1070 2380 ambitiones
1091 2348 1127 2376 et
1146 2338 1328 2387 concupi-

338 2413 486 2451 scentize
498 2440 507 2457 ‚
521 2410 617 2446 mala
634 2418 748 2456 opera
762 2434 770 2450 ‚
786 2416 902 2453 prava
923 2397 1105 2436 desideria
1122 2426 1131 2445 ,
1151 2397 1329 2433 charitate

336 2473 462 2509 omnia
482 2482 580 2506 nova
601 2466 779 2509 faciente,
802 2466 1043 2498 evanescunt.
1064 2461 1325 2499 Nuncauteim

335 2533 365 2569 si
387 2544 461 2579 qua
475 2541 573 2566 nova
595 2533 766 2562 creatura
777 2529 852 2567 est,
875 2521 912 2556 in
930 2518 1009 2567 ipsa
1028 2524 1153 2552 vetera
1175 2514 1329 2551 transie—

338 2588 464 2627 runt8.

651 2690 826 2732 CAPUT
856 2687 1009 2727 XXXI.

337 2821 459 2864 Quibus
482 2817 602 2850 indiciis
625 2813 786 2858 prmsentia
807 2809 865 2841 Dei
890 2808 921 2839 in
943 2806 1043 2837 anima
1068 2803 1328 2846 deprehendatur.

390 2948 456 2982 95.
469 2949 514 2981 Se
531 2955 622 2990 ergo
635 2941 670 2976 in
687 2935 882 2975 affectibus
895 2934 972 2971 istis
992 2930 1149 2982 provida
1166 2929 1326 2965 circum-

339 3005 532 3055 spectione
554 3001 676 3036 anima
702 2993 893 3032 rationalis
914 2998 1104 3035 exerceat3
1128 2988 1261 3025 sentiat
1282 2987 1328 3022 (le

338 3064 500 3101 Domino
528 3061 564 3096 in
592 3057 780 3100 bonitate,
809 3062 845 3090 et
875 3054 911 3088 in
939 3049 1177 3099 simplicitate
1204 3046 1328 3083 cordis

384 3207 390 3219 ¹
415 3201 611 3229 l(1‹›r.x1n.
642 3197 708 3224 ‘0-7.
732 3209 769 3213 α’
795 3197 804 3211 ³
824 3193 980 3221 Ι“1ηιι,ι,
1001 3192 1087 3216 5.-
1117 3186 1128 3206 —3
1153 3186 1229 3215 l‘sal.
1245 3196 1347 3214 (,xv111
1366 3209 1372 3219 ,

1261 3240 1522 3278 {vSa1›.1,l.--
1551 3241 1578 3254 ¹¹¹
1603 3235 1705 3264 Galat.
1727 3246 1757 3270 v,
1780 3238 1839 3268 2¹2,
1865 3238 1916 3263 123.
1944 3251 1984 3255 —
2013 3238 2038 3253 ¹¹
2066 3235 2156 3263 Rom.
2182 3244 2261 3269 xiv,
2289 3236 2319 3263 8,
2351 3252 2381 3255 —

468 3268 476 3271 -
498 3257 507 3278 7
527 3252 615 3279 Rom.
643 3258 723 3278 xiii,
751 3250 800 3273 Ἥ).
885 3245 893 3259 ⁴⁸
925 3244 948 3270 ll
975 3244 1044 3269 (lor,
1071 3252 1099 3273 ν,
1127 3241 1173 3268 1,“,
1206 3256 1239 3260 0<

338 3313 363 3325 ¹¹
385 3309 506 3332 (auur.
529 3314 558 3334 v,
585 3305 614 3330 1.

336 3268 363 3284 x,
389 3257 419 3281 Η.

1391 1864 1591 1914 dignanter
1620 1865 1824 1911 accedens,
1855 1874 1896 1902 ut
1923 1866 2061 1902 excitet
2091 1874 2144 1912 te,
2178 1874 2219 1902 ut
2250 1879 2289 1903 se
2315 1866 2382 1902 tibi

1392 1923 1579 1973 inspiret,
1603 1924 1639 1960 in
1671 1925 1755 1961 sinu
1785 1924 1837 1961 tui
1864 1924 2002 1961 amoris
2031 1924 2097 1960 tibi
2131 1938 2169 1961 se
2197 1925 2383 1968 insinuet,

1392 1992 1434 2020 ut
1471 1992 1577 2020 tuum
1616 1983 1795 2020 accendat
1833 1983 2059 2020 desiderium
2081 2012 2091 2029 ,
2128 1992 2165 2020 et
2197 1984 2384 2021 illuminet

1392 2043 1590 2079 interiores
1619 2044 1775 2088 oculos,
1803 2051 1844 2079 ut
1877 2042 2084 2079 inflammet
2105 2043 2294 2080 affectum.
2325 2043 2384 2081 Sic

1392 2102 1596 2152 primitias,
1625 2115 1702 2138 non
1733 2101 2010 2150 plenitudinem
2044 2114 2120 2138 suae
2150 2101 2382 2148 dilectionis,

1394 2174 1470 2197 non
1497 2161 1543 2198 ad
1574 2161 1801 2207 satietatem,
1829 2161 1893 2198 sed
1920 2161 1966 2197 ad
1990 2161 2288 2210 degustationem
2317 2161 2383 2198 tibi

1393 2220 1566 2266 exhibet3
1593 2229 1633 2257 ut
1659 2221 1721 2256 tali
1749 2221 1983 2270 experientia
2006 2220 2145 2270 probes
2165 2234 2275 2270 quam
2298 2221 2384 2257 dul-

1394 2293 1496 2325 cem,
1519 2292 1631 2328 quam
1663 2292 1840 2325 suavem,
1872 2292 1983 2328 quam
2009 2279 2244 2327 jucundum,
2271 2291 2382 2328 quam

1395 2338 1653 2375 delectabilem
1683 2351 1720 2374 se
1749 2338 1816 2374 tibi
1847 2337 2029 2387 praebeat,
2061 2351 2145 2373 cum
2166 2338 2384 2387 apparuerit

1395 2397 1512 2444 gloria
1539 2396 1638 2445 ejus;
1666 2409 1854 2433 cumeum
1876 2397 2013 2433 videris
2043 2397 2247 2433 revelatum
2268 2397 2380 2443 facie,

1395 2464 1616 2491 coronatum
1649 2456 1859 2492 diademate
1887 2457 2004 2493 Patris
2030 2457 2108 2502 sui,
2138 2469 2250 2505 quem
2283 2469 2384 2493 nunc

1394 2512 1528 2548 adoras
1558 2521 1776 2549 coronatum
1810 2512 2019 2549 diademate
2051 2514 2179 2550 matris
2199 2526 2274 2550 suae
2302 2515 2384 2563 glo-

1348 2576 1380 2610 D
1399 2571 1507 2607 riosae
1539 2572 1694 2620 virginis
1712 2572 1850 2608 Mariae.
1883 2575 1972 2609 Haec
1994 2580 2048 2608 est
2068 2571 2231 2609 ebrietas
2258 2572 2384 2609 sobria

1398 2638 1554 2667 tantum.
1584 2630 1695 2667 Unde
1726 2632 1931 2680 Apostolus
1956 2646 1964 2667 ε
1990 2633 2071 2667 Sive
2097 2635 2276 2676 vivimus,
2311 2637 2385 2667 sive

1397 2695 1575 2725 morimur
1598 2696 1648 2735 ¹¹,
1682 2693 1762 2726 Deo
1799 2689 1915 2725 sobrii
1953 2702 2093 2726 sumus.
2134 2693 2223 2726 Haec
2260 2688 2385 2727 sobria

1397 2748 1555 2785 ebrietas
1575 2749 1665 2785 vino
1689 2749 1878 2785 charitatis
1906 2749 2080 2794 efficitur,
2103 2748 2199 2785 sicut
2223 2761 2385 2798 sponsus

1396 2809 1433 2844 in
1455 2810 1607 2846 Cantico
1637 2809 1775 2844 amoris
1803 2808 1967 2845 insinuat
1996 2808 2148 2844 dicens:
2175 2809 2382 2852 ComedHe,

1397 2872 1529 2910 amici,
1554 2867 1684 2911 bibite,
1710 2876 1743 2902 et
1774 2867 2028 2911 inebriamini,
2057 2867 2320 2903 claarissimi12.
2340 2869 2384 2903 In

1392 2928 1467 2963 vita
1486 2927 1648 2976 primum
1665 2940 1798 2976 panem
1819 2928 2067 2976 laciymarum
2083 2928 2121 2963 in
2144 2927 2282 2964 sudore
2299 2928 2384 2963 vul-

1395 2995 1452 3023 tus
1472 2987 1527 3022 sni
1548 2986 1712 3022 comedit
1732 2987 1856 3022 anima
1879 2987 2039 3022 militans
2060 2989 2163 3031 De03
2188 2994 2275 3035 post
2299 2987 2383 3023 exi-

1397 3053 1474 3081 tum
1496 3043 1610 3092 liujus
1626 3046 1711 3081 vitae
1729 3059 1803 3081 non
1822 3046 1986 3095 pascitur
2001 3058 2098 3095 pane
2110 3045 2253 3082 doloris
2269 3060 2278 3082 ε
2296 3046 2383 3095 quia

1393 3188 1446 3214 ¹.)ss,
1463 3202 1499 3205 —
1520 3183 1532 3207 4
1553 3186 1738 3217 Rom.v11=,
1770 3185 1818 3211 16.
1838 3198 1876 3202 —
1899 3183 2193 3216 511)οιι-.ι.;ι.-
2216 3181 2258 3210 ‘³1
2285 3184 2378 3212 Joan.
