2504 3928
320 193 366 226 51)
379 193 388 226 l

318 279 430 316 quam
452 266 615 316 linguam
646 265 770 301 nullus
795 265 897 300 noxit
916 292 924 308 ,
950 264 1018 301 uisi
1037 268 1113 302 Rex
1140 267 1302 315 Angelo-

1090 191 1363 227 GUILLELMI
1395 193 1592 228 ABBATIS

1312 266 1361 284 ‘luo
1376 267 1382 274 ·

2291 197 2365 231 552

1375 281 1410 303 ιιι
1436 266 1633 311 munibus,
1658 275 1694 302 et
1719 266 1765 303 ab
1792 267 1969 304 omnibus
1999 268 2035 304 in
2063 270 2218 318 singulis
2251 286 2257 306 :
2290 285 2365 308 non

318 339 415 370 rum,
430 334 465 361 et
479 325 611 373 Angeli
624 324 718 373 ejus,
736 332 772 359 et
789 323 854 372 qui
870 331 956 359 sunt
975 324 1011 359 in
1029 337 1162 372 genere
1178 325 1304 369 Israel,
1326 333 1353 366 Λ
1375 326 1477 374 quod
1508 324 1767 375 corporalibus
1804 326 1922 362 oculis
1958 326 2128 364 videatur
2165 329 2340 368 divinitas
2354 360 2364 376 ‚

317 393 354 421 et
371 385 471 421 cives
486 384 708 421 Jerusalem.
729 382 859 418 Nullus
877 394 958 418 eam
977 383 1083 418 novit
1099 384 1306 432 AEgyptius,

318 445 442 480 nullus
461 443 704 480 Cliauanseus.
725 442 825 477 Sicut
843 441 941 477 enim
961 442 996 477 in
1013 443 1206 480 sanctitate
1223 443 1307 478 vita¹

319 512 354 538 et
379 502 542 538 bominis
562 501 752 537 interioris
771 501 1060 549 glorificatione,
1078 510 1114 537 et
1134 510 1305 537 coutem-

318 561 504 611 platione,
520 569 557 597 et
575 560 750 596 fruitione
763 559 966 596 divinitatis
978 560 1055 609 jam
1073 561 1206 597 l'uturae
1223 562 1307 597 vitm

318 620 591 657 beatitudinem
614 618 812 669 pra‘libare
825 618 861 655 in
882 619 950 655 hac
968 621 1043 656 vita
1065 620 1254 665 videntur,
1271 629 1307 656 et

318 679 458 716 initiari
473 695 482 725 3
499 679 552 716 sic
571 679 682 714 etiam
703 678 748 714 de
765 691 968 728 corporum
990 692 1143 715 suorum
1162 679 1306 727 glorifi-

317 737 483 783 catione,
500 750 612 786 quam
635 737 745 786 plene
765 736 814 773 ibi
832 737 1042 787 percepturi
1061 746 1161 782 sunt,
1185 739 1220 774 in
1239 737 1307 774 hac

317 797 394 833 vita
411 797 583 833 nonnihil
601 796 825 846 percipiunt.
840 799 1002 846 Excepta
1017 797 1127 833 etiam
1144 797 1206 833 illa
1221 810 1306 846 gra-

318 858 367 893 tia
387 857 433 893 de
448 869 521 906 qua
540 855 703 892 diximus
718 884 727 901 ,
746 868 819 904 qua
840 855 1052 893 habitantes
1073 857 1110 892 in
1130 869 1246 892 unum
1268 869 1306 892 sc

316 915 406 966 ipsis
426 915 462 951 in
480 919 581 960 Deo,
602 923 638 951 et
658 918 737 952 Deo
755 916 792 950 in
813 927 852 950 se
870 914 959 964 ipsis
980 915 1167 961 fruuntur,
1190 915 1306 964 ipsius

316 975 438 1012 carnis
472 975 523 1011 sic
553 975 721 1011 sentiunt
747 974 944 1010 evanuisse
960 980 974 996 ³
997 987 1128 1011 omnes
1154 983 1306 1010 eontra-

1373 386 1436 421 sed
1468 385 1700 435 praesentiam
1731 385 1936 422 divinitatis
1970 386 2192 434 glorificatio
2226 402 2365 439 corpo-

1375 459 1454 481 rum
1477 443 1748 481 demonstrabit
1765 445 1957 481 manifesta
1978 445 2138 494 quadam
2157 447 2212 483 sui
2231 450 2361 497 gratia.

1374 506 1429 541 Ad
1464 506 1534 541 hoc
1562 505 1670 541 etiam
1701 505 1738 540 in
1765 504 1832 540 hac
1865 504 1938 540 vita
1964 506 2214 554 corporalium
2243 520 2365 544 sacra-

1375 573 1585 600 mentorum
1617 564 1714 600 valet
1743 563 1898 613 religi03
1930 564 2016 612 quia
2039 577 2123 600 cum
2146 565 2207 601 vix
2225 566 2365 615 aliquid

1375 625 1442 660 nisi
1460 636 1618 673 corpora
1638 631 1674 659 et
1693 623 1904 672 corporalia
1927 623 2178 673 intelligamus
2192 652 2202 670 ‚
2231 638 2366 674 quam-

1373 682 1436 718 diu
1457 683 1493 718 in
1522 682 1680 730 imagine
1700 682 1970 731 pertransimus
1987 710 1996 727 ‚
2018 682 2278 732 corporalibus
2305 697 2367 720 re-

1373 742 1532 790 ligamur
1563 741 1825 786 sacramentis,
1871 754 1918 777 ne
1951 754 1972 777 a
2004 745 2083 779 Deo
2118 742 2365 780 recedamus:

1372 799 1473 836 unde
1504 800 1614 836 etiam
1643 812 1663 835 a
1697 798 1890 848 religando
1926 799 2056 849 religio
2085 800 2233 837 dicitur.
2273 803 2366 839 Cum

1372 870 1462 894 vero
1484 858 1603 894 {idelis
1619 858 1743 895 anima
1762 857 1897 895 talibus
1923 859 2092 905 erudita,
2115 858 2250 897 talibus
2270 859 2366 896 inci-

1372 915 1449 964 piet
1474 929 1549 952 non
1579 915 1768 965 indigere,
1800 924 1837 952 et
1867 929 1888 952 a
1918 917 2181 966 corporalibus
2210 918 2366 954 transire

1372 973 1418 1009 ad
1444 974 1671 1023 spiritualia,
1702 988 1723 1010 a
1749 974 2006 1024 spiritualibus
2036 974 2084 1011 ad
2114 975 2363 1024 spiritualium

317 1035 517 1081 dictiones,
538 1043 578 1071 ut
597 1034 772 1071 universa
793 1032 1001 1070 substantia
1019 1033 1141 1070 carnis
1162 1046 1238 1070 non
1260 1034 1306 1069 sit
1327 1040 1354 1073 B
1374 1041 1410 1069 ct
1429 1034 1682 1082 corporalium
1703 1033 1956 1079 conditorem,
1978 1034 2049 1070 hoc
2069 1046 2156 1070 vere
2172 1035 2243 1071 erit
2262 1035 2366 1071 exire

314 1095 367 1132 eis
396 1095 466 1131 nisi
498 1094 787 1130 instrumentum
819 1092 907 1128 boni
942 1093 1078 1142 operis.
1111 1096 1201 1129 Nam
1237 1093 1305 1129 etsi

317 1153 433 1203 ipsius
459 1152 616 1189 miseriis
640 1160 676 1188 ct
706 1150 988 1188 infirmitatibus
1013 1150 1305 1196 contabescunt,

316 1212 379 1249 sed
394 1225 438 1248 cx
460 1212 528 1248 hoc
549 1212 630 1261 ipso
654 1210 823 1247 interiori
839 1210 990 1246 homine
1010 1210 1144 1247 fortius
1161 1223 1304 1246 conva-

315 1271 459 1308 lescunt
491 1285 499 1307 ;
529 1272 690 1315 Quando
721 1274 819 1305 enim
850 1270 1029 1315 infirmor,
1063 1278 1148 1305 time
1170 1267 1308 1315 sortior

316 1345 407 1376 sum,
417 1340 452 1366 cc
461 1339 607 1378 potens,
627 1329 716 1365 dicit
732 1328 934 1378 Apostolus
951 1334 975 1364 ¹.
998 1330 1136 1365 Sensus
1150 1328 1222 1377 ipsi
1237 1341 1307 1363 no-

315 1402 400 1426 vam
420 1387 621 1437 quamdam
643 1387 869 1436 percipiunt,
886 1394 923 1422 et
941 1399 1060 1436 prope
1076 1387 1306 1435 spiritualem

316 1447 471 1496 gratiam
487 1462 494 1483 :
511 1446 610 1482 oculi
628 1446 816 1494 simplices
832 1473 841 1490 ‚
862 1453 899 1481 ct
912 1457 1022 1482 aures
1041 1453 1305 1494 temperantes.

315 1506 529 1555 Aliquando
562 1506 600 1542 in
638 1505 784 1541 fervore
816 1504 1016 1550 orationis,
1047 1512 1148 1541 tanta
1179 1504 1308 1541 odoris

314 1564 433 1614 ignoti
459 1563 654 1613 cujusdam
676 1563 793 1612 spirat
811 1563 1036 1614 fragrantia;
1062 1571 1162 1599 tanta
1178 1571 1308 1612 gustus

313 1623 425 1659 etiam
449 1635 524 1659 non
547 1622 734 1672 gustando
753 1623 940 1667 suavitas;
964 1630 1109 1658 tantum
1131 1635 1200 1672 per
1222 1635 1306 1658 mu-

316 1690 420 1718 tuum
453 1690 589 1718 tactum
617 1681 822 1731 spiritualis
842 1682 1030 1718 charitatis
1053 1682 1306 1728 incentivum,

316 1749 357 1777 ut
373 1741 572 1778 videantur
587 1740 658 1778 sibi
674 1740 770 1777 intra
791 1754 829 1778 se
845 1741 945 1791 ipsos
958 1741 1160 1791 spiritualis
1177 1740 1307 1789 cujus—

315 1801 400 1837 dam
415 1801 619 1851 voluptatis
638 1814 768 1850 gerere
790 1801 1018 1851 paradisum.
1042 1801 1177 1838 Vultus
1196 1802 1307 1837 etiam
1326 1803 1352 1839 C
1374 1797 1468 1833 Γίῐῑῐῐ·
1488 1797 1649 1842 mundo,
1673 1806 1713 1834 ut
1733 1798 1896 1847 perfecte
1926 1800 2027 1835 vivat
2049 1803 2126 1836 Deo
2158 1813 2165 1835 2

313 1869 349 1897 et
371 1861 484 1897 totius
502 1859 672 1909 corporis
688 1860 963 1909 compositione
978 1889 988 1906 ‚
1006 1860 1092 1896 vitae
1107 1868 1143 1896 et
1159 1872 1305 1896 morum

312 1928 348 1956 et
370 1928 519 1956 actuum
541 1918 678 1955 decore
693 1946 702 1963 ,
725 1927 864 1955 mutuae
894 1919 1004 1955 etiam
1031 1918 1220 1955 servitutis
1246 1919 1306 1955 vel

313 1978 459 2015 devotis
475 1977 793 2024 exhibitionibus,
816 1978 876 2014 vel
893 1978 964 2028 piis
984 1977 1306 2027 susceptionibus,

313 2039 365 2075 sic
390 2038 586 2088 cujusdam
615 2038 743 2088 gratiae
775 2038 1011 2088 beneplacito
1043 2038 1114 2075 sibi
1143 2037 1303 2074 invicem

312 2098 568 2142 conveniunt,
595 2106 633 2134 et
663 2096 913 2143 couniuntur,
940 2105 982 2133 ut
1008 2110 1096 2133 vere
1131 2097 1204 2133 sint
1241 2109 1306 2132 cor

312 2169 454 2203 unum,
481 2165 519 2193 et
546 2155 671 2192 anima
692 2168 777 2191 una.
809 2155 994 2192 Nimirum
1026 2156 1188 2191 suturam
1217 2168 1306 2191 cor-

309 2227 445 2263 porum
479 2227 632 2251 suorum
665 2213 822 2262 gloriam
855 2212 933 2261 jam
962 2213 1021 2249 hie
1052 2213 1228 2257 initiant,
1259 2226 1306 2249 ex

305 2273 470 2322 puritate
498 2272 761 2318 conscientiae,
790 2280 827 2307 et
847 2279 988 2308 mutuae
1007 2272 1305 2308 conversationis

308 2331 446 2380 gratia,
472 2331 638 2380 perfecte
657 2343 738 2366 eam
768 2329 932 2367 habituri
966 2331 1002 2366 in
1024 2330 1148 2366 sutura
1174 2339 1209 2366 et
1241 2344 1304 2380 pc-

311 2390 419 2426 renni
447 2390 555 2426 vita.'

651 2514 826 2553 CAPUT
864 2515 953 2554 XV.

310 2624 355 2652 De
381 2621 461 2652 felici
487 2622 751 2653 consummatione
775 2621 931 2663 sapientiae
958 2632 1055 2663 usque
1074 2622 1112 2652 ad
1141 2622 1303 2653 assecutio-

531 2686 601 2706 nem
622 2675 703 2706 beati
721 2675 789 2706 finis
801 2699 808 2712 ,
827 2682 856 2706 et
874 2675 984 2706 summi
998 2675 1082 2705 boni.

363 2803 425 2840 44.
456 2804 558 2841 Sicut
591 2805 689 2839 enim
723 2816 823 2839 nunc
857 2803 1023 2839 viventia
1056 2804 1182 2839 omnia
1215 2804 1303 2840 solis

308 2862 476 2898 claritate
507 2861 801 2911 perfunduntur,
823 2870 859 2897 et
881 2861 926 2897 ab
946 2861 1105 2897 invicem
1127 2862 1302 2911 perfundi

309 2921 507 2965 videntum
532 2928 568 2956 et
594 2921 689 2957 sicut
710 2933 778 2957 nos
811 2920 969 2957 invicem
998 2920 1057 2956 hic
1082 2920 1209 2957 vivere
1242 2921 1299 2955 xi-

309 2977 440 3014 demus
461 3007 469 3023 ,
506 2992 571 3015 nec
597 2988 718 3015 tamen
741 2979 854 3015 vitam
877 2992 950 3028 qua
972 2979 1134 3016 vivimus
1152 3007 1162 3025 ‚
1195 2979 1299 3015 vide-

310 3036 446 3073 musl':
472 3039 574 3074 sicin
599 3039 657 3073 illa
680 3039 755 3074 vita
777 3038 965 3075 videbitur
986 3043 1086 3075 Deus
1106 3053 1125 3074 a
1143 3039 1298 3087 singulis

357 3178 579 3211 ¹11(]‹›r.x11‚
608 3180 657 3206 Η).
677 3194 715 3196 »ν

305 3238 439 3263 (xxxvi,
460 3232 491 3256 s».
510 3245 551 3248 —
570 3230 775 3264 71J0an.11‚
795 3229 848 3258 27.
893 3247 901 3249 -
927 3228 1254 3267 51“>;ι1.ι,κκκιιι,ί“ι,
1279 3236 1309 3261 ὅ.

1371 1105 1391 1128 a
1425 1092 1589 1129 sarcinis.
1624 1093 1768 1129 Relicto
1798 1105 1887 1141 ergo
1920 1106 2078 1142 corpore
2111 1101 2147 1129 et
2175 1093 2366 1143 corporeis

1371 1151 1546 1188 omnibus
1569 1152 1668 1189 curis
1693 1161 1730 1188 et
1754 1151 2056 1201 impedimentis,
2090 1152 2259 1188 omnium
2281 1166 2366 1201 quae

1371 1219 1460 1248 sunt
1479 1220 1615 1260 praeter
1634 1215 1755 1248 Deum
1773 1211 2023 1256 obliviscitur,
2044 1211 2212 1260 nihilque
2229 1220 2366 1261 praeter

1372 1274 1491 1307 Deum
1525 1270 1741 1315 attendens,
1786 1270 1892 1318 quasi
1931 1282 1970 1307 se
2009 1271 2126 1307 solam
2166 1271 2365 1320 solumque

1371 1331 1493 1364 Deum
1508 1328 1726 1365 existimans
1745 1342 1751 1364 :
1773 1331 1960 1372 ὒίΙιτηιε,
1986 1328 2128 1377 inquit,
2146 1343 2246 1365 meus
2261 1330 2362 1373 ιηὶΙιῘ,

1373 1395 1408 1422 ec
1425 1400 1490 1435 ego
1511 1389 1568 1421 illi
1580 1393 1607 1423 ².
1636 1388 1738 1432 Quid
1755 1392 1853 1423 enim
1877 1389 1969 1423 milti
1989 1396 2043 1423 est
2062 1389 2098 1423 in
2126 1391 2218 1424 coelo
2230 1416 2242 1433 ,
2277 1397 2312 1424 et
2340 1403 2364 1424 a

1373 1453 1407 1479 te
1425 1447 1521 1492 quid
1538 1447 1642 1481 volui
1661 1459 1771 1493 super
1789 1448 1956 1481 terram?
1978 1443 2122 1492 Defecit
2147 1460 2231 1481 caro
2252 1460 2335 1482 mea
2351 1475 2362 1491 ‚

1372 1511 1409 1537 et
1434 1516 1496 1538 cor
1517 1517 1636 1539 meum
1657 1518 1669 1538 :
1697 1507 1794 1540 Deus
1825 1506 1945 1540 cord1's
1975 1510 2067 1550 mei,
2103 1513 2137 1541 cl
2161 1519 2254 1554 pars
2282 1519 2366 1541 mea

1372 1564 1472 1597 Deus
1492 1566 1530 1597 in
1550 1572 1728 1598 [eternum
1742 1562 1768 1600 3.
1790 1563 1936 1600 Deinde
1957 1564 2107 1600 venitur
2126 1564 2172 1600 ad
2190 1572 2363 1601 mortem.

1374 1623 1483 1656 Hunc
1507 1621 1606 1657 enim
1639 1622 1835 1658 transitum
1868 1622 1914 1658 ad
1940 1623 2053 1659 vitam
2078 1623 2203 1660 miseri
2229 1623 2366 1660 infide-—

1373 1679 1426 1716 les
1444 1688 1600 1716 mortem
1626 1681 1833 1730 appellant;
1857 1681 1983 1719 {ideles
2009 1691 2133 1719 autem
2160 1682 2272 1732 quid,
2295 1683 2365 1719 nisi

1373 1738 1534 1787 pascha?
1552 1741 1595 1775 In
1613 1748 1735 1775 morte
1755 1740 1869 1789 igitur
1888 1741 2075 1790 corporali
2096 1742 2260 1790 perfecte
2279 1753 2364 1776 nio-

2196 1799 2362 1848 ingredi-

1373 1864 1434 1892 tur
1452 1857 1574 1893 locum
1595 1856 1827 1893 tabernaculi
1847 1857 2077 1895 admirabilis
2091 1885 2100 1903 ‚
2130 1858 2362 1907 ingreditur,

1372 1928 1491 1964 usque
1510 1915 1556 1952 ad
1577 1915 1729 1952 domum
1748 1916 1842 1952 Dei⁴
1863 1931 1871 1952 :
1891 1925 1926 1953 et
1943 1917 2119 1954 omnibus
2139 1916 2235 1953 bene
2252 1925 2288 1953 et
2304 1930 2363 1953 se-

1372 1975 1538 2011 cundum
1559 1975 1728 2012 ordinem
1747 1975 2044 2024 praecedentilms
2058 2003 2067 2021 ‚
2089 1976 2184 2013 sicut
2202 1976 2239 2012 in
2261 1976 2365 2026 prin-

1372 2033 1471 2083 cipio
1514 2033 1701 2078 diximus,
1740 2033 1889 2083 pondus
1922 2047 2031 2070 suum
2066 2034 2364 2084 unumquodque

1374 2093 1495 2130 defert
1526 2094 1564 2129 in
1596 2094 1718 2130 locum
1745 2106 1874 2140 suum;
1895 2106 2033 2143 corpus
2060 2094 2098 2130 in
2129 2102 2286 2140 terram,
2317 2095 2363 2131 de

1372 2166 1446 2202 qua
1472 2161 1704 2203 assumptum
1736 2160 1812 2197 est,
1848 2160 2018 2202 tempore
2049 2165 2118 2190 suo
2136 2153 2362 2190 resuscitan-

1372 2212 1460 2248 dum
1482 2221 1518 2249 ct
1546 2212 1852 2261 glorificandum;
1873 2213 2043 2262 spiritum
2073 2212 2119 2249 ad
2148 2216 2268 2250 Deum
2297 2214 2362 2262 qui

1370 2272 1510 2309 creavit
1537 2285 1635 2308 eum.

1423 2331 1484 2367 45.
1516 2330 1588 2367 Sed
1620 2330 1774 2379 quando
1806 2330 1844 2366 lit
1875 2330 1943 2367 iste
1965 2330 2142 2367 transitus
2164 2330 2210 2367 ad
2239 2335 2359 2368 Deum

1369 2389 1547 2439 disruptis
1572 2388 1748 2426 omnibus
1785 2388 2068 2438 obligamentis,
2103 2391 2362 2440 superatisque

1369 2448 1545 2485 omnibus
1585 2448 1884 2497 impedimentis,
1914 2449 2079 2498 perfecta
2105 2448 2334 2486 beatitudine
2351 2478 2360 2494 ‚

1368 2507 1526 2558 perenni
1539 2507 1762 2552 dilectione;
1782 2520 1827 2543 ex
1845 2508 1914 2544 hoc
1930 2508 2008 2557 jam
2023 2508 2187 2558 perfecte
2207 2511 2286 2545 Deo
2305 2509 2361 2544 in-

1319 2574 1350 2607 D
1368 2567 1503 2612 haerct,
1530 2566 1588 2603 vel
1618 2566 1744 2616 potius
1764 2566 1893 2603 unitur
1922 2579 2008 2603 vere
2033 2575 2159 2603 sancta
2179 2568 2301 2603 anima
2323 2568 2360 2604 in

1371 2636 1488 2671 terra,
1508 2635 1549 2663 ut
1577 2627 1757 2662 efficiatur
1782 2640 1856 2663 una
1884 2640 1929 2663 ex
1960 2627 2055 2672 illis,
2080 2626 2217 2677 quibus
2242 2627 2360 2664 dixit:

1370 2689 1450 2735 Ego
1486 2689 1588 2729 (lixi,
1622 2689 1688 2722 Dit‘
1720 2691 1823 2731 estis,
1845 2696 1879 2722 et
1897 2688 1979 2733 filii
2010 2689 2163 2722 Exn-elsi
2195 2687 2357 2723 omnm?

1368 2746 1438 2782 Hie
1470 2754 1525 2781 est
1553 2745 1637 2781 linis
1662 2758 1794 2781 corum
1822 2746 1886 2794 qui
1915 2754 2134 2795 proponunt
2154 2746 2358 2783 Jerusalem

1369 2804 1404 2840 in
1435 2804 1620 2853 principio
1649 2804 1785 2839 laeiitiae
1813 2804 1944 2850 suae⁶3
1980 2818 2076 2854 quos
2110 2805 2238 2841 unctio
2274 2818 2360 2842 san-

1369 2864 1415 2899 cti
1445 2863 1602 2912 Spiritus
1631 2863 1739 2899 (locet
1763 2864 1809 2900 de
1838 2864 2061 2910 omnibus7;
2083 2865 2147 2913 qui
2169 2865 2358 2901 ascensio-

1369 2936 1434 2959 nes
1454 2923 1490 2959 in
1511 2922 1623 2959 corde
1641 2936 1709 2959 suo
1726 2923 1916 2973 sapienter
1933 2924 2140 2973 disponunt
2158 2923 2204 2959 de
2221 2924 2359 2960 virtute

1367 2983 1402 3018 in
1433 2983 1632 3027 virtutem,
1666 2982 1785 3018 donec
1814 2983 1984 3019 videatur
2015 2987 2115 3020 Deus
2142 2983 2298 3019 deorum
2322 2984 2357 3019 in

1366 3041 1484 3077 sion*
1519 3056 1526 3076 ε
1560 3044 1662 3077 Deus
1695 3041 1875 3086 ‹lem-um,
1907 3041 2098 3078 beatitudo
2134 3041 2357 3087 beatorum,

740 3182 750 3196 ⁷
769 3177 887 3206 (Lautic.
907 3187 942 3210 ιι,
967 3181 1014 3207 1⁴3.
1035 3196 1074 3197 j
1099 3176 1328 3214 3l’sal.1,xxii,
1348 3183 1402 3214 25»,
1422 3183 1474 3208 ZM'».
1495 3197 1534 3202 —
1553 3181 1565 3204 l·
1583 3179 1659 3209 l’sal.
1676 3190 1730 3208 xm
1746 3203 1752 3215 ,
1773 3184 1801 3209 ἰ).
1820 3198 1861 3202 —-
1877 3178 1888 3199 5
1908 3180 1985 3210 l'sal.
2006 3190 2121 3216 lxxxi,
2142 3184 2172 3210 Γ».
2189 3198 2232 3202 -
2246 3177 2261 3201 ⁶
2276 3179 2354 3210 Psal-

353 3287 365 3299 ’“
390 3279 484 3315 Alias,
502 3281 688 3309 conveni-m:
709 3299 748 3302 —
769 3273 782 3294 ¹⁶
801 3279 884 3310 Alias*
905 3280 968 3311 lure
983 3280 1089 3311 tlt·<{!!¹l
1106 3306 1111 3317 ‚
1130 3294 1185 3311 nec
1206 3289 1306 3312 lamen
1334 3291 1425 3313 risam
1444 3296 1504 3327 ιμιιι
1528 3284 1668 3321 ι’ἱσί”ηιιω·,
1698 3282 1843 3315 videmus.
