2418 3949
201 243 296 280 1005

842 243 902 277 ET
930 239 1372 277 RESURRECTIONEM
1402 241 1588 276 DOMINI.

2140 228 2150 261 l
2159 222 2236 259 00ss

194 320 259 368 qui
275 319 407 356 relicto
423 332 468 356 eo
484 320 681 369 sugerunt?
695 318 880 367 numquid
897 317 1075 354 dormivit
1089 315 1175 351 ado·
1186 312 1233 330 ³⁰³
1247 314 1357 350 dolor
1381 316 1416 351 in
1445 315 1571 361 vobis,
1600 315 1694 351 sicut
1714 313 1824 350 dolor
1852 323 1970 347 meus.
1997 309 2121 344 Nolite
2135 303 2234 350 flere

193 379 351 425 lescens,
378 379 530 429 quando
557 387 760 415 tenuerunt
785 391 886 423 eum,
906 385 944 413 et
964 377 1026 412 ille
1054 375 1180 411 relicta
1200 377 1228 409 A
1245 388 1357 422 saper
1374 388 1444 416 me,
1460 376 1526 410 sed
1537 387 1724 423 supervos
1741 378 1843 421 ipsus
1852 368 2069 417 flete,filiae
2083 365 2234 399 lentsa-

194 438 352 477 sindone
372 439 496 475 nudus
515 438 704 488 profugit?
730 440 774 473 Et
793 446 916 473 tamen
946 438 1059 486 frigus
1083 442 1177 479 erat,

194 499 282 547 quia
301 498 422 536 stabat
442 503 587 543 Petrus,
610 507 647 535 et
668 496 907 534 calefaciebat
923 510 973 533 se.
993 495 1179 544 Magnitu-

194 558 243 594 do
264 559 421 608 periculi
441 571 637 602 somnum,
659 565 696 593 et
724 557 853 605 frigus,
876 564 913 592 et
933 556 1065 592 famem
1094 553 1179 589 facit

193 616 378 654 oblivisci.
396 617 540 666 Evigila
561 615 730 660 tandem,
754 613 975 651 miserabilis
994 614 1131 657 anima,
1149 612 1178 647 si

195 690 270 713 non
287 690 435 722 amore,
457 677 587 713 saltem
614 676 759 711 timore.
789 674 916 723 Cogita
936 674 1063 709 saltem
1089 685 1178 708 cru-

193 736 330 772 ciatum
346 764 356 781 ,
378 748 488 785 quem
512 734 589 783 jam
609 746 765 783 passura
792 746 831 769 es
860 733 897 768 in
920 740 1052 768 morte.
1072 734 1180 768 Certe

194 796 296 831 nulla
307 808 399 832 crux
417 794 550 830 durior
560 801 615 829 est
628 806 739 842 quam
754 805 866 829 mors.
878 795 993 836 Mors,
1010 792 1178 840 inquam,

194 855 274 903 ipsa
300 862 357 890 est
376 853 574 889 durissima
595 865 710 897 crux,
733 865 816 901 quae
845 851 910 888 tibi
939 859 1114 901 paratur,
1137 850 1183 886 ad

193 926 306 961 quam
324 912 493 961 quotidie
511 920 550 947 tu
568 911 733 955 festinas,
749 919 786 947 et
803 923 880 947 non
899 910 1071 946 attendis.
1090 909 1183 947 Vide

192 971 386 1020 quomodo
415 979 450 1007 te
475 984 578 1007 mors
604 970 799 1020 crucifigit.
833 973 980 1019 Corpus
1013 970 1181 1018 rigescit,

191 1043 304 1067 crura
319 1029 600 1074 distenduntur,
616 1041 750 1065 manus
763 1037 799 1065 et
816 1028 966 1065 brachia
985 1027 1180 1073 decidunt,

1247 435 1316 468 lem
1331 434 1358 467 4-
1392 437 1520 470 Vester
1539 433 1600 469 ille
1623 432 1731 468 dolor
1752 443 1864 480 quem
1887 426 2069 467 transitis,
2097 430 2132 458 et
2157 430 2233 456 non

1246 492 1457 537 attenditis,
1479 492 1594 541 magis
1610 499 1665 527 est
1685 489 1830 527 flendus
1849 500 1962 537 quam
1986 483 2094 521 dolor
2111 490 2229 517 meus.

1243 555 1403 600 Propter
1429 551 1549 587 scelus
1580 550 1680 586 enim
1708 556 1877 585 vestrum
1907 553 2106 595 percussus
2135 549 2230 574 sum.

1244 613 1331 646 flaec
1349 609 1456 646 nobis
1472 610 1517 646 de
1531 622 1641 646 cruce
1663 617 1725 645 tua
1744 608 1894 652 clamas,
1911 620 1933 641 o
1951 603 2111 651 benigne
2126 602 2229 638 Jesu,

1245 678 1282 706 et
1306 670 1333 706 si
1367 683 1443 705 non
1471 668 1615 715 verbis,
1644 677 1767 704 tamen
1789 668 1870 716 ipsa
1891 678 1942 701 re.
1961 661 2061 710 Quid
2085 658 2151 695 tibi
2171 668 2235 692 re-

1248 728 1476 778 spondeam,
1495 727 1587 777 quid
1616 728 1768 776 loquar,
1787 734 1850 762 aut
1881 723 1971 773 quid
2006 714 2236 757 retribuam?

1247 788 1382 825 Fecisti
1401 801 1490 837 ergo
1518 787 1564 824 de
1593 798 1753 835 corpore
1785 794 1848 821 tuo
1877 781 2071 833 speculum
2103 776 2235 813 animae

1250 861 1353 884 meae.
1385 846 1603 884 Nesciebam
1633 844 1898 887 contumelias,
1929 849 1965 877 et
2000 848 2174 878 terr0re5‚
2201 840 2238 867 et

1249 908 1547 958 colaphizantem
1567 919 1625 942 me
1649 906 1874 942 incessanter
1894 910 2078 943 satanam,
2099 895 2168 932 nisi
2188 892 2240 927 vi-

1250 967 1377 1004 derem
1409 975 1527 1003 artem
1560 965 1754 1002 medicinae
1788 972 1859 1000 tuae
1894 961 2027 997 similia
2055 952 2238 994 similibus

1250 1035 1462 1070 curantem,
1482 1035 1520 1062 et
1546 1025 1762 1075 appendere
1783 1024 1820 1059 in
1842 1031 1999 1065 statera,
2020 1018 2107 1054 hinc
2133 1013 2236 1050 cala-

194 1098 322 1139 pectus
350 1089 522 1135 anhelat,
553 1089 678 1125 cervix
710 1089 940 1136 languescit,
964 1087 1060 1124 labia
1092 1100 1181 1136 spu-
1203 1087 1228 1119 B
1252 1087 1416 1123 mitatem
1448 1095 1573 1131 tuam,
1602 1085 1705 1120 illinc
1732 1082 1966 1131 iniquitatem
1997 1089 2129 1113 meam.
2161 1077 2239 1109 De-

193 1158 310 1194 mant,
332 1149 432 1185 oculi
459 1156 700 1198 stupescunt,
730 1148 840 1183 facies
862 1147 1037 1192 exsudat,
1057 1147 1184 1182 vultus

194 1208 387 1252 horrescit,
409 1216 447 1244 et
467 1207 570 1243 velut
591 1215 682 1243 testa
704 1206 974 1255 pallescit:ista
993 1219 1084 1242 crux
1103 1219 1184 1241 ma-

194 1276 257 1303 net
284 1276 330 1303 te.
360 1267 493 1304 Nescio
527 1276 652 1302 utrum
682 1268 720 1301 in
748 1265 885 1301 lectulo
914 1266 1038 1309 molli,
1069 1278 1114 1301 an
1145 1265 1182 1300 in

190 1340 302 1364 cruce
330 1326 448 1376 rigida
472 1326 624 1363 suavius
645 1325 846 1371 moriatur,
877 1325 945 1361 nisi
966 1325 1070 1374 quod
1091 1338 1184 1361 crux

191 1387 301 1422 citius
320 1385 492 1422 dolorem
513 1385 682 1422 abscidit.
701 1388 793 1432 Quae
822 1384 992 1421 videmus
1012 1394 1050 1420 et
1071 1385 1183 1421 senti-

193 1458 276 1481 mus
295 1445 392 1481 levia
407 1453 496 1481 sunt
511 1444 557 1480 ad
573 1457 615 1480 ca
635 1457 719 1492 quae
739 1445 838 1479 intus
855 1444 979 1479 anima
994 1443 1071 1493 jam
1087 1457 1184 1493 prae-

192 1513 328 1553 gustat.
366 1508 458 1541 Nam
491 1516 621 1540 sensus
652 1518 672 1539 a
715 1516 875 1552 corpore
909 1503 982 1538 cito
1017 1503 1156 1540 recedit
1175 1518 1182 1539 ε

191 1565 354 1600 animam
376 1577 440 1601 sua
461 1577 561 1600 mors
582 1576 731 1612 semper
747 1564 959 1599 comitatur.

547 1696 722 1735 CAPL‘T
754 1697 826 1734 ΙΙΙ.

291 1814 337 1842 De
356 1811 516 1842 hominum
538 1811 651 1842 duritia
674 1822 744 1852 erga
767 1811 880 1842 Christi
903 1811 1086 1852 passionem.

243 1925 282 1959 6.
319 1924 406 1959 Cum
438 1923 673 1959 atnbularmlt
701 1927 903 1966 (ml'malia,
938 1922 1185 1958 ambulabant

189 1988 336 2031 pariter
353 1993 389 2018 et
408 1992 500 2018 rotoe
511 1988 626 2029 juoeta
647 1998 689 2018 ca
704 1990 725 2018 ¹.
753 1983 790 2019 Si
815 1983 889 2018 vita
919 1990 1043 2018 nostra
1068 1982 1184 2030 proli-

192 2051 313 2086 ceret,
334 2050 415 2079 rota
437 2051 576 2079 sanctae
605 2043 806 2092 Scriptura?
826 2041 1019 2077 nobiscum
1046 2041 1184 2090 pariter

193 2101 403 2138 ambularet
425 2117 431 2138 ε
456 2102 520 2138 sed
541 2103 627 2152 quia
648 2115 716 2152 per
740 2101 895 2151 paludes
916 2110 952 2137 et
974 2114 1061 2136 saxa
1081 2100 1184 2149 pedi-

193 2160 264 2197 bus
287 2170 419 2198 euntes
449 2161 691 2207 offendimus,
713 2162 773 2198 vix
803 2170 894 2198 rotae
922 2174 991 2197 nos
1017 2173 1183 2209 sequun-

194 2229 265 2256 tur.
287 2221 411 2257 Passio
432 2221 583 2258 Domini
600 2220 823 2266 celebratur,
846 2229 883 2257 et
903 2233 972 2256 nos
998 2219 1184 2268 voluptati

195 2293 351 2329 operam
375 2280 519 2317 damus.
541 2281 685 2317 Clamat
706 2280 815 2317 nobis
837 2280 883 2316 de
906 2293 1034 2324 cruce,
1060 2282 1092 2314 ζ)
1122 2292 1186 2313 vos

194 2353 320 2374 omnes
336 2345 402 2387 qai
420 2343 584 2375 transitis
595 2354 668 2388 per
683 2345 801 2382 vlam,
822 2341 1015 2382 attendite,
1032 2348 1069 2373 et
1084 2340 1185 2374 ‘olde-

192 2408 226 2434 te
250 2403 283 2434 si
306 2407 359 2433 est
380 2400 487 2434 dolor
507 2403 603 2435 sicut
626 2401 731 2434 dulor
757 2405 903 2443 meus²3
930 2407 967 2434 et
992 2410 1104 2434 nemo
1130 2405 1186 2433 est

192 2458 258 2507 qui
275 2458 422 2503 audiat,
441 2471 553 2494 nemo
573 2458 636 2507 qui
663 2457 894 2502 consoletur,
917 2469 1028 2493 nemo
1047 2456 1111 2505 qui
1131 2469 1186 2491 re-

192 2517 389 2567 spondeat.
404 2519 509 2561 Sitia,
524 2516 681 2566 inquit3.
698 2517 875 2561 Domine,
893 2516 984 2566 quid
1003 2517 1105 2552 sitis?
1122 2519 1186 2551 Er-

193 2589 290 2624 gone
308 2584 343 2612 te
363 2577 448 2625 plus
466 2577 605 2612 cruciat
627 2577 719 2622 sitis,
735 2589 846 2625 quam
867 2577 982 2612 crux?
1004 2578 1058 2611 De
1077 2588 1186 2611 cruce

1251 1146 1335 1182 disti
1351 1158 1491 1194 corpus
1512 1152 1616 1180 tuum
1639 1139 1960 1192 percutientibus,
1979 1145 2015 1172 et
2032 1146 2144 1184 genas
2162 1141 2243 1167 tuas

1251 1205 1500 1249 vellentibus3
1531 1203 1659 1240 faciem
1687 1210 1788 1237 tuam
1813 1211 1890 1235 non
1915 1202 2081 1233 avertisti
2107 1206 2126 1228 a
2149 1203 2241 1227 con—

1251 1264 1473 1316 spuentibus
1497 1264 1534 1300 in
1560 1272 1608 1308 te,
1622 1270 1663 1298 ut
1687 1261 1803 1310 alapae
1828 1268 1901 1295 tuae
1923 1258 2048 1305 alapas
2063 1264 2163 1289 meas
2189 1263 2241 1285 re-

1251 1333 1446 1370 moveant,
1465 1332 1502 1360 et
1527 1322 1670 1371 flagella
1693 1319 1848 1371 flagellis
1866 1318 2087 1367 expientur,
2111 1319 2146 1347 et
2166 1322 2238 1358 op-

1249 1384 1404 1433 probria
1430 1381 1744 1432 exprobrantium
1770 1392 1854 1429 quae
1884 1375 2102 1413 ecciderunt
2131 1381 2243 1419 super

1251 1452 1297 1489 te,
1307 1444 1478 1480 auferant
1489 1456 1509 1478 a
1527 1454 1584 1478 me
1594 1439 1845 1491 opprobrium
1859 1436 2144 1485 sempiternum.
2159 1434 2244 1467 llaec

1251 1512 1339 1540 sunt
1361 1503 1578 1539 linteamina
1607 1499 1853 1537 mundissima
1885 1495 2006 1532 carnis
2034 1501 2104 1529 tuae
2121 1519 2130 1535 ,
2152 1489 2242 1538 qui-

1252 1562 1322 1598 bus
1337 1562 1493 1598 vulnera
1512 1573 1593 1597 mea
1617 1558 1789 1607 alligasti,
1809 1572 1831 1593 0
1850 1554 2079 1593 Samaritano
2103 1548 2245 1586 miscri-

1250 1635 1334 1658 cors
1348 1650 1357 1665 ,
1382 1630 1423 1658 ut
1438 1621 1654 1670 imponeres
1677 1631 1734 1655 me
1763 1616 2102 1665 superjumentum
2122 1618 2245 1649 tuum,

1251 1690 1287 1717 et
1305 1681 1532 1731 perduceres
1557 1680 1592 1715 in
1615 1678 1802 1715 stabulum
1827 1692 1833 1712 :
1857 1674 2035 1723 quoniam
2059 1682 2146 1706 vere
2164 1669 2244 1704 lan-

1251 1754 1388 1790 guores
1413 1748 1562 1776 nostros
1582 1739 1661 1787 ipse
1689 1736 1828 1780 tulisti,
1858 1744 1893 1771 et
1918 1734 2067 1769 dolores
2096 1737 2243 1765 nostros

1258 1802 1336 1850 ipse
1353 1799 1531 1850 portasti,
1549 1797 1656 1846 cujus
1675 1797 1792 1832 livore
1810 1794 1926 1831 sanati
1945 1804 2086 1828 sumus.

1604 1948 1779 1988 CAPUT
1811 1947 1884 1986 IV.

1357 2085 1401 2113 De
1422 2081 1536 2113 Christi
1551 2078 1794 2121 colaphizatione
1812 2083 1840 2108 et
1864 2080 1945 2107 Petri
1966 2076 2137 2116 negatione.

1307 2216 1338 2251 7.
1363 2218 1404 2252 In
1424 2214 1538 2250 domo
1555 2226 1644 2261 ergo
1665 2211 1851 2260 Principis
1869 2208 2105 2246 sacerdotum
2123 2207 2243 2241 velata

1252 2274 1343 2310 faeie
1361 2272 1617 2322 colaphizatur
1637 2271 1804 2308 Christus
1823 2284 1830 2304 ε
1849 2269 1935 2317 quia
1962 2268 1998 2302 in
2019 2266 2133 2302 domo
2152 2277 2242 2300 eon-

1251 2333 1416 2371 scientiae
1432 2340 1567 2368 caecata
1587 2339 1712 2367 mente
1732 2328 1987 2377 colaphizatur
2004 2325 2240 2361 christianus.

1251 2393 1361 2441 Quod
1376 2392 1476 2428 enim
1498 2391 1666 2429 Christus
1692 2390 1728 2425 in
1749 2387 1922 2438 publico,
1954 2399 2023 2434 ego
2054 2384 2178 2434 patior
2207 2384 2242 2418 in

1252 2453 1423 2497 occulto;
1442 2460 1477 2487 et
1505 2450 1607 2499 quod
1628 2450 1688 2486 ille
1721 2449 1809 2484 soris
1826 2462 1845 2483 a
1872 2446 2052 2482 ministris
2079 2445 2243 2493 Caiphae.

1252 2526 1321 2561 ego
1336 2513 1435 2548 intus
1449 2524 1469 2547 a
1483 2509 1659 2559 nequitiis
1675 2517 1813 2545 satanae
1832 2522 1838 2542 :
1859 2507 1945 2556 quia
1962 2518 2075 2553 supra
2091 2503 2243 2540 dorsum

1254 2585 1377 2608 meum
1413 2570 1691 2607 fabricaverunt
1725 2575 1940 2617 peccatores
1953 2594 1961 2610 ,
1992 2564 2121 2599 faeiem
2157 2564 2246 2599 mihi

194 2635 301 2680 siles,
331 2644 368 2671 et
393 2635 440 2671 de
465 2636 524 2671 siti
548 2636 696 2672 clamas.
724 2639 828 2672 Sitia.
861 2635 984 2682 Quid?
1014 2639 1182 2670 Vestram
1207 2637 1235 2670 D
1254 2632 1489 2674 velaverunt,
1508 2629 1635 2665 faciem
1656 2640 1775 2663 meam
1795 2627 1831 2662 in
1853 2634 1949 2661 terra
1968 2624 2192 2666 defixerunt,
2210 2633 2245 2658 et

195 2695 306 2731 {idem
322 2723 330 2739 ,
365 2704 526 2731 vestram
566 2696 746 2740 salutem,
780 2705 947 2733 vestrum
984 2695 1185 2743 gaudium3

196 2755 280 2804 plus
301 2754 510 2790 animarum
534 2763 741 2791 vestrarum
757 2783 766 2799 ,
787 2768 900 2804 quam
917 2754 1087 2804 corporis
1115 2755 1186 2790 mei

195 2812 380 2849 cruciatus
402 2826 461 2849 me
491 2820 605 2849 tenet.
632 2816 672 2849 O·
687 2826 753 2848 vos
773 2827 900 2849 omnes
921 2818 986 2861 qui
1004 2818 1185 2857 transitis,

195 2873 386 2913 attendite,
411 2879 444 2905 et
462 2872 588 2907 videte
601 2875 632 2906 si
648 2880 701 2906 est
718 2873 824 2906 dolor
836 2876 929 2906 sicat
948 2873 1055 2906 dolor
1074 2883 1185 2906 meus.

195 2929 387 2965 Attendite
402 2928 571 2965 dolorem
591 2943 730 2974 meum,
754 2938 793 2966 ut
814 2930 851 2965 in
870 2929 1002 2965 dolore
1023 2942 1106 2965 meo
1129 2929 1187 2965 vi-

195 2987 313 3024 ‹leatis
342 2987 513 3025 dolorem
552 2997 729 3025 vestrum.
765 2990 884 3026 Dolor
923 3002 1028 3025 meus
1064 2989 1187 3038 imago

196 3047 310 3082 vestri
339 3046 480 3083 doloris
503 3056 571 3084 est.
605 3048 716 3096 Quod
743 3048 935 3084 attenditis
962 3048 999 3084 in
1026 3060 1188 3097 corpore

198 3119 297 3151 meo,
313 3106 510 3152 attendite,
526 3116 562 3143 et
583 3108 703 3143 videto
719 3108 746 3144 si
766 3108 897 3144 similis
915 3107 1025 3143 ‹lolor
1042 3120 1117 3142 non
1134 3115 1189 3142 est

197 3166 235 3202 in
256 3165 370 3201 corde
398 3175 538 3202 vestro.
561 3167 741 3203 Transitis
764 3181 783 3203 a
810 3166 917 3202 vobis
943 3166 988 3202 ad
1020 3179 1077 3201 me
1099 3180 1106 3200 :
1130 3178 1189 3201 re-

199 3226 352 3262 transite
369 3240 389 3262 a
410 3227 521 3263 mein
539 3240 619 3273 vos,
639 3238 676 3263 et
696 3227 819 3264 videte
839 3227 866 3263 si
893 3235 1039 3262 nonest
1061 3226 1189 3262 similis

264 3350 400 3380 ¹1³⁷ech.
418 3362 446 3386 ι,
474 3355 522 3382 19.
543 3370 577 3373 -ν
604 3358 613 3373 ²
634 3351 749 3382 Thrvn.
767 3363 798 3388 ι,
821 3356 869 3383 17.
892 3372 896 3373 ν

959 3350 1069 3382 filoan.
1093 3363 1149 3381 xix
1161 3376 1167 3386 ‚
1197 3354 1248 3381 78.

1253 2690 1406 2726 dorsum
1427 2701 1550 2724 meum
1568 2686 1740 2722 incudem
1759 2698 1861 2721 suam
1883 2684 2064 2723 fecerunt,
2083 2691 2119 2718 et
2132 2696 2245 2731 super

1253 2750 1406 2785 dorsum
1435 2760 1557 2783 meum
1589 2745 1878 2781 fabricaverunt.
1903 2742 1974 2778 Sed
1997 2741 2120 2777 adhuc
2150 2743 2247 2778 intra

1254 2809 1408 2845 domum
1425 2807 1637 2849 contineor,
1654 2804 1716 2840 ubi
1733 2804 1857 2853 puella
1871 2811 1906 2837 et
1923 2802 2096 2841 mori-tur,
2111 2810 2146 2836 ct
2164 2815 2244 2837 sus-

1254 2869 1401 2905 citatur.
1420 2870 1512 2903 Nam
1527 2873 1565 2900 et
1581 2863 1718 2900 ibidem
1742 2866 1873 2899 Petrus
1895 2860 2054 2908 negavit.
2079 2861 2241 2900 Olmnm,

1252 2942 1326 2963 uon
1343 2925 1461 2962 5111115.
1495 2924 1693 2961 Hominem
1715 2921 1890 2965 attendo,
1916 2933 1991 2955 non
2012 2923 2154 2964 Deum;
2177 2920 2244 2955 ho-

1255 2987 1392 3023 minem
1412 2985 1537 3028 timeo,
1555 2997 1631 3019 non
1647 2986 1781 3025 Deum,
1799 2980 1907 3028 cujus
1925 2981 2117 3015 veritam..
2136 2992 2171 3014 ru
2185 2992 2244 3027 go.

1255 3049 1386 3082 Nonne
1407 3042 1473 3079 tibi
1502 3046 1630 3079 Petrus
1652 3041 1688 3077 in
1713 3041 1768 3077 his
1790 3040 1914 3077 verbis
1935 3039 2092 3074 velatam
2114 3037 2243 3074 facicm

1255 3103 1427 3140 habuisse
1454 3102 1624 3138 videtur?
1653 3101 1753 3137 unde
1783 3109 1819 3136 et
1850 3100 1961 3135 tertio
1992 3097 2245 3146 colaphizatus

1254 3173 1322 3207 est,
1338 3164 1424 3212 quia
1446 3163 1555 3199 tertio
1574 3161 1733 3211 negavit.
1754 3164 1798 3197 l-:t
1818 3160 1953 3196 Paulus
1970 3158 2081 3194 tertio
2103 3158 2244 3205 rogavit

1257 3228 1392 3266 hrum,
1410 3232 1448 3259 ut
1463 3223 1623 3259 auferret
1639 3235 1658 3257 a
1675 3234 1713 3256 se
1729 3220 1902 3270 angelum
1919 3226 2068 3254 suanm.
2084 3217 2145 3264 qui
2162 3230 2245 3251 cum

1325 3354 1336 3374 ·¹
1356 3354 1426 3380 lue.
1448 3360 1531 3378 xxiii
1547 3372 1554 3384 ,
1579 3350 1631 3378 1‘8.
1657 3365 1690 3369 -—
1708 3344 1719 3367 5
1738 3349 1808 3376 Luc.
1829 3356 1920 3381 xxii,
1944 3346 1981 3371 Ius
