2418 3949
678 242 1001 300 AELREDI
1046 246 1356 302 ABBATtS
1399 251 1791 308 RIEVALLIS

986 410 1470 482 TRACTATUS

413 585 555 666 DE
618 583 884 669 JESU
961 583 1340 670 PUERO
1413 587 2056 678 DUODENNF.

199 940 234 967 In
258 938 460 980 Evangelium
478 938 606 970 Domini
626 939 704 970 infra
727 946 868 971 octavam
889 941 1094 984 Epiplianiae,
1119 943 1194 973 Cum
1205 941 1392 982 ⁵⁷⁷sentis,
1421 949 1543 992 Tunc,
1571 955 1612 983 ut
1642 948 1794 984 videtur
1822 950 1930 993 mihi,
1960 951 2093 988 intimo
2122 953 2258 989 clamas

241 990 345 1029 sactus
367 998 445 1022 esset
461 995 550 1022 Iesus
579 1003 734 1022 annorum
752 992 924 1024 duodecim.
953 997 1029 1025 Luc.
1050 1005 1121 1036 cap.
1148 1007 1193 1033 ιι,
1213 1007 1244 1039 A
1262 1003 1398 1040 afsvctu
1418 1019 1425 1039 :
1446 1007 1477 1041 O
1501 1004 1620 1041 dulcis
1644 1009 1764 1051 pum-3
1787 1007 1851 1043 ubi
1878 1011 1986 1045 eras?
2007 1009 2071 1046 ubi
2097 1011 2260 1047 latebas?

242 1043 282 1081 ἐν.
307 1048 361 1076 42,

255 1114 285 1149 l.
303 1113 400 1149 Petis
413 1126 434 1149 a
456 1126 514 1149 me
527 1142 537 1159 ,
555 1113 605 1149 [ili
622 1113 857 1158 charissime,
875 1122 1060 1163 quatenus
1078 1128 1123 1150 ex
1142 1115 1196 1151 le-

195 1173 321 1208 ctione
335 1173 565 1222 evangelica,
587 1185 660 1220 qua
680 1172 894 1208 duodennis
909 1174 1018 1222 pueri
1033 1178 1121 1211 Jesu
1136 1187 1192 1223 ge-

193 1239 251 1267 sta
270 1240 484 1275 narrantur,
513 1231 635 1280 aliqua
651 1231 722 1280 piae
748 1231 1003 1268 meditationis
1019 1241 1057 1267 et
1076 1233 1195 1269 sancti

195 1291 333 1327 amoris
358 1291 501 1327 eliciam
526 1291 691 1333 semina,
714 1298 751 1326 et
776 1291 954 1340 sportulis
983 1292 1193 1328 litterarum

194 1349 462 1385 commendans
494 1348 560 1385 tibi
587 1347 799 1397 colligenda
828 1349 1089 1385 transmittam.
1111 1350 1194 1386 Ad—

194 1408 268 1444 liuc
298 1409 452 1444 nuntius
485 1409 554 1444 ista
585 1407 831 1456 loquebatur;
853 1415 890 1442 et
915 1420 1001 1443 ecce
1029 1408 1128 1444 sensi
1155 1409 1193 1444 in

193 1467 285 1516 ipsis
302 1467 477 1503 medullis
491 1466 616 1503 cordis
637 1466 729 1511 mei,
745 1479 790 1501 ex
813 1474 956 1514 quanto
969 1494 978 1511 ,
996 1479 1041 1502 ex
1065 1467 1190 1515 quali,

192 1538 238 1560 cx
259 1539 371 1574 quam
392 1526 560 1570 ardenti,
583 1539 628 1561 ex
652 1538 764 1574 quam
787 1524 887 1560 dulci
906 1533 967 1560 tua
988 1525 1024 1561 id
1047 1529 1193 1562 Frater-

191 1585 289 1621 nitas
306 1585 457 1635 petebat
477 1586 613 1622 affectu
632 1599 639 1621 :
662 1598 745 1621 cum
767 1584 892 1621 subito
914 1585 1004 1620 milii
1025 1586 1128 1621 venit
1153 1586 1191 1622 in

193 1653 357 1681 mentem
377 1644 443 1681 ubi
463 1644 668 1694 aliquando
690 1643 848 1689 snerim,
869 1643 961 1691 quid
984 1645 1162 1680 senserim
1179 1675 1188 1692 ,

1263 1065 1346 1109 Quo
1370 1063 1533 1100 utebaris
1561 1065 1749 1114 bospitio?
1778 1079 1854 1114 quo
1884 1067 2068 1104 fruebaris
2101 1083 2258 1106 consor—

1263 1121 1314 1156 tio
1332 1121 1346 1155 P
1365 1125 1500 1158 'Utrum
1521 1123 1556 1157 in
1576 1124 1695 1158 coelo?
1713 1132 1837 1159 utrum
1857 1126 1893 1160 in
1914 1130 2038 1163 terra?
2055 1132 2113 1164 An
2132 1129 2167 1163 in
2188 1129 2259 1164 do-

1262 1192 1324 1215 mo
1353 1180 1478 1229 aliqua
1504 1181 1654 1217 interim
1687 1182 1894 1219 morabaris
1909 1212 1917 1228 ,
1953 1186 2010 1220 vel
2043 1195 2142 1222 certe
2174 1200 2259 1222 cum

1261 1239 1448 1288 aliquibus
1470 1249 1542 1276 tuae
1570 1250 1659 1277 tnnc
1680 1242 1798 1278 zetatis
1818 1244 1986 1292 puerulis
2005 1254 2148 1281 secreto
2175 1247 2260 1281 loco

1261 1299 1485 1345 consistens,
1515 1301 1566 1336 eis
1594 1310 1825 1337 secretorum
1853 1304 2029 1350 mysteria
2052 1304 2261 1353 profunde-

1260 1355 1326 1393 bas
1346 1359 1553 1394 secundum
1573 1368 1672 1395 tuam
1691 1360 1727 1395 in
1746 1362 1950 1409 Evangelio
1968 1376 2099 1399 vocem
2118 1379 2124 1399 :
2142 1366 2260 1400 Sinite

1256 1421 1431 1464 parvulos
1448 1424 1574 1453 venire
1589 1421 1644 1454 ad
1657 1434 1727 1463 me,
1746 1429 1781 1454 et
1795 1424 1911 1456 nolite
1922 1423 2119 1469 prohibere
2135 1427 2216 1459 Illos
2231 1427 2259 1460 ¹?

1260 1477 1417 1521 Felices,
1447 1477 1475 1513 si
1505 1478 1567 1526 qui
1598 1479 1749 1514 fuerunt
1776 1480 1850 1525 illi,
1878 1480 2015 1529 quibus
2047 1490 2099 1517 tot
2125 1481 2258 1518 (liebus

1260 1544 1333 1571 tam
1359 1536 1590 1573 familiariter
1613 1546 1712 1573 tuam
1740 1540 1975 1587 praesentiam
2005 1540 2203 1577 indulsisti.

1311 1595 1345 1631 2.
1365 1595 1435 1632 Sed
1451 1595 1541 1643 quid
1559 1604 1613 1631 cst
1626 1624 1635 1641 ,
1653 1597 1701 1632 mi
1720 1596 1836 1633 dulcis
1857 1599 2038 1644 Domine,
2057 1600 2159 1648 quod
2177 1614 2256 1636 san-

1257 1654 1429 1690 ctissimae
1464 1655 1572 1691 Matri
1601 1663 1673 1691 tuae
1703 1658 1908 1704 quaerenti,
1939 1659 2100 1702 dolenti,
2133 1661 2256 1709 suspi-

187 1702 281 1752 quid
300 1703 336 1739 in
355 1717 414 1740 me
434 1704 515 1753 ipso
533 1704 749 1753 evangeliea
772 1701 888 1738 verba
910 1715 1186 1752 nonnunquam
1210 1712 1236 1745 B
1259 1713 1355 1748 ranti
1383 1725 1459 1748 non
1491 1713 1807 1762 compatiebaris?
1827 1717 1999 1765 Denique
2027 1718 2106 1767 ipsa
2127 1727 2163 1753 et
2190 1731 2256 1767 pa-

188 1762 353 1811 egerint,
375 1764 433 1799 vel
455 1776 538 1799 cum
558 1764 786 1813 legerentur,
808 1762 868 1797 vel
888 1774 973 1797 cum
995 1771 1190 1799 cantaren-

189 1829 262 1857 tur.
280 1822 442 1871 Respexi
463 1823 587 1867 miser,
607 1822 773 1871 respexi,
794 1829 831 1857 et
851 1821 927 1857 vidi
948 1834 1059 1869 quam
1078 1822 1189 1871 longe

187 1888 273 1929 post
291 1889 434 1930 tergum
460 1894 584 1917 meum
612 1882 674 1917 illa
699 1881 827 1917 suavia
852 1888 887 1916 et
905 1879 1071 1928 jucunda
1096 1881 1184 1916 reli-

184 1940 331 1988 querim
351 1956 358 1977 :
381 1954 493 1990 quam
513 1942 624 1989 longe
651 1941 697 1976 ab
720 1941 776 1976 liis
799 1939 940 1976 deliciis
966 1941 1185 1988 occupatio-

184 2011 274 2034 num
296 2008 333 2036 et
357 2000 651 2036 sollicitudinum
683 2013 741 2035 me
769 2000 876 2035 funes
902 1998 1179 2045 abstraxerint3

183 2056 278 2093 adeo
304 2066 343 2093 ut
363 2071 447 2107 quae
467 2067 556 2094 tnnc
579 2067 731 2107 tangere
758 2056 910 2093 nolebat
936 2057 1059 2092 anima
1077 2071 1178 2104 mea,

184 2127 286 2151 nunc
303 2129 383 2165 prae
401 2117 571 2165 angustia
591 2116 665 2153 eibi
687 2117 758 2152 mei
780 2117 863 2152 sint.
894 2120 982 2152 Haec
1004 2117 1181 2153 recorda—

181 2182 242 2210 tus
261 2188 342 2212 sum
357 2205 366 2222 ,
394 2185 431 2212 et
452 2176 570 2213 effudi
596 2177 634 2213 in
659 2189 717 2212 me
739 2177 902 2212 animam
926 2189 1070 2221 meam;
1095 2190 1180 2213 cum

181 2234 316 2271 emissa
335 2235 380 2271 ad
402 2248 461 2272 me
480 2248 613 2272 manus
629 2235 782 2272 Domini
806 2235 926 2283 tetigit
946 2248 1012 2271 cor
1032 2248 1178 2281 meum,

179 2300 217 2327 et
237 2295 346 2330 unxit
369 2295 462 2331 illud
485 2295 662 2331 unctione
683 2294 948 2331 misericordiae
970 2307 1058 2330 suae.
1088 2297 1177 2332 Cer-

179 2354 238 2389 nis
258 2354 294 2390 in
319 2355 400 2404 ipso
419 2355 671 2404 inquisitionis
698 2363 771 2391 tuae
792 2353 924 2398 modo,
947 2354 1038 2402 quid
1060 2355 1175 2391 lunii-

178 2412 253 2458 nis,
274 2413 365 2461 quid
379 2413 592 2462 splendoris
610 2422 695 2449 tuus
709 2413 800 2449 mihi
814 2413 990 2448 scintillat
1005 2413 1174 2459 affectus,

1257 1779 1314 1807 ter
1330 1780 1414 1808 tuus
1430 1772 1600 1809 dolentes
1614 1774 1835 1822 quaerebant
1854 1784 1899 1811 te.
1917 1780 1998 1812 Imo
2017 1785 2054 1813 tn
2067 1806 2075 1820 ,
2092 1779 2254 1814 Domina

1256 1844 1336 1867 mea
1359 1831 1590 1878 dulcissima,
1613 1846 1681 1868 cur
1709 1837 1871 1870 Puerum
1893 1835 2109 1884 quaerebas,
2135 1851 2245 1886 quem

1254 1892 1374 1926 Deum
1402 1904 1482 1927 esse
1512 1904 1587 1927 non
1613 1892 1835 1940 ignorabas?
1858 1898 1913 1930 An
1945 1908 1990 1931 ne
2017 1896 2248 1932 cruciaretur

1252 1949 1348 1985 fame
1361 1979 1370 1994 ,
1393 1963 1439 1986 ne
1460 1951 1596 1999 frigore
1614 1961 1835 1998 vexaretur,
1856 1967 1902 1990 ne
1921 1954 1967 1990 ab
1987 1956 2059 1991 alio
2077 1956 2246 2004 quolibet

1250 2009 1366 2044 aetatis
1378 2022 1453 2045 suae
1466 2023 1586 2059 puero
1603 2010 1862 2059 injuriaretur,
1884 2013 2135 2050 formidabas?
2147 2019 2245 2051 Non-

1249 2079 1294 2102 ne
1317 2067 1394 2116 ipse
1414 2069 1550 2116 estqui
1570 2070 1683 2117 pascit
1701 2071 1848 2115 omnia,
1870 2072 1996 2107 onmia
2019 2073 2160 2118 nutrit;
2179 2074 2243 2122 qui

1249 2126 1390 2163 foenum
1409 2128 1486 2176 agri
1504 2128 1606 2177 qnod
1623 2128 1734 2165 bodie
1752 2138 1829 2175 est,
1848 2139 1884 2166 et
1902 2145 1982 2167 cras
1999 2132 2034 2167 in
2052 2131 2240 2169 clibanum

1247 2187 1425 2232 mittitur,
1447 2188 1645 2236 gloriosius
1667 2190 1868 2226 Salomone
1891 2192 2001 2227 vestit
2021 2200 2057 2227 et
2080 2201 2190 2227 ornat
2206 2195 2242 2228 ²?

1246 2246 1343 2293 Quin
1364 2247 1507 2295 potius,
1527 2248 1688 2284 Domina
1706 2262 1799 2294 mea,
1817 2248 1829 2298 (
1846 2262 1936 2297 pace
1953 2258 2014 2285 tua
2031 2249 2112 2285 dico
2128 2249 2139 2298 J
2158 2250 2242 2285 dul-

1244 2305 1433 2340 cissimum
1455 2306 1587 2342 Filium
1617 2315 1721 2342 tuum
1749 2321 1816 2343 cur
1838 2316 1909 2343 tam
1934 2309 2038 2344 facile
2062 2309 2238 2353 amisisti;

1244 2371 1317 2398 tam
1347 2363 1535 2400 incuriose
1562 2364 1780 2410 custodisti,
1805 2373 1877 2401 tam
1909 2379 2014 2410 sero,
2041 2367 2142 2415 quod
2176 2367 2243 2402 de-

1241 2430 1340 2466 erat,
1368 2422 1694 2459 animadvertisti?
1718 2425 1871 2461 Utinam
1893 2433 1929 2460 ct
1948 2426 2037 2460 mihi
2057 2426 2240 2474 inspirare

177 2483 262 2508 cum
281 2473 463 2510 insinuari
486 2473 550 2510 tibi
576 2474 781 2523 flagitares,
808 2485 903 2522 puer
923 2476 1032 2509 Jesus
1053 2473 1177 2511 triduo
1194 2480 1221 2515 C
1242 2479 1462 2528 dignaretur
1481 2482 1558 2530 ipse
1585 2486 1714 2526 Jesus,
1740 2484 1832 2532 quid
1864 2483 1933 2520 sibi
1957 2485 2008 2520 sie
2029 2486 2211 2533 qurerenti
2231 2515 2239 2529 ,

177 2531 241 2568 illo
264 2546 341 2581 quo
368 2533 608 2582 quaerebatur
635 2546 653 2569 a
679 2536 820 2576 Matre,
844 2530 910 2567 ubi
937 2531 1068 2577 fuerit;
1099 2545 1175 2581 quo

176 2591 222 2627 sit
246 2604 334 2628 usus
356 2592 541 2641 hospiti0;
564 2592 702 2641 quibus
733 2590 826 2627 cibis
852 2591 982 2636 alitus;
1009 2603 1173 2639 quorum

176 2649 382 2686 delectatus
395 2652 605 2695 consortio,
623 2650 761 2699 quibus
778 2649 936 2697 negotiis
950 2658 1167 2698 occupatus.

175 2709 324 2752 Sentio,
347 2709 398 2744 fili
420 2710 491 2754 mi,
511 2710 632 2745 sentio
652 2722 695 2744 ea
715 2710 794 2757 ipsa
809 2736 818 2752 ,
841 2720 952 2756 quam
976 2708 1170 2744 familiari-

175 2777 253 2812 ter,
279 2781 390 2816 quam
419 2769 644 2812 affectuose,
669 2781 753 2803 cum
778 2766 917 2815 quibus
941 2766 1115 2814 lacrymis
1134 2767 1171 2802 in

173 2826 410 2864 orationibus
428 2828 500 2863 tuis
518 2827 654 2863 sanctis
675 2826 722 2863 ab
742 2827 824 2875 ipso
849 2829 938 2863 Jesu
963 2826 1081 2861 soleas
1101 2827 1171 2862 sei-

173 2887 320 2931 scitari,
347 2900 432 2922 cum
465 2895 550 2923 ante
572 2887 703 2923 oculos
729 2885 854 2922 cordis
881 2886 932 2921 tui
961 2887 1022 2921 illa
1050 2886 1169 2923 dulcis

172 2947 280 2981 Pueri
310 2946 429 2981 dulcis
461 2955 633 2982 versatur
662 2947 786 2994 imago
809 2961 816 2981 ε
839 2959 923 2982 cum
953 2946 1056 2982 illum
1079 2960 1166 2996 spe-

171 3005 416 3040 ciosissimum
447 3005 594 3040 vultum
627 3005 812 3054 spirituali
843 3004 1002 3053 quadani
1038 3006 1167 3054 imagi-

171 3064 322 3099 natione
339 3063 532 3112 depingis,
557 3077 641 3099 cum
663 3064 795 3099 oculos
817 3064 901 3099 illos
926 3065 1167 3102 suavissimos

169 3122 280 3158 simul
301 3131 337 3159 ct
358 3123 572 3159 mitissimos
589 3124 626 3159 in
647 3132 680 3160 te
696 3122 898 3172 jucundius
919 3123 1064 3161 radiare
1083 3137 1167 3172 pcr-

220 3254 228 3268 ¹
249 3247 365 3278 Mattb.
385 3259 466 3284 xix.
496 3251 606 3280 1«ἰ.-
627 3249 705 3279 ²1d.
736 3261 789 3286 vi,
815 3252 879 3285 30,
904 3251 957 3280 29,

1241 2540 1293 2574 sic
1313 2540 1515 2588 flagitanti,
1536 2542 1586 2577 sic
1607 2544 1798 2588 aestuanti,
1821 2544 1971 2579 interno
1999 2553 2034 2580 et
2056 2545 2238 2593 spirituali

1239 2611 1413 2635 sermone
1443 2600 1699 2648 responderit,
1725 2610 1765 2637 ut
1793 2611 1881 2638 nota
1911 2603 1975 2639 tibi
2005 2604 2234 2648 scriberem,

1238 2665 1273 2692 ct
1293 2666 1438 2705 gustata
1458 2667 1627 2694 eructare
1646 2652 1870 2695 sufliccrcni.

1291 2715 1326 2750 3.
1349 2715 1549 2750 Videamus
1580 2725 1724 2759 tamen,
1756 2718 1785 2752 si
1814 2718 1955 2766 placet,
1984 2719 2161 2766 quidnam
2192 2721 2234 2756 sit

1237 2773 1339 2822 quod
1365 2775 1551 2809 Dominus
1568 2779 1674 2810 Jcsus
1691 2775 1726 2810 in
1749 2776 1965 2811 Bctlilcliem
1987 2778 2163 2818 nascitur,
2187 2779 2234 2813 la-

1239 2841 1289 2868 tet
1319 2834 1354 2868 in
1381 2836 1565 2881 qligypto,
1596 2834 1760 2869 nutritur
1792 2835 1826 2869 in
1857 2836 2055 2878 Nazareth,
2085 2845 2118 2871 ct
2149 2837 2234 2872 inde

1237 2891 1450 2926 duodennis
1475 2891 1521 2926 ad
1551 2893 1731 2940 templum
1759 2901 1795 2927 et.
1834 2894 2073 2942 metropolim
2105 2896 2233 2931 civita-

1235 2958 1307 2985 tem
1344 2949 1532 2993 ascendit3
1565 2963 1632 2985 net·
1661 2959 1782 2986 tamen
1815 2953 1938 2991 solus,
1968 2952 2031 2987 sed
2065 2952 2134 2988 snb
2166 2967 2234 3003 pa-

1234 3017 1381 3044 rentum
1420 3008 1629 3057 disciplina.
1668 3011 1810 3059 l‘tquid
1843 3012 1910 3047 ista
1946 3013 2103 3048 omnia?
2138 3015 2232 3060 Quia

1234 3068 1404 3116 profecto
1436 3068 1510 3104 dux
1541 3078 1595 3105 cst
1633 3071 1815 3106 Dominus
1845 3084 1950 3107 incus
1980 3076 2110 3115 Jcsus,
2145 3074 2230 3121 quia

1234 3126 1422 3170 medicus,
1443 3128 1530 3175 quia
1551 3128 1696 3164 doctor.
1720 3133 1770 3167 Ut
1790 3129 1866 3166 dux
1896 3139 2042 3174 noster,
2064 3132 2206 3167 exsulta
2222 3154 2230 3158 -

216 3308 227 3321 ¹*
242 3309 347 3336 Exstat
367 3306 395 3335 in
411 3312 494 3336 tomo
514 3310 550 3337 13
570 3307 767 3337 Bibliothecae
789 3311 936 3338 wrm-uni
952 3310 1074 3339 rau-mn
1091 3331 1097 3344 ‚
1114 3308 1187 3339 edit.
1204 3310 1312 3340 Colon.
