2418 3949
185 233 263 271 913

182 311 329 360 gratiae,
351 320 531 360 quantum
549 312 608 349 hic
625 325 723 349 unus
739 328 746 349 :
764 325 880 362 quare
902 313 1038 349 merito
1059 324 1172 348 mun—

935 238 1000 272 DE
1029 236 1260 272 PASSIONE
1289 236 1447 271 DOMIN
1452 237 1480 270 1.

1184 311 1232 330 ⁴152

2158 235 2231 272 914

1244 311 1354 347 nimis
1366 311 1574 348 delectetur
1586 328 1595 358 3
1609 325 1655 349 ne
1671 313 1935 362 proximorum
1954 311 2237 350 necessitatibus

183 370 334 407 dissima
348 399 357 417 ,
380 380 416 408 et
431 371 606 408 omnibus
624 372 697 422 piis
712 372 873 422 gratiosa
892 372 1085 422 virginitas
1106 384 1175 421 per
1190 373 1222 406 A
1239 379 1462 418 erogentur,
1487 379 1525 407 et
1553 372 1606 407 sic
1634 372 1725 408 fiant
1751 372 1863 408 alieni
1891 385 1910 408 a
1937 372 2114 409 charitate
2139 372 2233 416 Dei,

181 429 282 466 hunc
300 431 482 479 figuratur
506 431 649 468 florem.
680 430 825 479 Quibus
852 431 978 480 itaque
1001 429 1176 467 laudibus

182 497 219 526 te
238 489 391 526 efferam
404 518 413 535 ,
428 503 450 526 o
467 490 658 539 virginalis
671 489 838 526 candor?
855 493 1014 526 Prorsus
1032 488 1170 526 nescio.

181 549 298 598 Atqui
319 550 546 586 nescientem
567 562 626 586 me
638 549 772 586 doceat
791 549 978 599 singulare
1001 547 1093 584 illud
1106 547 1173 584 Li-

180 607 273 644 lium
292 637 302 654 ,
331 608 497 645 increata
520 608 589 644 Dei
613 607 796 658 sapientia
825 607 1010 643 Dominus
1042 609 1172 651 Jesus,

181 667 398 717 unigenitus
412 668 530 704 Patris
543 667 670 712 Filius,
692 675 730 703 et
747 667 880 704 unicus
899 667 996 703 filius
1012 666 1078 702 lilii
1094 666 1172 702 sin-

179 727 318 776 gularis
330 755 340 772 ,
361 727 398 763 id
415 735 491 771 est,
508 726 723 763 castissimae
741 726 904 775 Virginis
919 725 1068 770 matris,
1087 737 1171 774 quae

179 786 220 822 in
242 786 407 822 confinio
435 786 632 834 utriusque
662 786 753 834 legis
776 793 909 822 votum
938 785 1173 822 consecravit

180 853 374 894 perpetuae
399 853 437 881 et
468 844 719 893 integerrimae
747 844 981 894 virginitatis.
1010 848 1169 890 Doceat,

178 905 356 953 inquam,
386 917 471 949 me,
505 903 698 953 quomodo
732 916 802 953 per
831 903 1170 941 considerationem

178 961 246 998 lilii
279 963 497 1008 materialis,
532 962 599 999 lilii
640 963 832 1012 virginalis
873 964 1172 1000 circumstantias

178 1033 381 1070 agnoscere
398 1022 556 1059 valeam.
578 1025 738 1072 Propter
757 1021 823 1058 has
848 1035 938 1071 ergo
955 1023 1170 1072 proprieta-

1241 430 1329 478 quia
1358 430 1540 480 scriptum
1572 440 1627 468 est
1651 446 1658 468 :
1694 433 1767 477 Qui
1798 432 1970 468 habuerit
1993 432 2235 468 substantiam

1239 489 1346 534 hujus
1365 492 1514 534 mundi,
1538 499 1574 526 et
1598 493 1738 527 viderit
1755 490 1914 538 fratrem
1946 506 2050 527 suum
2073 496 2236 527 necesse·-

1239 556 1350 583 tatem
1373 553 1593 596 patientem,
1615 559 1648 585 et
1663 553 1835 586 clauserit
1851 564 1920 586 sua
1940 556 2085 587 viscera
2107 550 2154 587 ab
2176 564 2232 595 eo,

1238 609 1421 654 quomodo
1448 608 1612 644 charitas
1638 610 1711 644 Dei
1738 619 1864 645 manet
1891 614 1929 645 in
1956 624 1998 645 eo
2014 608 2052 645 ³?
2084 610 2235 659 Cogita-

1239 666 1360 703 tiones
1387 667 1554 703 carnales
1583 676 1690 712 sunt,
1723 681 1807 717 quae
1830 669 2002 706 homines
2032 669 2078 706 ad
2113 670 2234 706 luxu·

1236 725 1328 762 riam
1353 726 1579 775 pertrahunt
1599 728 1739 773 carnis,
1761 736 1893 777 utpote
1912 728 2065 778 quando
2086 729 2232 765 inordi-

1236 793 1322 821 nata
1350 785 1552 822 dilectione
1575 795 1612 822 et
1636 786 1884 823 delectatione
1905 789 2070 837 cogitant
2093 789 2162 824 viri
2187 788 2234 824 de

1237 844 1482 890 mulieribus,
1512 846 1569 882 vel
1600 846 1777 882 mulieres
1799 847 1845 883 de
1871 848 1963 883 viris
1988 863 1995 883 :
2021 844 2108 897 quia
2131 848 2237 884 stulti

1236 904 1407 941 homines
1433 917 1600 941 amorem
1629 906 1822 956 appellare
1852 915 2106 956 praesumunt,
2132 906 2236 956 quod

1235 964 1363 1001 verius
1386 964 1515 1000 odium
1546 973 1673 1014 posset
1698 965 1892 1014 appellari.
1921 969 1986 1001 Est
2018 974 2055 1002 et
2087 966 2235 1002 luxuria

1237 1022 1410 1059 ciborum
1429 1031 1465 1059 et
1480 1031 1640 1072 potuum
1654 1051 1664 1068 ,
1684 1037 1770 1060 cum
1787 1024 1949 1060 lautiora
1963 1032 2000 1060 et
2019 1023 2236 1060 delicatiora

178 1089 234 1117 tes
252 1094 343 1130 quas
358 1080 436 1130 jam
460 1081 729 1132 proposuimus
743 1109 753 1127 ‚
776 1081 900 1131 ipsum
918 1082 1035 1118 lilium
1056 1090 1170 1118 mate·
1185 1083 1214 1117 B
1233 1091 1392 1132 propter
1405 1082 1526 1119 solum
1539 1095 1713 1132 saporem
1729 1091 1968 1132 quaeruntur,
1983 1096 2059 1119 non
2076 1091 2236 1132 propter

177 1140 269 1177 riale
298 1140 337 1176 in
354 1140 478 1177 radice
505 1148 542 1178 et
564 1148 718 1186 trunco,
739 1140 857 1187 foliis,
885 1149 922 1176 et
951 1141 989 1177 in
1018 1141 1074 1177 his
1090 1141 1170 1178 aliis

176 1199 340 1236 flosculis
353 1227 363 1245 ,
389 1199 454 1248 qui
473 1199 573 1235 intra
586 1199 688 1235 illum
701 1198 980 1235 concluduntur
993 1227 1003 1245 ,
1022 1199 1170 1236 studio-

174 1258 252 1295 sius
264 1258 490 1308 investigare
509 1271 697 1296 curemus.
713 1261 913 1309 Speramus
929 1259 1029 1296 enim
1041 1288 1051 1305 ,
1065 1260 1170 1310 quod

171 1317 230 1355 his
245 1317 424 1355 omnibus
443 1319 657 1368 specialiter
677 1318 924 1355 consideratis
937 1347 947 1365 ,
973 1332 1169 1356 commen-

171 1375 364 1414 dationem
396 1377 573 1427 perfectae
601 1370 828 1427 virginitatis
847 1378 1022 1415 invenire
1041 1380 1168 1428 possi-

172 1449 272 1474 mus.

514 1547 689 1587 CAPUT
718 1548 830 1587 XIX.

171 1669 221 1698 De
235 1667 340 1699 radice
352 1667 409 1699 lilii
421 1692 430 1708 ,
445 1667 477 1699 id
498 1673 543 1699 est
557 1692 565 1707 ,
581 1668 817 1710 cogitationibus
834 1669 866 1699 iu
879 1667 973 1700 corde
989 1669 1167 1701 latentibus.

222 1793 288 1830 64.
307 1793 429 1831 Radix
451 1793 518 1830 lilii
545 1794 835 1831 commendatur
849 1795 889 1831 in
914 1794 1034 1832 tribus
1053 1809 1060 1832 :
1084 1795 1168 1832 alba

171 1861 249 1898 est,
278 1853 476 1903 splendida
504 1862 579 1899 est,
605 1853 811 1891 tractabilis
834 1863 898 1891 est.
920 1855 1020 1902 Quid
1043 1864 1167 1892 autem
1189 1858 1216 1893 C

172 1925 242 1962 per
262 1912 424 1949 radicem
440 1913 478 1949 in
500 1921 597 1950 terra
611 1913 809 1959 latentem,
832 1914 902 1950 nisi
923 1914 1099 1964 cogitatio
1117 1916 1170 1952 la—

172 1979 256 2009 tens
287 1972 324 2008 in
354 1971 469 2009 corde
498 1973 706 2022 figuratur?
735 1976 807 2010 Per
835 1972 1047 2010 albedinem
1079 1988 1170 2024 ergo

170 2031 309 2070 radicis
330 2032 553 2069 munditiam
575 2033 814 2083 cogitationis
832 2035 1048 2084 accipimus.
1070 2036 1170 2084 Quid

169 2105 260 2142 ergo
280 2092 465 2129 munditia
487 2094 629 2139 carnis,
654 2094 734 2129 sine
760 2093 945 2130 munditia
967 2095 1169 2145 cogitatio-

167 2152 227 2189 nis
247 2153 263 2188 Ρ
283 2155 338 2189 De
354 2152 423 2189 hac
444 2153 616 2203 praecipit
633 2153 820 2190 Dominus
838 2168 846 2190 ε
866 2157 1064 2190 Lavaminl
1078 2183 1088 2199 ,
1115 2156 1168 2192 in-

167 2212 272 2260 quit,
297 2215 429 2250 mundi
447 2221 571 2249 estote.
594 2216 687 2250 Nam
723 2226 771 2250 ne
798 2215 1025 2251 exteriorem
1051 2228 1165 2252 mun-

168 2271 299 2309 ditiam
328 2272 555 2321 intelligeres
584 2273 727 2319 solam,
753 2273 950 2322 subjunxit
978 2289 985 2310 :
1011 2273 1167 2321 Auferte

169 2333 307 2367 malum
328 2334 591 2379 cogitationum
607 2341 815 2368 vestrarum
832 2333 879 2368 ab
895 2335 1010 2369 oculis
1027 2339 1119 2370 meis
1137 2341 1162 2371 ¹.

168 2393 360 2427 Perversae
381 2389 483 2426 enim
503 2390 748 2439 cogitationes
762 2400 939 2441 separant
958 2405 978 2429 a
997 2396 1077 2429 Deo
1099 2408 1107 2429 :
1129 2402 1166 2430 et

169 2449 265 2486 sicut
287 2449 434 2488 Veritas
457 2457 631 2495 testatur,
654 2453 714 2486 De
740 2453 849 2487 corde
867 2462 1007 2488 exeunt
1025 2458 1167 2501 cogita-

167 2513 283 2545 tiones
298 2511 409 2544 malae
425 2537 435 2554 ‚
453 2509 656 2545 homicidia
667 2537 678 2553 ,
698 2512 887 2546 adulteria
899 2540 908 2557 ,
917 2510 1025 2559 sarta
1039 2541 1050 2557 ‚
1069 2512 1168 2549 blas-

162 2569 341 2616 phemioe,
360 2577 397 2604 et
412 2577 558 2615 caetera,
574 2583 659 2617 quoe
676 2575 924 2618 coinquinant
939 2573 1124 2608 hominem
1140 2578 1166 2609 ².

1236 1141 1431 1178 sanitatem
1446 1141 1739 1191 adipiscendam.
1758 1145 1887 1178 Posset
1901 1142 1984 1191 quis
1998 1142 2052 1178 uti
2069 1141 2236 1178 delicatis

1236 1214 1322 1237 cum
1342 1201 1602 1238 moderatione
1624 1216 1632 1238 :
1653 1200 1758 1250 quod
1785 1209 1908 1238 tamen
1931 1201 2082 1237 difficile
2103 1200 2235 1237 obser-

1235 1268 1358 1297 vatur.
1380 1260 1700 1310 Similejudicium
1714 1269 1771 1298 est
1784 1260 1830 1297 de
1843 1260 1901 1297 his
1918 1261 1983 1310 qui
1999 1260 2234 1297 vestimentis

1235 1319 1402 1356 delicatis
1422 1320 1477 1356 uti
1495 1319 1723 1356 desiderant.

1286 1380 1348 1416 65.
1370 1379 1544 1416 Perditur
1560 1380 1773 1429 proprietas
1786 1380 1854 1416 lilii
1874 1388 1911 1417 et
1925 1379 2152 1430 virginitatis
2170 1379 2235 1415 de-

1234 1451 1317 1484 cor,
1338 1438 1367 1475 si
1390 1438 1505 1475 radici
1526 1438 1622 1475 desit
1641 1438 1777 1476 albedo
1790 1468 1800 1486 ,
1823 1448 1861 1476 et
1877 1440 2093 1489 cogitationi
2114 1439 2234 1488 virgi-

1235 1497 1328 1534 nalis
1357 1496 1553 1534 munditia.
1582 1501 1675 1534 Nam
1697 1498 1726 1535 si
1752 1512 1892 1548 corpus
1922 1499 2156 1535 extrinsecus
2185 1498 2232 1534 sit

1235 1556 1443 1602 mundum,
1474 1565 1511 1593 et
1537 1558 1715 1607 cogitatio
1736 1558 1963 1595 intrinsecus
1990 1558 2038 1595 sit
2062 1557 2230 1608 polluta3

1228 1614 1306 1664 jam
1328 1628 1406 1652 non
1431 1616 1569 1660 virtus,
1595 1616 1659 1652 sed
1687 1616 1900 1666 hypocrisis
1921 1617 2144 1667 appellanda
2164 1625 2231 1654 est.

1236 1678 1317 1711 Hoc
1353 1683 1477 1711 tamen
1516 1675 1731 1722 sciendum,
1766 1684 1858 1713 teste
1889 1677 2095 1727 Gregorio,
2130 1676 2233 1726 quod

1235 1735 1411 1784 cogitatio
1440 1734 1718 1784 quantumlibet
1746 1736 1941 1772 immunda
1967 1745 2131 1773 mentem
2154 1749 2232 1772 non

1234 1794 1388 1844 polluit,
1409 1795 1468 1831 cui
1485 1795 1581 1831 ratio
1598 1807 1676 1831 non
1690 1797 1880 1832 consentit
1898 1797 1924 1832 ⁴.
1943 1796 2034 1844 Quis
2054 1797 2153 1832 enim
2173 1809 2233 1832 co-

1235 1854 1433 1903 gitationes
1449 1867 1533 1890 suas
1551 1854 1601 1890 ita
1617 1854 1807 1891 refrenare
1824 1863 1967 1904 potest,
1989 1863 2029 1891 ut
2044 1867 2122 1891 non
2140 1867 2234 1903 qua-

1237 1914 1328 1951 libet
1341 1914 1578 1951 immunditia
1597 1915 1794 1951 titilletur?
1811 1915 1883 1952 Sed
1902 1915 2084 1951 continuo
2104 1914 2232 1950 talium

1237 1974 1508 2023 cogitationum
1524 1975 1685 2011 insultus
1702 1984 1789 2011 sunt
1803 1974 2054 2025 reprimendi,
2072 1983 2113 2011 ut
2130 1974 2231 2010 unde

1235 2033 1412 2083 sperabat
1426 2047 1464 2071 se
1480 2035 1600 2072 hostis
1614 2036 1766 2072 vincere
1779 2064 1788 2080 ‚
1805 2049 1874 2085 per
1891 2036 1962 2072 hoc
1980 2035 2096 2084 magis
2111 2034 2233 2070 victus

1235 2092 1422 2130 abscedat.
1444 2094 1555 2141 Quod
1578 2095 1642 2140 fit,
1662 2095 1811 2144 quoties
1831 2097 1956 2144 pravis
1973 2103 2009 2130 et
2028 2093 2233 2130 immundis

1235 2152 1526 2202 cogitationibus
1540 2154 1702 2198 attracti,
1723 2154 1845 2190 statim
1865 2153 1911 2190 ad
1925 2154 2072 2203 signum
2089 2153 2230 2196 crucis,

1233 2212 1279 2248 ad
1301 2213 1485 2262 passionis
1505 2213 1705 2249 dominicae
1726 2213 2026 2249 recordationem
2048 2221 2085 2249 et
2108 2213 2232 2260 lacry-

1233 2285 1380 2308 marum
1402 2272 1569 2309 subsidia
1589 2273 1826 2322 confugimus
1839 2302 1848 2319 ‚
1863 2281 1899 2309 et
1916 2285 1985 2309 suo
2003 2273 2078 2308 telo
2098 2272 2136 2308 in
2151 2270 2232 2307 bel-

1232 2331 1269 2367 lo
1290 2332 1405 2368 fortes
1421 2332 1546 2368 effecti
1571 2332 1717 2368 hostem
1736 2332 1900 2368 ferimus.

1300 2393 1362 2428 66.
1386 2395 1470 2428 Non
1500 2392 1620 2427 solum
1649 2401 1775 2428 autem
1805 2392 1910 2440 alba,
1932 2392 1995 2429 scd
2017 2401 2054 2429 et
2074 2391 2232 2428 candida

1233 2451 1311 2487 sive
1324 2450 1522 2500 splendida
1538 2460 1594 2488 cst
1607 2451 1714 2488 radix
1728 2452 1808 2488 lilii.
1827 2452 1999 2490 Candore
2014 2461 2138 2489 autem
2153 2452 2231 2488 sive

1233 2509 1435 2560 splendore
1455 2510 1683 2546 hilaritatem
1708 2511 1822 2547 animi
1850 2510 2002 2547 wide-tur
2021 2511 2229 2559 designare.

1234 2572 1327 2606 Sunt
1354 2578 1479 2606 autem
1505 2570 1701 2615 nonnulli,
1727 2570 1791 2619 qui
1815 2570 1915 2606 bona
1942 2569 2094 2619 quidem
2117 2582 2233 2618 opera

170 2630 265 2666 Sunt
293 2636 418 2664 autem
453 2629 698 2678 cogitationes
727 2630 844 2680 nigrae
879 2631 957 2668 sive
984 2633 1139 2682 pollutae
1154 2662 1163 2679 ‚
1185 2634 1219 2668 D
1236 2629 1379 2666 faciunt
1398 2629 1456 2665 vel
1477 2630 1670 2665 coactione
1686 2657 1695 2674 ,
1718 2630 1776 2665 vel
1798 2629 2038 2674 necessitate,
2058 2629 2116 2664 vel
2142 2641 2233 2664 con-

170 2700 306 2736 nempe
320 2686 533 2731 diabolicae,
553 2688 752 2725 mundanae
765 2718 774 2734 ‚
788 2690 969 2726 carnales.
987 2694 1077 2728 Cum
1101 2692 1170 2727 ali-

169 2747 254 2796 quis
279 2760 317 2783 se
337 2747 409 2782 alio
431 2748 623 2784 meliorem
647 2749 824 2794 aestimat,
847 2763 931 2786 cum
957 2751 1017 2787 alii
1038 2751 1169 2788 similis

169 2818 250 2842 esse
271 2805 390 2842 videri
411 2807 512 2852 vult,
530 2807 593 2856 qui
614 2820 659 2843 eo
677 2807 797 2856 major
813 2817 886 2854 est3
905 2809 963 2845 vel
985 2822 1069 2846 cum
1091 2823 1167 2847 non

168 2866 250 2902 vult
265 2865 457 2914 subjectus
476 2879 555 2903 esse
576 2867 610 2903 ei
627 2868 692 2917 qui
709 2867 779 2904 sibi
797 2869 971 2918 praelatus
990 2878 1065 2916 est3
1088 2870 1167 2906 dia-

169 2924 302 2961 bolicae
316 2933 402 2960 sunt
418 2925 684 2975 cogitationes,
703 2940 787 2976 quae
801 2941 821 2963 a
836 2927 987 2964 diabolo
1002 2929 1165 2965 inventae

169 2992 278 3029 sunt,
295 2992 333 3020 et
344 2983 391 3020 ab
405 2985 487 3035 ipso
497 2986 641 3022 caeteris
657 2986 873 3024 familiarius
889 2997 1096 3038 usurpatae‚
1116 2989 1165 3025 ita

169 3052 212 3081 ut
238 3044 393 3094 proprie
415 3045 608 3082 character
632 3046 772 3083 diaboli
801 3047 947 3084 dicatur
973 3047 1162 3097 superbia.

169 3104 421 3155 Cogitationes
446 3105 646 3142 mundanae
666 3114 753 3142 sunt
776 3106 867 3152 illae,
889 3120 972 3156 quae
993 3107 1160 3143 animum

169 3162 483 3212 concupiscentiis
510 3177 635 3201 rerum
669 3165 897 3214 illaqueant;
931 3175 971 3202 ut
1000 3166 1072 3202 illis
1099 3179 1161 3202 ac—

168 3222 362 3271 quirendis
380 3223 489 3260 nimis
508 3224 674 3262 sollicita:
698 3225 889 3272 insistant,
910 3234 945 3261 et
973 3225 1161 3274 acquisitis

1237 2689 1457 2733 suetudine3
1485 2688 1549 2724 sed
1575 2688 1619 2724 ad
1650 2688 1727 2724 liaec
1752 2688 1896 2737 agenda
1923 2689 2023 2724 nulla
2044 2688 2233 2724 alacritate

1237 2756 1454 2792 moventur,
1480 2747 1582 2796 quod
1606 2747 1737 2783 vitium
1761 2747 1915 2796 proprie
1935 2747 2061 2783 acedia
2083 2746 2231 2782 dicitur.

1235 2811 1279 2845 Et
1301 2808 1371 2843 hoc
1394 2806 1547 2855 quidem
1576 2806 1667 2841 vitio
1695 2806 1859 2855 religiosi
1881 2806 2051 2842 homiues
2072 2805 2232 2841 maxime

1234 2867 1464 2915 affliguntur.
1490 2869 1580 2901 Nam
1604 2866 1798 2902 saecularcs
1818 2865 2021 2902 admodum
2045 2865 2177 2914 pauci,
2197 2873 2232 2900 et

1233 2927 1260 2962 si
1285 2926 1355 2962 hoc
1376 2926 1422 2961 sit
1441 2925 1595 2971 vitium,
1622 2938 1698 2961 non
1721 2925 1939 2962 advertunt.
1962 2925 2105 2962 Mundo
2127 2925 2226 2960 cuim

1231 2986 1395 3033 alligati,
1425 2984 1630 3034 spiritualis
1650 2985 1729 3020 vitii
1751 2985 1813 3021 vix
1835 2994 1990 3034 possunt
2013 2983 2228 3034 apprchen-

1227 3041 1319 3081 'dcre
1334 3058 1470 3081 nomen
1486 3059 1492 3080 :
1507 3057 1591 3080 cum
1605 3053 1727 3080 tamen
1740 3044 1809 3080 lioc
1825 3045 1956 3081 vitium
1973 3045 2070 3080 iuter
2082 3051 2224 3092 septem

1231 3105 1452 3154 principalia
1477 3104 1706 3140 nominetur.
1736 3108 1840 3141 Nunc
1861 3118 1950 3153 crgo
1971 3103 2227 3153 spiritualibus

1228 3166 1452 3213 loquamur,
1473 3164 1536 3212 qui
1560 3163 1630 3200 hoc
1661 3164 1795 3200 vitium
1817 3173 1973 3214 possunt
2003 3163 2225 3210 intelligere.

1226 3224 1365 3260 Vitium
1395 3222 1532 3259 acediae
1562 3231 1638 3267 est,
1665 3222 1766 3271 quod
1798 3223 1997 3272 quemdam
2032 3231 2221 3271 torporem

220 3356 226 3369 ¹
249 3351 316 3380 lssst·
335 3362 362 3388 ¹,
393 3354 440 3381 ΙΓι.
458 3369 498 3374 -
519 3358 530 3373 ²
552 3352 664 3384 Manli.
684 3365 736 3388 xv.
767 3357 803 3384 1¹.)
819 3378 825 3386 .
853 3358 904 3383 w.
940 3372 962 3376 —
984 3351 994 3371 ³
1012 3357 1022 3384 l
1039 3356 1133 3384 Joau.
1154 3365 1189 3382 ιιι
1208 3377 1213 3386 ,
1242 3355 1291 3382 1Τ.
1323 3370 1350 3372 -
1381 3350 1521 3381 *Mon-at.
1540 3349 1591 3379 m».
1618 3353 1652 3379 7!
1674 3374 1679 3381 ,
1698 3361 1764 3390 rap.
1797 3354 1848 3378 Η.
