2418 3949
93 119 169 157 429
639 121 869 155 EPISTOLA
897 121 964 154 AD
993 118 1212 154 FRATRES
1241 119 1304 152 DE
1333 119 1616 154 MONTE—DEI.
2067 120 2143 156 430

92 197 164 232 lata
185 196 276 232 facie
289 196 474 245 speculari
490 196 646 244 gloriam
663 196 732 232 Dei
750 210 758 232 ι
777 194 957 245 perfectio
975 191 1136 238 vero,²⁰⁰
1148 193 1247 228 enim
1280 206 1363 229 cum
1397 193 1496 230 bona
1524 195 1720 230 voluntate
1750 192 1891 230 habens
1911 194 2058 230 initium
2081 207 2140 231 sa-

92 255 350 292 transformari
375 256 412 291 in
435 254 603 291 eamdem
637 255 834 303 imaginem
864 268 884 290 a
915 253 1080 289 claritate
1097 252 1124 284 A
1144 252 1316 301 pientiae,
1342 252 1379 288 id
1395 261 1449 288 est
1470 253 1643 289 timorem
1660 253 1839 297 Domini,
1863 266 1907 289 ex
1929 254 2012 302 ipso
2029 255 2136 290 colli—

90 313 127 349 in
147 313 352 350 claritatem
365 342 375 359 ,
395 314 491 350 sicut
508 327 529 350 a
548 313 698 350 Domini
716 313 868 362 Spiritu.

147 373 206 409 13.
242 376 293 410 Ut
322 386 413 422 ergo
432 373 596 422 primum
618 385 893 421 prosequamur
920 371 966 407 de
998 369 1078 419 pri-

90 444 152 467 mo
166 460 176 476 ‚
210 432 350 468 scilicet
383 431 429 468 de
460 432 630 475 animali,
664 432 872 468 animalitas
905 438 960 466 est
994 430 1078 465 vitae

89 489 224 527 modus
244 490 414 528 sensibus
432 491 604 540 corporis
620 490 785 526 serviens
804 505 811 526 :
833 490 974 525 scilicet
991 500 1075 524 cum

89 549 213 585 anima
227 577 236 594 ‚
259 550 364 598 quasi
384 558 489 585 extra
507 562 545 585 se
565 562 633 598 per
649 561 779 585 sensus
794 547 965 597 corporis
981 546 1078 582 circa

87 607 310 644 dilectorum
329 607 595 644 delectationes
613 620 817 656 corporum
840 606 969 643 affecta
986 633 995 649 ,
1013 618 1078 641 eo—

87 679 170 702 rum
196 667 375 703 fruitione
398 667 537 716 pascit,
565 667 623 702 vel
653 667 770 703 nutrit
801 666 1076 703 sensualitatem

86 739 189 762 suam
212 741 220 762 ε
239 739 304 762 seu
325 739 409 762 cum
431 727 528 762 intra
548 740 587 762 se
610 727 843 774 regrediens,
866 734 903 761 et
917 738 1078 774 corpora

85 783 222 832 quibus
242 785 329 821 forti
347 785 490 834 glutino
506 785 644 820 amoris
659 792 695 820 et
716 784 999 820 consuetudinis
1011 783 1078 819 ad-

85 843 202 889 haesit,
219 843 256 880 in
280 843 403 880 locum
423 843 658 892 incorporeae
670 851 812 878 naturae
833 855 957 879 secum
980 842 1077 879 ferre

84 915 160 938 non
181 903 407 952 praevalens,
439 915 568 939 eorum
594 902 681 938 illuc
704 915 830 938 secum
856 901 969 937 trahit
984 902 1078 937 ima-

1144 311 1211 359 git,
1230 324 1298 347 nec
1316 324 1383 359 per
1397 324 1435 347 se
1449 324 1528 347 eam
1547 312 1700 348 formari
1711 325 1830 361 posse,
1845 325 1914 348 nec
1929 312 2133 362 quidquam

1146 378 1217 404 tam
1254 369 1433 418 expedire
1466 370 1602 413 stulto,
1633 383 1746 418 quam
1785 371 1926 407 servire
1957 370 2131 419 sapienti.

1142 432 1273 477 Itaque
1308 428 1451 464 homini
1489 441 1528 464 se
1569 437 1725 477 propter
1755 433 1875 466 Deum
1907 428 2111 478 subjiciens
2125 459 2134 474 ,

1142 488 1260 535 ipsam
1292 488 1324 523 ei
1353 487 1489 523 bonam
1520 487 1750 523 voluntatem
1771 489 1973 524 committit
1993 490 2030 525 in
2053 492 2132 525 Deo

1144 546 1376 582 formandam
1400 546 1436 581 in
1462 558 1571 581 sensu
1595 554 1631 581 et
1650 546 1784 594 spiritu
1805 547 1961 591 humili3
1983 546 2061 595 jam
2088 548 2134 583 ti-

1144 617 1250 641 more
1270 605 1337 641 Dei
1357 604 1561 652 incipiente
1577 604 1725 652 operari
1748 605 1785 640 in
1813 618 1858 640 eo
1884 618 2033 642 omnem
2059 607 2134 643 vir-

1144 672 1264 700 tutum
1287 663 1578 712 plenitudinem,
1602 662 1691 698 dum
1722 675 1789 710 per
1805 662 1987 710 justitiam
2014 666 2133 702 defert

1145 723 1297 772 majori,
1318 735 1386 772 per
1402 721 1638 772 prudentiam
1661 733 1737 756 non
1757 721 1876 757 credit
1895 734 1933 758 se
1955 723 2026 759 sibi
2040 752 2049 766 ‚
2068 737 2135 773 per

1143 782 1427 832 temperantiam
1446 780 1582 828 refugit
1598 780 1810 815 discernere
1824 807 1833 824 ,
1861 792 1928 828 per
1945 781 2136 817 fortitudi—

1144 855 1228 878 nem
1250 849 1367 877 totum
1389 854 1427 877 se
1447 839 1672 877 obedientiae
1691 837 1863 887 subjicit,
1888 852 1964 875 non
1990 839 2133 876 discer—

1144 901 1278 936 uendae
1291 929 1300 945 ‚
1330 900 1395 936 sed
1426 897 1687 947 adimplendae.
1713 901 1802 934 Haec
1822 898 1922 933 enim
1940 911 2036 934 uxor
2055 908 2132 942 est,

83 960 188 1008 gines
202 989 211 1006 ,
234 969 271 997 et
289 961 535 997 amicabiliter
553 960 604 996 ibi
625 973 709 996 cum
728 961 779 996 eis
797 968 1042 995 conversatur
1064 971 1072 993 :
1096 959 1122 992 Β
1141 961 1199 997 cui
1219 973 1240 996 a
1261 959 1424 997 Domino
1451 958 1668 1007 praecipitur
1693 971 1700 993 :
1720 958 1770 992 Et
1795 959 1850 991 ad
1875 962 1996 992 virum
2033 966 2134 992 tuum

84 1018 220 1068 quibus
243 1020 446 1058 assuefacta
469 1033 555 1056 cum
577 1019 627 1055 nil
659 1027 766 1068 putat
788 1031 886 1064 esse,
917 1018 987 1054 nisi
1017 1017 1076 1053 vel

83 1078 193 1127 quale
223 1079 314 1116 foris
344 1079 513 1128 reliquit,
539 1080 597 1114 vel
615 1079 725 1127 quale
745 1079 844 1114 intus
865 1077 1074 1122 contraxit3

84 1137 170 1174 inde
185 1138 365 1188 quamdiu
387 1139 494 1182 licet,
512 1137 724 1187 jucundum
744 1136 855 1173 habet
866 1136 1074 1172 secundum

84 1196 354 1233 delectationes
365 1198 537 1246 corporis
551 1198 690 1233 vivere.
708 1200 799 1232 Cum
819 1204 942 1232 autem
962 1195 1008 1231 ab
1023 1196 1075 1232 eis

83 1256 276 1301 evertitur,
298 1257 416 1293 nescit
442 1257 512 1293 nisi
537 1268 718 1305 corporea
744 1254 983 1304 imaginando
1009 1269 1076 1291 co—

82 1315 210 1363 gitare.
232 1319 322 1354 Cum
356 1329 447 1352 vero
478 1315 524 1352 ad
559 1314 756 1364 cogitanda
782 1314 988 1363 spiritualia
1022 1313 1080 1349 vel

83 1373 210 1411 divina
228 1387 266 1411 se
286 1375 416 1424 erigit,
438 1388 514 1411 non
532 1373 634 1410 aliud
655 1374 701 1410 de
726 1374 779 1410 eis
795 1386 907 1423 quam
929 1373 975 1409 de
997 1385 1082 1408 cor-

82 1431 261 1481 poribus,
289 1434 347 1470 vel
375 1433 420 1470 de
448 1432 710 1482 corporalibus
732 1441 857 1482 potest
881 1432 1077 1468 aestimare.

85 1495 172 1528 llaec
191 1505 322 1529 aversa
347 1506 367 1529 a
393 1497 495 1537 Deo,
529 1494 568 1528 lit
597 1493 775 1537 stultitia,
804 1505 888 1528 cum
920 1491 1076 1527 nimium

83 1551 180 1587 intra
204 1552 440 1601 semetipsam
462 1552 575 1588 fuerit
594 1552 765 1596 remissa,
792 1559 827 1587 ct
845 1559 918 1586 tam
936 1550 1049 1586 bruta
1064 1577 1073 1594 ‚

83 1618 124 1645 ut
154 1610 231 1659 regi
262 1611 320 1647 vel
354 1611 470 1654 nolit,
502 1611 559 1646 vel
591 1624 666 1646 nou
690 1611 821 1659 possit.
855 1612 946 1647 Cum
983 1623 1074 1645 vero

83 1669 163 1718 ipsa
181 1667 252 1705 sibi
272 1682 340 1718 per
359 1669 573 1718 superbiam
595 1678 698 1705 extra
720 1682 758 1706 se
785 1669 942 1705 nimium
965 1669 1078 1704 fuerit

1141 1025 1208 1056 erit
1227 1023 1406 1055 conversio
1428 1028 1492 1054 tua
1515 1017 1539 1053 3.
1560 1017 1626 1054 Vir
1646 1015 1748 1064 ejus,
1783 1016 1877 1052 ratio
1902 1016 1961 1052 vel
1983 1016 2136 1065 spiritus

1141 1087 1197 1115 est
1217 1092 1324 1123 suus,
1339 1078 1397 1114 vel
1416 1076 1578 1113 alterius.
1601 1075 1695 1111 Huic
1711 1075 1810 1111 enim
1836 1075 1918 1110 viro
1935 1083 2034 1111 recte
2049 1075 2137 1111 obe—

1140 1139 1195 1175 dit
1222 1138 1281 1174 vir
1301 1137 1459 1186 simplex
1483 1144 1520 1171 et
1544 1143 1667 1171 rectus
1687 1134 1725 1169 in
1747 1135 1948 1183 semetipso
1969 1148 1976 1167 τ
2000 1134 2138 1170 rectius

1139 1206 1263 1235 autem
1281 1208 1378 1246 saepe
1397 1209 1439 1232 ac
1457 1194 1571 1230 tutius
1588 1194 1624 1228 in
1644 1193 1763 1229 altero
1777 1220 1787 1237 ,
1811 1205 1923 1241 quam
1944 1193 1983 1228 in
2000 1201 2138 1229 semet-

1145 1258 1240 1307 ipso.
1258 1260 1312 1292 Ex
1334 1262 1521 1307 praecepto
1537 1266 1627 1301 ergo
1648 1252 1738 1297 Dei,
1756 1259 1794 1287 et
1811 1251 1893 1300 ipso
1920 1251 2053 1287 ordine
2071 1264 2139 1287 na-

1147 1326 1239 1353 turae
1255 1316 1393 1352 habere
1422 1313 1534 1351 debet
1562 1326 1661 1349 uxor
1687 1312 1732 1349 ad
1760 1313 1903 1357 virum,
1929 1312 2138 1348 animalitas

1146 1375 1192 1411 ad
1209 1374 1383 1424 spiritum
1406 1386 1534 1417 suum,
1557 1372 1615 1407 vel
1638 1371 1870 1420 spiritualem
1893 1371 2055 1419 aliquem
2077 1371 2138 1406 vi-

1148 1447 1229 1470 rum
1245 1462 1253 1475 ‚
1289 1432 1575 1469 conversionem
1616 1430 1841 1479 legitimam,
1872 1430 1942 1465 hoc
1968 1437 2023 1465 est
2049 1428 2140 1465 obe—

1144 1493 1321 1529 dientiam
1356 1492 1574 1541 perfectam.
1610 1490 1776 1526 Perfecta
1805 1502 1897 1525 vero
1924 1488 2139 1525 obedientia

1142 1561 1197 1588 est
1229 1551 1390 1588 maxime
1415 1551 1453 1586 in
1481 1549 1685 1598 incipiente
1708 1548 1929 1592 indiscreta,
1961 1548 2032 1584 hoc
2061 1556 2140 1590 est,

1143 1624 1218 1647 non
1236 1611 1449 1647 discernere
1466 1608 1557 1657 quid
1575 1608 1633 1643 vel
1658 1619 1775 1655 quare
1792 1607 2051 1656 praecipiatur3
2073 1606 2138 1642 sed

1143 1669 1188 1706 ad
1219 1669 1291 1705 hoc
1319 1677 1463 1704 tantum
1496 1666 1586 1712 niti,
1614 1675 1655 1702 ut
1694 1666 1853 1702 fideliter
1881 1674 1919 1702 et
1950 1666 2140 1702 humiliter

82 1727 260 1777 abrepta,
295 1729 335 1765 fit
364 1729 566 1778 prudentia
587 1729 729 1774 carnis,
751 1729 889 1778 etipsa
917 1727 988 1764 sibi
1016 1741 1074 1764 sa-
1091 1730 1119 1765 C
1142 1730 1227 1774 fiat,
1259 1728 1363 1777 quod
1383 1741 1404 1763 a
1429 1726 1572 1775 majore
1599 1725 1831 1775 praecipitur.
1859 1725 2019 1774 Lignum
2039 1725 2138 1761 enim

87 1787 227 1836 pientia
247 1800 326 1824 esse
353 1788 516 1833 videtur,
535 1802 619 1825 cum
645 1788 798 1824 stultitia
830 1788 895 1833 sit,
927 1787 1074 1823 dicente

50 1888 55 1891 q
82 1847 267 1895 Apostolo
298 1862 305 1882 :

79 1905 181 1950 sacti
199 1915 283 1941 sunt
302 1913 328 1943 ¹.
350 1909 469 1943 Porro
490 1907 536 1943 ad
558 1910 678 1943 Deum
704 1920 907 1950 conversa,
936 1907 977 1942 lit
996 1918 1078 1941 san-

84 1972 143 2000 cta
173 1965 411 2014 simplicitas,
446 1965 517 2002 hoc
549 1974 604 2002 est
634 1965 762 2002 eadem
801 1978 950 2014 semper
981 1965 1078 2000 circa

88 2023 185 2060 idem
201 2024 375 2061 voluntas
398 2039 405 2060 ε
426 2025 522 2060 sicut
544 2025 612 2060 fuit
632 2025 668 2060 in
685 2024 776 2070 Job3
799 2025 863 2073 qui
887 2023 1008 2060 dictus
1024 2032 1079 2059 est

87 2086 148 2117 vir
168 2086 333 2131 simplex·
353 2093 387 2118 et
415 2093 535 2119 rectus
545 2112 556 2127 ,
581 2098 626 2119 ac
643 2088 776 2119 timens
802 2086 919 2118 Duum
936 2088 961 2118 ².
983 2086 1077 2119 Pro—

85 2142 165 2189 prie
179 2142 279 2178 enim
293 2142 512 2191 simplicitas
532 2151 587 2179 est
608 2142 772 2191 perfecte
788 2142 833 2178 ad
853 2145 970 2177 Deum
990 2154 1078 2177 cou-

87 2213 194 2236 versa
219 2201 414 2246 voluntas,
438 2215 551 2237 unam
573 2210 704 2251 petens
727 2215 747 2237 a
774 2201 958 2244 Domino,
981 2200 1076 2236 banc

89 2259 301 2307 requirens,
319 2273 396 2296 non
417 2259 585 2296 ambiens
608 2259 850 2308 multiplicari
870 2259 906 2294 in
926 2258 1074 2294 saeculo.

83 2317 147 2353 Vel
175 2326 230 2354 est
257 2318 498 2368 simplicitas,
526 2319 562 2355 in
590 2318 878 2354 conversatione
894 2330 984 2353 vera
1004 2317 1076 2353 hu-

85 2377 217 2414 militas
231 2406 242 2424 ,
276 2378 417 2415 scilicet
464 2378 617 2414 virtutis
657 2377 773 2426 magis
808 2376 1075 2413 conscientiam

82 2437 312 2486 amplectens
327 2450 439 2486 quani
467 2436 601 2473 famam
617 2465 626 2481 ,
649 2450 734 2472 cum
757 2449 833 2472 non
863 2435 1000 2484 refugit
1020 2435 1077 2471 vir

343 1849 515 1882 Dicentes
551 1862 590 1883 se
625 1861 703 1883 esse
734 1852 942 1896 sapientes;
978 1849 1078 1881 stulti

1140 1788 1301 1824 scientiae
1327 1786 1469 1823 boniet
1498 1785 1583 1821 mali
1602 1785 1638 1820 in
1658 1783 1853 1833 paradiso,
1876 1796 2035 1819 censura
2064 1783 2141 1818 dis-

1143 1847 1320 1884 cretionis
1345 1854 1399 1883 est
1424 1846 1460 1881 in
1485 1844 1774 1880 conversatione
1806 1842 1999 1891 religionis
2025 1855 2140 1891 penes

1144 1916 1286 1956 patrem
1314 1905 1568 1955 spiritualem,
1590 1903 1654 1951 qui
1683 1901 1841 1950 dijudiat
1874 1902 2022 1945 omnia,
2059 1901 2139 1951 ipse

1144 1980 1236 2002 vero
1254 1979 1274 2002 a
1294 1965 1444 2001 nemine
1460 1962 1665 2011 judicatur.
1689 1961 1810 2010 Ipsius
1833 1969 1888 1996 est
1905 1959 2117 1996 discernere
2130 1988 2139 2003 ,

1144 2027 1302 2062 aliorum
1333 2032 1388 2060 est
1419 2022 1585 2059 obedire.
1609 2021 1725 2058 Adam
1752 2020 1915 2068 gustavit
1945 2020 1982 2055 in
2001 2020 2138 2055 malum

1144 2097 1253 2120 suum
1277 2082 1323 2119 de
1352 2083 1454 2131 ligno
1474 2081 1615 2128 vetito,
1646 2079 1802 2115 edoctus
1831 2077 1877 2113 ab
1900 2090 1944 2114 eo
1967 2078 2030 2126 qui
2051 2090 2140 2126 sug-

1143 2142 1308 2192 gerendo
1333 2141 1384 2177 ait
1413 2155 1419 2175 :
1453 2141 1579 2183 Quare
1595 2143 1781 2185 paecepit
1798 2137 1904 2173 vobis
1922 2140 2022 2172 Deus
2038 2146 2076 2172 uc
2093 2140 2139 2172 (le

1144 2205 1244 2250 ligno
1259 2214 1331 2236 mm
1349 2200 1612 2235 comederetis?
1635 2200 1727 2233 Ecce
1744 2196 1938 2240 discretio,
1956 2209 2024 2231 cur
2040 2209 2139 2245 prae-

1143 2268 1292 2309 ceptum
1319 2259 1376 2295 sit.
1408 2261 1454 2294 Et
1473 2256 1577 2293 addit
1610 2269 1620 2289 :
1649 2254 1795 2289 Sciebat
1827 2259 1924 2288 emm
1954 2258 2043 2301 qaia
2063 2268 2140 2302 qua

1143 2321 1203 2354 (lie
1227 2318 1478 2359 comederitis,
1503 2316 1717 2363 aperientur
1735 2316 1831 2348 oculi
1853 2317 1986 2355 vestri,
2013 2322 2048 2348 et
2065 2319 2139 2348 erl-

1142 2383 1186 2414 tis
1205 2383 1298 2413 sicut
1325 2380 1382 2413 (lii
1402 2377 1427 2411 ⁴.
1447 2379 1541 2412 Ecce
1558 2373 1693 2423 utquid
1719 2380 1951 2423 praeceptum
1978 2372 2045 2416 sit,
2066 2373 2139 2408 sci-

1143 2439 1227 2475 licet
1254 2436 1357 2487 quod
1380 2436 1470 2473 deos
1501 2435 1579 2471 fieri
1606 2447 1682 2470 non
1703 2433 1810 2469 sinat.
1835 2432 2041 2476 Discrevit,
2073 2446 2139 2468 co-

85 2495 246 2546 simplex
272 2496 391 2533 videri
412 2497 545 2533 stultus
562 2497 598 2532 in
626 2496 763 2532 sacculo
776 2524 785 2541 ‚
804 2503 844 2532 ut
864 2495 910 2531 sit
929 2494 1079 2543 sapiens
1098 2503 1131 2537 D
1148 2498 1285 2543 incdit,
1309 2505 1345 2533 et
1370 2495 1591 2532 inobediens
1614 2494 1732 2530 factus
1749 2501 1825 2536 est,
1843 2500 1878 2528 et
1902 2491 1947 2528 de
1966 2491 2139 2540 paradiso

84 2555 122 2591 in
144 2557 237 2592 Deo.
259 2556 324 2593 Vel
344 2556 564 2606 simplicitas
590 2564 646 2592 est
665 2555 744 2591 sola
763 2554 810 2591 ad
839 2558 958 2591 Deum
977 2567 1077 2590 con-

85 2626 191 2651 versa
217 2615 414 2658 voluntas,
450 2614 514 2651 sed
544 2614 712 2650 nondum
749 2614 894 2650 ratione
919 2613 1076 2649 formata

84 2680 125 2708 ut
138 2685 246 2709 amor
267 2673 334 2718 sit,
365 2672 402 2709 id
432 2682 487 2709 est
505 2673 663 2709 formata
689 2673 885 2717 voluntas,
905 2671 1075 2708 nondum

84 2731 290 2769 illuminata
311 2741 351 2768 ut
371 2733 417 2769 sit
433 2733 591 2770 charitas
603 2761 612 2778 ,
629 2732 699 2768 boc
719 2741 774 2769 cst
790 2732 930 2768 amoris
943 2730 1077 2780 jucun-

84 2791 192 2828 ditas.

141 2851 198 2888 14.
229 2850 455 2901 Simplicitas
490 2865 579 2902 ergo
610 2852 756 2889 initium
792 2850 946 2900 aliquod
977 2850 1011 2887 in
1039 2863 1078 2886 se

84 2910 164 2959 ipsa
179 2909 321 2947 habens
338 2919 519 2948 creaturae
544 2912 612 2948 Dei
627 2940 636 2957 ‚
655 2912 727 2948 hoc
742 2920 820 2955 est,
846 2911 1078 2946 voluntatem

85 2969 290 3019 simplicem
309 2978 346 3006 et
366 2969 523 3017 bonam,
545 2972 650 3020 quasi
675 2971 787 3010 futuri
805 2970 895 3007 boni
914 2970 1078 3006 hominis

86 3028 280 3066 informem
304 3030 517 3075 materiam,
540 3031 577 3067 in
594 3030 804 3080 primordio
819 3029 1076 3066 conversionis

89 3100 162 3123 suae
191 3088 333 3124 auctori
368 3102 435 3125 suo
459 3103 538 3126 eam
570 3090 681 3126 offert
718 3088 965 3125 formandam.
998 3091 1078 3124 Jam

470 3225 476 3232 '
495 3218 556 3248 Jol)
574 3230 580 3247 1
596 3242 601 3253 ,
627 3223 650 3248 l.

141 3223 146 3236 ¹
171 3218 260 3246 Rom.
282 3229 310 3253 ι,
333 3222 385 3247 121²..
738 3218 839 3247 ifle-n.
861 3229 894 3245 ιιι
911 3240 917 3251 ,
941 3220 987 3245 Ιθὶ.

1141 2558 1285 2606 ejectus
1303 2565 1370 2593 est.
1399 2555 1458 2591 Sic
1484 2563 1519 2591 et
1545 2553 1742 2590 animalem
1769 2551 1993 2595 discretum,
2026 2551 2138 2586 novi-

1144 2619 1235 2655 tium
1271 2615 1518 2666 prudentem,
1561 2612 1803 2661 incipientem
1845 2610 2050 2658 sapientem
2101 2610 2137 2645 in

1142 2678 1235 2714 cella
1251 2676 1316 2713 diu
1336 2687 1445 2725 posse
1466 2673 1669 2709 consistere
1683 2699 1692 2714 ‚
1713 2670 1750 2705 in
1769 2668 2059 2717 congregatione
2073 2668 2140 2704 du-

1144 2750 1248 2780 rare,
1286 2731 1515 2783 impossibile
1548 2739 1616 2767 est.
1651 2730 1793 2766 Stultus
1832 2729 1912 2771 liat,
1934 2735 1975 2763 ut
2004 2727 2050 2763 sit
2076 2740 2135 2763 sa-

1145 2797 1250 2846 piens
1273 2807 1279 2829 :
1308 2802 1344 2830 et
1372 2794 1448 2829 haec
1465 2791 1588 2827 omnis
1613 2790 1659 2826 sit
1686 2789 1765 2838 ejus
1788 2787 1966 2824 discretio
1983 2814 1992 2830 ‚
2030 2795 2068 2823 ut
2103 2787 2137 2822 in

1145 2856 1214 2892 hoc
1235 2854 1337 2891 nulla
1365 2852 1412 2888 sit
1434 2852 1466 2887 ei
1484 2849 1672 2887 discretio.
1697 2853 1782 2886 Haec
1810 2847 1934 2883 omnis
1959 2846 2140 2896 sapientia

1144 2914 1226 2963 ejus
1243 2914 1311 2956 sit,
1337 2920 1372 2948 ut
1394 2912 1429 2947 iu
1457 2910 1524 2946 hac
1545 2917 1651 2959 parte
1672 2908 1772 2944 nulla
1790 2907 1823 2943 ei
1844 2906 1901 2941 sit.

1063 3221 1074 3238 ⁴¹
1092 3213 1168 3244 llud.
1192 3218 1224 3248 1,
1248 3227 1274 3241 0.
