2418 3949
165 186 236 221 753
816 191 1096 226 TRACTATUS
1125 191 1190 225 DE
1223 190 1548 226 CORSCIENHA.

2131 195 2201 230 754

157 271 279 297 autem
286 264 441 309 judicat
453 277 525 308 me,
543 269 722 301 Dominus
739 275 791 301 est
803 272 825 302 ¹.
844 269 926 302 Hoc
939 274 1062 302 autem
1080 265 1208 301 ter-³⁰⁰
1220 265 1448 314 profundum
1463 294 1472 311 ‚
1517 267 1655 303 scilicet
1681 267 1864 316 judicium
1901 269 1969 305 Dei
2009 279 2204 318 penetrare

158 321 251 358 tium
268 321 450 370 judicium
465 324 553 369 Dei,
569 323 671 373 quod
685 324 796 361 etiam
812 325 873 361 illa
887 325 1147 374 purgatissima
1166 328 1196 359 A
1214 336 1291 359 non
1318 324 1465 370 valens,
1491 333 1532 360 ut
1553 324 1630 372 jam
1654 327 1714 362 vel
1737 335 1945 364 conventus
1975 328 2035 364 vel
2068 330 2201 365 convi-

156 393 232 417 non
258 383 545 432 comprehendit
572 383 819 430 conscientia,
843 383 1011 419 nesciens
1035 382 1144 432 juxta

154 440 408 490 Scripturam,
435 451 562 479 utrum
589 455 716 478 amore
746 455 793 479 an
821 442 910 479 odio
936 442 1046 491 digna
1073 442 1141 486 sit,

153 511 238 535 cum
257 502 383 538 omnia
396 502 430 538 ei
444 502 482 538 in
500 509 693 551 posterum
708 509 948 538 reserventur
963 501 1103 537 incerta
1117 504 1141 536 ².

153 557 274 607 Hujus
293 561 393 597 enim
409 560 543 610 judicii
564 561 699 597 timore
717 573 922 597 concussus
946 559 1088 609 pariter
1107 567 1144 595 et

151 631 353 667 percussus
370 619 544 670 gemebat
562 628 599 656 et
618 618 766 656 dicebat
784 634 792 656 ε
815 621 925 666 Quod
935 623 1032 654 enim
1050 632 1143 666 ope-

151 692 229 725 ror,
261 692 335 715 noa
364 682 529 727 intelligo
551 679 576 714 ³.
614 679 693 715 Etsi
723 679 823 715 enim
852 678 926 715 exii
951 677 1137 727 judicium

150 739 303 784 mundi,
323 746 360 774 et
370 738 556 787 judicium
573 739 668 784 mei3
685 746 798 775 restat
815 746 938 774 tamen
951 737 1138 786 judicium

148 799 237 843 Dei,
254 797 356 846 quod
375 810 434 833 me
450 809 527 833 non
543 797 630 833 sinit
645 797 850 846 intelligere
866 796 970 846 quod
987 808 1138 845 operor,

147 857 234 904 quia
256 855 382 892 nescio
401 855 432 891 si
453 862 622 904 acceptet
643 854 735 890 illud
754 855 857 903 quod
882 868 1033 904 operor.
1056 858 1140 904 Ipse

145 916 244 951 enim
264 913 397 951 melius
417 914 523 951 novit
541 926 600 950 me
614 942 623 959 ‚
643 926 756 962 quam
781 927 851 964 ego
871 927 950 960 me,
968 923 1139 951 scrutans

144 982 180 1010 et
199 987 308 1011 renes
327 982 364 1010 et
384 973 497 1010 corda
509 1001 518 1018 ‚
535 973 771 1009 occultorum
791 974 976 1022 cognitor,
992 974 1137 1023 pcrtin-

1209 390 1290 418 ctus
1317 391 1478 428 eructet,
1495 385 1645 419 luda-ia
1667 394 1753 429 tua,
1782 388 1958 433 Domine,
1987 401 2061 423 non
2087 388 2201 425 modo

1208 440 1388 490 abyssuS,
1419 442 1483 478 sed
1517 451 1555 479 et
1590 443 1738 489 abyssus
1768 444 1884 480 multa
1909 453 1934 483 7.
1972 448 2070 495 Quid
2109 462 2200 498 ergo

1209 500 1385 537 faciemus
1409 513 1476 538 nos
1499 502 1623 538 miseri
1646 511 1683 538 et
1709 504 1958 551 miserabiles,
1981 507 2010 542 si
2043 507 2104 543 ille
2132 508 2198 557 qui

1208 560 1294 608 plus
1324 559 1501 597 omnibus
1533 560 1718 597 laboravit
1744 561 1772 608 ⁸,
1799 564 1858 599 cui
1891 565 2001 601 etiam
2028 567 2198 617 Claviger

1206 619 1312 668 regni
1343 632 1425 655 cum
1455 623 1599 656 Joanne
1631 628 1669 656 et
1693 620 1833 657 Jacobo
1869 624 1959 659 nihil
1995 626 2198 664 contulisse

1206 677 1385 714 videntur
1400 685 1430 723 9,
1465 679 1530 727 qui
1558 691 1677 727 usque
1704 679 1751 715 ad
1782 681 1932 718 tertium
1966 685 2101 720 coelum
2130 699 2194 722 ra-

1204 744 1291 785 ptus
1316 745 1372 773 est
1394 743 1438 783 ¹⁰,
1471 738 1522 773 ita
1549 737 1595 773 de
1622 750 1660 774 se
1684 738 1768 788 ipso
1802 741 1914 776 sentit
1941 750 1979 777 et
2005 743 2197 792 loquitur?

1206 796 1277 832 Sed
1298 795 1426 845 utjam
1454 805 1574 833 totum
1599 797 1701 846 quod
1726 798 1773 834 de
1797 801 2025 837 conscientia
2048 804 2168 841 sentio
2183 833 2192 850 ,

1205 854 1332 891 verbis
1367 855 1478 894 nudis
1511 864 1549 892 et
1577 857 1681 906 puris
1715 865 1787 893 tuae
1820 859 1975 908 puritati
2009 863 2194 910 aperiam,

1204 923 1366 963 quatuor
1381 915 1664 952 distinctionum
1682 917 1814 955 modos
1829 917 1895 954 tibi
1917 920 2106 970 assignare
2129 922 2196 959 de-

1203 975 1326 1020 crevi,
1352 983 1393 1010 ut
1415 975 1518 1023 quod
1543 976 1789 1025 particulatim
1819 977 2034 1016 distinctum
2060 981 2192 1027 fuerit,

142 1046 233 1082 gens
252 1046 371 1082 usque
399 1033 446 1069 ad
468 1033 692 1070 divisionem
715 1033 849 1069 animae
873 1041 910 1069 et
929 1033 1083 1083 spiritus
1097 1034 1133 1077 43
1152 1035 1179 1068 B
1200 1033 1344 1081 legatur
1359 1033 1504 1070 dulcius
1517 1062 1527 1079 ,
1546 1042 1583 1070 et
1598 1035 1732 1072 melius
1748 1047 2004 1074 conservetur.

141 1093 205 1142 qui
227 1092 329 1129 solus
348 1092 455 1129 novit
473 1092 620 1137 omnia,
641 1100 679 1128 et
697 1092 867 1128 omnium
890 1094 1065 1129 rationes.

194 1152 228 1190 2.
262 1156 294 1191 Ο
321 1152 508 1201 singulare
538 1151 655 1189 sancti
685 1152 845 1202 Spiritus
868 1165 1074 1202 organum,
1101 1153 1132 1189 si

139 1224 216 1248 non
232 1212 407 1261 intelligis
426 1211 528 1260 quod
544 1211 712 1261 operaris
726 1239 736 1257 ,
756 1224 824 1247 cur
842 1211 915 1248 alio
931 1212 1013 1248 loco
1028 1211 1131 1256 dicis,

141 1274 270 1308 Gloria
288 1281 412 1308 nostra
430 1273 512 1307 lzoec
531 1281 602 1315 est,
625 1276 871 1308 testimoniam
892 1277 1130 1308 conscientae

137 1341 272 1367 nostroe
287 1330 301 1353 ⁵
315 1346 325 1378 ;
350 1340 450 1369 tuam
467 1332 622 1382 gloriam
636 1361 645 1378 ,
663 1341 765 1368 tuam
781 1332 1048 1369 conscientiam
1066 1346 1129 1368 vo-

136 1393 250 1429 cans?
275 1391 346 1429 Sed
372 1405 420 1428 ex
445 1399 550 1441 parte
577 1391 770 1441 intelligit,
797 1400 835 1427 et
858 1403 906 1427 ex
926 1400 1030 1441 parte
1053 1404 1128 1427 non

135 1450 319 1500 intelligit.
341 1451 520 1500 Intelligit
537 1451 648 1499 plane
660 1479 669 1496 ,
692 1451 780 1499 quia
795 1458 832 1486 et
852 1463 960 1486 suum
977 1457 1014 1486 et
1033 1450 1128 1486 alio-

135 1523 218 1547 rum
245 1522 508 1560 supergressus
531 1518 587 1546 est
610 1508 792 1558 judicium
821 1524 828 1545 :
857 1509 922 1546 sed
949 1509 1039 1545 citra
1061 1508 1128 1557 ju-

134 1569 273 1606 dicium
304 1570 375 1606 Dei
402 1570 603 1615 retinetur,
629 1568 692 1605 ubi
713 1569 841 1619 procul
869 1567 984 1605 dubio
1011 1569 1128 1605 nescit

133 1629 225 1678 quid
250 1637 440 1678 operatur.
460 1631 543 1664 Non
566 1628 665 1664 enim
684 1641 752 1677 per
770 1629 833 1664 illa
851 1628 1121 1676 duojustilica-

134 1697 209 1734 tur,
234 1688 299 1725 sed
322 1700 390 1737 per
411 1687 561 1724 tertium
581 1686 872 1736 justificabitur,
896 1687 999 1736 quod
1025 1687 1121 1723 sicut

130 1760 207 1784 non
220 1756 276 1784 est
288 1746 538 1796 cognoscibile
551 1774 560 1790 ‚
583 1746 633 1782 ita
651 1754 707 1782 est
722 1746 1115 1796 incomprehensibile.

1559 1165 1735 1203 CAPUT
1766 1166 1821 1204 II.

1417 1282 1560 1319 Quatuor
1572 1279 1828 1311 conscientiarum
1842 1292 1964 1323 genera.

1248 1392 1284 1428 3.
1302 1391 1540 1428 Conscientia
1554 1391 1667 1441 igitur
1681 1392 1753 1429 alia
1768 1391 1869 1429 bona
1882 1421 1891 1437 ‚
1911 1402 1948 1430 ct
1967 1397 2185 1445 tranquilla;

1194 1451 1265 1488 alia
1283 1451 1402 1497 bona,
1420 1460 1457 1488 et
1476 1451 1624 1488 turbata
1642 1467 1650 1489 ε
1667 1453 1737 1489 alia
1758 1455 1852 1490 mala
1867 1482 1877 1499 ,
1903 1463 1940 1491 et
1966 1458 2184 1505 tranquilla;

1192 1511 1263 1546 alia
1296 1511 1414 1556 mala,
1447 1518 1484 1546 et
1512 1510 1673 1548 turbata.
1704 1512 1775 1549 Sed
1803 1513 1965 1562 primum
1993 1515 2039 1551 de
2065 1518 2185 1565 prima

1192 1568 1399 1605 videamus.
1427 1572 1529 1605 Bona
1560 1583 1721 1619 namque
1740 1573 1967 1608 conscientia
1987 1583 2068 1619 est,
2099 1589 2182 1624 quae

1190 1637 1227 1666 et
1253 1629 1441 1679 praeterita
1468 1638 1618 1678 peccata
1646 1630 1776 1680 punit,
1801 1640 1839 1667 et
1862 1633 2052 1681 punienda
2078 1648 2181 1671 com—

1186 1689 1333 1725 mittere
1347 1688 1484 1737 refugit
1500 1704 1507 1725 :
1530 1703 1613 1738 quae
1630 1691 1698 1725 etsi
1714 1699 1907 1739 peccatum
1925 1693 2074 1739 sentiat,
2096 1707 2182 1743 pec-

1186 1757 1268 1784 cato
1296 1762 1372 1784 non
1401 1750 1602 1786 consentit.
1635 1752 1777 1785 Beatus
1810 1755 1889 1795 vir,
1921 1757 2074 1788 cainan
2107 1759 2179 1790 im—

127 1809 299 1843 Duorum
326 1815 449 1843 tamen
468 1805 696 1854 judiciorum
720 1806 906 1851 exclusio,
934 1806 973 1842 id
996 1814 1051 1842 est
1080 1807 1118 1842 iu
1137 1808 1163 1842 C
1176 1812 1322 1856 putavit
1350 1811 1524 1843 Dominus
1541 1818 1755 1856 peccatam,
1780 1810 1831 1845 ait
1857 1819 2005 1847 sanctus
2024 1818 2064 1847 ¹¹.
2094 1815 2177 1849 hon

128 1866 302 1915 praesenti
315 1865 545 1915 justificatio,
563 1865 843 1914 quodammodo
860 1873 960 1902 certa
980 1865 1118 1914 signifi—

126 1927 222 1962 catio
238 1934 294 1963 est
319 1934 467 1962 aeternae
495 1925 851 1975 praedestinationis,
878 1926 915 1961 in
942 1938 1016 1974 qua
1049 1938 1117 1961 nos

126 1989 228 2022 Deus
243 1985 417 2034 praevidit
430 1985 640 2020 conformes
661 1984 741 2020 lieri
757 1984 909 2033 imagini
924 1984 1006 2021 Filii
1029 1984 1086 2020 sui
1104 1998 1113 2029 3

125 2053 163 2081 et
178 2045 310 2081 suturae
321 2044 613 2094 glorificationis,
628 2057 712 2080 cum
730 2057 798 2081 nos
812 2044 849 2080 in
866 2044 949 2093 ipso
963 2044 1115 2090 erimus,

126 2112 165 2140 et
183 2104 264 2154 ipse
280 2104 317 2140 in
338 2103 448 2140 nobis
463 2131 473 2149 ,
494 2116 578 2139 cum
597 2104 676 2152 ipsc
692 2103 763 2139 erit
779 2103 905 2138 onmia
928 2103 966 2139 in
989 2104 1115 2139 omni-

125 2163 207 2201 bus.
228 2168 385 2214 Propter
401 2164 472 2200 hoc
487 2164 586 2199 enini
606 2171 678 2199 tam
695 2176 823 2199 secure
842 2176 953 2212 quam
972 2163 1116 2199 sincere

123 2223 210 2260 alibi
231 2223 454 2273 loquebatur
475 2237 482 2259 :
511 2225 635 2259 cereas
665 2236 766 2266 sam,
786 2223 859 2267 ait,
882 2228 972 2270 qaia
998 2236 1116 2271 neque

126 2297 241 2326 mors,
274 2296 394 2330 aeque
423 2287 521 2326 vita,
558 2290 596 2317 et
629 2282 746 2318 multa
778 2282 871 2327 alia,
911 2282 986 2318 imo
1015 2296 1113 2331 pene

124 2343 250 2379 onmia
275 2355 359 2391 quae
382 2341 435 2378 ibi
457 2349 745 2387 enumerantur,
771 2355 845 2376 non
860 2351 1035 2390 poterant
1056 2356 1115 2378 me

123 2415 300 2450 separare
324 2415 347 2436 a
377 2402 555 2437 charitate
596 2400 730 2437 Christi
744 2400 771 2437 ⁶.
790 2401 861 2438 Sed
891 2415 974 2438 cum
996 2410 1051 2437 tot
1076 2411 1114 2438 et

124 2470 225 2498 tanta
243 2461 420 2507 dixisset,
443 2474 577 2507 unum,
600 2461 738 2497 scilicet
763 2461 954 2512 propriam
971 2462 1112 2498 volun-

124 2529 257 2565 tatem,
280 2520 449 2565 reticuit,
479 2533 562 2570 quae
594 2520 808 2557 salvationis
834 2529 872 2557 et
901 2521 1113 2558 damnatio-

1183 1866 1301 1913 dixit,
1332 1867 1405 1914 Qui
1433 1880 1510 1903 non
1533 1867 1618 1903 fecit
1645 1876 1839 1916 peecatum
1862 1883 1869 1904 :
1901 1882 1975 1905 non
1998 1879 2053 1906 est
2074 1873 2174 1908 enim

1183 1926 1241 1962 hic
1261 1927 1412 1976 aliquis,
1432 1927 1502 1963 nisi
1522 1940 1638 1973 unus,
1657 1936 1693 1963 ct
1714 1928 1773 1964 hic
1794 1937 1849 1964 est
1870 1929 1983 1966 Filius
2001 1931 2090 1975 Dei,
2112 1933 2177 1980 qui

1182 1994 1376 2034 peccatum
1400 1999 1477 2021 non
1500 1986 1604 2031 fecit,
1634 2000 1702 2022 nec
1729 1987 1905 2024 inventus
1930 1996 1984 2024 est
2004 1988 2114 2026 dolus
2138 1990 2174 2026 in

1182 2059 1247 2081 ore
1268 2044 1401 2093 ejus¹².
1424 2049 1544 2082 Omne
1564 2059 1653 2094 ergo
1671 2046 1774 2095 qnod
1798 2047 1876 2096 ipse
1896 2047 1986 2083 mihi
2004 2062 2079 2084 non
2103 2050 2173 2085 im—

1183 2113 1314 2154 putare
1353 2104 1582 2149 decreverit,
1617 2105 1668 2141 sic
1702 2114 1756 2141 est
1786 2107 1890 2154 quasi
1929 2119 2004 2142 non
2047 2108 2170 2144 fucrit.

1182 2167 1295 2200 Beati
1322 2177 1430 2213 ergo,
1456 2177 1532 2199 non
1553 2177 1715 2212 quorum
1739 2165 1849 2200 nullae
1876 2165 2038 2202 inventae
2058 2176 2170 2212 sunt,

1182 2224 1246 2260 sed
1275 2237 1429 2271 quoram
1458 2229 1625 2259 remim&
1649 2233 1732 2259 sunt
1760 2228 1996 2272 iniquitates,
2026 2235 2060 2261 et
2079 2241 2172 2273 qao-

1180 2296 1259 2318 rum
1283 2292 1378 2318 tec-ta
1402 2291 1488 2317 sant
1508 2292 1664 2330 peccata
1682 2283 1721 2318 ¹3.
1748 2286 1832 2319 Non
1858 2283 1973 2328 dixit,
2002 2289 2171 2332 Quorum

1181 2342 1283 2378 nulla
1313 2350 1419 2387 sunt;
1450 2340 1537 2386 sed,
1573 2355 1724 2389 quoram
1755 2350 1850 2377 tet-ta
1881 2352 1967 2377 suat
1987 2353 2144 2390 peccata
2162 2360 2172 2380 .·

1181 2410 1223 2438 ut
1242 2400 1407 2450 quodam
1441 2409 1658 2449 tegumento
1678 2401 1962 2449 quodammodo
1988 2404 2056 2439 Dei
2085 2418 2172 2441 ocu—

1178 2461 1223 2497 lis
1242 2460 1532 2497 abscondantur.
1564 2460 1668 2497 Felix
1694 2460 1838 2503 anima,
1867 2474 1951 2509 quae
1976 2472 2170 2510 peceatum

1179 2522 1366 2568 sentiens,
1392 2529 1548 2570 peccato
1572 2534 1647 2557 non
1685 2522 1874 2557 consentit
1910 2537 1917 2557 :
1954 2536 2066 2571 quam
2103 2526 2170 2561 etsi

125 2579 182 2615 nis
204 2587 258 2615 est
274 2592 396 2615 cansa.
413 2583 458 2616 Et
474 2579 626 2616 attende
648 2580 840 2628 quomodo
861 2580 918 2617 vir
932 2585 1013 2618 Deo
1031 2582 1112 2631 ple—
1128 2583 1160 2616 D
1181 2581 1357 2630 cogitatio
1375 2581 1562 2629 inquinat,
1586 2581 1681 2616 ratio
1703 2581 1820 2625 lavat,
1841 2593 2014 2629 pugnans
2045 2591 2082 2618 et
2108 2597 2170 2619 re-

125 2652 195 2676 nus
223 2639 484 2675 conscientiam
512 2652 616 2675 suam
644 2639 781 2676 dixerit
807 2640 959 2690 gloriam
990 2654 1108 2686 suam,

124 2707 298 2748 tanquam
324 2711 405 2734 eam
426 2699 536 2747 plene
560 2699 792 2748 intelligens,
818 2708 909 2735 etse
928 2700 966 2736 in
991 2714 1045 2737 ea.
1068 2704 1113 2738 Et

124 2766 248 2794 tamen
265 2757 410 2794 dixerat
429 2771 466 2793 sc
482 2771 557 2793 non
580 2758 788 2808 intelligere
801 2759 903 2807 quod
921 2769 1110 2809 operatur,

123 2817 385 2853 conscientiam
416 2830 520 2853 suam
550 2831 625 2853 non
652 2817 728 2866 jam
757 2818 795 2854 in
831 2819 1012 2866 gloriam,
1045 2821 1109 2857 sed

124 2876 161 2911 in
180 2875 427 2924 ignorantiam
451 2877 727 2925 concaptivans.
749 2877 880 2913 Deficit
902 2890 991 2928 ergo
1011 2883 1108 2929 Apo-

123 2935 240 2971 stolus
268 2944 436 2972 scrutans
470 2936 648 2972 scrutinio
677 2937 941 2974 conscientiam
974 2952 1075 2974 suam
1100 2955 1107 2975 z

123 3003 159 3031 et
191 2994 279 3030 dum
307 2995 352 3031 ad
384 2995 541 3031 fundum
570 2995 650 3044 ejus
666 2996 861 3045 pervenire
878 3010 916 3032 se
934 2997 1109 3042 credidit,

122 3054 285 3090 alienum
308 3054 492 3102 judiciuin
521 3063 558 3091 et
575 3068 682 3091 suum
714 3068 917 3099 evacuans,
954 3056 1107 3092 incurrit

175 3194 184 3209 ¹
206 3192 215 3218 1
232 3191 305 3219 Cor.
326 3200 372 3226 xv,
391 3191 419 3220 1‘1.
437 3207 478 3210 -—
500 3194 511 3209 ²
527 3189 626 3220 Ecclc.
648 3201 678 3218 ix
695 3213 702 3223 ‚
725 3192 752 3224 1,
772 3193 800 3220 31..
817 3206 855 3209 —-

124 3244 164 3270 38
180 3244 318 3277 ‚139.-
336 3247 348 3269 7
370 3241 446 3271 l’sal.
466 3253 567 3277 xxxv,
587 3244 619 3271 7.
700 3240 713 3260 ⁸
735 3244 742 3270 Ι
764 3243 834 3271 (lor.
858 3251 910 3275 xv.
933 3244 980 3271 to.

126 3300 151 3313 ¹¹
171 3297 178 3323 1
197 3296 277 3323 l‘rtr.
295 3304 315 3322 11
330 3317 336 3328 ,
358 3297 408 3323 21)..
424 3312 434 3315 »
488 3293 516 3314 ¹3
533 3294 608 3323 l‘sal.
628 3305 707 3323 „xxxi
724 3318 730 3329 ,
758 3298 782 3323 1.

883 3186 1001 3218 ἶΙὶυιιι.
1022 3200 1089 3222 vn.
1114 3194 1162 3219 15».

1055 3242 1332 3279 υ(·.;ι1;ιι.ιι,ι·.-·,ι.
1358 3264 1364 3267 -

862 3299 890 3317 ¹¹
915 3296 1000 3322 lloni.
1024 3306 1103 3330 xiii,
1133 3300 1157 3324 l.

1181 2653 1354 2690 pugnans
1382 2640 1451 2688 legi
1488 2641 1642 2690 peccati.
1681 2640 1837 2676 Molesta
1876 2640 1973 2675 lucta
2005 2650 2078 2685 est,
2106 2643 2169 2678 scd

1179 2701 1369 2737 fructuosa
1393 2707 1468 2744 est;
1494 2700 1581 2747 quia
1599 2699 1667 2735 etsi
1690 2713 1839 2748 poenani
1861 2699 1995 2743 lialict,
2019 2700 2168 2736 :ullulwt

1177 2769 1214 2798 et
1249 2774 1427 2797 coronam
1463 2775 1470 2794 :
1502 2760 1576 2795 imo
1613 2759 1715 2808 qnod
1758 2760 1980 2795 sentientem
2016 2761 2139 2809 fatigat
2161 2790 2168 2803 ,

1177 2821 1390 2856 vincentem
1414 2827 1582 2854 coronat.
1612 2823 1651 2854 ln
1679 2819 1749 2854 lioc
1777 2819 1876 2854 enini
1905 2820 2082 2856 conflictu
2106 2820 2168 2856 uhi

1177 2892 1307 2915 sensns
1333 2886 1410 2921 cst,
1441 2891 1517 2913 non
1548 2890 1772 2921 consensus,
1800 2879 1898 2912 nihil
1916 2881 2167 2915 damnationi.»

1175 2949 1248 2981 est,
1277 2938 1385 2986 juxta
1414 2938 1661 2986 Apostolum,
1694 2939 1748 2973 lu's
1766 2942 1828 2986 qui
1855 2949 1939 2973 sant
1967 2945 2004 2974 m
2031 2941 2169 2976 Christo

1174 3001 1261 3034 das-u
1284 3005 1325 3032 ¹⁴.
1365 3000 1482 3033 Porro
1512 2997 1541 3032 is
1570 2997 1634 3046 qui
1670 2998 1901 3033 voluntatem
1942 2998 2053 3036 babet
2092 3012 2166 3036 non

1176 3057 1375 3106 peccandi,
1406 3064 1442 3092 et
1472 3056 1707 3092 custodiendi
1732 3057 1846 3106 pedes
1870 3072 1956 3095 suos
1986 3073 2005 3094 a
2038 3060 2165 3108 lapsu2

1902 3210 1913 3213 -
1943 3195 2165 3225 ‘'lhun.x111‚

1569 3190 1603 3212 A»
1621 3195 1646 3222 ll
1666 3195 1737 3221 (lor.
1759 3205 1786 3224 ι,
1813 3196 1863 3222 Γ),

1805 3251 1829 3264 '¹
1854 3245 1927 3274 l'xal.
1951 3256 2028 3272 xxxi
2048 3269 2053 3276 ,
2077 3250 2104 3273 7.

1257 3192 1386 3222 ¹ll‹·ln·.
1406 3204 1450 3224 ιν.
1473 3196 1521 3222 1”)..

1416 3247 1784 3276 ···1tt',‹··.x11.·›.r--
