<?xml version="1.0" encoding="UTF-8"?>
<!DOCTYPE html PUBLIC "-//W3C//DTD XHTML 1.0 Transitional//EN"
    "http://www.w3.org/TR/xhtml1/DTD/xhtml1-transitional.dtd">
<html xmlns="http://www.w3.org/1999/xhtml" xml:lang="en" lang="en">
 <head>
  <title>
</title>
<meta http-equiv="Content-Type" content="text/html;charset=utf-8" />
  <meta name='ocr-system' content='tesseract 3.04.00' />
  <meta name='ocr-capabilities' content='ocr_page ocr_carea ocr_par ocr_line ocrx_word'/>
</head>
<body>
  <div class='ocr_page' id='page_1' title='image "./operaomniapostho05bern/operaomniapostho05bern_0701.png"; bbox 0 0 2418 3949; ppageno 0'>
   <div class='ocr_carea' id='block_1_1' title="bbox 0 1298 13 1540">
    <p class='ocr_par' dir='ltr' id='par_1_1' title="bbox 0 1298 13 1540">
     <span class='ocr_line' id='line_1_1' title="bbox 0 1298 13 1540; textangle 90"><span class='ocrx_word' id='word_1_1' title='bbox 3 1535 5 1540; x_wconf 93' lang='lat'>.</span> <span class='ocrx_word' id='word_1_2' title='bbox 0 1446 6 1492; x_wconf 45' lang='grc' dir='ltr'>-ψ,</span> <span class='ocrx_word' id='word_1_3' title='bbox 0 1382 7 1417; x_wconf 61' lang='grc' dir='ltr'>-ν</span> <span class='ocrx_word' id='word_1_4' title='bbox 0 1357 2 1362; x_wconf 91' lang='grc'>-</span> <span class='ocrx_word' id='word_1_5' title='bbox 0 1298 13 1336; x_wconf 56' lang='grc' dir='ltr'>-ν,</span> 
     </span>
    </p>
   </div>
   <div class='ocr_carea' id='block_1_2' title="bbox 169 258 2222 308">
    <p class='ocr_par' dir='ltr' id='par_1_2' title="bbox 169 258 2222 308">
     <span class='ocr_line' id='line_1_2' title="bbox 169 258 2222 308; baseline 0.007 -15"><span class='ocrx_word' id='word_1_6' title='bbox 169 258 265 294; x_wconf 83' lang='lat'>1385</span> <span class='ocrx_word' id='word_1_7' title='bbox 825 263 988 298; x_wconf 75' lang='lat' dir='ltr'><strong>SERMO</strong></span> <span class='ocrx_word' id='word_1_8' title='bbox 1019 264 1064 297; x_wconf 77' lang='lat' dir='ltr'>IN</span> <span class='ocrx_word' id='word_1_9' title='bbox 1095 263 1253 298; x_wconf 75' lang='lat' dir='ltr'>VERBA</span> <span class='ocrx_word' id='word_1_10' title='bbox 1285 264 1563 300; x_wconf 61' lang='lat' dir='ltr'>sAt‘ltssNsIAE.</span> <span class='ocrx_word' id='word_1_11' title='bbox 2127 273 2222 308; x_wconf 65' lang='lat'>1:380</span> 
     </span>
    </p>
   </div>
   <div class='ocr_carea' id='block_1_3' title="bbox 163 334 2220 388">
    <p class='ocr_par' dir='ltr' id='par_1_3' title="bbox 163 334 2220 388">
     <span class='ocr_line' id='line_1_3' title="bbox 163 334 2220 388; baseline 0.006 -17"><span class='ocrx_word' id='word_1_12' title='bbox 163 334 335 372; x_wconf 84' lang='lat' dir='ltr'>inanibus</span> <span class='ocrx_word' id='word_1_13' title='bbox 354 350 361 371; x_wconf 89' lang='lat'><strong>:</strong></span> <span class='ocrx_word' id='word_1_14' title='bbox 384 334 491 384; x_wconf 90' lang='lat' dir='ltr'>cujus</span> <span class='ocrx_word' id='word_1_15' title='bbox 516 345 629 386; x_wconf 88' lang='lat' dir='ltr'>caput</span> <span class='ocrx_word' id='word_1_16' title='bbox 658 350 812 374; x_wconf 89' lang='lat' dir='ltr'>aureum</span> <span class='ocrx_word' id='word_1_17' title='bbox 826 367 834 382; x_wconf 92' lang='lat'>,</span> <span class='ocrx_word' id='word_1_18' title='bbox 865 347 902 374; x_wconf 89' lang='lat' dir='ltr'>ct</span> <span class='ocrx_word' id='word_1_19' title='bbox 933 336 1210 375; x_wconf 82' lang='lat' dir='ltr'>caeterorum⁷⁰¹</span> <span class='ocrx_word' id='word_1_20' title='bbox 1225 346 1304 373; x_wconf 86' lang='lat' dir='ltr'>stus</span> <span class='ocrx_word' id='word_1_21' title='bbox 1324 338 1387 374; x_wconf 89' lang='lat' dir='ltr'>dat</span> <span class='ocrx_word' id='word_1_22' title='bbox 1405 338 1566 388; x_wconf 88' lang='lat' dir='ltr'>denique</span> <span class='ocrx_word' id='word_1_23' title='bbox 1586 342 1667 376; x_wconf 87' lang='lat' dir='ltr'>voci</span> <span class='ocrx_word' id='word_1_24' title='bbox 1688 355 1764 378; x_wconf 85' lang='lat' dir='ltr'>suae</span> <span class='ocrx_word' id='word_1_25' title='bbox 1785 355 1916 380; x_wconf 89' lang='lat' dir='ltr'>vocem</span> <span class='ocrx_word' id='word_1_26' title='bbox 1934 345 2092 383; x_wconf 87' lang='lat' dir='ltr'>virtutis.</span> <span class='ocrx_word' id='word_1_27' title='bbox 2110 348 2220 385; x_wconf 75' lang='lat' dir='ltr'>Unde</span> 
     </span>
    </p>
   </div>
   <div class='ocr_carea' id='block_1_4' title="bbox 161 393 2215 449">
    <p class='ocr_par' dir='ltr' id='par_1_4' title="bbox 161 393 2215 449">
     <span class='ocr_line' id='line_1_4' title="bbox 161 393 2215 449; baseline 0.007 -20"><span class='ocrx_word' id='word_1_28' title='bbox 161 393 420 431; x_wconf 84' lang='lat' dir='ltr'>membrorum</span> <span class='ocrx_word' id='word_1_29' title='bbox 455 395 566 431; x_wconf 88' lang='lat' dir='ltr'>fuisse</span> <span class='ocrx_word' id='word_1_30' title='bbox 601 395 866 433; x_wconf 90' lang='lat' dir='ltr'>describuntur</span> <span class='ocrx_word' id='word_1_31' title='bbox 897 397 1068 446; x_wconf 84' lang='lat' dir='ltr'>quaedam</span> <span class='ocrx_word' id='word_1_32' title='bbox 1105 410 1149 433; x_wconf 81' lang='lat' dir='ltr'>ex</span> <span class='ocrx_word' id='word_1_33' title='bbox 1169 401 1197 433; x_wconf 80' lang='lat' dir='ltr'><strong>A</strong></span> <span class='ocrx_word' id='word_1_34' title='bbox 1217 397 1423 433; x_wconf 89' lang='lat' dir='ltr'>tonitruum</span> <span class='ocrx_word' id='word_1_35' title='bbox 1440 400 1540 435; x_wconf 82' lang='lat' dir='ltr'>vocis</span> <span class='ocrx_word' id='word_1_36' title='bbox 1553 397 1634 447; x_wconf 88' lang='lat' dir='ltr'>ejus</span> <span class='ocrx_word' id='word_1_37' title='bbox 1648 400 1785 437; x_wconf 87' lang='lat' dir='ltr'>factum</span> <span class='ocrx_word' id='word_1_38' title='bbox 1805 403 1841 438; x_wconf 92' lang='lat' dir='ltr'>in</span> <span class='ocrx_word' id='word_1_39' title='bbox 1860 404 2013 449; x_wconf 77' lang='lat' dir='ltr'>virtute,</span> <span class='ocrx_word' id='word_1_40' title='bbox 2036 406 2215 444; x_wconf 87' lang='lat' dir='ltr'>interiora</span> 
     </span>
    </p>
   </div>
   <div class='ocr_carea' id='block_1_5' title="bbox 157 453 1156 1096">
    <p class='ocr_par' dir='ltr' id='par_1_5' title="bbox 157 453 1156 1096">
     <span class='ocr_line' id='line_1_5' title="bbox 161 453 1152 504; baseline 0.004 -16"><span class='ocrx_word' id='word_1_41' title='bbox 161 461 337 501; x_wconf 79' lang='lat' dir='ltr'>argento,</span> <span class='ocrx_word' id='word_1_42' title='bbox 362 453 533 503; x_wconf 77' lang='lat' dir='ltr'>quaedam</span> <span class='ocrx_word' id='word_1_43' title='bbox 556 467 603 490; x_wconf 85' lang='lat' dir='ltr'>ex</span> <span class='ocrx_word' id='word_1_44' title='bbox 627 467 722 501; x_wconf 88' lang='lat' dir='ltr'>aere,</span> <span class='ocrx_word' id='word_1_45' title='bbox 750 455 922 504; x_wconf 87' lang='lat' dir='ltr'>quaedam</span> <span class='ocrx_word' id='word_1_46' title='bbox 955 470 1000 492; x_wconf 81' lang='lat' dir='ltr'>ex</span> <span class='ocrx_word' id='word_1_47' title='bbox 1030 457 1152 500; x_wconf 82' lang='lat' dir='ltr'>ferre,</span> 
     </span>
     <span class='ocr_line' id='line_1_6' title="bbox 161 512 1154 564; baseline 0.004 -16"><span class='ocrx_word' id='word_1_48' title='bbox 161 512 331 560; x_wconf 83' lang='lat' dir='ltr'>quaedam</span> <span class='ocrx_word' id='word_1_49' title='bbox 354 526 399 549; x_wconf 88' lang='lat' dir='ltr'>ex</span> <span class='ocrx_word' id='word_1_50' title='bbox 421 513 500 549; x_wconf 94' lang='lat' dir='ltr'>luto</span> <span class='ocrx_word' id='word_1_51' title='bbox 526 522 564 550; x_wconf 91' lang='lat' dir='ltr'>et</span> <span class='ocrx_word' id='word_1_52' title='bbox 595 514 695 550; x_wconf 89' lang='lat' dir='ltr'>ferro</span> <span class='ocrx_word' id='word_1_53' title='bbox 714 521 736 551; x_wconf 90' lang='lat'>¹.</span> <span class='ocrx_word' id='word_1_54' title='bbox 767 517 888 564; x_wconf 92' lang='lat' dir='ltr'>Caput</span> <span class='ocrx_word' id='word_1_55' title='bbox 914 524 970 551; x_wconf 81' lang='lat' dir='ltr'>est</span> <span class='ocrx_word' id='word_1_56' title='bbox 994 516 1154 558; x_wconf 83' lang='lat' dir='ltr'>malitia,</span> 
     </span>
     <span class='ocr_line' id='line_1_7' title="bbox 160 572 1156 621; baseline 0.004 -15"><span class='ocrx_word' id='word_1_57' title='bbox 160 584 271 619; x_wconf 87' lang='lat' dir='ltr'>quam</span> <span class='ocrx_word' id='word_1_58' title='bbox 295 572 468 621; x_wconf 86' lang='lat' dir='ltr'>superius</span> <span class='ocrx_word' id='word_1_59' title='bbox 488 585 661 621; x_wconf 89' lang='lat' dir='ltr'>saporem</span> <span class='ocrx_word' id='word_1_60' title='bbox 681 572 844 610; x_wconf 87' lang='lat' dir='ltr'>diximus</span> <span class='ocrx_word' id='word_1_61' title='bbox 865 575 951 610; x_wconf 87' lang='lat' dir='ltr'>mali</span> <span class='ocrx_word' id='word_1_62' title='bbox 970 589 976 610; x_wconf 92' lang='lat'><strong>:</strong></span> <span class='ocrx_word' id='word_1_63' title='bbox 999 574 1099 610; x_wconf 89' lang='lat' dir='ltr'>unde</span> <span class='ocrx_word' id='word_1_64' title='bbox 1119 582 1156 610; x_wconf 88' lang='lat' dir='ltr'>et</span> 
     </span>
     <span class='ocr_line' id='line_1_8' title="bbox 160 631 1154 682; baseline 0.005 -18"><span class='ocrx_word' id='word_1_65' title='bbox 160 642 230 678; x_wconf 85' lang='lat' dir='ltr'>per</span> <span class='ocrx_word' id='word_1_66' title='bbox 245 643 379 667; x_wconf 88' lang='lat' dir='ltr'>aurum</span> <span class='ocrx_word' id='word_1_67' title='bbox 400 631 639 680; x_wconf 78' lang='lat' dir='ltr'>exprimitur,</span> <span class='ocrx_word' id='word_1_68' title='bbox 667 644 743 680; x_wconf 89' lang='lat' dir='ltr'>quo</span> <span class='ocrx_word' id='word_1_69' title='bbox 769 633 944 669; x_wconf 91' lang='lat' dir='ltr'>nimirum</span> <span class='ocrx_word' id='word_1_70' title='bbox 974 633 1154 682; x_wconf 84' lang='lat' dir='ltr'>sapientia</span> 
     </span>
     <span class='ocr_line' id='line_1_9' title="bbox 159 689 1153 742; baseline 0.004 -17"><span class='ocrx_word' id='word_1_71' title='bbox 159 689 198 724; x_wconf 91' lang='lat' dir='ltr'>in</span> <span class='ocrx_word' id='word_1_72' title='bbox 214 689 414 739; x_wconf 90' lang='lat' dir='ltr'>Scripturis</span> <span class='ocrx_word' id='word_1_73' title='bbox 429 690 657 739; x_wconf 84' lang='lat' dir='ltr'>designatur.</span> <span class='ocrx_word' id='word_1_74' title='bbox 672 691 836 727; x_wconf 88' lang='lat' dir='ltr'>Medium</span> <span class='ocrx_word' id='word_1_75' title='bbox 855 705 944 728; x_wconf 89' lang='lat' dir='ltr'>vero</span> <span class='ocrx_word' id='word_1_76' title='bbox 961 693 1131 742; x_wconf 82' lang='lat' dir='ltr'>corporis</span> <span class='ocrx_word' id='word_1_77' title='bbox 1144 721 1153 737; x_wconf 92' lang='lat'>‚</span> 
     </span>
     <span class='ocr_line' id='line_1_10' title="bbox 159 747 1155 799; baseline 0.004 -15"><span class='ocrx_word' id='word_1_78' title='bbox 159 747 197 784; x_wconf 87' lang='lat' dir='ltr'>id</span> <span class='ocrx_word' id='word_1_79' title='bbox 217 757 272 785; x_wconf 90' lang='lat' dir='ltr'>est</span> <span class='ocrx_word' id='word_1_80' title='bbox 292 758 423 798; x_wconf 90' lang='lat' dir='ltr'>pectus</span> <span class='ocrx_word' id='word_1_81' title='bbox 439 758 477 786; x_wconf 91' lang='lat' dir='ltr'>et</span> <span class='ocrx_word' id='word_1_82' title='bbox 496 749 668 795; x_wconf 83' lang='lat' dir='ltr'>brachia,</span> <span class='ocrx_word' id='word_1_83' title='bbox 690 763 735 786; x_wconf 89' lang='lat' dir='ltr'>ex</span> <span class='ocrx_word' id='word_1_84' title='bbox 753 759 909 799; x_wconf 76' lang='lat' dir='ltr'>argento</span> <span class='ocrx_word' id='word_1_85' title='bbox 936 751 1046 788; x_wconf 86' lang='lat' dir='ltr'>fuisse</span> <span class='ocrx_word' id='word_1_86' title='bbox 1074 765 1155 788; x_wconf 84' lang='lat' dir='ltr'>me-</span> 
     </span>
     <span class='ocr_line' id='line_1_11' title="bbox 160 809 1152 858; baseline 0.003 -15"><span class='ocrx_word' id='word_1_87' title='bbox 160 816 368 845; x_wconf 80' lang='lat' dir='ltr'><strong>morantur.</strong></span> <span class='ocrx_word' id='word_1_88' title='bbox 392 812 597 858; x_wconf 82' lang='lat' dir='ltr'><strong>Argentum</strong></span> <span class='ocrx_word' id='word_1_89' title='bbox 622 817 678 846; x_wconf 91' lang='lat' dir='ltr'>est</span> <span class='ocrx_word' id='word_1_90' title='bbox 703 809 868 846; x_wconf 91' lang='lat' dir='ltr'>lucidum</span> <span class='ocrx_word' id='word_1_91' title='bbox 890 818 927 846; x_wconf 90' lang='lat' dir='ltr'>et</span> <span class='ocrx_word' id='word_1_92' title='bbox 946 824 1126 847; x_wconf 89' lang='lat' dir='ltr'>sonorum</span> <span class='ocrx_word' id='word_1_93' title='bbox 1146 826 1152 846; x_wconf 89' lang='lat'><strong>:</strong></span> 
     </span>
     <span class='ocr_line' id='line_1_12' title="bbox 158 865 1154 914; baseline 0.003 -12"><span class='ocrx_word' id='word_1_94' title='bbox 158 865 266 914; x_wconf 91' lang='lat' dir='ltr'>cujus</span> <span class='ocrx_word' id='word_1_95' title='bbox 295 868 480 904; x_wconf 88' lang='lat' dir='ltr'>sonoritas</span> <span class='ocrx_word' id='word_1_96' title='bbox 511 868 700 904; x_wconf 81' lang='lat' dir='ltr'><strong>demulcet</strong></span> <span class='ocrx_word' id='word_1_97' title='bbox 728 868 920 912; x_wconf 89' lang='lat' dir='ltr'>auditum,</span> <span class='ocrx_word' id='word_1_98' title='bbox 944 877 980 904; x_wconf 90' lang='lat' dir='ltr'>et</span> <span class='ocrx_word' id='word_1_99' title='bbox 1008 870 1154 905; x_wconf 78' lang='lat' dir='ltr'>claritas</span> 
     </span>
     <span class='ocr_line' id='line_1_13' title="bbox 159 925 1154 977; baseline 0.003 -16"><span class='ocrx_word' id='word_1_100' title='bbox 159 925 278 962; x_wconf 89' lang='lat' dir='ltr'>visum</span> <span class='ocrx_word' id='word_1_101' title='bbox 299 925 474 964; x_wconf 88' lang='lat' dir='ltr'>oblectat.</span> <span class='ocrx_word' id='word_1_102' title='bbox 499 927 610 965; x_wconf 85' lang='lat' dir='ltr'>Unde</span> <span class='ocrx_word' id='word_1_103' title='bbox 633 940 702 976; x_wconf 87' lang='lat' dir='ltr'>per</span> <span class='ocrx_word' id='word_1_104' title='bbox 721 927 843 977; x_wconf 91' lang='lat' dir='ltr'>ipsum</span> <span class='ocrx_word' id='word_1_105' title='bbox 869 928 1064 963; x_wconf 86' lang='lat' dir='ltr'>curiositas</span> <span class='ocrx_word' id='word_1_106' title='bbox 1089 927 1154 964; x_wconf 78' lang='lat' dir='ltr'>de-</span> 
     </span>
     <span class='ocr_line' id='line_1_14' title="bbox 157 986 1155 1037; baseline 0.003 -16"><span class='ocrx_word' id='word_1_107' title='bbox 157 986 339 1034; x_wconf 82' lang='lat' dir='ltr'>signatur,</span> <span class='ocrx_word' id='word_1_108' title='bbox 357 1000 442 1037; x_wconf 87' lang='lat' dir='ltr'>quae</span> <span class='ocrx_word' id='word_1_109' title='bbox 455 987 493 1023; x_wconf 91' lang='lat' dir='ltr'>in</span> <span class='ocrx_word' id='word_1_110' title='bbox 509 987 566 1024; x_wconf 91' lang='lat' dir='ltr'>his</span> <span class='ocrx_word' id='word_1_111' title='bbox 579 986 729 1024; x_wconf 92' lang='lat' dir='ltr'>duobus</span> <span class='ocrx_word' id='word_1_112' title='bbox 745 987 934 1033; x_wconf 85' lang='lat' dir='ltr'>sensibus,</span> <span class='ocrx_word' id='word_1_113' title='bbox 951 988 1033 1023; x_wconf 78' lang='lat' dir='ltr'>visu</span> <span class='ocrx_word' id='word_1_114' title='bbox 1049 987 1155 1024; x_wconf 85' lang='lat' dir='ltr'>vide-</span> 
     </span>
     <span class='ocr_line' id='line_1_15' title="bbox 157 1045 1151 1096; baseline 0.002 -15"><span class='ocrx_word' id='word_1_115' title='bbox 157 1045 244 1082; x_wconf 88' lang='lat' dir='ltr'>licet</span> <span class='ocrx_word' id='word_1_116' title='bbox 263 1054 300 1082; x_wconf 90' lang='lat' dir='ltr'>et</span> <span class='ocrx_word' id='word_1_117' title='bbox 318 1046 470 1091; x_wconf 89' lang='lat' dir='ltr'>auditu,</span> <span class='ocrx_word' id='word_1_118' title='bbox 499 1047 659 1083; x_wconf 77' lang='lat' dir='ltr'>maxime</span> <span class='ocrx_word' id='word_1_119' title='bbox 687 1047 786 1096; x_wconf 85' lang='lat' dir='ltr'>viget</span> <span class='ocrx_word' id='word_1_120' title='bbox 805 1061 811 1083; x_wconf 75' lang='grc' dir='ltr'>ε</span> <span class='ocrx_word' id='word_1_121' title='bbox 834 1047 921 1095; x_wconf 87' lang='lat' dir='ltr'>quia</span> <span class='ocrx_word' id='word_1_122' title='bbox 943 1060 1011 1096; x_wconf 84' lang='lat' dir='ltr'>per</span> <span class='ocrx_word' id='word_1_123' title='bbox 1030 1047 1151 1096; x_wconf 88' lang='lat' dir='ltr'>ipsos,</span> 
     </span>
    </p>
   </div>
   <div class='ocr_carea' id='block_1_6' title="bbox 1218 456 2216 1098">
    <p class='ocr_par' dir='ltr' id='par_1_6' title="bbox 1218 456 2216 1098">
     <span class='ocr_line' id='line_1_16' title="bbox 1220 456 2214 512; baseline 0.012 -21"><span class='ocrx_word' id='word_1_124' title='bbox 1220 456 1410 500; x_wconf 83' lang='lat' dir='ltr'>concutit,</span> <span class='ocrx_word' id='word_1_125' title='bbox 1442 465 1478 492; x_wconf 89' lang='lat' dir='ltr'>et</span> <span class='ocrx_word' id='word_1_126' title='bbox 1508 470 1574 506; x_wconf 86' lang='lat' dir='ltr'>per</span> <span class='ocrx_word' id='word_1_127' title='bbox 1602 458 1774 496; x_wconf 85' lang='lat' dir='ltr'>timorem</span> <span class='ocrx_word' id='word_1_128' title='bbox 1806 463 1942 498; x_wconf 87' lang='lat' dir='ltr'>mentis</span> <span class='ocrx_word' id='word_1_129' title='bbox 1970 465 2214 512; x_wconf 78' lang='lat' dir='ltr'>pertinaciam</span> 
     </span>
     <span class='ocr_line' id='line_1_17' title="bbox 1221 516 2215 572; baseline 0.012 -22"><span class='ocrx_word' id='word_1_130' title='bbox 1221 516 1357 564; x_wconf 74' lang='lat' dir='ltr'>frangit</span> <span class='ocrx_word' id='word_1_131' title='bbox 1391 530 1398 550; x_wconf 92' lang='lat'>:</span> <span class='ocrx_word' id='word_1_132' title='bbox 1434 516 1569 552; x_wconf 83' lang='lat' dir='ltr'>deinde</span> <span class='ocrx_word' id='word_1_133' title='bbox 1610 530 1631 553; x_wconf 91' lang='lat' dir='ltr'>a</span> <span class='ocrx_word' id='word_1_134' title='bbox 1665 519 1829 556; x_wconf 76' lang='lat' dir='ltr'>vanitate</span> <span class='ocrx_word' id='word_1_135' title='bbox 1859 522 1985 558; x_wconf 83' lang='lat' dir='ltr'>saeculi</span> <span class='ocrx_word' id='word_1_136' title='bbox 2019 534 2215 572; x_wconf 86' lang='lat' dir='ltr'>peccatore</span> 
     </span>
     <span class='ocr_line' id='line_1_18' title="bbox 1221 575 2215 628; baseline 0.011 -19"><span class='ocrx_word' id='word_1_137' title='bbox 1221 575 1372 620; x_wconf 85' lang='lat' dir='ltr'>avulso,</span> <span class='ocrx_word' id='word_1_138' title='bbox 1392 588 1507 623; x_wconf 90' lang='lat' dir='ltr'>opera</span> <span class='ocrx_word' id='word_1_139' title='bbox 1529 575 1687 613; x_wconf 89' lang='lat' dir='ltr'>destruit</span> <span class='ocrx_word' id='word_1_140' title='bbox 1708 591 1775 627; x_wconf 81' lang='lat' dir='ltr'>per</span> <span class='ocrx_word' id='word_1_141' title='bbox 1795 580 2091 628; x_wconf 79' lang='lat' dir='ltr'>confessionem3</span> <span class='ocrx_word' id='word_1_142' title='bbox 2116 582 2215 621; x_wconf 86' lang='lat' dir='ltr'>bona</span> 
     </span>
     <span class='ocr_line' id='line_1_19' title="bbox 1222 634 2214 684; baseline 0.009 -15"><span class='ocrx_word' id='word_1_143' title='bbox 1222 647 1434 683; x_wconf 86' lang='lat' dir='ltr'>consequen</span> <span class='ocrx_word' id='word_1_144' title='bbox 1442 642 1497 670; x_wconf 84' lang='lat' dir='ltr'>ter</span> <span class='ocrx_word' id='word_1_145' title='bbox 1510 634 1692 672; x_wconf 87' lang='lat' dir='ltr'>desideria</span> <span class='ocrx_word' id='word_1_146' title='bbox 1709 636 1965 684; x_wconf 81' lang='lat' dir='ltr'>immittendo,</span> <span class='ocrx_word' id='word_1_147' title='bbox 1981 649 2018 676; x_wconf 94' lang='lat' dir='ltr'>et</span> <span class='ocrx_word' id='word_1_148' title='bbox 2031 653 2073 677; x_wconf 91' lang='lat' dir='ltr'>ea</span> <span class='ocrx_word' id='word_1_149' title='bbox 2090 642 2129 677; x_wconf 87' lang='lat' dir='ltr'>in</span> <span class='ocrx_word' id='word_1_150' title='bbox 2147 642 2214 678; x_wconf 87' lang='lat' dir='ltr'>bo-</span> 
     </span>
     <span class='ocr_line' id='line_1_20' title="bbox 1222 693 2214 748; baseline 0.008 -18"><span class='ocrx_word' id='word_1_151' title='bbox 1222 694 1279 730; x_wconf 88' lang='lat' dir='ltr'>nis</span> <span class='ocrx_word' id='word_1_152' title='bbox 1312 693 1554 742; x_wconf 88' lang='lat' dir='ltr'>adimplendo</span> <span class='ocrx_word' id='word_1_153' title='bbox 1577 704 1682 731; x_wconf 87' lang='lat' dir='ltr'>sanat</span> <span class='ocrx_word' id='word_1_154' title='bbox 1708 697 1968 743; x_wconf 73' lang='lat' dir='ltr'>voluntatem,</span> <span class='ocrx_word' id='word_1_155' title='bbox 2001 708 2114 748; x_wconf 89' lang='lat' dir='ltr'>atque</span> <span class='ocrx_word' id='word_1_156' title='bbox 2144 701 2214 737; x_wconf 87' lang='lat' dir='ltr'>sub</span> 
     </span>
     <span class='ocr_line' id='line_1_21' title="bbox 1218 751 2215 801; baseline 0.008 -14"><span class='ocrx_word' id='word_1_157' title='bbox 1218 751 1310 800; x_wconf 79' lang='lat' dir='ltr'>jugo</span> <span class='ocrx_word' id='word_1_158' title='bbox 1324 751 1529 801; x_wconf 70' lang='lat' dir='ltr'>disciplinae</span> <span class='ocrx_word' id='word_1_159' title='bbox 1546 752 1761 791; x_wconf 79' lang='lat' dir='ltr'>obturando</span> <span class='ocrx_word' id='word_1_160' title='bbox 1774 768 1883 792; x_wconf 88' lang='lat' dir='ltr'>aures</span> <span class='ocrx_word' id='word_1_161' title='bbox 1901 770 1946 792; x_wconf 89' lang='lat' dir='ltr'>ne</span> <span class='ocrx_word' id='word_1_162' title='bbox 1960 758 2114 794; x_wconf 85' lang='lat' dir='ltr'>audiant</span> <span class='ocrx_word' id='word_1_163' title='bbox 2134 773 2215 795; x_wconf 90' lang='lat' dir='ltr'>san-</span> 
     </span>
     <span class='ocr_line' id='line_1_22' title="bbox 1220 810 2212 862; baseline 0.009 -17"><span class='ocrx_word' id='word_1_164' title='bbox 1220 810 1392 858; x_wconf 84' lang='lat' dir='ltr'>guinem,</span> <span class='ocrx_word' id='word_1_165' title='bbox 1424 811 1635 847; x_wconf 87' lang='lat' dir='ltr'>claudendo</span> <span class='ocrx_word' id='word_1_166' title='bbox 1656 813 1785 849; x_wconf 90' lang='lat' dir='ltr'>oculos</span> <span class='ocrx_word' id='word_1_167' title='bbox 1813 827 1859 849; x_wconf 89' lang='lat' dir='ltr'>ne</span> <span class='ocrx_word' id='word_1_168' title='bbox 1880 815 2032 852; x_wconf 65' lang='lat' dir='ltr'>videant</span> <span class='ocrx_word' id='word_1_169' title='bbox 2052 818 2212 862; x_wconf 88' lang='lat' dir='ltr'>malum,</span> 
     </span>
     <span class='ocr_line' id='line_1_23' title="bbox 1220 871 2216 925; baseline 0.008 -20"><span class='ocrx_word' id='word_1_170' title='bbox 1220 871 1373 919; x_wconf 76' lang='lat' dir='ltr'>expellit</span> <span class='ocrx_word' id='word_1_171' title='bbox 1390 871 1655 907; x_wconf 89' lang='lat' dir='ltr'>curiositatem.</span> <span class='ocrx_word' id='word_1_172' title='bbox 1678 875 1723 908; x_wconf 84' lang='lat' dir='ltr'>Et</span> <span class='ocrx_word' id='word_1_173' title='bbox 1742 873 1793 909; x_wconf 91' lang='lat' dir='ltr'>sic</span> <span class='ocrx_word' id='word_1_174' title='bbox 1814 873 1859 909; x_wconf 92' lang='lat' dir='ltr'>ad</span> <span class='ocrx_word' id='word_1_175' title='bbox 1878 874 2048 911; x_wconf 90' lang='lat' dir='ltr'>ultimum</span> <span class='ocrx_word' id='word_1_176' title='bbox 2066 877 2216 925; x_wconf 84' lang='lat' dir='ltr'>sapiens</span> 
     </span>
     <span class='ocr_line' id='line_1_24' title="bbox 1220 929 2216 981; baseline 0.007 -17"><span class='ocrx_word' id='word_1_177' title='bbox 1220 937 1258 964; x_wconf 85' lang='lat' dir='ltr'>et</span> <span class='ocrx_word' id='word_1_178' title='bbox 1274 929 1424 978; x_wconf 86' lang='lat' dir='ltr'>placens</span> <span class='ocrx_word' id='word_1_179' title='bbox 1441 930 1553 966; x_wconf 89' lang='lat' dir='ltr'>bomo</span> <span class='ocrx_word' id='word_1_180' title='bbox 1570 934 1672 975; x_wconf 92' lang='lat' dir='ltr'>Deo,</span> <span class='ocrx_word' id='word_1_181' title='bbox 1689 940 1801 981; x_wconf 88' lang='lat' dir='ltr'>caput</span> <span class='ocrx_word' id='word_1_182' title='bbox 1815 945 1968 969; x_wconf 86' lang='lat' dir='ltr'>aureum</span> <span class='ocrx_word' id='word_1_183' title='bbox 1985 942 2114 970; x_wconf 81' lang='lat' dir='ltr'>statuae</span> <span class='ocrx_word' id='word_1_184' title='bbox 2129 949 2216 971; x_wconf 90' lang='lat' dir='ltr'>cou-</span> 
     </span>
     <span class='ocr_line' id='line_1_25' title="bbox 1221 988 2215 1040; baseline 0.007 -17"><span class='ocrx_word' id='word_1_185' title='bbox 1221 988 1369 1037; x_wconf 77' lang='lat' dir='ltr'>fringit,</span> <span class='ocrx_word' id='word_1_186' title='bbox 1390 989 1478 1025; x_wconf 89' lang='lat' dir='ltr'>dum</span> <span class='ocrx_word' id='word_1_187' title='bbox 1501 1002 1674 1039; x_wconf 90' lang='lat' dir='ltr'>saporem</span> <span class='ocrx_word' id='word_1_188' title='bbox 1698 991 1803 1037; x_wconf 88' lang='lat' dir='ltr'>mali,</span> <span class='ocrx_word' id='word_1_189' title='bbox 1828 1005 1940 1040; x_wconf 84' lang='lat' dir='ltr'>quem</span> <span class='ocrx_word' id='word_1_190' title='bbox 1962 994 2141 1030; x_wconf 88' lang='lat' dir='ltr'>malitiam</span> <span class='ocrx_word' id='word_1_191' title='bbox 2157 994 2215 1030; x_wconf 87' lang='lat' dir='ltr'>di-</span> 
     </span>
     <span class='ocr_line' id='line_1_26' title="bbox 1220 1046 2212 1098; baseline 0.006 -17"><span class='ocrx_word' id='word_1_192' title='bbox 1220 1046 1363 1092; x_wconf 72' lang='lat' dir='ltr'>ximus,</span> <span class='ocrx_word' id='word_1_193' title='bbox 1381 1060 1401 1082; x_wconf 89' lang='lat' dir='ltr'>a</span> <span class='ocrx_word' id='word_1_194' title='bbox 1422 1047 1639 1095; x_wconf 70' lang='lat' dir='ltr'>praecordiis</span> <span class='ocrx_word' id='word_1_195' title='bbox 1660 1048 1792 1084; x_wconf 87' lang='lat' dir='ltr'>animae</span> <span class='ocrx_word' id='word_1_196' title='bbox 1815 1050 1965 1098; x_wconf 87' lang='lat' dir='ltr'>penitus</span> <span class='ocrx_word' id='word_1_197' title='bbox 1985 1051 2120 1087; x_wconf 71' lang='lat' dir='ltr'>avellit.</span> <span class='ocrx_word' id='word_1_198' title='bbox 2142 1053 2212 1087; x_wconf 80' lang='lat' dir='ltr'>Sn-</span> 
     </span>
    </p>
   </div>
   <div class='ocr_carea' id='block_1_7' title="bbox 158 1106 2217 1160">
    <p class='ocr_par' dir='ltr' id='par_1_7' title="bbox 158 1106 2217 1160">
     <span class='ocr_line' id='line_1_27' title="bbox 158 1106 2217 1160; baseline 0.002 -19"><span class='ocrx_word' id='word_1_199' title='bbox 158 1112 291 1154; x_wconf 89' lang='lat' dir='ltr'>utpote</span> <span class='ocrx_word' id='word_1_200' title='bbox 318 1106 602 1156; x_wconf 72' lang='lat' dir='ltr'>principaliores</span> <span class='ocrx_word' id='word_1_201' title='bbox 630 1106 801 1155; x_wconf 88' lang='lat' dir='ltr'>corporis</span> <span class='ocrx_word' id='word_1_202' title='bbox 827 1106 1006 1142; x_wconf 83' lang='lat' dir='ltr'>fenestras</span> <span class='ocrx_word' id='word_1_203' title='bbox 1022 1134 1031 1150; x_wconf 95' lang='lat'>‚</span> <span class='ocrx_word' id='word_1_204' title='bbox 1055 1119 1154 1143; x_wconf 90' lang='lat' dir='ltr'>mors</span> <span class='ocrx_word' id='word_1_205' title='bbox 1174 1113 1198 1146; x_wconf 83' lang='grc' dir='ltr'>Β</span> <span class='ocrx_word' id='word_1_206' title='bbox 1216 1109 1701 1152; x_wconf 74' lang='lat' dir='ltr'>pientiavincitnmlitiam.</span> <span class='ocrx_word' id='word_1_207' title='bbox 1715 1107 1782 1144; x_wconf 89' lang='lat' dir='ltr'>Cui</span> <span class='ocrx_word' id='word_1_208' title='bbox 1796 1109 1893 1143; x_wconf 90' lang='lat' dir='ltr'>enim</span> <span class='ocrx_word' id='word_1_209' title='bbox 1906 1109 2217 1160; x_wconf 82' lang='lat' dir='ltr'>Cliristusincipit</span> 
     </span>
    </p>
   </div>
   <div class='ocr_carea' id='block_1_8' title="bbox 155 1163 1160 2636">
    <p class='ocr_par' dir='ltr' id='par_1_8' title="bbox 155 1163 1160 2636">
     <span class='ocr_line' id='line_1_28' title="bbox 157 1163 1154 1201; baseline 0.002 -2"><span class='ocrx_word' id='word_1_210' title='bbox 157 1163 328 1200; x_wconf 85' lang='lat' dir='ltr'>crebrius</span> <span class='ocrx_word' id='word_1_211' title='bbox 352 1173 390 1200; x_wconf 87' lang='lat' dir='ltr'>et</span> <span class='ocrx_word' id='word_1_212' title='bbox 418 1164 538 1201; x_wconf 87' lang='lat' dir='ltr'>levius</span> <span class='ocrx_word' id='word_1_213' title='bbox 558 1165 698 1201; x_wconf 88' lang='lat' dir='ltr'>intrare</span> <span class='ocrx_word' id='word_1_214' title='bbox 724 1166 920 1201; x_wconf 86' lang='lat' dir='ltr'>consuevit</span> <span class='ocrx_word' id='word_1_215' title='bbox 939 1165 985 1201; x_wconf 90' lang='lat' dir='ltr'>ad</span> <span class='ocrx_word' id='word_1_216' title='bbox 1012 1166 1154 1201; x_wconf 88' lang='lat' dir='ltr'>animas</span> 
     </span>
     <span class='ocr_line' id='line_1_29' title="bbox 159 1223 1151 1270; baseline 0.005 -14"><span class='ocrx_word' id='word_1_217' title='bbox 159 1230 319 1259; x_wconf 87' lang='lat' dir='ltr'>nostras.</span> <span class='ocrx_word' id='word_1_218' title='bbox 347 1225 418 1259; x_wconf 92' lang='lat' dir='ltr'>Per</span> <span class='ocrx_word' id='word_1_219' title='bbox 438 1230 606 1258; x_wconf 90' lang='lat' dir='ltr'>ventrem</span> <span class='ocrx_word' id='word_1_220' title='bbox 628 1230 753 1258; x_wconf 84' lang='lat' dir='ltr'>autem</span> <span class='ocrx_word' id='word_1_221' title='bbox 774 1230 811 1259; x_wconf 90' lang='lat' dir='ltr'>et</span> <span class='ocrx_word' id='word_1_222' title='bbox 833 1223 996 1270; x_wconf 86' lang='lat' dir='ltr'>femora,</span> <span class='ocrx_word' id='word_1_223' title='bbox 1024 1223 1089 1261; x_wconf 88' lang='lat' dir='ltr'>ubi</span> <span class='ocrx_word' id='word_1_224' title='bbox 1110 1225 1151 1260; x_wconf 87' lang='lat' dir='ltr'>li-</span> 
     </span>
     <span class='ocr_line' id='line_1_30' title="bbox 157 1279 1154 1332; baseline 0.004 -16"><span class='ocrx_word' id='word_1_225' title='bbox 157 1279 247 1316; x_wconf 90' lang='lat' dir='ltr'>bido</span> <span class='ocrx_word' id='word_1_226' title='bbox 278 1280 508 1327; x_wconf 83' lang='lat' dir='ltr'>dominatur,</span> <span class='ocrx_word' id='word_1_227' title='bbox 534 1280 752 1331; x_wconf 82' lang='lat' dir='ltr'>designatur</span> <span class='ocrx_word' id='word_1_228' title='bbox 778 1283 954 1331; x_wconf 90' lang='lat' dir='ltr'>voluptas</span> <span class='ocrx_word' id='word_1_229' title='bbox 976 1298 983 1319; x_wconf 74' lang='grc' dir='ltr'>ε</span> <span class='ocrx_word' id='word_1_230' title='bbox 1002 1297 1086 1332; x_wconf 84' lang='lat' dir='ltr'>quae</span> <span class='ocrx_word' id='word_1_231' title='bbox 1109 1297 1154 1320; x_wconf 82' lang='lat' dir='ltr'>ex</span> 
     </span>
     <span class='ocr_line' id='line_1_31' title="bbox 156 1340 1152 1390; baseline 0.004 -14"><span class='ocrx_word' id='word_1_232' title='bbox 156 1351 230 1376; x_wconf 80' lang='lat' dir='ltr'>aere</span> <span class='ocrx_word' id='word_1_233' title='bbox 250 1340 362 1377; x_wconf 90' lang='lat' dir='ltr'>fuisse</span> <span class='ocrx_word' id='word_1_234' title='bbox 376 1340 663 1386; x_wconf 89' lang='lat' dir='ltr'>describuntur,</span> <span class='ocrx_word' id='word_1_235' title='bbox 685 1341 788 1390; x_wconf 88' lang='lat' dir='ltr'>quod</span> <span class='ocrx_word' id='word_1_236' title='bbox 803 1342 974 1379; x_wconf 88' lang='lat' dir='ltr'>similiter</span> <span class='ocrx_word' id='word_1_237' title='bbox 987 1344 1152 1380; x_wconf 88' lang='lat' dir='ltr'>lucidum</span> 
     </span>
     <span class='ocr_line' id='line_1_32' title="bbox 156 1400 1155 1449; baseline 0.006 -16"><span class='ocrx_word' id='word_1_238' title='bbox 156 1406 262 1434; x_wconf 84' lang='lat' dir='ltr'>estet</span> <span class='ocrx_word' id='word_1_239' title='bbox 276 1412 478 1445; x_wconf 79' lang='lat' dir='ltr'>sonorum3</span> <span class='ocrx_word' id='word_1_240' title='bbox 492 1400 671 1448; x_wconf 87' lang='lat' dir='ltr'>quoniam</span> <span class='ocrx_word' id='word_1_241' title='bbox 684 1413 852 1449; x_wconf 87' lang='lat' dir='ltr'>eousque</span> <span class='ocrx_word' id='word_1_242' title='bbox 869 1402 1016 1438; x_wconf 84' lang='lat' dir='ltr'>malitiae</span> <span class='ocrx_word' id='word_1_243' title='bbox 1033 1401 1155 1439; x_wconf 79' lang='lat' dir='ltr'>rabies</span> 
     </span>
     <span class='ocr_line' id='line_1_33' title="bbox 158 1457 1151 1508; baseline 0.004 -15"><span class='ocrx_word' id='word_1_244' title='bbox 158 1457 376 1503; x_wconf 90' lang='lat' dir='ltr'>incanduit,</span> <span class='ocrx_word' id='word_1_245' title='bbox 399 1465 441 1494; x_wconf 93' lang='lat' dir='ltr'>ut</span> <span class='ocrx_word' id='word_1_246' title='bbox 462 1457 634 1507; x_wconf 80' lang='lat' dir='ltr'>flagitiosi</span> <span class='ocrx_word' id='word_1_247' title='bbox 653 1467 691 1494; x_wconf 91' lang='lat' dir='ltr'>et</span> <span class='ocrx_word' id='word_1_248' title='bbox 707 1459 941 1508; x_wconf 89' lang='lat' dir='ltr'>coinquinati</span> <span class='ocrx_word' id='word_1_249' title='bbox 959 1460 1130 1499; x_wconf 82' lang='lat' dir='ltr'>homines</span> <span class='ocrx_word' id='word_1_250' title='bbox 1143 1490 1151 1506; x_wconf 91' lang='lat'>,</span> 
     </span>
     <span class='ocr_line' id='line_1_34' title="bbox 157 1517 1152 1566; baseline 0.004 -14"><span class='ocrx_word' id='word_1_251' title='bbox 157 1529 235 1553; x_wconf 88' lang='lat' dir='ltr'>uon</span> <span class='ocrx_word' id='word_1_252' title='bbox 259 1517 380 1553; x_wconf 90' lang='lat' dir='ltr'>solum</span> <span class='ocrx_word' id='word_1_253' title='bbox 408 1517 445 1553; x_wconf 92' lang='lat' dir='ltr'>in</span> <span class='ocrx_word' id='word_1_254' title='bbox 470 1518 650 1566; x_wconf 87' lang='lat' dir='ltr'>spurcitia</span> <span class='ocrx_word' id='word_1_255' title='bbox 671 1518 867 1563; x_wconf 89' lang='lat' dir='ltr'>delectari,</span> <span class='ocrx_word' id='word_1_256' title='bbox 899 1519 962 1555; x_wconf 89' lang='lat' dir='ltr'>sed</span> <span class='ocrx_word' id='word_1_257' title='bbox 984 1521 1095 1556; x_wconf 84' lang='lat' dir='ltr'>etiam</span> <span class='ocrx_word' id='word_1_258' title='bbox 1117 1521 1152 1556; x_wconf 93' lang='lat' dir='ltr'>in</span> 
     </span>
     <span class='ocr_line' id='line_1_35' title="bbox 157 1576 1155 1628; baseline 0.005 -16"><span class='ocrx_word' id='word_1_259' title='bbox 157 1576 310 1613; x_wconf 89' lang='lat' dir='ltr'>infamia</span> <span class='ocrx_word' id='word_1_260' title='bbox 330 1577 597 1613; x_wconf 90' lang='lat' dir='ltr'>consueverint</span> <span class='ocrx_word' id='word_1_261' title='bbox 614 1578 784 1626; x_wconf 79' lang='lat' dir='ltr'>gloriari3</span> <span class='ocrx_word' id='word_1_262' title='bbox 802 1587 933 1628; x_wconf 86' lang='lat' dir='ltr'>utpote</span> <span class='ocrx_word' id='word_1_263' title='bbox 949 1580 1014 1628; x_wconf 90' lang='lat' dir='ltr'>qui</span> <span class='ocrx_word' id='word_1_264' title='bbox 1027 1581 1155 1617; x_wconf 78' lang='lat' dir='ltr'>laetan-</span> 
     </span>
     <span class='ocr_line' id='line_1_36' title="bbox 157 1635 1156 1688; baseline 0.005 -17"><span class='ocrx_word' id='word_1_265' title='bbox 157 1643 219 1671; x_wconf 92' lang='lat' dir='ltr'>tur</span> <span class='ocrx_word' id='word_1_266' title='bbox 236 1648 320 1671; x_wconf 92' lang='lat' dir='ltr'>cum</span> <span class='ocrx_word' id='word_1_267' title='bbox 338 1635 612 1681; x_wconf 82' lang='lat' dir='ltr'>malefecerint,</span> <span class='ocrx_word' id='word_1_268' title='bbox 632 1645 669 1672; x_wconf 88' lang='lat' dir='ltr'>et</span> <span class='ocrx_word' id='word_1_269' title='bbox 686 1637 875 1673; x_wconf 88' lang='lat' dir='ltr'>exsultant</span> <span class='ocrx_word' id='word_1_270' title='bbox 892 1638 927 1673; x_wconf 91' lang='lat' dir='ltr'>in</span> <span class='ocrx_word' id='word_1_271' title='bbox 949 1638 1060 1675; x_wconf 87' lang='lat' dir='ltr'>rebus</span> <span class='ocrx_word' id='word_1_272' title='bbox 1075 1653 1156 1688; x_wconf 91' lang='lat' dir='ltr'>pes-</span> 
     </span>
     <span class='ocr_line' id='line_1_37' title="bbox 155 1694 1157 1748; baseline 0.004 -18"><span class='ocrx_word' id='word_1_273' title='bbox 155 1694 261 1732; x_wconf 87' lang='lat' dir='ltr'>simis</span> <span class='ocrx_word' id='word_1_274' title='bbox 275 1701 313 1731; x_wconf 62' lang='lat'>².-</span> <span class='ocrx_word' id='word_1_275' title='bbox 330 1695 442 1733; x_wconf 85' lang='lat' dir='ltr'>Unde</span> <span class='ocrx_word' id='word_1_276' title='bbox 462 1709 580 1745; x_wconf 86' lang='lat' dir='ltr'>pravo</span> <span class='ocrx_word' id='word_1_277' title='bbox 609 1709 677 1732; x_wconf 88' lang='lat' dir='ltr'>suo</span> <span class='ocrx_word' id='word_1_278' title='bbox 706 1698 880 1746; x_wconf 74' lang='lat' dir='ltr'>exemplo</span> <span class='ocrx_word' id='word_1_279' title='bbox 907 1708 1157 1748; x_wconf 87' lang='lat' dir='ltr'>corrumpunt</span> 
     </span>
     <span class='ocr_line' id='line_1_38' title="bbox 156 1755 1154 1808; baseline 0.004 -18"><span class='ocrx_word' id='word_1_280' title='bbox 156 1762 194 1790; x_wconf 85' lang='lat' dir='ltr'>et</span> <span class='ocrx_word' id='word_1_281' title='bbox 211 1767 276 1791; x_wconf 89' lang='lat' dir='ltr'>eos</span> <span class='ocrx_word' id='word_1_282' title='bbox 295 1755 363 1804; x_wconf 91' lang='lat' dir='ltr'>qui</span> <span class='ocrx_word' id='word_1_283' title='bbox 388 1755 518 1804; x_wconf 82' lang='lat' dir='ltr'>longe,</span> <span class='ocrx_word' id='word_1_284' title='bbox 540 1763 578 1791; x_wconf 83' lang='lat' dir='ltr'>et</span> <span class='ocrx_word' id='word_1_285' title='bbox 605 1768 670 1792; x_wconf 90' lang='lat' dir='ltr'>eos</span> <span class='ocrx_word' id='word_1_286' title='bbox 689 1756 753 1804; x_wconf 91' lang='lat' dir='ltr'>qui</span> <span class='ocrx_word' id='word_1_287' title='bbox 779 1770 897 1806; x_wconf 85' lang='lat' dir='ltr'>prope</span> <span class='ocrx_word' id='word_1_288' title='bbox 922 1765 1034 1794; x_wconf 85' lang='lat' dir='ltr'>sunt:</span> <span class='ocrx_word' id='word_1_289' title='bbox 1062 1772 1154 1808; x_wconf 88' lang='lat' dir='ltr'>pro-</span> 
     </span>
     <span class='ocr_line' id='line_1_39' title="bbox 157 1812 1155 1861; baseline 0.005 -13"><span class='ocrx_word' id='word_1_290' title='bbox 157 1812 281 1849; x_wconf 85' lang='lat' dir='ltr'>ximos</span> <span class='ocrx_word' id='word_1_291' title='bbox 304 1813 504 1859; x_wconf 83' lang='lat' dir='ltr'>videlicet,</span> <span class='ocrx_word' id='word_1_292' title='bbox 530 1813 627 1850; x_wconf 87' lang='lat' dir='ltr'>mala</span> <span class='ocrx_word' id='word_1_293' title='bbox 652 1815 963 1861; x_wconf 81' lang='lat' dir='ltr'>conversatione3</span> <span class='ocrx_word' id='word_1_294' title='bbox 992 1825 1155 1853; x_wconf 82' lang='lat' dir='ltr'>remotos</span> 
     </span>
     <span class='ocr_line' id='line_1_40' title="bbox 156 1872 978 1922; baseline 0.005 -15"><span class='ocrx_word' id='word_1_295' title='bbox 156 1879 281 1908; x_wconf 88' lang='lat' dir='ltr'>autem</span> <span class='ocrx_word' id='word_1_296' title='bbox 295 1901 305 1918; x_wconf 94' lang='lat'>‚</span> <span class='ocrx_word' id='word_1_297' title='bbox 330 1873 426 1909; x_wconf 85' lang='lat' dir='ltr'>mala</span> <span class='ocrx_word' id='word_1_298' title='bbox 448 1872 747 1910; x_wconf 86' lang='lat' dir='ltr'>conversationis</span> <span class='ocrx_word' id='word_1_299' title='bbox 769 1874 950 1922; x_wconf 88' lang='lat' dir='ltr'>opinione</span> <span class='ocrx_word' id='word_1_300' title='bbox 972 1890 978 1911; x_wconf 92' lang='lat'>:</span> 
     </span>
     <span class='ocr_line' id='line_1_41' title="bbox 156 1932 1157 1978; baseline 0.004 -10"><span class='ocrx_word' id='word_1_301' title='bbox 156 1932 276 1968; x_wconf 88' lang='lat' dir='ltr'>oculis</span> <span class='ocrx_word' id='word_1_302' title='bbox 292 1933 459 1969; x_wconf 84' lang='lat' dir='ltr'>lucentes</span> <span class='ocrx_word' id='word_1_303' title='bbox 473 1961 482 1978; x_wconf 92' lang='lat'>,</span> <span class='ocrx_word' id='word_1_304' title='bbox 501 1932 659 1968; x_wconf 91' lang='lat' dir='ltr'>istorum</span> <span class='ocrx_word' id='word_1_305' title='bbox 676 1932 831 1969; x_wconf 87' lang='lat' dir='ltr'>auribus</span> <span class='ocrx_word' id='word_1_306' title='bbox 848 1934 1076 1972; x_wconf 81' lang='lat' dir='ltr'>insonantes.</span> <span class='ocrx_word' id='word_1_307' title='bbox 1097 1937 1157 1972; x_wconf 88' lang='lat' dir='ltr'>Ti-</span> 
     </span>
     <span class='ocr_line' id='line_1_42' title="bbox 157 1990 1157 2042; baseline 0.005 -15"><span class='ocrx_word' id='word_1_308' title='bbox 157 1990 229 2027; x_wconf 81' lang='lat' dir='ltr'>biae</span> <span class='ocrx_word' id='word_1_309' title='bbox 248 2005 332 2041; x_wconf 89' lang='lat' dir='ltr'>quae</span> <span class='ocrx_word' id='word_1_310' title='bbox 351 1992 486 2028; x_wconf 84' lang='lat' dir='ltr'>molem</span> <span class='ocrx_word' id='word_1_311' title='bbox 517 1991 702 2028; x_wconf 87' lang='lat' dir='ltr'>sustinent</span> <span class='ocrx_word' id='word_1_312' title='bbox 729 1993 919 2042; x_wconf 89' lang='lat' dir='ltr'>corporis,</span> <span class='ocrx_word' id='word_1_313' title='bbox 944 1995 1073 2031; x_wconf 85' lang='lat' dir='ltr'>ferreae</span> <span class='ocrx_word' id='word_1_314' title='bbox 1098 1996 1157 2032; x_wconf 91' lang='lat' dir='ltr'>di-</span> 
     </span>
     <span class='ocr_line' id='line_1_43' title="bbox 156 2050 1155 2101; baseline 0.005 -15"><span class='ocrx_word' id='word_1_315' title='bbox 156 2058 307 2087; x_wconf 89' lang='lat' dir='ltr'>cuntur.</span> <span class='ocrx_word' id='word_1_316' title='bbox 326 2054 488 2100; x_wconf 86' lang='lat' dir='ltr'>Squama</span> <span class='ocrx_word' id='word_1_317' title='bbox 504 2063 668 2099; x_wconf 86' lang='lat' dir='ltr'>squamae</span> <span class='ocrx_word' id='word_1_318' title='bbox 685 2051 928 2101; x_wconf 74' lang='lat' dir='ltr'>conjungitur</span> <span class='ocrx_word' id='word_1_319' title='bbox 941 2050 966 2098; x_wconf 84' lang='lat'>3,</span> <span class='ocrx_word' id='word_1_320' title='bbox 991 2061 1027 2090; x_wconf 92' lang='lat' dir='ltr'>et</span> <span class='ocrx_word' id='word_1_321' title='bbox 1042 2062 1155 2091; x_wconf 90' lang='lat' dir='ltr'>totam</span> 
     </span>
     <span class='ocr_line' id='line_1_44' title="bbox 157 2110 1155 2160; baseline 0.004 -14"><span class='ocrx_word' id='word_1_322' title='bbox 157 2110 318 2147; x_wconf 87' lang='lat' dir='ltr'>sustinet</span> <span class='ocrx_word' id='word_1_323' title='bbox 341 2110 552 2147; x_wconf 89' lang='lat' dir='ltr'>machinam</span> <span class='ocrx_word' id='word_1_324' title='bbox 576 2111 719 2160; x_wconf 91' lang='lat' dir='ltr'>peccati</span> <span class='ocrx_word' id='word_1_325' title='bbox 743 2124 860 2160; x_wconf 86' lang='lat' dir='ltr'>prava</span> <span class='ocrx_word' id='word_1_326' title='bbox 879 2120 915 2147; x_wconf 91' lang='lat' dir='ltr'>et</span> <span class='ocrx_word' id='word_1_327' title='bbox 937 2126 1041 2149; x_wconf 85' lang='lat' dir='ltr'>more</span> <span class='ocrx_word' id='word_1_328' title='bbox 1068 2114 1155 2150; x_wconf 89' lang='lat' dir='ltr'>ferri</span> 
     </span>
     <span class='ocr_line' id='line_1_45' title="bbox 158 2169 1156 2221; baseline 0.004 -15"><span class='ocrx_word' id='word_1_329' title='bbox 158 2169 331 2208; x_wconf 87' lang='lat' dir='ltr'>indurata</span> <span class='ocrx_word' id='word_1_330' title='bbox 351 2171 540 2207; x_wconf 87' lang='lat' dir='ltr'>voluntas.</span> <span class='ocrx_word' id='word_1_331' title='bbox 558 2174 683 2218; x_wconf 86' lang='lat' dir='ltr'>Quare</span> <span class='ocrx_word' id='word_1_332' title='bbox 700 2171 799 2207; x_wconf 90' lang='lat' dir='ltr'>enim</span> <span class='ocrx_word' id='word_1_333' title='bbox 816 2175 969 2221; x_wconf 78' lang='lat' dir='ltr'>peccas?</span> <span class='ocrx_word' id='word_1_334' title='bbox 983 2173 1079 2221; x_wconf 85' lang='lat' dir='ltr'>Quia</span> <span class='ocrx_word' id='word_1_335' title='bbox 1096 2187 1156 2210; x_wconf 88' lang='lat' dir='ltr'>ne·</span> 
     </span>
     <span class='ocr_line' id='line_1_46' title="bbox 158 2229 1156 2280; baseline 0.003 -14"><span class='ocrx_word' id='word_1_336' title='bbox 158 2230 230 2266; x_wconf 79' lang='lat' dir='ltr'>scis</span> <span class='ocrx_word' id='word_1_337' title='bbox 248 2230 339 2279; x_wconf 88' lang='lat' dir='ltr'>quid</span> <span class='ocrx_word' id='word_1_338' title='bbox 361 2231 497 2267; x_wconf 84' lang='lat' dir='ltr'>facias?</span> <span class='ocrx_word' id='word_1_339' title='bbox 519 2229 640 2267; x_wconf 85' lang='lat' dir='ltr'>Absit.</span> <span class='ocrx_word' id='word_1_340' title='bbox 668 2231 763 2278; x_wconf 87' lang='lat' dir='ltr'>Quia</span> <span class='ocrx_word' id='word_1_341' title='bbox 787 2232 932 2280; x_wconf 78' lang='lat' dir='ltr'>cogeris</span> <span class='ocrx_word' id='word_1_342' title='bbox 953 2241 992 2268; x_wconf 91' lang='lat' dir='ltr'>ut</span> <span class='ocrx_word' id='word_1_343' title='bbox 1019 2234 1156 2269; x_wconf 75' lang='lat' dir='ltr'>facias?</span> 
     </span>
     <span class='ocr_line' id='line_1_47' title="bbox 158 2287 1154 2339; baseline 0.002 -13"><span class='ocrx_word' id='word_1_344' title='bbox 158 2287 292 2327; x_wconf 87' lang='lat' dir='ltr'>Absit:</span> <span class='ocrx_word' id='word_1_345' title='bbox 310 2289 374 2326; x_wconf 91' lang='lat' dir='ltr'>sed</span> <span class='ocrx_word' id='word_1_346' title='bbox 399 2290 488 2338; x_wconf 88' lang='lat' dir='ltr'>quia</span> <span class='ocrx_word' id='word_1_347' title='bbox 515 2290 636 2339; x_wconf 90' lang='lat' dir='ltr'>placet</span> <span class='ocrx_word' id='word_1_348' title='bbox 664 2298 706 2326; x_wconf 89' lang='lat' dir='ltr'>ut</span> <span class='ocrx_word' id='word_1_349' title='bbox 730 2290 782 2327; x_wconf 91' lang='lat' dir='ltr'>sic</span> <span class='ocrx_word' id='word_1_350' title='bbox 811 2291 931 2327; x_wconf 86' lang='lat' dir='ltr'>facias.</span> <span class='ocrx_word' id='word_1_351' title='bbox 962 2291 1154 2329; x_wconf 87' lang='lat' dir='ltr'>Imbutum</span> 
     </span>
     <span class='ocr_line' id='line_1_48' title="bbox 156 2350 1155 2398; baseline 0.002 -13"><span class='ocrx_word' id='word_1_352' title='bbox 156 2361 248 2398; x_wconf 82' lang='lat' dir='ltr'>ergo</span> <span class='ocrx_word' id='word_1_353' title='bbox 282 2357 319 2386; x_wconf 87' lang='lat' dir='ltr'>et</span> <span class='ocrx_word' id='word_1_354' title='bbox 345 2350 570 2386; x_wconf 91' lang='lat' dir='ltr'>suffocatum</span> <span class='ocrx_word' id='word_1_355' title='bbox 602 2362 751 2386; x_wconf 89' lang='lat' dir='ltr'>veneno</span> <span class='ocrx_word' id='word_1_356' title='bbox 783 2350 923 2386; x_wconf 87' lang='lat' dir='ltr'>diaboli</span> <span class='ocrx_word' id='word_1_357' title='bbox 951 2351 1155 2387; x_wconf 84' lang='lat' dir='ltr'>voluntatis</span> 
     </span>
     <span class='ocr_line' id='line_1_49' title="bbox 157 2406 1155 2458; baseline 0.003 -16"><span class='ocrx_word' id='word_1_358' title='bbox 157 2406 407 2453; x_wconf 87' lang='lat' dir='ltr'>desiderium,</span> <span class='ocrx_word' id='word_1_359' title='bbox 432 2407 552 2444; x_wconf 89' lang='lat' dir='ltr'>fomes</span> <span class='ocrx_word' id='word_1_360' title='bbox 568 2407 738 2454; x_wconf 80' lang='lat' dir='ltr'>sceleris,</span> <span class='ocrx_word' id='word_1_361' title='bbox 759 2416 796 2444; x_wconf 90' lang='lat' dir='ltr'>et</span> <span class='ocrx_word' id='word_1_362' title='bbox 820 2408 925 2446; x_wconf 90' lang='lat' dir='ltr'>virus</span> <span class='ocrx_word' id='word_1_363' title='bbox 946 2409 1073 2458; x_wconf 75' lang='lat' dir='ltr'>flagitii</span> <span class='ocrx_word' id='word_1_364' title='bbox 1095 2423 1155 2445; x_wconf 81' lang='lat' dir='ltr'>so-</span> 
     </span>
     <span class='ocr_line' id='line_1_50' title="bbox 158 2465 1155 2515; baseline 0.002 -14"><span class='ocrx_word' id='word_1_365' title='bbox 158 2465 234 2501; x_wconf 89' lang='lat' dir='ltr'>lum</span> <span class='ocrx_word' id='word_1_366' title='bbox 265 2473 321 2502; x_wconf 90' lang='lat' dir='ltr'>est</span> <span class='ocrx_word' id='word_1_367' title='bbox 350 2465 455 2515; x_wconf 92' lang='lat' dir='ltr'>quod</span> <span class='ocrx_word' id='word_1_368' title='bbox 487 2465 640 2502; x_wconf 91' lang='lat' dir='ltr'>obturat</span> <span class='ocrx_word' id='word_1_369' title='bbox 669 2479 797 2512; x_wconf 89' lang='lat' dir='ltr'>aures,</span> <span class='ocrx_word' id='word_1_370' title='bbox 832 2475 969 2503; x_wconf 89' lang='lat' dir='ltr'>utnon</span> <span class='ocrx_word' id='word_1_371' title='bbox 1003 2467 1155 2503; x_wconf 90' lang='lat' dir='ltr'>audiant</span> 
     </span>
     <span class='ocr_line' id='line_1_51' title="bbox 157 2525 1157 2572; baseline 0.003 -11"><span class='ocrx_word' id='word_1_372' title='bbox 157 2536 290 2561; x_wconf 89' lang='lat' dir='ltr'>vocem</span> <span class='ocrx_word' id='word_1_373' title='bbox 312 2525 584 2562; x_wconf 84' lang='lat' dir='ltr'>incantantium</span> <span class='ocrx_word' id='word_1_374' title='bbox 600 2554 609 2572; x_wconf 92' lang='lat'>‚</span> <span class='ocrx_word' id='word_1_375' title='bbox 631 2534 668 2562; x_wconf 91' lang='lat' dir='ltr'>et</span> <span class='ocrx_word' id='word_1_376' title='bbox 685 2527 842 2563; x_wconf 89' lang='lat' dir='ltr'>venelici</span> <span class='ocrx_word' id='word_1_377' title='bbox 861 2527 1085 2564; x_wconf 88' lang='lat' dir='ltr'>incantantis</span> <span class='ocrx_word' id='word_1_378' title='bbox 1100 2541 1157 2564; x_wconf 86' lang='lat' dir='ltr'>sa-</span> 
     </span>
     <span class='ocr_line' id='line_1_52' title="bbox 159 2585 1160 2636; baseline 0.003 -16"><span class='ocrx_word' id='word_1_379' title='bbox 159 2585 317 2633; x_wconf 86' lang='lat' dir='ltr'>pienter.</span> <span class='ocrx_word' id='word_1_380' title='bbox 341 2588 410 2622; x_wconf 90' lang='lat' dir='ltr'>Per</span> <span class='ocrx_word' id='word_1_381' title='bbox 427 2585 564 2634; x_wconf 90' lang='lat' dir='ltr'>pedes,</span> <span class='ocrx_word' id='word_1_382' title='bbox 582 2598 745 2634; x_wconf 92' lang='lat' dir='ltr'>quorum</span> <span class='ocrx_word' id='word_1_383' title='bbox 770 2599 856 2636; x_wconf 88' lang='lat' dir='ltr'>pars</span> <span class='ocrx_word' id='word_1_384' title='bbox 882 2587 1053 2635; x_wconf 84' lang='lat' dir='ltr'>quaedam</span> <span class='ocrx_word' id='word_1_385' title='bbox 1078 2597 1160 2624; x_wconf 90' lang='lat' dir='ltr'>erat</span> 
     </span>
    </p>
   </div>
   <div class='ocr_carea' id='block_1_9' title="bbox 1219 1163 2219 1865">
    <p class='ocr_par' dir='ltr' id='par_1_9' title="bbox 1220 1163 2218 1555">
     <span class='ocr_line' id='line_1_53' title="bbox 1221 1163 2217 1213; baseline 0.006 -15"><span class='ocrx_word' id='word_1_386' title='bbox 1221 1163 1435 1200; x_wconf 85' lang='lat' dir='ltr'>dulcescere</span> <span class='ocrx_word' id='word_1_387' title='bbox 1452 1192 1460 1208; x_wconf 91' lang='lat'>‚</span> <span class='ocrx_word' id='word_1_388' title='bbox 1497 1165 1668 1213; x_wconf 87' lang='lat' dir='ltr'>profecto</span> <span class='ocrx_word' id='word_1_389' title='bbox 1706 1178 1858 1201; x_wconf 90' lang='lat' dir='ltr'>necesse</span> <span class='ocrx_word' id='word_1_390' title='bbox 1897 1175 1953 1203; x_wconf 90' lang='lat' dir='ltr'>est</span> <span class='ocrx_word' id='word_1_391' title='bbox 1988 1180 2217 1204; x_wconf 81' lang='lat' dir='ltr'>amarescere</span> 
     </span>
     <span class='ocr_line' id='line_1_54' title="bbox 1221 1223 2217 1274; baseline 0.005 -16"><span class='ocrx_word' id='word_1_392' title='bbox 1221 1223 1416 1258; x_wconf 88' lang='lat' dir='ltr'>mundum.</span> <span class='ocrx_word' id='word_1_393' title='bbox 1439 1226 1504 1259; x_wconf 89' lang='lat' dir='ltr'>Est</span> <span class='ocrx_word' id='word_1_394' title='bbox 1522 1223 1706 1272; x_wconf 87' lang='lat' dir='ltr'>siquidem</span> <span class='ocrx_word' id='word_1_395' title='bbox 1736 1225 1842 1273; x_wconf 89' lang='lat' dir='ltr'>panis</span> <span class='ocrx_word' id='word_1_396' title='bbox 1872 1226 1936 1274; x_wconf 87' lang='lat' dir='ltr'>qui</span> <span class='ocrx_word' id='word_1_397' title='bbox 1965 1226 2011 1262; x_wconf 88' lang='lat' dir='ltr'>dc</span> <span class='ocrx_word' id='word_1_398' title='bbox 2035 1227 2130 1262; x_wconf 85' lang='lat' dir='ltr'>coelo</span> <span class='ocrx_word' id='word_1_399' title='bbox 2149 1227 2217 1263; x_wconf 79' lang='lat' dir='ltr'>de-</span> 
     </span>
     <span class='ocr_line' id='line_1_55' title="bbox 1220 1281 2218 1328; baseline 0.005 -11"><span class='ocrx_word' id='word_1_400' title='bbox 1220 1281 1378 1328; x_wconf 82' lang='lat' dir='ltr'>scendit,</span> <span class='ocrx_word' id='word_1_401' title='bbox 1396 1282 1537 1318; x_wconf 91' lang='lat' dir='ltr'>babens</span> <span class='ocrx_word' id='word_1_402' title='bbox 1551 1296 1662 1318; x_wconf 87' lang='lat' dir='ltr'>omne</span> <span class='ocrx_word' id='word_1_403' title='bbox 1678 1282 1990 1320; x_wconf 86' lang='lat' dir='ltr'>delectamentum</span> <span class='ocrx_word' id='word_1_404' title='bbox 2006 1294 2043 1322; x_wconf 91' lang='lat' dir='ltr'>et</span> <span class='ocrx_word' id='word_1_405' title='bbox 2057 1287 2218 1322; x_wconf 83' lang='lat' dir='ltr'>suavita-</span> 
     </span>
     <span class='ocr_line' id='line_1_56' title="bbox 1222 1342 2216 1392; baseline 0.004 -15"><span class='ocrx_word' id='word_1_406' title='bbox 1222 1351 1294 1377; x_wconf 82' lang='lat' dir='ltr'>tem</span> <span class='ocrx_word' id='word_1_407' title='bbox 1316 1342 1472 1391; x_wconf 86' lang='lat' dir='ltr'>saporis.</span> <span class='ocrx_word' id='word_1_408' title='bbox 1492 1346 1612 1391; x_wconf 84' lang='lat' dir='ltr'>Sapor</span> <span class='ocrx_word' id='word_1_409' title='bbox 1632 1351 1688 1378; x_wconf 91' lang='lat' dir='ltr'>est</span> <span class='ocrx_word' id='word_1_410' title='bbox 1705 1343 1823 1379; x_wconf 88' lang='lat' dir='ltr'>Patris</span> <span class='ocrx_word' id='word_1_411' title='bbox 1844 1356 1911 1392; x_wconf 89' lang='lat' dir='ltr'>per</span> <span class='ocrx_word' id='word_1_412' title='bbox 1928 1344 2026 1380; x_wconf 89' lang='lat' dir='ltr'>illam</span> <span class='ocrx_word' id='word_1_413' title='bbox 2040 1353 2216 1381; x_wconf 86' lang='lat' dir='ltr'>aeternam</span> 
     </span>
     <span class='ocr_line' id='line_1_57' title="bbox 1221 1400 2217 1452; baseline 0.005 -17"><span class='ocrx_word' id='word_1_414' title='bbox 1221 1409 1256 1436; x_wconf 86' lang='lat' dir='ltr'>et</span> <span class='ocrx_word' id='word_1_415' title='bbox 1280 1400 1508 1437; x_wconf 77' lang='lat' dir='ltr'>ineffabilem</span> <span class='ocrx_word' id='word_1_416' title='bbox 1535 1410 1706 1437; x_wconf 88' lang='lat' dir='ltr'>naturam</span> <span class='ocrx_word' id='word_1_417' title='bbox 1733 1416 1740 1437; x_wconf 76' lang='grc' dir='ltr'>ε</span> <span class='ocrx_word' id='word_1_418' title='bbox 1771 1415 1884 1451; x_wconf 85' lang='lat' dir='ltr'>sapor</span> <span class='ocrx_word' id='word_1_419' title='bbox 1908 1411 1964 1439; x_wconf 87' lang='lat' dir='ltr'>est</span> <span class='ocrx_word' id='word_1_420' title='bbox 1987 1404 2217 1452; x_wconf 79' lang='lat' dir='ltr'>Angelorum</span> 
     </span>
     <span class='ocr_line' id='line_1_58' title="bbox 1222 1461 2217 1511; baseline 0.005 -16"><span class='ocrx_word' id='word_1_421' title='bbox 1222 1472 1289 1508; x_wconf 88' lang='lat' dir='ltr'>per</span> <span class='ocrx_word' id='word_1_422' title='bbox 1319 1461 1503 1508; x_wconf 76' lang='lat' dir='ltr'>gratiam:</span> <span class='ocrx_word' id='word_1_423' title='bbox 1527 1473 1640 1509; x_wconf 87' lang='lat' dir='ltr'>sapor</span> <span class='ocrx_word' id='word_1_424' title='bbox 1664 1469 1719 1497; x_wconf 84' lang='lat' dir='ltr'>est</span> <span class='ocrx_word' id='word_1_425' title='bbox 1751 1469 1878 1497; x_wconf 87' lang='lat' dir='ltr'>noster</span> <span class='ocrx_word' id='word_1_426' title='bbox 1906 1475 1975 1511; x_wconf 88' lang='lat' dir='ltr'>per</span> <span class='ocrx_word' id='word_1_427' title='bbox 2009 1463 2217 1500; x_wconf 85' lang='lat' dir='ltr'>misericor—</span> 
     </span>
     <span class='ocr_line' id='line_1_59' title="bbox 1223 1519 1334 1555; baseline 0 -1"><span class='ocrx_word' id='word_1_428' title='bbox 1223 1519 1334 1555; x_wconf 88' lang='lat' dir='ltr'>diam.</span> 
     </span>
    </p>

    <p class='ocr_par' dir='ltr' id='par_1_10' title="bbox 1219 1580 2219 1865">
     <span class='ocr_line' id='line_1_60' title="bbox 1275 1580 2216 1629; baseline 0.003 -14"><span class='ocrx_word' id='word_1_429' title='bbox 1275 1581 1310 1615; x_wconf 80' lang='lat'>3.</span> <span class='ocrx_word' id='word_1_430' title='bbox 1335 1580 1457 1616; x_wconf 89' lang='lat' dir='ltr'>Vincit</span> <span class='ocrx_word' id='word_1_431' title='bbox 1478 1593 1586 1629; x_wconf 80' lang='lat' dir='ltr'>ergo,</span> <span class='ocrx_word' id='word_1_432' title='bbox 1612 1580 1676 1616; x_wconf 87' lang='lat' dir='ltr'>sed</span> <span class='ocrx_word' id='word_1_433' title='bbox 1697 1581 1880 1629; x_wconf 86' lang='lat' dir='ltr'>qualiter,</span> <span class='ocrx_word' id='word_1_434' title='bbox 1912 1581 2118 1619; x_wconf 79' lang='lat' dir='ltr'>videamus.</span> <span class='ocrx_word' id='word_1_435' title='bbox 2141 1586 2216 1618; x_wconf 80' lang='lat' dir='ltr'>At-</span> 
     </span>
     <span class='ocr_line' id='line_1_61' title="bbox 1223 1639 2218 1687; baseline 0.002 -14"><span class='ocrx_word' id='word_1_436' title='bbox 1223 1643 1329 1687; x_wconf 76' lang='lat' dir='ltr'>lingit</span> <span class='ocrx_word' id='word_1_437' title='bbox 1347 1639 1446 1674; x_wconf 89' lang='lat' dir='ltr'>enim</span> <span class='ocrx_word' id='word_1_438' title='bbox 1463 1652 1487 1673; x_wconf 82' lang='lat' dir='ltr'>a</span> <span class='ocrx_word' id='word_1_439' title='bbox 1498 1640 1574 1681; x_wconf 76' lang='lat' dir='ltr'>siue</span> <span class='ocrx_word' id='word_1_440' title='bbox 1591 1652 1706 1686; x_wconf 75' lang='lat' dir='ltr'>usque</span> <span class='ocrx_word' id='word_1_441' title='bbox 1724 1641 1900 1686; x_wconf 76' lang='lat' dir='ltr'>adfinem</span> <span class='ocrx_word' id='word_1_442' title='bbox 1913 1640 2076 1686; x_wconf 75' lang='lat' dir='ltr'>sortiter,</span> <span class='ocrx_word' id='word_1_443' title='bbox 2097 1651 2131 1677; x_wconf 84' lang='lat' dir='ltr'>et</span> <span class='ocrx_word' id='word_1_444' title='bbox 2145 1644 2218 1676; x_wconf 76' lang='lat' dir='ltr'>dis—</span> 
     </span>
     <span class='ocr_line' id='line_1_62' title="bbox 1219 1699 2218 1747; baseline 0.003 -15"><span class='ocrx_word' id='word_1_445' title='bbox 1219 1703 1325 1745; x_wconf 75' lang='lat' dir='ltr'>ponit</span> <span class='ocrx_word' id='word_1_446' title='bbox 1356 1702 1482 1732; x_wconf 73' lang='lat' dir='ltr'>omma</span> <span class='ocrx_word' id='word_1_447' title='bbox 1514 1702 1684 1733; x_wconf 71' lang='lat' dir='ltr'>suaviter.</span> <span class='ocrx_word' id='word_1_448' title='bbox 1706 1702 1798 1735; x_wconf 82' lang='lat' dir='ltr'>Sunt</span> <span class='ocrx_word' id='word_1_449' title='bbox 1819 1711 1907 1747; x_wconf 77' lang='lat' dir='ltr'>ergo</span> <span class='ocrx_word' id='word_1_450' title='bbox 1934 1699 2152 1736; x_wconf 80' lang='lat' dir='ltr'>inveniendi</span> <span class='ocrx_word' id='word_1_451' title='bbox 2173 1700 2218 1735; x_wconf 86' lang='lat' dir='ltr'>ad</span> 
     </span>
     <span class='ocr_line' id='line_1_63' title="bbox 1222 1756 2217 1807; baseline 0.002 -14"><span class='ocrx_word' id='word_1_452' title='bbox 1222 1758 1348 1793; x_wconf 90' lang='lat' dir='ltr'>minus</span> <span class='ocrx_word' id='word_1_453' title='bbox 1367 1756 1443 1792; x_wconf 92' lang='lat' dir='ltr'>duo</span> <span class='ocrx_word' id='word_1_454' title='bbox 1466 1757 1559 1792; x_wconf 85' lang='lat' dir='ltr'>fines</span> <span class='ocrx_word' id='word_1_455' title='bbox 1583 1756 1802 1792; x_wconf 86' lang='lat' dir='ltr'>altrinsecus</span> <span class='ocrx_word' id='word_1_456' title='bbox 1828 1757 1963 1806; x_wconf 87' lang='lat' dir='ltr'>positi,</span> <span class='ocrx_word' id='word_1_457' title='bbox 1992 1758 2130 1807; x_wconf 88' lang='lat' dir='ltr'>quibus</span> <span class='ocrx_word' id='word_1_458' title='bbox 2157 1772 2217 1795; x_wconf 87' lang='lat' dir='ltr'>sa-</span> 
     </span>
     <span class='ocr_line' id='line_1_64' title="bbox 1224 1815 2219 1865; baseline 0.003 -15"><span class='ocrx_word' id='word_1_459' title='bbox 1224 1816 1362 1865; x_wconf 85' lang='lat' dir='ltr'>pientia</span> <span class='ocrx_word' id='word_1_460' title='bbox 1389 1815 1556 1851; x_wconf 85' lang='lat' dir='ltr'>medians</span> <span class='ocrx_word' id='word_1_461' title='bbox 1575 1815 1732 1864; x_wconf 73' lang='lat' dir='ltr'>attingat</span> <span class='ocrx_word' id='word_1_462' title='bbox 1762 1824 1975 1865; x_wconf 88' lang='lat' dir='ltr'>utrumque.</span> <span class='ocrx_word' id='word_1_463' title='bbox 2002 1820 2219 1863; x_wconf 84' lang='lat' dir='ltr'>Quaeramus</span> 
     </span>
    </p>
   </div>
   <div class='ocr_carea' id='block_1_10' title="bbox 1004 1873 2219 1924">
    <p class='ocr_par' dir='ltr' id='par_1_11' title="bbox 1004 1873 2219 1924">
     <span class='ocr_line' id='line_1_65' title="bbox 1004 1873 2219 1924; baseline 0.001 -13"><span class='ocrx_word' id='word_1_464' title='bbox 1004 1876 1153 1912; x_wconf 89' lang='lat' dir='ltr'>illorum</span> <span class='ocrx_word' id='word_1_465' title='bbox 1177 1879 1202 1914; x_wconf 93' lang='lat' dir='ltr'>C</span> <span class='ocrx_word' id='word_1_466' title='bbox 1227 1878 1318 1911; x_wconf 85' lang='lat' dir='ltr'>lines</span> <span class='ocrx_word' id='word_1_467' title='bbox 1334 1876 1426 1912; x_wconf 90' lang='lat' dir='ltr'>istos</span> <span class='ocrx_word' id='word_1_468' title='bbox 1447 1875 1484 1911; x_wconf 92' lang='lat' dir='ltr'>in</span> <span class='ocrx_word' id='word_1_469' title='bbox 1511 1873 1698 1924; x_wconf 85' lang='lat' dir='ltr'>parabolis</span> <span class='ocrx_word' id='word_1_470' title='bbox 1722 1875 1970 1923; x_wconf 74' lang='lat' dir='ltr'>evangelicis,</span> <span class='ocrx_word' id='word_1_471' title='bbox 1997 1876 2066 1911; x_wconf 87' lang='lat' dir='ltr'>illis</span> <span class='ocrx_word' id='word_1_472' title='bbox 2088 1876 2219 1912; x_wconf 82' lang='lat' dir='ltr'>videli—</span> 
     </span>
    </p>
   </div>
   <div class='ocr_carea' id='block_1_11' title="bbox 1222 1933 2220 2632">
    <p class='ocr_par' dir='ltr' id='par_1_12' title="bbox 1222 1933 2220 2632">
     <span class='ocr_line' id='line_1_66' title="bbox 1224 1933 2219 1984; baseline 0.001 -14"><span class='ocrx_word' id='word_1_473' title='bbox 1224 1943 1281 1971; x_wconf 79' lang='lat' dir='ltr'>cet</span> <span class='ocrx_word' id='word_1_474' title='bbox 1299 1935 1335 1969; x_wconf 89' lang='lat' dir='ltr'>in</span> <span class='ocrx_word' id='word_1_475' title='bbox 1355 1933 1493 1983; x_wconf 87' lang='lat' dir='ltr'>quibus</span> <span class='ocrx_word' id='word_1_476' title='bbox 1514 1933 1677 1982; x_wconf 87' lang='lat' dir='ltr'>primum</span> <span class='ocrx_word' id='word_1_477' title='bbox 1699 1933 1819 1981; x_wconf 78' lang='lat' dir='ltr'>agitur</span> <span class='ocrx_word' id='word_1_478' title='bbox 1837 1933 1882 1968; x_wconf 92' lang='lat' dir='ltr'>de</span> <span class='ocrx_word' id='word_1_479' title='bbox 1900 1934 2092 1978; x_wconf 81' lang='lat' dir='ltr'>thesauro,</span> <span class='ocrx_word' id='word_1_480' title='bbox 2106 1948 2219 1984; x_wconf 89' lang='lat' dir='ltr'>quem</span> 
     </span>
     <span class='ocr_line' id='line_1_67' title="bbox 1224 1992 2220 2044; baseline 0 -14"><span class='ocrx_word' id='word_1_481' title='bbox 1224 1994 1287 2044; x_wconf 91' lang='lat' dir='ltr'>qui</span> <span class='ocrx_word' id='word_1_482' title='bbox 1309 1993 1454 2030; x_wconf 74' lang='lat' dir='ltr'>invenit</span> <span class='ocrx_word' id='word_1_483' title='bbox 1475 1993 1588 2028; x_wconf 88' lang='lat' dir='ltr'>bomo</span> <span class='ocrx_word' id='word_1_484' title='bbox 1602 2020 1610 2035; x_wconf 94' lang='lat'>,</span> <span class='ocrx_word' id='word_1_485' title='bbox 1635 1992 1765 2027; x_wconf 71' lang='lat' dir='ltr'>vendit</span> <span class='ocrx_word' id='word_1_486' title='bbox 1782 1993 1909 2029; x_wconf 83' lang='lat' dir='ltr'>omnia</span> <span class='ocrx_word' id='word_1_487' title='bbox 1926 2007 2009 2041; x_wconf 74' lang='lat' dir='ltr'>qua:</span> <span class='ocrx_word' id='word_1_488' title='bbox 2028 1993 2160 2037; x_wconf 87' lang='lat' dir='ltr'>habet,</span> <span class='ocrx_word' id='word_1_489' title='bbox 2185 2004 2220 2030; x_wconf 86' lang='lat' dir='ltr'>et</span> 
     </span>
     <span class='ocr_line' id='line_1_68' title="bbox 1224 2050 2219 2102; baseline -0.002 -12"><span class='ocrx_word' id='word_1_490' title='bbox 1224 2055 1314 2090; x_wconf 81' lang='lat' dir='ltr'>emit</span> <span class='ocrx_word' id='word_1_491' title='bbox 1336 2066 1467 2102; x_wconf 75' lang='lat' dir='ltr'>agrum</span> <span class='ocrx_word' id='word_1_492' title='bbox 1496 2053 1614 2088; x_wconf 90' lang='lat' dir='ltr'>illum.</span> <span class='ocrx_word' id='word_1_493' title='bbox 1641 2050 1889 2100; x_wconf 67' lang='lat' dir='ltr'>Subjiingitur</span> <span class='ocrx_word' id='word_1_494' title='bbox 1909 2052 2149 2100; x_wconf 89' lang='lat' dir='ltr'>postmodum</span> <span class='ocrx_word' id='word_1_495' title='bbox 2174 2053 2219 2088; x_wconf 90' lang='lat' dir='ltr'>de</span> 
     </span>
     <span class='ocr_line' id='line_1_69' title="bbox 1223 2112 2218 2163; baseline -0.002 -14"><span class='ocrx_word' id='word_1_496' title='bbox 1223 2113 1387 2163; x_wconf 89' lang='lat' dir='ltr'>pretiosa</span> <span class='ocrx_word' id='word_1_497' title='bbox 1414 2112 1631 2161; x_wconf 74' lang='lat' dir='ltr'>margarita,</span> <span class='ocrx_word' id='word_1_498' title='bbox 1656 2124 1767 2159; x_wconf 91' lang='lat' dir='ltr'>quam</span> <span class='ocrx_word' id='word_1_499' title='bbox 1791 2112 2002 2159; x_wconf 72' lang='lat' dir='ltr'>negotiator</span> <span class='ocrx_word' id='word_1_500' title='bbox 2028 2115 2218 2148; x_wconf 62' lang='lat' dir='ltr'>inventam</span> 
     </span>
     <span class='ocr_line' id='line_1_70' title="bbox 1222 2169 2218 2222; baseline -0.004 -14"><span class='ocrx_word' id='word_1_501' title='bbox 1222 2181 1438 2222; x_wconf 82' lang='lat' dir='ltr'>comparat,</span> <span class='ocrx_word' id='word_1_502' title='bbox 1458 2170 1619 2207; x_wconf 79' lang='lat' dir='ltr'>venditis</span> <span class='ocrx_word' id='word_1_503' title='bbox 1641 2169 1817 2205; x_wconf 78' lang='lat' dir='ltr'>omnibus</span> <span class='ocrx_word' id='word_1_504' title='bbox 1837 2183 1921 2218; x_wconf 68' lang='lat' dir='ltr'>quse</span> <span class='ocrx_word' id='word_1_505' title='bbox 1946 2170 2124 2219; x_wconf 79' lang='lat' dir='ltr'>possidet.</span> <span class='ocrx_word' id='word_1_506' title='bbox 2148 2173 2218 2205; x_wconf 76' lang='lat' dir='ltr'>De-</span> 
     </span>
     <span class='ocr_line' id='line_1_71' title="bbox 1224 2228 2218 2279; baseline -0.003 -13"><span class='ocrx_word' id='word_1_507' title='bbox 1224 2244 1324 2267; x_wconf 88' lang='lat' dir='ltr'>mum</span> <span class='ocrx_word' id='word_1_508' title='bbox 1343 2231 1465 2279; x_wconf 78' lang='lat' dir='ltr'>agitur</span> <span class='ocrx_word' id='word_1_509' title='bbox 1484 2230 1529 2265; x_wconf 89' lang='lat' dir='ltr'>de</span> <span class='ocrx_word' id='word_1_510' title='bbox 1544 2241 1692 2277; x_wconf 73' lang='lat' dir='ltr'>sagena,</span> <span class='ocrx_word' id='word_1_511' title='bbox 1714 2241 1797 2277; x_wconf 57' lang='lat' dir='ltr'>qua]</span> <span class='ocrx_word' id='word_1_512' title='bbox 1815 2228 1923 2264; x_wconf 90' lang='lat' dir='ltr'>missa</span> <span class='ocrx_word' id='word_1_513' title='bbox 1942 2229 1979 2264; x_wconf 90' lang='lat' dir='ltr'>in</span> <span class='ocrx_word' id='word_1_514' title='bbox 2003 2241 2116 2272; x_wconf 87' lang='lat' dir='ltr'>mare,</span> <span class='ocrx_word' id='word_1_515' title='bbox 2134 2242 2218 2263; x_wconf 85' lang='lat' dir='ltr'>con-</span> 
     </span>
     <span class='ocr_line' id='line_1_72' title="bbox 1222 2287 2219 2339; baseline -0.004 -13"><span class='ocrx_word' id='word_1_516' title='bbox 1222 2298 1349 2339; x_wconf 71' lang='lat' dir='ltr'>gregat</span> <span class='ocrx_word' id='word_1_517' title='bbox 1384 2289 1505 2325; x_wconf 88' lang='lat' dir='ltr'>bonos</span> <span class='ocrx_word' id='word_1_518' title='bbox 1536 2297 1573 2324; x_wconf 86' lang='lat' dir='ltr'>ct</span> <span class='ocrx_word' id='word_1_519' title='bbox 1607 2288 1722 2323; x_wconf 89' lang='lat' dir='ltr'>malos</span> <span class='ocrx_word' id='word_1_520' title='bbox 1752 2288 1871 2336; x_wconf 87' lang='lat' dir='ltr'>pisces</span> <span class='ocrx_word' id='word_1_521' title='bbox 1888 2287 1912 2322; x_wconf 69' lang='lat'>⁵.</span> <span class='ocrx_word' id='word_1_522' title='bbox 1948 2287 2219 2323; x_wconf 76' lang='lat' dir='ltr'>Similitudines</span> 
     </span>
     <span class='ocr_line' id='line_1_73' title="bbox 1222 2347 2217 2397; baseline -0.006 -10"><span class='ocrx_word' id='word_1_523' title='bbox 1222 2351 1308 2387; x_wconf 87' lang='lat' dir='ltr'>istas</span> <span class='ocrx_word' id='word_1_524' title='bbox 1331 2350 1548 2397; x_wconf 76' lang='lat' dir='ltr'>diligentius</span> <span class='ocrx_word' id='word_1_525' title='bbox 1568 2356 1872 2397; x_wconf 74' lang='lat' dir='ltr'>perscrutemur,</span> <span class='ocrx_word' id='word_1_526' title='bbox 1896 2355 1937 2382; x_wconf 90' lang='lat' dir='ltr'>ut</span> <span class='ocrx_word' id='word_1_527' title='bbox 1962 2361 2006 2383; x_wconf 74' lang='lat' dir='ltr'>ex</span> <span class='ocrx_word' id='word_1_528' title='bbox 2038 2347 2126 2396; x_wconf 82' lang='lat' dir='ltr'>ipsis</span> <span class='ocrx_word' id='word_1_529' title='bbox 2148 2348 2217 2381; x_wconf 78' lang='lat' dir='ltr'>eli-</span> 
     </span>
     <span class='ocr_line' id='line_1_74' title="bbox 1222 2406 2218 2458; baseline -0.005 -13"><span class='ocrx_word' id='word_1_530' title='bbox 1222 2410 1341 2445; x_wconf 86' lang='lat' dir='ltr'>ciatur</span> <span class='ocrx_word' id='word_1_531' title='bbox 1360 2407 1553 2458; x_wconf 86' lang='lat' dir='ltr'>proposita</span> <span class='ocrx_word' id='word_1_532' title='bbox 1572 2406 1720 2442; x_wconf 66' lang='lat' dir='ltr'>veritas.</span> <span class='ocrx_word' id='word_1_533' title='bbox 1744 2411 1855 2454; x_wconf 68' lang='lat' dir='ltr'>Ager,</span> <span class='ocrx_word' id='word_1_534' title='bbox 1875 2406 1921 2441; x_wconf 89' lang='lat' dir='ltr'>de</span> <span class='ocrx_word' id='word_1_535' title='bbox 1941 2419 2016 2454; x_wconf 91' lang='lat' dir='ltr'>quo</span> <span class='ocrx_word' id='word_1_536' title='bbox 2039 2407 2074 2441; x_wconf 77' lang='lat' dir='ltr'>iu</span> <span class='ocrx_word' id='word_1_537' title='bbox 2100 2407 2218 2454; x_wconf 86' lang='lat' dir='ltr'>prima</span> 
     </span>
     <span class='ocr_line' id='line_1_75' title="bbox 1222 2464 2219 2518; baseline -0.005 -14"><span class='ocrx_word' id='word_1_538' title='bbox 1222 2469 1344 2518; x_wconf 78' lang='lat' dir='ltr'>agitur</span> <span class='ocrx_word' id='word_1_539' title='bbox 1373 2467 1570 2516; x_wconf 88' lang='lat' dir='ltr'>parabola,</span> <span class='ocrx_word' id='word_1_540' title='bbox 1605 2466 1801 2514; x_wconf 81' lang='lat' dir='ltr'>disciplina</span> <span class='ocrx_word' id='word_1_541' title='bbox 1836 2473 1891 2500; x_wconf 85' lang='lat' dir='ltr'>est</span> <span class='ocrx_word' id='word_1_542' title='bbox 1924 2464 2086 2501; x_wconf 85' lang='lat' dir='ltr'>Ordinis.</span> <span class='ocrx_word' id='word_1_543' title='bbox 2122 2471 2219 2512; x_wconf 62' lang='lat' dir='ltr'>Ager</span> 
     </span>
     <span class='ocr_line' id='line_1_76' title="bbox 1224 2523 2219 2572; baseline -0.006 -9"><span class='ocrx_word' id='word_1_544' title='bbox 1224 2528 1322 2563; x_wconf 90' lang='lat' dir='ltr'>enim</span> <span class='ocrx_word' id='word_1_545' title='bbox 1343 2527 1440 2562; x_wconf 85' lang='lat' dir='ltr'>culta</span> <span class='ocrx_word' id='word_1_546' title='bbox 1457 2535 1556 2562; x_wconf 88' lang='lat' dir='ltr'>terra</span> <span class='ocrx_word' id='word_1_547' title='bbox 1572 2533 1626 2560; x_wconf 89' lang='lat' dir='ltr'>est</span> <span class='ocrx_word' id='word_1_548' title='bbox 1640 2554 1648 2569; x_wconf 94' lang='lat'>,</span> <span class='ocrx_word' id='word_1_549' title='bbox 1667 2537 1751 2572; x_wconf 80' lang='lat' dir='ltr'>quae</span> <span class='ocrx_word' id='word_1_550' title='bbox 1765 2552 1773 2568; x_wconf 89' lang='lat'><strong><em>‚</em></strong></span> <span class='ocrx_word' id='word_1_551' title='bbox 1799 2524 2001 2572; x_wconf 87' lang='lat' dir='ltr'>amputatis</span> <span class='ocrx_word' id='word_1_552' title='bbox 2025 2523 2219 2559; x_wconf 74' lang='lat' dir='ltr'>fruticibus</span> 
     </span>
     <span class='ocr_line' id='line_1_77' title="bbox 1225 2582 2217 2632; baseline -0.004 -11"><span class='ocrx_word' id='word_1_553' title='bbox 1225 2595 1261 2622; x_wconf 89' lang='lat' dir='ltr'>et</span> <span class='ocrx_word' id='word_1_554' title='bbox 1277 2586 1454 2621; x_wconf 89' lang='lat' dir='ltr'>arborum</span> <span class='ocrx_word' id='word_1_555' title='bbox 1479 2584 1665 2620; x_wconf 80' lang='lat' dir='ltr'>radicibus</span> <span class='ocrx_word' id='word_1_556' title='bbox 1685 2583 1897 2632; x_wconf 59' lang='lat' dir='ltr'>exstirpatis</span> <span class='ocrx_word' id='word_1_557' title='bbox 1911 2611 1919 2626; x_wconf 94' lang='lat'>‚</span> <span class='ocrx_word' id='word_1_558' title='bbox 1944 2582 2078 2618; x_wconf 85' lang='lat' dir='ltr'>babilis</span> <span class='ocrx_word' id='word_1_559' title='bbox 2098 2592 2151 2618; x_wconf 87' lang='lat' dir='ltr'>est</span> <span class='ocrx_word' id='word_1_560' title='bbox 2173 2583 2217 2618; x_wconf 82' lang='lat' dir='ltr'>ad</span> 
     </span>
    </p>
   </div>
   <div class='ocr_carea' id='block_1_12' title="bbox 160 2642 2220 2694">
    <p class='ocr_par' dir='ltr' id='par_1_13' title="bbox 160 2642 2220 2694">
     <span class='ocr_line' id='line_1_78' title="bbox 160 2642 2220 2694; baseline -0.002 -14"><span class='ocrx_word' id='word_1_561' title='bbox 160 2645 301 2691; x_wconf 86' lang='lat' dir='ltr'>ferrea,</span> <span class='ocrx_word' id='word_1_562' title='bbox 327 2644 499 2693; x_wconf 74' lang='lat' dir='ltr'>quaedam</span> <span class='ocrx_word' id='word_1_563' title='bbox 524 2645 646 2681; x_wconf 82' lang='lat' dir='ltr'>fictilis</span> <span class='ocrx_word' id='word_1_564' title='bbox 660 2673 669 2690; x_wconf 92' lang='lat'>‚</span> <span class='ocrx_word' id='word_1_565' title='bbox 691 2658 806 2694; x_wconf 87' lang='lat' dir='ltr'>opera</span> <span class='ocrx_word' id='word_1_566' title='bbox 831 2646 1027 2693; x_wconf 81' lang='lat' dir='ltr'>signantur</span> <span class='ocrx_word' id='word_1_567' title='bbox 1048 2655 1154 2682; x_wconf 87' lang='lat' dir='ltr'>teue-</span> <span class='ocrx_word' id='word_1_568' title='bbox 1176 2653 1207 2687; x_wconf 88' lang='lat' dir='ltr'>D</span> <span class='ocrx_word' id='word_1_569' title='bbox 1225 2658 1350 2681; x_wconf 78' lang='lat' dir='ltr'>semen</span> <span class='ocrx_word' id='word_1_570' title='bbox 1368 2643 1638 2693; x_wconf 71' lang='lat' dir='ltr'>recipiendum,</span> <span class='ocrx_word' id='word_1_571' title='bbox 1654 2651 1689 2678; x_wconf 86' lang='lat' dir='ltr'>et</span> <span class='ocrx_word' id='word_1_572' title='bbox 1705 2643 1865 2678; x_wconf 68' lang='lat' dir='ltr'>svm-uun</span> <span class='ocrx_word' id='word_1_573' title='bbox 1884 2642 2130 2677; x_wconf 79' lang='lat' dir='ltr'>afferendum.</span> <span class='ocrx_word' id='word_1_574' title='bbox 2145 2644 2220 2676; x_wconf 67' lang='lat' dir='ltr'>&#39;l‘a-</span> 
     </span>
    </p>
   </div>
   <div class='ocr_carea' id='block_1_13' title="bbox 157 2704 1160 3219">
    <p class='ocr_par' dir='ltr' id='par_1_14' title="bbox 157 2704 1160 3109">
     <span class='ocr_line' id='line_1_79' title="bbox 157 2704 1156 2754; baseline 0.001 -13"><span class='ocrx_word' id='word_1_575' title='bbox 157 2704 311 2741; x_wconf 74' lang='lat' dir='ltr'>brai-um</span> <span class='ocrx_word' id='word_1_576' title='bbox 327 2732 337 2750; x_wconf 91' lang='lat'>,</span> <span class='ocrx_word' id='word_1_577' title='bbox 358 2704 497 2753; x_wconf 90' lang='lat' dir='ltr'>quibus</span> <span class='ocrx_word' id='word_1_578' title='bbox 516 2705 562 2741; x_wconf 91' lang='lat' dir='ltr'>ad</span> <span class='ocrx_word' id='word_1_579' title='bbox 590 2705 761 2741; x_wconf 85' lang='lat' dir='ltr'>notitiam</span> <span class='ocrx_word' id='word_1_580' title='bbox 788 2705 1008 2754; x_wconf 79' lang='lat' dir='ltr'>pervcnitur</span> <span class='ocrx_word' id='word_1_581' title='bbox 1034 2706 1156 2742; x_wconf 91' lang='lat' dir='ltr'>bomi-</span> 
     </span>
     <span class='ocr_line' id='line_1_80' title="bbox 159 2764 1155 2801; baseline 0.001 -1"><span class='ocrx_word' id='word_1_582' title='bbox 159 2778 262 2801; x_wconf 87' lang='lat' dir='ltr'>num.</span> <span class='ocrx_word' id='word_1_583' title='bbox 282 2768 420 2801; x_wconf 89' lang='lat' dir='ltr'>Lutum</span> <span class='ocrx_word' id='word_1_584' title='bbox 452 2772 489 2801; x_wconf 93' lang='lat' dir='ltr'>et</span> <span class='ocrx_word' id='word_1_585' title='bbox 518 2764 657 2801; x_wconf 89' lang='lat' dir='ltr'>ferrum</span> <span class='ocrx_word' id='word_1_586' title='bbox 679 2764 775 2801; x_wconf 89' lang='lat' dir='ltr'>bene</span> <span class='ocrx_word' id='word_1_587' title='bbox 804 2764 874 2801; x_wconf 86' lang='lat' dir='ltr'>sibi</span> <span class='ocrx_word' id='word_1_588' title='bbox 897 2765 1057 2801; x_wconf 74' lang='lat' dir='ltr'>invicem</span> <span class='ocrx_word' id='word_1_589' title='bbox 1080 2779 1155 2801; x_wconf 90' lang='lat' dir='ltr'>nou</span> 
     </span>
     <span class='ocr_line' id='line_1_81' title="bbox 159 2824 1158 2873; baseline 0.001 -13"><span class='ocrx_word' id='word_1_590' title='bbox 159 2824 364 2860; x_wconf 85' lang='lat' dir='ltr'>cobaerent.</span> <span class='ocrx_word' id='word_1_591' title='bbox 387 2827 457 2861; x_wconf 89' lang='lat' dir='ltr'>Per</span> <span class='ocrx_word' id='word_1_592' title='bbox 475 2824 619 2868; x_wconf 91' lang='lat' dir='ltr'>lutum,</span> <span class='ocrx_word' id='word_1_593' title='bbox 637 2837 796 2873; x_wconf 91' lang='lat' dir='ltr'>operum</span> <span class='ocrx_word' id='word_1_594' title='bbox 815 2824 1072 2868; x_wconf 84' lang='lat' dir='ltr'>immunditia;</span> <span class='ocrx_word' id='word_1_595' title='bbox 1091 2838 1158 2873; x_wconf 81' lang='lat' dir='ltr'>per</span> 
     </span>
     <span class='ocr_line' id='line_1_82' title="bbox 162 2883 1158 2933; baseline 0.001 -14"><span class='ocrx_word' id='word_1_596' title='bbox 162 2884 321 2929; x_wconf 68' lang='lat' dir='ltr'>terrum,</span> <span class='ocrx_word' id='word_1_597' title='bbox 349 2883 485 2920; x_wconf 88' lang='lat' dir='ltr'>mentis</span> <span class='ocrx_word' id='word_1_598' title='bbox 509 2884 712 2933; x_wconf 87' lang='lat' dir='ltr'>pertinacia</span> <span class='ocrx_word' id='word_1_599' title='bbox 741 2883 984 2933; x_wconf 78' lang='lat' dir='ltr'>designatur:</span> <span class='ocrx_word' id='word_1_600' title='bbox 1009 2897 1092 2932; x_wconf 69' lang='lat' dir='ltr'>quse</span> <span class='ocrx_word' id='word_1_601' title='bbox 1113 2885 1158 2920; x_wconf 95' lang='lat' dir='ltr'>li-</span> 
     </span>
     <span class='ocr_line' id='line_1_83' title="bbox 159 2941 1160 2991; baseline 0.001 -13"><span class='ocrx_word' id='word_1_602' title='bbox 159 2950 217 2978; x_wconf 83' lang='lat' dir='ltr'>cet</span> <span class='ocrx_word' id='word_1_603' title='bbox 230 2942 275 2978; x_wconf 93' lang='lat' dir='ltr'>ad</span> <span class='ocrx_word' id='word_1_604' title='bbox 291 2942 421 2978; x_wconf 87' lang='lat' dir='ltr'>boram</span> <span class='ocrx_word' id='word_1_605' title='bbox 439 2941 731 2991; x_wconf 74' lang='lat' dir='ltr'>conjungantur,</span> <span class='ocrx_word' id='word_1_606' title='bbox 748 2942 811 2978; x_wconf 92' lang='lat' dir='ltr'>diu</span> <span class='ocrx_word' id='word_1_607' title='bbox 830 2951 951 2978; x_wconf 73' lang='lat' dir='ltr'>tamen</span> <span class='ocrx_word' id='word_1_608' title='bbox 971 2944 1160 2979; x_wconf 73' lang='lat' dir='ltr'>colnerere</span> 
     </span>
     <span class='ocr_line' id='line_1_84' title="bbox 160 3001 1146 3051; baseline -0.001 -13"><span class='ocrx_word' id='word_1_609' title='bbox 160 3014 237 3038; x_wconf 90' lang='lat' dir='ltr'>non</span> <span class='ocrx_word' id='word_1_610' title='bbox 256 3010 426 3050; x_wconf 88' lang='lat' dir='ltr'>possunt.</span> <span class='ocrx_word' id='word_1_611' title='bbox 448 3002 561 3038; x_wconf 88' lang='lat' dir='ltr'>Ducis</span> <span class='ocrx_word' id='word_1_612' title='bbox 578 3001 762 3051; x_wconf 90' lang='lat' dir='ltr'>siquidem</span> <span class='ocrx_word' id='word_1_613' title='bbox 782 3002 817 3037; x_wconf 90' lang='lat' dir='ltr'>iu</span> <span class='ocrx_word' id='word_1_614' title='bbox 839 3001 950 3037; x_wconf 86' lang='lat' dir='ltr'>bonis</span> <span class='ocrx_word' id='word_1_615' title='bbox 967 3003 1044 3038; x_wconf 76' lang='lat' dir='ltr'>dies</span> <span class='ocrx_word' id='word_1_616' title='bbox 1064 3011 1146 3039; x_wconf 69' lang='lat' dir='ltr'>tuos.</span> 
     </span>
     <span class='ocr_line' id='line_1_85' title="bbox 160 3059 934 3109; baseline 0.001 -14"><span class='ocrx_word' id='word_1_617' title='bbox 160 3059 225 3095; x_wconf 80' lang='lat' dir='ltr'>sed</span> <span class='ocrx_word' id='word_1_618' title='bbox 247 3059 284 3095; x_wconf 92' lang='lat' dir='ltr'>in</span> <span class='ocrx_word' id='word_1_619' title='bbox 303 3067 446 3109; x_wconf 86' lang='lat' dir='ltr'>puncto</span> <span class='ocrx_word' id='word_1_620' title='bbox 467 3059 671 3096; x_wconf 81' lang='lat' dir='ltr'>descendes</span> <span class='ocrx_word' id='word_1_621' title='bbox 687 3060 732 3096; x_wconf 91' lang='lat' dir='ltr'>ad</span> <span class='ocrx_word' id='word_1_622' title='bbox 755 3060 894 3096; x_wconf 82' lang='lat' dir='ltr'>inferos</span> <span class='ocrx_word' id='word_1_623' title='bbox 907 3062 934 3096; x_wconf 63' lang='lat'>⁴.</span> 
     </span>
    </p>

    <p class='ocr_par' dir='ltr' id='par_1_15' title="bbox 162 3119 1159 3219">
     <span class='ocr_line' id='line_1_86' title="bbox 214 3119 1159 3169; baseline 0.001 -14"><span class='ocrx_word' id='word_1_624' title='bbox 214 3119 249 3155; x_wconf 85' lang='lat'>2.</span> <span class='ocrx_word' id='word_1_625' title='bbox 279 3119 391 3168; x_wconf 88' lang='lat' dir='ltr'>Lapis</span> <span class='ocrx_word' id='word_1_626' title='bbox 416 3131 505 3168; x_wconf 82' lang='lat' dir='ltr'>ergo</span> <span class='ocrx_word' id='word_1_627' title='bbox 527 3119 630 3168; x_wconf 89' lang='lat' dir='ltr'>prius</span> <span class='ocrx_word' id='word_1_628' title='bbox 651 3119 766 3169; x_wconf 86' lang='lat' dir='ltr'>pedes</span> <span class='ocrx_word' id='word_1_629' title='bbox 795 3121 1019 3156; x_wconf 89' lang='lat' dir='ltr'>comminuit</span> <span class='ocrx_word' id='word_1_630' title='bbox 1043 3136 1048 3156; x_wconf 93' lang='lat'>:</span> <span class='ocrx_word' id='word_1_631' title='bbox 1073 3122 1159 3169; x_wconf 82' lang='lat' dir='ltr'>quia</span> 
     </span>
     <span class='ocr_line' id='line_1_87' title="bbox 162 3179 1157 3219; baseline 0.002 -4"><span class='ocrx_word' id='word_1_632' title='bbox 162 3179 345 3216; x_wconf 82' lang='lat' dir='ltr'>fortitudo</span> <span class='ocrx_word' id='word_1_633' title='bbox 366 3188 402 3216; x_wconf 87' lang='lat' dir='ltr'>et</span> <span class='ocrx_word' id='word_1_634' title='bbox 423 3180 699 3217; x_wconf 83' lang='lat' dir='ltr'>firmamentum</span> <span class='ocrx_word' id='word_1_635' title='bbox 727 3189 897 3218; x_wconf 90' lang='lat' dir='ltr'>nostrum</span> <span class='ocrx_word' id='word_1_636' title='bbox 925 3185 1032 3218; x_wconf 83' lang='lat' dir='ltr'>Jcsus</span> <span class='ocrx_word' id='word_1_637' title='bbox 1051 3181 1157 3219; x_wconf 35' lang='lat' dir='ltr'>Clu-i*</span> 
     </span>
    </p>
   </div>
   <div class='ocr_carea' id='block_1_14' title="bbox 1152 3034 1159 3049">
    <p class='ocr_par' dir='ltr' id='par_1_16' title="bbox 1152 3034 1159 3049">
     <span class='ocr_line' id='line_1_88' title="bbox 1152 3034 1159 3049; baseline 0 0"><span class='ocrx_word' id='word_1_638' title='bbox 1152 3034 1159 3049; x_wconf 71' lang='lat'><em>9</em></span> 
     </span>
    </p>
   </div>
   <div class='ocr_carea' id='block_1_15' title="bbox 164 3314 953 3399">
    <p class='ocr_par' dir='ltr' id='par_1_17' title="bbox 164 3314 953 3399">
     <span class='ocr_line' id='line_1_89' title="bbox 214 3314 953 3351; baseline 0.005 -12"><span class='ocrx_word' id='word_1_639' title='bbox 214 3316 219 3330; x_wconf 89' lang='lat'>¹</span> <span class='ocrx_word' id='word_1_640' title='bbox 249 3314 326 3342; x_wconf 75' lang='lat' dir='ltr'>Dan.</span> <span class='ocrx_word' id='word_1_641' title='bbox 352 3322 398 3349; x_wconf 87' lang='lat'>11,</span> <span class='ocrx_word' id='word_1_642' title='bbox 419 3314 533 3343; x_wconf 68' lang='lat'>:32-3&#39;1.</span> <span class='ocrx_word' id='word_1_643' title='bbox 558 3331 600 3334; x_wconf 43' lang='grc' dir='ltr'>-α</span> <span class='ocrx_word' id='word_1_644' title='bbox 626 3319 637 3333; x_wconf 88' lang='lat'>&#39;</span> <span class='ocrx_word' id='word_1_645' title='bbox 658 3316 749 3345; x_wconf 74' lang='lat' dir='ltr'>Prox.</span> <span class='ocrx_word' id='word_1_646' title='bbox 779 3325 822 3351; x_wconf 72' lang='grc' dir='ltr'>ιι,</span> <span class='ocrx_word' id='word_1_647' title='bbox 850 3317 900 3345; x_wconf 79' lang='lat' dir='ltr'>l&#39;i.</span> <span class='ocrx_word' id='word_1_648' title='bbox 925 3334 953 3335; x_wconf 26' lang='grc' dir='ltr'>η</span> 
     </span>
     <span class='ocr_line' id='line_1_90' title="bbox 164 3362 842 3399; baseline 0.004 -7"><span class='ocrx_word' id='word_1_649' title='bbox 164 3362 179 3383; x_wconf 68' lang='lat' dir='ltr'>s‘</span> <span class='ocrx_word' id='word_1_650' title='bbox 199 3366 281 3394; x_wconf 63' lang='lat' dir='ltr'>(beu.</span> <span class='ocrx_word' id='word_1_651' title='bbox 300 3375 413 3399; x_wconf 57' lang='lat' dir='ltr'>xxvii,</span> <span class='ocrx_word' id='word_1_652' title='bbox 438 3367 490 3395; x_wconf 81' lang='lat'>27.</span> <span class='ocrx_word' id='word_1_653' title='bbox 512 3384 549 3387; x_wconf 42' lang='lat' dir='ltr'><em>W</em></span> <span class='ocrx_word' id='word_1_654' title='bbox 574 3372 586 3396; x_wconf 87' lang='lat'><strong>7</strong></span> <span class='ocrx_word' id='word_1_655' title='bbox 602 3365 707 3397; x_wconf 74' lang='lat' dir='ltr'>Judic.</span> <span class='ocrx_word' id='word_1_656' title='bbox 739 3378 769 3399; x_wconf 84' lang='grc' dir='ltr'>ι,</span> <span class='ocrx_word' id='word_1_657' title='bbox 795 3370 842 3396; x_wconf 68' lang='grc'>15).</span> 
     </span>
    </p>
   </div>
   <div class='ocr_carea' id='block_1_16' title="bbox 987 3314 1246 3346">
    <p class='ocr_par' dir='ltr' id='par_1_18' title="bbox 987 3314 1246 3346">
     <span class='ocr_line' id='line_1_91' title="bbox 987 3314 1246 3346; baseline -0.004 -1"><span class='ocrx_word' id='word_1_658' title='bbox 987 3314 997 3334; x_wconf 54' lang='lat'><em>³</em></span> <span class='ocrx_word' id='word_1_659' title='bbox 1021 3314 1082 3345; x_wconf 76' lang='lat' dir='ltr'>Jub</span> <span class='ocrx_word' id='word_1_660' title='bbox 1107 3325 1179 3344; x_wconf 62' lang='lat' dir='ltr'>xri.</span> <span class='ocrx_word' id='word_1_661' title='bbox 1217 3319 1246 3346; x_wconf 71' lang='lat' dir='ltr'>i.</span> 
     </span>
    </p>
   </div>
   <div class='ocr_carea' id='block_1_17' title="bbox 1223 2701 2220 3336">
    <p class='ocr_par' dir='ltr' id='par_1_19' title="bbox 1223 2701 2220 3336">
     <span class='ocr_line' id='line_1_92' title="bbox 1223 2701 2219 2752; baseline -0.008 -11"><span class='ocrx_word' id='word_1_662' title='bbox 1223 2706 1266 2741; x_wconf 90' lang='lat' dir='ltr'>lis</span> <span class='ocrx_word' id='word_1_663' title='bbox 1287 2713 1341 2739; x_wconf 78' lang='lat' dir='ltr'>est</span> <span class='ocrx_word' id='word_1_664' title='bbox 1361 2704 1555 2752; x_wconf 80' lang='lat' dir='ltr'>disciplina</span> <span class='ocrx_word' id='word_1_665' title='bbox 1573 2702 1745 2745; x_wconf 84' lang='lat' dir='ltr'>Ordinis,</span> <span class='ocrx_word' id='word_1_666' title='bbox 1767 2714 1872 2749; x_wconf 64' lang='lat' dir='ltr'>quse,</span> <span class='ocrx_word' id='word_1_667' title='bbox 1894 2701 2219 2748; x_wconf 53' lang='grc' dir='ltr'>ιινιι15ίςμυωιιψ</span> 
     </span>
     <span class='ocr_line' id='line_1_93' title="bbox 1224 2759 2217 2808; baseline -0.005 -9"><span class='ocrx_word' id='word_1_668' title='bbox 1224 2777 1304 2800; x_wconf 87' lang='lat' dir='ltr'>rum</span> <span class='ocrx_word' id='word_1_669' title='bbox 1322 2762 1470 2798; x_wconf 89' lang='lat' dir='ltr'>tribulis</span> <span class='ocrx_word' id='word_1_670' title='bbox 1484 2761 1711 2808; x_wconf 77' lang='lat' dir='ltr'>remotisque</span> <span class='ocrx_word' id='word_1_671' title='bbox 1732 2759 1993 2795; x_wconf 79' lang='lat' dir='ltr'>scaiulalorum</span> <span class='ocrx_word' id='word_1_672' title='bbox 2011 2759 2217 2794; x_wconf 77' lang='lat' dir='ltr'>occasioni—</span> 
     </span>
     <span class='ocr_line' id='line_1_94' title="bbox 1225 2819 2216 2870; baseline -0.005 -13"><span class='ocrx_word' id='word_1_673' title='bbox 1225 2823 1314 2868; x_wconf 88' lang='lat' dir='ltr'>bus,</span> <span class='ocrx_word' id='word_1_674' title='bbox 1330 2822 1441 2870; x_wconf 69' lang='lat' dir='ltr'>digua</span> <span class='ocrx_word' id='word_1_675' title='bbox 1461 2829 1515 2856; x_wconf 82' lang='lat' dir='ltr'>est</span> <span class='ocrx_word' id='word_1_676' title='bbox 1536 2821 1645 2869; x_wconf 89' lang='lat' dir='ltr'>plane</span> <span class='ocrx_word' id='word_1_677' title='bbox 1664 2820 1723 2855; x_wconf 87' lang='lat' dir='ltr'>eui</span> <span class='ocrx_word' id='word_1_678' title='bbox 1748 2822 1845 2854; x_wconf 78' lang='lat' dir='ltr'>Deus</span> <span class='ocrx_word' id='word_1_679' title='bbox 1866 2819 2008 2854; x_wconf 79' lang='lat' dir='ltr'>emittat</span> <span class='ocrx_word' id='word_1_680' title='bbox 2025 2819 2216 2866; x_wconf 85' lang='lat' dir='ltr'>eloquium</span> 
     </span>
     <span class='ocr_line' id='line_1_95' title="bbox 1226 2878 2217 2928; baseline -0.008 -9"><span class='ocrx_word' id='word_1_681' title='bbox 1226 2895 1346 2919; x_wconf 84' lang='lat' dir='ltr'>suum.</span> <span class='ocrx_word' id='word_1_682' title='bbox 1367 2885 1407 2917; x_wconf 89' lang='lat' dir='ltr'>ln</span> <span class='ocrx_word' id='word_1_683' title='bbox 1426 2894 1498 2928; x_wconf 87' lang='lat' dir='ltr'>qua</span> <span class='ocrx_word' id='word_1_684' title='bbox 1516 2880 1690 2915; x_wconf 82' lang='lat' dir='ltr'>niin&#39;iriuu</span> <span class='ocrx_word' id='word_1_685' title='bbox 1708 2878 1862 2914; x_wconf 68' lang='lat' dir='ltr'>xerbinn</span> <span class='ocrx_word' id='word_1_686' title='bbox 1881 2891 1988 2913; x_wconf 88' lang='lat' dir='ltr'>suum</span> <span class='ocrx_word' id='word_1_687' title='bbox 2007 2891 2080 2913; x_wconf 91' lang='lat' dir='ltr'>non</span> <span class='ocrx_word' id='word_1_688' title='bbox 2100 2886 2152 2912; x_wconf 81' lang='lat' dir='ltr'>est</span> <span class='ocrx_word' id='word_1_689' title='bbox 2167 2879 2217 2912; x_wconf 33' lang='grc' dir='ltr'>ιιΙν-</span> 
     </span>
     <span class='ocr_line' id='line_1_96' title="bbox 1229 2935 2219 2988; baseline -0.006 -11"><span class='ocrx_word' id='word_1_690' title='bbox 1229 2943 1379 2988; x_wconf 59' lang='lat' dir='ltr'>ligatum</span> <span class='ocrx_word' id='word_1_691' title='bbox 1394 2970 1402 2983; x_wconf 94' lang='lat'>‚</span> <span class='ocrx_word' id='word_1_692' title='bbox 1424 2939 1487 2975; x_wconf 77' lang='lat' dir='ltr'>sed</span> <span class='ocrx_word' id='word_1_693' title='bbox 1514 2938 1646 2974; x_wconf 88' lang='lat' dir='ltr'>ablatis</span> <span class='ocrx_word' id='word_1_694' title='bbox 1666 2937 2022 2984; x_wconf 80' lang='lat' dir='ltr'>impednuentorum</span> <span class='ocrx_word' id='word_1_695' title='bbox 2042 2935 2219 2972; x_wconf 74' lang='lat' dir='ltr'>obstacu—</span> 
     </span>
     <span class='ocr_line' id='line_1_97' title="bbox 1230 2997 2219 3049; baseline -0.006 -13"><span class='ocrx_word' id='word_1_696' title='bbox 1230 3003 1288 3045; x_wconf 85' lang='lat' dir='ltr'>lis,</span> <span class='ocrx_word' id='word_1_697' title='bbox 1309 3013 1375 3049; x_wconf 89' lang='lat' dir='ltr'>per</span> <span class='ocrx_word' id='word_1_698' title='bbox 1394 3000 1550 3035; x_wconf 76' lang='lat' dir='ltr'>humiles</span> <span class='ocrx_word' id='word_1_699' title='bbox 1568 3007 1600 3033; x_wconf 78' lang='lat' dir='ltr'>et</span> <span class='ocrx_word' id='word_1_700' title='bbox 1628 2999 1734 3033; x_wconf 81' lang='lat' dir='ltr'>mites</span> <span class='ocrx_word' id='word_1_701' title='bbox 1756 2997 1870 3033; x_wconf 78' lang='lat' dir='ltr'>corde</span> <span class='ocrx_word' id='word_1_702' title='bbox 1900 2997 2077 3031; x_wconf 69' lang='lat' dir='ltr'>wluciter</span> <span class='ocrx_word' id='word_1_703' title='bbox 2104 2998 2219 3032; x_wconf 82' lang='lat' dir='ltr'>currit</span> 
     </span>
     <span class='ocr_line' id='line_1_98' title="bbox 1228 3055 2220 3107; baseline -0.007 -11"><span class='ocrx_word' id='word_1_704' title='bbox 1228 3075 1351 3096; x_wconf 78' lang='lat' dir='ltr'>sermo</span> <span class='ocrx_word' id='word_1_705' title='bbox 1379 3060 1473 3107; x_wconf 80' lang='lat' dir='ltr'>ejus.</span> <span class='ocrx_word' id='word_1_706' title='bbox 1508 3059 1574 3094; x_wconf 82' lang='lat' dir='ltr'>llic</span> <span class='ocrx_word' id='word_1_707' title='bbox 1598 3067 1649 3094; x_wconf 84' lang='lat' dir='ltr'>est</span> <span class='ocrx_word' id='word_1_708' title='bbox 1672 3070 1759 3105; x_wconf 62' lang='lat' dir='ltr'>ager</span> <span class='ocrx_word' id='word_1_709' title='bbox 1787 3058 1919 3106; x_wconf 80' lang='lat' dir='ltr'>plenus</span> <span class='ocrx_word' id='word_1_710' title='bbox 1945 3056 2002 3091; x_wconf 83' lang='lat' dir='ltr'>cui</span> <span class='ocrx_word' id='word_1_711' title='bbox 2029 3055 2220 3091; x_wconf 74' lang='lat' dir='ltr'>benedixit</span> 
     </span>
     <span class='ocr_line' id='line_1_99' title="bbox 1231 3115 2219 3164; baseline -0.008 -7"><span class='ocrx_word' id='word_1_712' title='bbox 1231 3118 1452 3160; x_wconf 68' lang='lat' dir='ltr'>1›‹›1ninus⁴²,</span> <span class='ocrx_word' id='word_1_713' title='bbox 1482 3117 1622 3154; x_wconf 83' lang='lat' dir='ltr'>liabens</span> <span class='ocrx_word' id='word_1_714' title='bbox 1653 3118 1834 3164; x_wconf 61' lang='lat' dir='ltr'>irriguum</span> <span class='ocrx_word' id='word_1_715' title='bbox 1860 3129 2056 3164; x_wconf 76' lang='lat' dir='ltr'>superius.</span> <span class='ocrx_word' id='word_1_716' title='bbox 2080 3123 2112 3149; x_wconf 72' lang='lat' dir='ltr'>et</span> <span class='ocrx_word' id='word_1_717' title='bbox 2135 3115 2219 3150; x_wconf 81' lang='lat' dir='ltr'>irri-</span> 
     </span>
     <span class='ocr_line' id='line_1_100' title="bbox 1228 3175 2212 3229; baseline -0.009 -13"><span class='ocrx_word' id='word_1_718' title='bbox 1228 3194 1341 3229; x_wconf 54' lang='lat' dir='ltr'>guum</span> <span class='ocrx_word' id='word_1_719' title='bbox 1360 3179 1514 3215; x_wconf 70' lang='lat' dir='ltr'>iuli-rius</span> <span class='ocrx_word' id='word_1_720' title='bbox 1528 3184 1553 3218; x_wconf 79' lang='grc'>”,</span> <span class='ocrx_word' id='word_1_721' title='bbox 1580 3178 1698 3212; x_wconf 77' lang='lat' dir='ltr'>tontes</span> <span class='ocrx_word' id='word_1_722' title='bbox 1720 3177 1888 3225; x_wconf 75' lang='lat' dir='ltr'>prolecto</span> <span class='ocrx_word' id='word_1_723' title='bbox 1913 3176 2022 3211; x_wconf 72' lang='lat' dir='ltr'>lsrael</span> <span class='ocrx_word' id='word_1_724' title='bbox 2037 3205 2044 3215; x_wconf 80' lang='grc'>,</span> <span class='ocrx_word' id='word_1_725' title='bbox 2068 3175 2114 3208; x_wconf 76' lang='lat' dir='ltr'>«le</span> <span class='ocrx_word' id='word_1_726' title='bbox 2135 3188 2212 3221; x_wconf 60' lang='lat' dir='ltr'>qui&gt;</span> 
     </span>
     <span class='ocr_line' id='line_1_101' title="bbox 2033 3309 2147 3336; baseline -0.018 0"><span class='ocrx_word' id='word_1_727' title='bbox 2033 3310 2043 3336; x_wconf 78' lang='grc' dir='ltr'>ἰ</span> <span class='ocrx_word' id='word_1_728' title='bbox 2061 3309 2147 3336; x_wconf 60' lang='lat' dir='ltr'>vis.</span> 
     </span>
    </p>
   </div>
   <div class='ocr_carea' id='block_1_18' title="bbox 1399 3309 1997 3342">
    <p class='ocr_par' dir='ltr' id='par_1_20' title="bbox 1399 3309 1997 3342">
     <span class='ocr_line' id='line_1_102' title="bbox 1399 3309 1997 3342; baseline -0.007 -1"><span class='ocrx_word' id='word_1_729' title='bbox 1399 3312 1466 3342; x_wconf 65' lang='grc' dir='ltr'>ιΙιΙ.</span> <span class='ocrx_word' id='word_1_730' title='bbox 1492 3323 1564 3342; x_wconf 71' lang='lat' dir='ltr'>xxi,</span> <span class='ocrx_word' id='word_1_731' title='bbox 1598 3315 1645 3340; x_wconf 50' lang='lat'>15.</span> <span class='ocrx_word' id='word_1_732' title='bbox 1679 3328 1714 3332; x_wconf 73' lang='lat'>—-</span> <span class='ocrx_word' id='word_1_733' title='bbox 1781 3309 1892 3339; x_wconf 66' lang='lat' dir='ltr'>Malui.</span> <span class='ocrx_word' id='word_1_734' title='bbox 1916 3320 1997 3337; x_wconf 62' lang='lat' dir='ltr'>xiii.</span> 
     </span>
    </p>
   </div>
  </div>
 </body>
</html>
