2504 3928
341 211 436 245 101¹.)

1030 210 1096 243 ME
1105 209 1299 243 Dl'l'ATlO
1333 209 1380 242 IN
1414 204 1676 241 PASSIONEM

2277 208 2374 244 1020

330 285 443 320 baruc
463 284 647 333 propheta
673 283 920 332 fulgurantem
944 283 1085 320 hastam
1109 285 1312 321 1u›111iuat¹.
1326 286 1374 302 ³¹⁰
1388 281 1707 326 llacheldeimich,
1733 281 1797 330 qui
1817 282 1938 330 pretio
1959 295 2093 330 magno
2113 284 2301 332 sanguinis
2323 286 2372 322 tui

331 348 435 380 llam·
454 345 592 379 hastam
613 356 696 379 eum
716 356 827 378 urceo
849 356 953 391 aqua*
973 344 1054 379 tulit
1073 345 1192 380 David
1213 358 1232 381 a
1256 359 1319 381 ea-
1337 354 1365 386 Α
1387 350 1534 390 emptus
1555 349 1622 375 est.
1644 339 1699 376 Ibi
1717 340 1815 375 enim
1839 341 1973 388 sepulti
1994 349 2081 376 sunt
2104 354 2234 378 omnes
2251 352 2374 391 patres

330 405 405 451 pite
423 403 541 438 Saulis
560 403 697 438 inimici
714 403 769 438 sui
782 402 1005 439 dormientis
1022 417 1028 438 :
1047 404 1132 452 quia
1147 404 1319 454 superbis

329 470 364 496 et
389 461 524 496 invidis
547 474 587 496 ae
609 460 884 509 negligentibus
910 474 1034 497 sermo
1059 463 1250 511 sapientiae
1270 463 1319 498 si-

330 520 405 554 mul
435 532 518 555 cum
549 519 665 566 gratia
696 518 939 555 subtrahitur.
968 520 1038 556 Sed
1070 520 1318 557 dormientem

330 577 426 612 lilius
446 578 584 613 Sarx'iae
599 576 802 612 confodere
821 578 938 613 voluit
954 579 1081 622 semel,
1098 587 1137 614 ut
1154 579 1320 615 seeundo

329 650 425 685 opus
448 650 520 672 uon
543 645 656 681 esset,
678 637 746 672 uisi
769 636 866 672 hunc
894 637 1012 673 David
1041 637 1201 687 henigne
1228 651 1320 687 pro—

329 696 505 731 hibuisset
531 711 537 732 :
560 696 646 744 quia
668 704 902 745 peecatorem
925 697 1072 746 pigrum
1091 706 1126 733 ct
1148 706 1318 733 contem-

330 764 501 799 nentem,
524 755 591 790 nisi
614 755 822 792 misericors
847 764 882 791 et
905 756 1124 806 longanimis
1143 757 1320 806 patientia

330 815 393 851 Dei
416 815 634 859 sustineret,
657 815 800 863 gladius
818 824 954 851 satanae
971 817 1103 861 semel,
1125 816 1194 851 hoc
1213 817 1318 852 estin

328 883 509 911 :eternum
524 905 533 919 ‚
552 876 791 911 interficeret.
816 875 903 911 Vult
924 875 1022 911 enim
1045 875 1240 924 improbus
1257 889 1318 912 sa-

329 943 410 979 tan,
432 943 615 983 quatenus
633 936 695 984 qui
714 934 854 970 dormit
872 948 946 970 non
964 934 1112 983 adjiciat
1131 943 1170 970 ut
1191 948 1320 971 resur-

328 1002 400 1041 gat.
442 998 489 1030 At
521 1008 610 1030 vero
642 995 854 1030 misericors
892 993 1008 1030 David
1038 994 1084 1030 de
1113 994 1318 1043 longinquo

1386 401 1523 443 nostri,
1544 399 1607 448 qni
1634 412 1746 449 super
1773 408 1907 435 terram
1932 399 2028 436 hanc
2051 400 2205 436 advenae
2226 402 2373 438 suerunt

1385 469 1421 496 et
1439 459 1640 509 peregrini.
1659 458 1715 495 lbi
1731 458 1915 496 Abraham
1931 459 2220 508 pulcherrimam
2241 461 2375 510 conju-

1385 532 1466 567 gem
1494 532 1596 554 suam
1619 522 1745 555 Saram
1767 518 1803 553 in
1833 519 2007 567 spelunca
2029 519 2167 568 duplici
2191 521 2374 569 sepelivit.

1386 578 1455 615 Sed
1479 577 1569 626 quid
1595 585 1648 612 est
1667 577 1770 626 quod
1799 590 1866 613 nec
1889 591 2017 625 agrum
2040 579 2161 627 ipsum
2184 580 2296 628 gratis
2315 594 2376 617 ae-

1386 639 1509 687 cipere
1541 637 1680 681 voluit,
1715 650 1782 672 nec
1813 637 1850 672 in
1883 638 2009 673 electis
2038 651 2168 674 eorum
2197 640 2376 689 sepulcris

1387 706 1577 734 mortuum
1599 709 1707 732 suum
1735 697 1921 746 sepelire?
1940 698 2034 746 Quia
2057 711 2125 733 nec
2147 699 2225 734 sine
2253 700 2376 749 pretio

1385 756 1575 804 sanguinis
1605 755 1762 800 Christi,
1793 757 1904 803 gratis
1929 769 1967 792 se
2000 770 2067 805 per
2097 770 2134 793 se
2161 758 2281 806 ipsum
2309 760 2376 795 sal-

1386 815 1547 850 vandum
1587 814 1766 858 credidit,
1801 827 1869 850 nec
1899 814 2040 851 bouum
2072 815 2140 851 sibi
2181 817 2375 853 mstimavit

1385 888 1483 919 esse,
1500 874 1529 909 si
1549 874 1583 908 in
1607 873 1808 909 fetentibus
1824 874 1953 910 mundi
1975 875 2155 924 sepulcris
2175 873 2374 912 habitaret.

1387 937 1430 968 Ιη
1446 937 1590 976 Nectit,
1614 933 1686 977 ait,
1707 936 1880 980 sepulcris
1903 939 2036 968 nastris
2055 937 2170 982 sepeli
2196 945 2374 970 'nortuum

1385 991 1517 1028 tumn-³.
1540 992 1660 1028 llabet
1676 991 1839 1027 mundus
1855 992 1971 1027 electa
1987 993 2181 1041 sepulcra,
2200 994 2283 1029 illos
2301 994 2377 1029 uti-

326 1053 465 1089 vertice
499 1053 635 1102 srepius
666 1053 841 1089 inclamat
864 1067 870 1087 :
903 1055 1035 1089 Nonne
1064 1053 1314 1101 res-pomlebis,
1339 1064 1366 1097 Β
1386 1066 1480 1101 que,
1503 1065 1598 1101 quos
1623 1051 1794 1087 elationis
1824 1051 2009 1100 fastigium
2025 1081 2035 1096 ,
2056 1053 2113 1087 vel
2141 1053 2378 1102 superstitio-

328 1113 482 1146 Almer?
503 1110 691 1147 Reti-ibitis
712 1111 811 1146 enim
830 1111 1017 1160 peccatori
1039 1110 1137 1147 bona
1156 1125 1224 1160 pro
1246 1125 1318 1147 ma-

328 1170 370 1205 lis
384 1199 392 1214 ,
411 1171 603 1206 mitissime
633 1170 751 1207 David
764 1199 773 1215 ,
793 1179 829 1206 et
854 1170 1050 1216 admones,
1068 1179 1104 1206 et
1125 1179 1318 1220 exspectas

327 1229 485 1273 diutius,
500 1238 539 1265 ut
558 1229 782 1278 respondeat
800 1229 864 1265 tibi
887 1243 1004 1265 unum
1026 1243 1095 1279 pro
1115 1231 1225 1266 mille.
1243 1230 1318 1266 Illis

326 1297 449 1338 autem
467 1303 541 1326 vox
559 1298 619 1325 tua
638 1289 810 1338 improba
824 1289 987 1332 videtur,
1005 1290 1092 1337 quia
1108 1289 1317 1338 inquietum

327 1362 457 1384 corum
485 1362 656 1384 somnum
686 1349 880 1397 inquietas.
911 1349 1003 1392 Qm's
1028 1362 1064 1382 es
1091 1357 1150 1390 τα,
1174 1348 1316 1396 inquit,

327 1413 389 1453 qni
407 1411 565 1450 clamas,
579 1417 615 1442 et
627 1411 814 1454 inquietas
829 1420 948 1455 regem
962 1410 981 1441 .³
995 1406 1053 1443 Ab
1066 1407 1319 1456 increpatione

329 1474 408 1509 tua,
440 1467 619 1511 Domine,
648 1465 949 1501 dormitaverunt
979 1466 1043 1514 qui
1073 1465 1320 1501 ascenderunt

327 1538 466 1574 equos,
487 1538 555 1561 nec
580 1525 755 1573 evigilare
775 1538 838 1560 eos
864 1525 943 1560 vult
967 1525 1094 1573 auriga
1125 1524 1316 1573 ipsorum,

327 1585 446 1627 donec
460 1584 674 1634 praecipites
688 1593 799 1620 ruant
811 1584 846 1620 in
865 1583 1111 1633 profundum.
1125 1588 1203 1620 Rex
1221 1584 1321 1620 enim

328 1645 529 1693 impiorum
551 1642 726 1692 superbia
742 1643 779 1679 in
796 1642 930 1679 umbra
946 1642 1102 1688 dormit,
1119 1643 1156 1679 in
1176 1651 1321 1679 secreto

329 1704 478 1749 calami,
499 1703 538 1739 in
561 1702 653 1738 locis
673 1702 936 1748 humentibus,
957 1711 994 1738 et
1013 1711 1217 1752 protegunt
1238 1716 1323 1738 um—

293 1754 297 1758 *
328 1763 405 1800 brae
427 1762 597 1799 umbram
619 1761 709 1811 ejus.
731 1766 815 1811 Ipse
835 1771 891 1798 est
910 1762 1039 1799 Abner
1061 1763 1124 1811 qui
1148 1771 1322 1811 protege-

1384 1113 1440 1148 nis
1459 1112 1667 1161 operositas
1688 1111 1906 1159 perspicuos
1927 1110 2063 1147 reddit.
2079 1115 2171 1147 Tota
2192 1116 2377 1161 AEgyptus

1383 1171 1563 1221 sepulcris
1588 1172 1698 1220 plena
1722 1179 1795 1215 est;
1818 1184 1939 1219 neque
1959 1171 2056 1206 enim
2086 1179 2166 1207 erat
2185 1171 2319 1208 domus
2339 1172 2376 1207 in

1383 1244 1456 1280 qua
1475 1230 1702 1278 nonjaceret
1717 1238 1899 1265 mortuus.
1916 1230 1983 1265 Illa
2009 1231 2179 1279 sepulcra
2194 1231 2231 1266 in
2250 1231 2377 1267 ‹leser-

1386 1298 1422 1325 to
1443 1289 1706 1325 desiderabant
1733 1290 1796 1325 lilii
1817 1289 1942 1325 Israel.
1966 1292 2129 1324 Des-rant
2143 1318 2153 1334 ,
2181 1290 2376 1338 inquiunt,

1384 1353 1422 1382 in
1440 1352 1597 1395 Aigipto
1617 1352 1806 1395 squalent,
1831 1358 1868 1383 ut
1887 1348 2065 1383 cadavera
2086 1358 2209 1384 nostra
2223 1354 2380 1394 jaceam

1387 1413 1424 1443 ιή
1440 1411 1579 1443 deserto
1600 1411 1702 1443 nuda
1720 1417 1754 1443 et
1771 1409 1964 1443 inhumata
1975 1410 2013 1444 ⁴²?
2033 1412 2074 1444 In
2097 1408 2231 1444 talibus
2250 1410 2377 1458 sepul—

1386 1467 1458 1502 cris
1476 1467 1597 1502 noluit
1614 1475 1802 1502 mortuum
1825 1480 1932 1502 suum
1952 1467 2109 1516 sepelire
2124 1468 2378 1504 sanctissimus

1387 1527 1612 1563 Patriarcha.
1636 1527 1706 1563 Sed
1731 1526 1824 1563 ubi?
1852 1530 1895 1563 In
1925 1527 2104 1576 spelunca
2130 1526 2291 1576 duplici,
2314 1527 2376 1563 ubi

1387 1599 1471 1636 spes
1496 1585 1683 1622 bonorum
1716 1600 1874 1636 operum
1902 1595 1936 1622 et
1958 1599 2064 1622 amor
2089 1587 2379 1636 contemplative

1387 1645 1598 1694 requiescit.
1621 1644 1676 1682 Ibi
1707 1646 1806 1681 enim
1827 1654 1863 1681 et
1881 1645 1946 1681 Lia
1970 1644 2121 1680 condita
2142 1643 2253 1692 jacet.
2282 1648 2379 1694 Ergo

1388 1708 1475 1742 Sara
1494 1713 1529 1740 et
1543 1705 1609 1741 Lia
1626 1705 1662 1740 in
1679 1706 1858 1754 spelunca
1874 1704 2012 1754 duplici
2031 1703 2260 1740 absconditae
2276 1712 2375 1740 sunt.

1387 1765 1452 1800 Illa
1470 1765 1574 1814 prius
1591 1764 1743 1809 sterilis,
1756 1764 1998 1813 postmodum
2018 1776 2129 1800 senex
2141 1792 2150 1806 ‚
2163 1764 2277 1800 filium
2293 1776 2380 1813 gau-

332 1822 395 1859 hat
415 1823 511 1861 Saul.
537 1824 630 1867 Cur,
657 1822 802 1870 inquit,
828 1826 1013 1869 inquietas
1041 1825 1188 1869 regem?
1208 1823 1322 1858 Com·
1341 1824 1367 1859 C
1388 1823 1437 1859 dii
1461 1837 1574 1860 unum
1607 1823 1869 1859 tantummodo
1898 1824 2044 1873 peperit
2067 1837 2074 1859 :
2096 1823 2176 1859 haec
2206 1831 2291 1872 post
2314 1836 2378 1859 sex

331 1883 510 1932 pungitur
533 1890 656 1918 tamen
679 1881 882 1930 aliquando
907 1890 943 1917 et
962 1880 1168 1930 superbum
1189 1895 1256 1917 cor
1275 1881 1321 1918 ad

331 1956 458 1978 vocem
483 1941 603 1978 David
618 1971 626 1987 ,
648 1941 711 1978 sed
733 1954 810 1977 non
829 1953 948 1990 usque
970 1941 1014 1977 ad
1035 1941 1321 1977 correctionem.

331 2003 508 2039 Flectitur
524 2002 741 2038 humillimis
755 2001 993 2038 sermonibus
1013 2001 1199 2050 superbus
1213 2002 1298 2039 Saul
1312 2031 1321 2046 ,

331 2061 478 2097 dicente
501 2061 622 2098 David
645 2075 652 2096 :
675 2064 792 2107 Quem
808 2065 1063 2109 persequeris,
1088 2073 1156 2096 νεα)
1177 2063 1324 2097 lsrael?

331 2135 438 2168 quc-m
455 2123 717 2169 persequeris?
740 2121 876 2154 Canem
898 2128 1079 2154 mortuum
1105 2128 1138 2153 et
1161 2122 1322 2167 pulicem

332 2194 442 2215 unum
462 2209 471 2224 ,
504 2186 597 2215 sicut
621 2182 762 2228 perdta·
793 2184 831 2213 in
869 2178 1049 2213 mantibus
1072 2185 1097 2214 ².
1130 2182 1212 2215 Non
1245 2179 1324 2215 sine

331 2253 441 2275 causa
462 2240 521 2274 vel
549 2239 630 2274 cani
665 2246 814 2273 mortuo
839 2237 896 2273 vel
926 2237 1038 2286 pulici
1064 2250 1101 2273 se
1131 2246 1324 2286 comparat

333 2299 464 2333 David.
485 2298 618 2333 Melior
639 2305 694 2332 est
726 2297 828 2332 canis
850 2297 976 2340 vivus,
1006 2296 1115 2331 leone
1139 2303 1289 2331 mortuo
1314 2310 1321 2331 :

334 2358 467 2393 melior
493 2366 548 2393 est
568 2357 669 2392 canis
692 2357 822 2391 vivens
842 2359 941 2399 Deo,
965 2364 1138 2391 mortuus
1159 2355 1298 2391 mundo
1313 2384 1322 2401 ‚

332 2430 442 2465 quam
463 2417 521 2452 leo
542 2414 727 2464 superbus
749 2423 785 2449 et
806 2413 1011 2462 reprobus,
1031 2422 1202 2450 mortuus
1223 2417 1322 2457 Deo,

334 2476 462 2511 vivens
493 2475 642 2511 saeculo.
672 2474 786 2509 Pulex
819 2473 999 2521 parvulus
1027 2481 1064 2508 et
1094 2472 1257 2516 mordet,
1288 2480 1324 2507 et

332 2535 413 2571 salit
435 2550 441 2570 :
460 2535 510 2570 sic
531 2533 679 2570 humilis
696 2532 818 2581 justus
842 2532 1045 2568 carnalium
1070 2532 1160 2567 vitia
1178 2531 1325 2567 mordet

1388 1884 1484 1919 filios
1497 1896 1629 1933 parere
1643 1883 1814 1927 cessavit,
1828 1883 1896 1919 nisi
1913 1882 2013 1932 quod
2033 1883 2232 1919 novissime
2248 1883 2378 1928 filiam,

1388 1944 1482 1980 sacri
1514 1946 1660 1993 generis
1687 1944 1955 1993 ignominiam,
1991 1943 2147 1993 peperit.
2179 1944 2271 1979 Mira
2303 1946 2378 1979 res!

1389 2004 1466 2040 haec
1486 2017 1570 2052 quae
1594 2016 1656 2040 sex
1683 2003 1812 2040 habuit
1837 2003 1933 2039 lilios
1959 2016 2089 2052 parere
2117 2015 2258 2039 cessare
2286 2002 2380 2038 dici·

1390 2071 1472 2099 tur:
1495 2076 1577 2112 quae
1607 2076 1722 2098 unum
1758 2061 2042 2105 tantummodo,
2076 2074 2209 2110 parere
2237 2074 2380 2097 cessare

1390 2134 1464 2157 non
1494 2130 1736 2158 memoratur.
1759 2121 1829 2158 Sed
1858 2122 1977 2157 activa
1999 2121 2108 2157 linem
2130 2120 2242 2157 habet
2257 2149 2266 2165 ,
2289 2133 2380 2157 eon-

1391 2181 1604 2231 templativa
1630 2194 1778 2230 semper
1797 2180 1905 2230 parit.
1929 2181 1995 2216 Illa
2015 2181 2051 2216 in
2079 2180 2230 2225 dolore,
2253 2180 2320 2216 ista
2341 2181 2378 2215 in

1389 2241 1525 2289 gaudio
1555 2241 1727 2290 parturit.
1765 2244 1810 2277 Et
1840 2249 1962 2276 tamen
1997 2248 2155 2289 utraque
2183 2240 2219 2275 in
2247 2239 2378 2275 eodem

1390 2313 1479 2348 agro
1504 2300 1650 2348 sepulta
1672 2307 1740 2334 est.
1762 2302 1852 2335 'Nam
1876 2298 2012 2334 Rachel
2038 2297 2144 2346 juxta
2164 2297 2378 2334 Bethlehem

1389 2356 1517 2393 subter
1544 2357 1664 2392 ilicem
1691 2356 1812 2391 erucis
1837 2356 1958 2404 posita
1984 2363 2050 2391 est.
2073 2356 2254 2392 Nimirum
2277 2355 2375 2391 sedet

1389 2416 1434 2451 ad
1457 2415 1570 2464 pedes
1594 2418 1705 2459 Jesu,
1734 2423 1773 2449 ut
1801 2414 1846 2450 de
1876 2414 1989 2449 domo
2020 2415 2126 2462 panis
2153 2427 2300 2464 semper
2330 2415 2379 2451 se-

1390 2475 1512 2510 cunda
1547 2474 1676 2524 pariat.
1709 2477 1806 2521 Ergo
1839 2478 1926 2511 Sara
1955 2481 1991 2509 et
2018 2473 2157 2509 Rachel
2187 2487 2378 2522 nunquam

1390 2547 1521 2583 parere
1548 2532 1758 2569 cessabunt.
1781 2532 1845 2567 Lia
1875 2545 1965 2567 vero
1991 2539 2076 2580 post
2101 2544 2166 2567 sex
2195 2532 2290 2567 lilios
2317 2541 2379 2568 aut

331 2595 577 2638 confidenter,
604 2601 640 2629 et
667 2593 749 2628 salit
780 2593 816 2627 in
847 2591 1059 2636 montibus,
1088 2591 1152 2627 ubi
1180 2590 1323 2627 tutissi-
1340 2597 1372 2630 D
1391 2594 1546 2629 omnino
1569 2605 1701 2642 parere
1721 2600 1856 2636 cessat,
1878 2599 1940 2627 aut
1961 2590 2071 2626 filiam
2095 2590 2204 2640 parit.
2223 2594 2307 2640 Ipsa
2326 2600 2381 2628 est

333 2668 432 2690 mum
464 2652 576 2689 habet
598 2652 802 2700 refugium,
823 2659 864 2686 ut
888 2664 964 2686 non
986 2651 1113 2687 timeat
1132 2650 1320 2700 perdicem

331 2713 561 2754 adulteram,
584 2724 666 2760 quae
690 2718 887 2759 persecuta
906 2717 961 2745 est
986 2709 1100 2745 liliam
1114 2737 1123 2754 ,
1143 2717 1180 2744 et
1201 2712 1321 2745 Joan-

332 2786 415 2807 nem
435 2773 631 2821 Baptistam
648 2770 845 2806 interfecit.

687 2902 862 2939 CAPUT
895 2901 965 2939 IX.

635 3019 681 3047 De.
704 3017 859 3057 sepultura
884 3016 1020 3046 Domini.

386 3129 447 3163 20.
471 3133 524 3164 Da
543 3128 650 3173 mihi,
671 3128 851 3171 Domine,
871 3127 1082 3175 portionem
1103 3127 1137 3162 in
1161 3135 1256 3163 terra
1275 3128 1326 3162 vi-

336 3188 520 3231 ventium,
543 3189 577 3223 in
611 3187 801 3236 sepultura
831 3186 1139 3235 peregrinorum,
1171 3185 1206 3221 in
1237 3199 1325 3235 agro

390 3323 396 3336 ¹
419 3315 737 3350 llitlia(·.11¹,ll.-—
759 3317 1000 3353 ²1R1·g.xxv¹.
1022 3331 1063 3334 —-

1388 2653 1545 2689 carnalis
1568 2652 1761 2701 voluptas,
1786 2664 1869 2699 quae
1897 2649 1966 2686 sub
1996 2650 2118 2699 specie
2147 2650 2381 2686 discretionis

1389 2724 1661 2760 nonnunquam
1678 2710 1847 2758 subrepit
1862 2710 2003 2745 activae.
2019 2709 2091 2746 Sed
2110 2717 2232 2745 tamen
2250 2710 2279 2745 si
2294 2722 2381 2745 vere

1387 2769 1500 2806 vidua
1524 2770 1653 2813 fuerit,
1672 2768 1889 2812 salvabitur,
1913 2781 1989 2803 non
2019 2780 2088 2816 per
2113 2767 2215 2813 tiliae,
2231 2767 2294 2804 sed
2314 2780 2382 2817 per

1390 2830 1552 2865 liliorum
1582 2828 1876 2877 generationem.
1898 2831 1939 2863 In
1959 2827 2138 2876 spelunca
2158 2828 2284 2875 itaque
2310 2826 2381 2862 du-

1389 2889 1476 2936 plici
1498 2888 1715 2924 Patriarehae
1740 2886 1885 2923 nobiles
1904 2899 1977 2922 una
2007 2899 2091 2922 cum
2117 2885 2192 2922 suis
2212 2885 2381 2934 eonjugi-

1391 2947 1459 2983 bus
1482 2947 1618 2996 sepulti
1647 2955 1744 2982 sunt.
1763 2946 1989 2983 Habitarunt
2010 2945 2111 2982 enim
2137 2945 2174 2981 in
2201 2944 2381 2981 taberna-—

1390 3007 1503 3050 culis,
1524 3006 1618 3041 sieut
1638 3006 1791 3041 advenae
1811 3014 1848 3041 et
1867 3004 2055 3054 peregrini
2075 3017 2188 3053 super
2212 3012 2346 3040 terram
2371 3020 2377 3040 :
2429 3005 2433 3013 “

1392 3066 1476 3102 ideo
1496 3066 1726 3114 sepulturam
1748 3065 2034 3114 peregrinorum
2056 3072 2128 3099 tam
2155 3063 2246 3112 ipsi,
2267 3076 2379 3112 quam

1394 3134 1469 3163 tota
1485 3138 1616 3161 eorum
1638 3125 1819 3160 successio
1838 3123 2054 3159 haereditate
2070 3122 2273 3172 possident.

1446 3184 1507 3220 21.
1529 3183 1598 3221 Sed
1620 3182 1708 3232 quid
1730 3191 1782 3219 est
1804 3182 1905 3231 quod
1930 3181 2046 3218 Jacob
2067 3181 2288 3230 grandaevus
2316 3195 2380 3230 pa-

1094 3311 1367 3349 ¹‹2011.xx111,s..
1383 3307 1728 3344 —-<51‘.x0d.11v‚tt.
