<?xml version="1.0" encoding="UTF-8"?>
<!DOCTYPE html PUBLIC "-//W3C//DTD XHTML 1.0 Transitional//EN"
    "http://www.w3.org/TR/xhtml1/DTD/xhtml1-transitional.dtd">
<html xmlns="http://www.w3.org/1999/xhtml" xml:lang="en" lang="en">
 <head>
  <title>
</title>
<meta http-equiv="Content-Type" content="text/html;charset=utf-8" />
  <meta name='ocr-system' content='tesseract 3.04.00' />
  <meta name='ocr-capabilities' content='ocr_page ocr_carea ocr_par ocr_line ocrx_word'/>
</head>
<body>
  <div class='ocr_page' id='page_1' title='image "./operaomniapostho05bern_0550.png"; bbox 0 0 2504 3928; ppageno 0'>
   <div class='ocr_carea' id='block_1_1' title="bbox 308 218 406 255">
    <p class='ocr_par' dir='ltr' id='par_1_1' title="bbox 308 218 406 255">
     <span class='ocr_line' id='line_1_1' title="bbox 308 218 406 255; baseline -0.02 0"><span class='ocrx_word' id='word_1_1' title='bbox 308 218 406 255; x_wconf 75' lang='lat'>1083</span> 
     </span>
    </p>
   </div>
   <div class='ocr_carea' id='block_1_2' title="bbox 302 292 1313 342">
    <p class='ocr_par' dir='ltr' id='par_1_2' title="bbox 302 292 1313 342">
     <span class='ocr_line' id='line_1_2' title="bbox 302 292 1313 342; baseline -0.005 -9"><span class='ocrx_word' id='word_1_2' title='bbox 302 297 554 335; x_wconf 73' lang='lat' dir='ltr'>obedientiam</span> <span class='ocrx_word' id='word_1_3' title='bbox 594 294 794 329; x_wconf 86' lang='lat' dir='ltr'>comitatur</span> <span class='ocrx_word' id='word_1_4' title='bbox 829 292 1010 335; x_wconf 77' lang='lat' dir='ltr'>clun-itas,</span> <span class='ocrx_word' id='word_1_5' title='bbox 1047 293 1313 342; x_wconf 71' lang='lat' dir='ltr'>simplicitas,u</span> 
     </span>
    </p>
   </div>
   <div class='ocr_carea' id='block_1_3' title="bbox 298 356 1292 1054">
    <p class='ocr_par' dir='ltr' id='par_1_3' title="bbox 298 356 1292 1054">
     <span class='ocr_line' id='line_1_3' title="bbox 303 356 533 393; baseline -0.017 0"><span class='ocrx_word' id='word_1_6' title='bbox 303 356 503 393; x_wconf 75' lang='lat' dir='ltr'>concordia</span> <span class='ocrx_word' id='word_1_7' title='bbox 526 369 533 389; x_wconf 90' lang='lat'>:</span> 
     </span>
     <span class='ocr_line' id='line_1_4' title="bbox 303 409 1289 462; baseline -0.006 -10"><span class='ocrx_word' id='word_1_8' title='bbox 303 417 452 458; x_wconf 83' lang='lat' dir='ltr'>nuitur,</span> <span class='ocrx_word' id='word_1_9' title='bbox 470 412 571 462; x_wconf 88' lang='lat' dir='ltr'>quod</span> <span class='ocrx_word' id='word_1_10' title='bbox 591 420 787 461; x_wconf 75' lang='lat' dir='ltr'>postquam</span> <span class='ocrx_word' id='word_1_11' title='bbox 806 409 879 446; x_wconf 84' lang='lat' dir='ltr'>Jol)</span> <span class='ocrx_word' id='word_1_12' title='bbox 897 410 943 446; x_wconf 84' lang='lat' dir='ltr'>dc</span> <span class='ocrx_word' id='word_1_13' title='bbox 963 410 1178 448; x_wconf 78' lang='lat' dir='ltr'>infirmitate</span> <span class='ocrx_word' id='word_1_14' title='bbox 1194 424 1289 446; x_wconf 86' lang='lat' dir='ltr'>con-</span> 
     </span>
     <span class='ocr_line' id='line_1_5' title="bbox 302 469 1290 519; baseline -0.006 -8"><span class='ocrx_word' id='word_1_15' title='bbox 302 490 316 510; x_wconf 66' lang='lat'>¹.</span> <span class='ocrx_word' id='word_1_16' title='bbox 328 475 437 515; x_wconf 86' lang='lat' dir='ltr'>aluit,</span> <span class='ocrx_word' id='word_1_17' title='bbox 462 472 719 519; x_wconf 76' lang='lat' dir='ltr'>unusquisque</span> <span class='ocrx_word' id='word_1_18' title='bbox 745 470 952 505; x_wconf 84' lang='lat' dir='ltr'>amicorum</span> <span class='ocrx_word' id='word_1_19' title='bbox 979 483 1133 506; x_wconf 88' lang='lat' dir='ltr'>suorum</span> <span class='ocrx_word' id='word_1_20' title='bbox 1155 469 1290 506; x_wconf 87' lang='lat' dir='ltr'>obtulit</span> 
     </span>
     <span class='ocr_line' id='line_1_6' title="bbox 302 528 1290 572; baseline -0.007 -2"><span class='ocrx_word' id='word_1_21' title='bbox 302 535 336 570; x_wconf 78' lang='lat' dir='ltr'>ei</span> <span class='ocrx_word' id='word_1_22' title='bbox 358 535 526 569; x_wconf 75' lang='lat' dir='ltr'>inaurem</span> <span class='ocrx_word' id='word_1_23' title='bbox 544 542 692 566; x_wconf 68' lang='lat' dir='ltr'>aum-ani</span> <span class='ocrx_word' id='word_1_24' title='bbox 711 542 843 572; x_wconf 90' lang='lat' dir='ltr'>unam,</span> <span class='ocrx_word' id='word_1_25' title='bbox 864 536 900 563; x_wconf 82' lang='lat' dir='ltr'>et</span> <span class='ocrx_word' id='word_1_26' title='bbox 921 542 1029 564; x_wconf 75' lang='lat' dir='ltr'>ovem</span> <span class='ocrx_word' id='word_1_27' title='bbox 1049 542 1161 565; x_wconf 90' lang='lat' dir='ltr'>unam</span> <span class='ocrx_word' id='word_1_28' title='bbox 1176 535 1198 564; x_wconf 90' lang='lat'>¹.</span> <span class='ocrx_word' id='word_1_29' title='bbox 1220 528 1290 564; x_wconf 80' lang='lat' dir='ltr'>Sed</span> 
     </span>
     <span class='ocr_line' id='line_1_7' title="bbox 303 587 1292 641; baseline -0.005 -13"><span class='ocrx_word' id='word_1_30' title='bbox 303 592 393 641; x_wconf 86' lang='lat' dir='ltr'>quid</span> <span class='ocrx_word' id='word_1_31' title='bbox 418 604 485 640; x_wconf 81' lang='lat' dir='ltr'>per</span> <span class='ocrx_word' id='word_1_32' title='bbox 504 591 691 631; x_wconf 78' lang='lat' dir='ltr'>inaurem,</span> <span class='ocrx_word' id='word_1_33' title='bbox 710 587 811 636; x_wconf 92' lang='lat' dir='ltr'>quod</span> <span class='ocrx_word' id='word_1_34' title='bbox 834 587 1124 624; x_wconf 76' lang='lat' dir='ltr'>instrumentum</span> <span class='ocrx_word' id='word_1_35' title='bbox 1148 596 1202 624; x_wconf 87' lang='lat' dir='ltr'>est</span> <span class='ocrx_word' id='word_1_36' title='bbox 1223 601 1292 623; x_wconf 92' lang='lat' dir='ltr'>au-</span> 
     </span>
     <span class='ocr_line' id='line_1_8' title="bbox 305 646 1291 696; baseline -0.005 -8"><span class='ocrx_word' id='word_1_37' title='bbox 305 664 432 693; x_wconf 85' lang='lat' dir='ltr'>reum,</span> <span class='ocrx_word' id='word_1_38' title='bbox 464 649 531 684; x_wconf 82' lang='lat' dir='ltr'>nisi</span> <span class='ocrx_word' id='word_1_39' title='bbox 564 647 805 683; x_wconf 81' lang='lat' dir='ltr'>obedientia?</span> <span class='ocrx_word' id='word_1_40' title='bbox 837 646 928 695; x_wconf 91' lang='lat' dir='ltr'>quid</span> <span class='ocrx_word' id='word_1_41' title='bbox 959 660 1027 696; x_wconf 87' lang='lat' dir='ltr'>per</span> <span class='ocrx_word' id='word_1_42' title='bbox 1060 660 1190 690; x_wconf 84' lang='lat' dir='ltr'>ovem,</span> <span class='ocrx_word' id='word_1_43' title='bbox 1222 647 1291 683; x_wconf 90' lang='lat' dir='ltr'>nisi</span> 
     </span>
     <span class='ocr_line' id='line_1_9' title="bbox 303 706 1292 759; baseline -0.004 -13"><span class='ocrx_word' id='word_1_44' title='bbox 303 709 541 759; x_wconf 75' lang='lat' dir='ltr'>simplicitas,</span> <span class='ocrx_word' id='word_1_45' title='bbox 559 706 800 753; x_wconf 72' lang='lat' dir='ltr'>designatur?</span> <span class='ocrx_word' id='word_1_46' title='bbox 816 708 859 741; x_wconf 64' lang='lat' dir='ltr'>lit</span> <span class='ocrx_word' id='word_1_47' title='bbox 878 719 993 754; x_wconf 90' lang='lat' dir='ltr'>quare</span> <span class='ocrx_word' id='word_1_48' title='bbox 1008 706 1149 742; x_wconf 90' lang='lat' dir='ltr'>inauris</span> <span class='ocrx_word' id='word_1_49' title='bbox 1162 719 1292 752; x_wconf 87' lang='lat' dir='ltr'>aurea,</span> 
     </span>
     <span class='ocr_line' id='line_1_10' title="bbox 303 765 1292 817; baseline -0.004 -12"><span class='ocrx_word' id='word_1_50' title='bbox 303 770 371 805; x_wconf 72' lang='lat' dir='ltr'>nisi</span> <span class='ocrx_word' id='word_1_51' title='bbox 393 768 478 817; x_wconf 85' lang='lat' dir='ltr'>quia</span> <span class='ocrx_word' id='word_1_52' title='bbox 500 779 631 802; x_wconf 86' lang='lat' dir='ltr'>aurum</span> <span class='ocrx_word' id='word_1_53' title='bbox 649 765 865 801; x_wconf 72' lang='lat' dir='ltr'>clnuitatem</span> <span class='ocrx_word' id='word_1_54' title='bbox 884 765 1086 813; x_wconf 76' lang='lat' dir='ltr'>significat,</span> <span class='ocrx_word' id='word_1_55' title='bbox 1113 766 1192 801; x_wconf 86' lang='lat' dir='ltr'>sine</span> <span class='ocrx_word' id='word_1_56' title='bbox 1219 779 1292 814; x_wconf 89' lang='lat' dir='ltr'>qua</span> 
     </span>
     <span class='ocr_line' id='line_1_11' title="bbox 302 823 1292 864; baseline -0.003 -1"><span class='ocrx_word' id='word_1_57' title='bbox 302 826 515 864; x_wconf 78' lang='lat' dir='ltr'>obedientia</span> <span class='ocrx_word' id='word_1_58' title='bbox 535 837 614 861; x_wconf 84' lang='lat' dir='ltr'>esse</span> <span class='ocrx_word' id='word_1_59' title='bbox 640 837 716 859; x_wconf 89' lang='lat' dir='ltr'>non</span> <span class='ocrx_word' id='word_1_60' title='bbox 738 823 875 859; x_wconf 81' lang='lat' dir='ltr'>debet?</span> <span class='ocrx_word' id='word_1_61' title='bbox 898 832 935 859; x_wconf 89' lang='lat' dir='ltr'>ct</span> <span class='ocrx_word' id='word_1_62' title='bbox 964 837 1032 860; x_wconf 86' lang='lat' dir='ltr'>cur</span> <span class='ocrx_word' id='word_1_63' title='bbox 1054 824 1197 861; x_wconf 88' lang='lat' dir='ltr'>inauris</span> <span class='ocrx_word' id='word_1_64' title='bbox 1217 837 1292 860; x_wconf 88' lang='lat' dir='ltr'>una</span> 
     </span>
     <span class='ocr_line' id='line_1_12' title="bbox 300 882 1292 932; baseline -0.003 -9"><span class='ocrx_word' id='word_1_65' title='bbox 300 897 335 923; x_wconf 81' lang='lat' dir='ltr'>et</span> <span class='ocrx_word' id='word_1_66' title='bbox 350 887 431 922; x_wconf 72' lang='lat' dir='ltr'>ovis</span> <span class='ocrx_word' id='word_1_67' title='bbox 448 891 679 921; x_wconf 87' lang='lat' dir='ltr'>memoratur</span> <span class='ocrx_word' id='word_1_68' title='bbox 692 896 784 927; x_wconf 90' lang='lat' dir='ltr'>una,</span> <span class='ocrx_word' id='word_1_69' title='bbox 799 883 867 919; x_wconf 85' lang='lat' dir='ltr'>nisi</span> <span class='ocrx_word' id='word_1_70' title='bbox 883 882 970 932; x_wconf 89' lang='lat' dir='ltr'>quia</span> <span class='ocrx_word' id='word_1_71' title='bbox 986 883 1108 919; x_wconf 89' lang='lat' dir='ltr'>unitas</span> <span class='ocrx_word' id='word_1_72' title='bbox 1127 896 1195 932; x_wconf 89' lang='lat' dir='ltr'>per</span> <span class='ocrx_word' id='word_1_73' title='bbox 1205 897 1292 920; x_wconf 89' lang='lat' dir='ltr'>con-</span> 
     </span>
     <span class='ocr_line' id='line_1_13' title="bbox 302 941 1292 991; baseline -0.005 -9"><span class='ocrx_word' id='word_1_74' title='bbox 302 946 440 982; x_wconf 81' lang='lat' dir='ltr'>cordiae</span> <span class='ocrx_word' id='word_1_75' title='bbox 470 943 663 979; x_wconf 68' lang='lat' dir='ltr'>vinculum</span> <span class='ocrx_word' id='word_1_76' title='bbox 682 942 851 977; x_wconf 82' lang='lat' dir='ltr'>cliaritati</span> <span class='ocrx_word' id='word_1_77' title='bbox 879 950 916 977; x_wconf 95' lang='lat' dir='ltr'>et</span> <span class='ocrx_word' id='word_1_78' title='bbox 941 941 1171 991; x_wconf 75' lang='lat' dir='ltr'>simplicitati</span> <span class='ocrx_word' id='word_1_79' title='bbox 1199 955 1292 978; x_wconf 90' lang='lat' dir='ltr'>con-</span> 
     </span>
     <span class='ocr_line' id='line_1_14' title="bbox 298 1001 1290 1054; baseline -0.005 -13"><span class='ocrx_word' id='word_1_80' title='bbox 298 1005 496 1054; x_wconf 69' lang='lat' dir='ltr'>jungitur?</span> <span class='ocrx_word' id='word_1_81' title='bbox 514 1006 632 1038; x_wconf 86' lang='lat' dir='ltr'>Tanta</span> <span class='ocrx_word' id='word_1_82' title='bbox 658 1002 758 1037; x_wconf 87' lang='lat' dir='ltr'>enim</span> <span class='ocrx_word' id='word_1_83' title='bbox 783 1001 984 1037; x_wconf 89' lang='lat' dir='ltr'>concordia</span> <span class='ocrx_word' id='word_1_84' title='bbox 1014 1001 1141 1036; x_wconf 83' lang='lat' dir='ltr'>onmia</span> <span class='ocrx_word' id='word_1_85' title='bbox 1163 1009 1290 1037; x_wconf 86' lang='lat' dir='ltr'>nostra</span> 
     </span>
    </p>
   </div>
   <div class='ocr_carea' id='block_1_4' title="bbox 896 217 1446 252">
    <p class='ocr_par' dir='ltr' id='par_1_4' title="bbox 896 217 1446 252">
     <span class='ocr_line' id='line_1_15' title="bbox 896 217 1446 252; baseline -0.007 -1"><span class='ocrx_word' id='word_1_86' title='bbox 896 217 1177 252; x_wconf 69' lang='lat' dir='ltr'><strong>TRACTATUS</strong></span> <span class='ocrx_word' id='word_1_87' title='bbox 1208 218 1270 251; x_wconf 75' lang='lat' dir='ltr'>DF.</span> <span class='ocrx_word' id='word_1_88' title='bbox 1299 218 1446 252; x_wconf 67' lang='lat' dir='ltr'>STA&#39;rli</span> 
     </span>
    </p>
   </div>
   <div class='ocr_carea' id='block_1_5' title="bbox 561 290 2347 401">
    <p class='ocr_par' dir='ltr' id='par_1_5' title="bbox 561 290 2347 401">
     <span class='ocr_line' id='line_1_16' title="bbox 1324 290 2347 344; baseline 0.001 -16"><span class='ocrx_word' id='word_1_89' title='bbox 1324 293 1406 328; x_wconf 75' lang='lat' dir='ltr'>&#39;&#39;ex</span> <span class='ocrx_word' id='word_1_90' title='bbox 1429 291 1585 341; x_wconf 86' lang='lat' dir='ltr'>proprio</span> <span class='ocrx_word' id='word_1_91' title='bbox 1606 290 1792 327; x_wconf 78' lang='lat' dir='ltr'>desiderio</span> <span class='ocrx_word' id='word_1_92' title='bbox 1813 291 1969 328; x_wconf 78' lang='lat' dir='ltr'>adversa</span> <span class='ocrx_word' id='word_1_93' title='bbox 2004 293 2182 338; x_wconf 81' lang='lat' dir='ltr'>tolerare3</span> <span class='ocrx_word' id='word_1_94' title='bbox 2201 294 2236 330; x_wconf 89' lang='lat' dir='ltr'>in</span> <span class='ocrx_word' id='word_1_95' title='bbox 2258 308 2347 344; x_wconf 88' lang='lat' dir='ltr'>pro-</span> 
     </span>
     <span class='ocr_line' id='line_1_17' title="bbox 561 350 2344 401; baseline 0.001 -14"><span class='ocrx_word' id='word_1_96' title='bbox 561 352 663 401; x_wconf 85' lang='lat' dir='ltr'>qnod</span> <span class='ocrx_word' id='word_1_97' title='bbox 686 365 752 400; x_wconf 76' lang='lat' dir='ltr'>per</span> <span class='ocrx_word' id='word_1_98' title='bbox 780 351 848 386; x_wconf 78' lang='lat' dir='ltr'>lioc</span> <span class='ocrx_word' id='word_1_99' title='bbox 872 350 981 386; x_wconf 81' lang='lat' dir='ltr'>nobis</span> <span class='ocrx_word' id='word_1_100' title='bbox 1013 352 1218 399; x_wconf 68' lang='lat' dir='ltr'>figuraliter</span> <span class='ocrx_word' id='word_1_101' title='bbox 1238 352 1295 387; x_wconf 94' lang='lat' dir='ltr'>in-</span> <span class='ocrx_word' id='word_1_102' title='bbox 1312 353 1340 385; x_wconf 89' lang='grc' dir='ltr'><strong>Λ</strong></span> <span class='ocrx_word' id='word_1_103' title='bbox 1361 352 1479 400; x_wconf 82' lang='lat' dir='ltr'>speris</span> <span class='ocrx_word' id='word_1_104' title='bbox 1496 359 1619 386; x_wconf 89' lang='lat' dir='ltr'>autem</span> <span class='ocrx_word' id='word_1_105' title='bbox 1639 350 1685 385; x_wconf 86' lang='lat' dir='ltr'>de</span> <span class='ocrx_word' id='word_1_106' title='bbox 1703 363 1771 386; x_wconf 90' lang='lat' dir='ltr'>suo</span> <span class='ocrx_word' id='word_1_107' title='bbox 1782 351 1939 386; x_wconf 90' lang='lat' dir='ltr'>omnino</span> <span class='ocrx_word' id='word_1_108' title='bbox 1957 351 2009 386; x_wconf 94' lang='lat' dir='ltr'>nil</span> <span class='ocrx_word' id='word_1_109' title='bbox 2030 350 2169 388; x_wconf 88' lang='lat' dir='ltr'>habere</span> <span class='ocrx_word' id='word_1_110' title='bbox 2180 351 2319 389; x_wconf 80' lang='lat' dir='ltr'>debere</span> <span class='ocrx_word' id='word_1_111' title='bbox 2336 369 2344 397; x_wconf 94' lang='lat'>;</span> 
     </span>
    </p>
   </div>
   <div class='ocr_carea' id='block_1_6' title="bbox 1482 217 2342 254">
    <p class='ocr_par' dir='ltr' id='par_1_6' title="bbox 1482 217 2342 254">
     <span class='ocr_line' id='line_1_18' title="bbox 1482 217 2342 254; baseline 0.003 -3"><span class='ocrx_word' id='word_1_112' title='bbox 1482 217 1748 252; x_wconf 79' lang='lat' dir='ltr'>VIRTUTUM.</span> <span class='ocrx_word' id='word_1_113' title='bbox 2249 218 2342 254; x_wconf 57' lang='lat'>108³:</span> 
     </span>
    </p>
   </div>
   <div class='ocr_carea' id='block_1_7' title="bbox 1355 409 2350 1049">
    <p class='ocr_par' dir='ltr' id='par_1_7' title="bbox 1355 409 2350 1049">
     <span class='ocr_line' id='line_1_19' title="bbox 1356 409 2348 458; baseline 0.003 -14"><span class='ocrx_word' id='word_1_114' title='bbox 1356 409 1538 445; x_wconf 81' lang='lat' dir='ltr'>veraciter</span> <span class='ocrx_word' id='word_1_115' title='bbox 1550 409 1737 445; x_wconf 76' lang='lat' dir='ltr'>affirmare</span> <span class='ocrx_word' id='word_1_116' title='bbox 1753 422 1965 458; x_wconf 85' lang='lat' dir='ltr'>possumus,</span> <span class='ocrx_word' id='word_1_117' title='bbox 1985 409 2013 446; x_wconf 91' lang='lat' dir='ltr'>si</span> <span class='ocrx_word' id='word_1_118' title='bbox 2031 413 2186 458; x_wconf 81' lang='lat' dir='ltr'>Moysen</span> <span class='ocrx_word' id='word_1_119' title='bbox 2201 419 2237 447; x_wconf 91' lang='lat' dir='ltr'>et</span> <span class='ocrx_word' id='word_1_120' title='bbox 2252 415 2348 447; x_wconf 89' lang='lat' dir='ltr'>Pau-</span> 
     </span>
     <span class='ocr_line' id='line_1_20' title="bbox 1357 468 2347 519; baseline 0.002 -15"><span class='ocrx_word' id='word_1_121' title='bbox 1357 470 1433 505; x_wconf 89' lang='lat' dir='ltr'>lum</span> <span class='ocrx_word' id='word_1_122' title='bbox 1466 468 1511 504; x_wconf 88' lang='lat' dir='ltr'>ad</span> <span class='ocrx_word' id='word_1_123' title='bbox 1540 468 1705 504; x_wconf 90' lang='lat' dir='ltr'>medium</span> <span class='ocrx_word' id='word_1_124' title='bbox 1739 468 1982 505; x_wconf 76' lang='lat' dir='ltr'>deducamus.</span> <span class='ocrx_word' id='word_1_125' title='bbox 2017 473 2165 518; x_wconf 82' lang='lat' dir='ltr'><strong>Moyses</strong></span> <span class='ocrx_word' id='word_1_126' title='bbox 2185 483 2347 519; x_wconf 88' lang='lat' dir='ltr'>namque</span> 
     </span>
     <span class='ocr_line' id='line_1_21' title="bbox 1357 527 2349 578; baseline 0.002 -15"><span class='ocrx_word' id='word_1_127' title='bbox 1357 542 1441 564; x_wconf 90' lang='lat' dir='ltr'>cum</span> <span class='ocrx_word' id='word_1_128' title='bbox 1476 528 1510 564; x_wconf 92' lang='lat' dir='ltr'>in</span> <span class='ocrx_word' id='word_1_129' title='bbox 1542 527 1691 563; x_wconf 83' lang='lat' dir='ltr'>deserto</span> <span class='ocrx_word' id='word_1_130' title='bbox 1717 541 1807 564; x_wconf 82' lang='lat' dir='ltr'>oves</span> <span class='ocrx_word' id='word_1_131' title='bbox 1836 537 2023 577; x_wconf 90' lang='lat' dir='ltr'>pasceret,</span> <span class='ocrx_word' id='word_1_132' title='bbox 2044 541 2063 564; x_wconf 91' lang='lat' dir='ltr'>a</span> <span class='ocrx_word' id='word_1_133' title='bbox 2090 529 2253 565; x_wconf 91' lang='lat' dir='ltr'>Domino</span> <span class='ocrx_word' id='word_1_134' title='bbox 2282 542 2349 578; x_wconf 87' lang='lat' dir='ltr'>per</span> 
     </span>
     <span class='ocr_line' id='line_1_22' title="bbox 1358 586 2349 636; baseline 0.001 -14"><span class='ocrx_word' id='word_1_135' title='bbox 1358 587 1531 635; x_wconf 75' lang='lat' dir='ltr'>angelum</span> <span class='ocrx_word' id='word_1_136' title='bbox 1552 586 1588 622; x_wconf 93' lang='lat' dir='ltr'>in</span> <span class='ocrx_word' id='word_1_137' title='bbox 1609 586 1693 634; x_wconf 78' lang='lat' dir='ltr'>igne</span> <span class='ocrx_word' id='word_1_138' title='bbox 1708 586 1925 634; x_wconf 86' lang='lat' dir='ltr'>loquentem</span> <span class='ocrx_word' id='word_1_139' title='bbox 1946 595 2100 623; x_wconf 85' lang='lat' dir='ltr'>vocatus</span> <span class='ocrx_word' id='word_1_140' title='bbox 2115 587 2349 636; x_wconf 86' lang='lat' dir='ltr'>cst,jussus-</span> 
     </span>
     <span class='ocr_line' id='line_1_23' title="bbox 1357 644 2349 694; baseline 0.003 -15"><span class='ocrx_word' id='word_1_141' title='bbox 1357 658 1430 694; x_wconf 90' lang='lat' dir='ltr'>que</span> <span class='ocrx_word' id='word_1_142' title='bbox 1463 653 1518 681; x_wconf 91' lang='lat' dir='ltr'>est</span> <span class='ocrx_word' id='word_1_143' title='bbox 1547 652 1588 680; x_wconf 89' lang='lat' dir='ltr'>ut</span> <span class='ocrx_word' id='word_1_144' title='bbox 1627 644 1797 680; x_wconf 90' lang='lat' dir='ltr'>omnium</span> <span class='ocrx_word' id='word_1_145' title='bbox 1830 645 2082 682; x_wconf 86' lang='lat' dir='ltr'>Israelitarum</span> <span class='ocrx_word' id='word_1_146' title='bbox 2117 646 2349 682; x_wconf 85' lang='lat' dir='ltr'>multitudini</span> 
     </span>
     <span class='ocr_line' id='line_1_24' title="bbox 1359 703 2350 754; baseline 0.001 -14"><span class='ocrx_word' id='word_1_147' title='bbox 1359 712 1535 754; x_wconf 78' lang='lat' dir='ltr'>pra¹esset</span> <span class='ocrx_word' id='word_1_148' title='bbox 1553 718 1560 740; x_wconf 75' lang='grc' dir='ltr'>ε</span> <span class='ocrx_word' id='word_1_149' title='bbox 1583 703 1647 739; x_wconf 91' lang='lat' dir='ltr'>sed</span> <span class='ocrx_word' id='word_1_150' title='bbox 1674 703 1761 752; x_wconf 89' lang='lat' dir='ltr'>quia</span> <span class='ocrx_word' id='word_1_151' title='bbox 1779 704 1877 753; x_wconf 90' lang='lat' dir='ltr'>apud</span> <span class='ocrx_word' id='word_1_152' title='bbox 1899 717 1937 740; x_wconf 90' lang='lat' dir='ltr'>se</span> <span class='ocrx_word' id='word_1_153' title='bbox 1964 713 2088 741; x_wconf 90' lang='lat' dir='ltr'>mente</span> <span class='ocrx_word' id='word_1_154' title='bbox 2107 705 2255 741; x_wconf 87' lang='lat' dir='ltr'>humilis</span> <span class='ocrx_word' id='word_1_155' title='bbox 2283 719 2350 742; x_wconf 79' lang='lat' dir='ltr'>ex-</span> 
     </span>
     <span class='ocr_line' id='line_1_25' title="bbox 1359 762 2350 813; baseline 0.002 -15"><span class='ocrx_word' id='word_1_156' title='bbox 1359 763 1472 807; x_wconf 86' lang='lat' dir='ltr'>stitit,</span> <span class='ocrx_word' id='word_1_157' title='bbox 1495 762 1659 798; x_wconf 89' lang='lat' dir='ltr'>oblatam</span> <span class='ocrx_word' id='word_1_158' title='bbox 1683 762 1856 811; x_wconf 82' lang='lat' dir='ltr'>protinus</span> <span class='ocrx_word' id='word_1_159' title='bbox 1876 763 1967 799; x_wconf 88' lang='lat' dir='ltr'>tanti</span> <span class='ocrx_word' id='word_1_160' title='bbox 1983 763 2174 812; x_wconf 77' lang='lat' dir='ltr'>regiminis</span> <span class='ocrx_word' id='word_1_161' title='bbox 2194 765 2350 813; x_wconf 78' lang='lat' dir='ltr'>gloriam</span> 
     </span>
     <span class='ocr_line' id='line_1_26' title="bbox 1358 821 2348 872; baseline 0.002 -14"><span class='ocrx_word' id='word_1_162' title='bbox 1358 823 1529 871; x_wconf 75' lang='lat' dir='ltr'>expavit,</span> <span class='ocrx_word' id='word_1_163' title='bbox 1564 834 1729 870; x_wconf 78' lang='lat' dir='ltr'>moxque</span> <span class='ocrx_word' id='word_1_164' title='bbox 1757 821 1802 857; x_wconf 90' lang='lat' dir='ltr'>ad</span> <span class='ocrx_word' id='word_1_165' title='bbox 1836 823 2062 859; x_wconf 80' lang='lat' dir='ltr'>infirmitatis</span> <span class='ocrx_word' id='word_1_166' title='bbox 2098 824 2348 872; x_wconf 80' lang='lat' dir='ltr'>patrocinium</span> 
     </span>
     <span class='ocr_line' id='line_1_27' title="bbox 1357 880 2348 926; baseline 0 -9"><span class='ocrx_word' id='word_1_167' title='bbox 1357 882 1536 926; x_wconf 74' lang='lat' dir='ltr'>recurrit,</span> <span class='ocrx_word' id='word_1_168' title='bbox 1558 881 1707 925; x_wconf 84' lang='lat' dir='ltr'>(licens,</span> <span class='ocrx_word' id='word_1_169' title='bbox 1738 880 1918 924; x_wconf 82' lang='lat' dir='ltr'>Obsecro,</span> <span class='ocrx_word' id='word_1_170' title='bbox 1957 884 2138 925; x_wconf 77' lang='lat' dir='ltr'>Domine,</span> <span class='ocrx_word' id='word_1_171' title='bbox 2170 896 2242 917; x_wconf 79' lang='lat' dir='ltr'>mm</span> <span class='ocrx_word' id='word_1_172' title='bbox 2270 896 2348 918; x_wconf 79' lang='lat' dir='ltr'>sum</span> 
     </span>
     <span class='ocr_line' id='line_1_28' title="bbox 1356 940 2350 990; baseline 0.001 -14"><span class='ocrx_word' id='word_1_173' title='bbox 1356 944 1528 989; x_wconf 76' lang='lat' dir='ltr'>eloquens</span> <span class='ocrx_word' id='word_1_174' title='bbox 1549 940 1597 976; x_wconf 82' lang='lat' dir='ltr'>ab</span> <span class='ocrx_word' id='word_1_175' title='bbox 1612 942 1691 975; x_wconf 77' lang='lat' dir='ltr'>heri</span> <span class='ocrx_word' id='word_1_176' title='bbox 1701 949 1736 976; x_wconf 85' lang='lat' dir='ltr'>et</span> <span class='ocrx_word' id='word_1_177' title='bbox 1747 943 2025 986; x_wconf 74' lang='lat' dir='ltr'>nudiustertius,</span> <span class='ocrx_word' id='word_1_178' title='bbox 2048 956 2097 977; x_wconf 69' lang='lat' dir='ltr'>ex</span> <span class='ocrx_word' id='word_1_179' title='bbox 2112 956 2184 990; x_wconf 83' lang='lat' dir='ltr'>qao</span> <span class='ocrx_word' id='word_1_180' title='bbox 2204 947 2350 990; x_wconf 76' lang='lat' dir='ltr'>ca’pisti</span> 
     </span>
     <span class='ocr_line' id='line_1_29' title="bbox 1355 1003 2349 1049; baseline 0.002 -15"><span class='ocrx_word' id='word_1_181' title='bbox 1355 1003 1456 1049; x_wconf 79' lang='lat' dir='ltr'>loqui</span> <span class='ocrx_word' id='word_1_182' title='bbox 1471 1003 1523 1036; x_wconf 78' lang='lat' dir='ltr'>acl</span> <span class='ocrx_word' id='word_1_183' title='bbox 1546 1013 1686 1035; x_wconf 75' lang='lat' dir='ltr'>servum</span> <span class='ocrx_word' id='word_1_184' title='bbox 1712 1009 1813 1035; x_wconf 79' lang='lat' dir='ltr'>tuum</span> <span class='ocrx_word' id='word_1_185' title='bbox 1825 1028 1834 1044; x_wconf 92' lang='lat'><em>‚</em></span> <span class='ocrx_word' id='word_1_186' title='bbox 1853 1003 2029 1036; x_wconf 70' lang='lat' dir='ltr'>tardioris</span> <span class='ocrx_word' id='word_1_187' title='bbox 2052 1010 2087 1035; x_wconf 84' lang='lat' dir='ltr'>et</span> <span class='ocrx_word' id='word_1_188' title='bbox 2103 1004 2349 1049; x_wconf 72' lang='lat' dir='ltr'>impeditioris</span> 
     </span>
    </p>
   </div>
   <div class='ocr_carea' id='block_1_8' title="bbox 301 1058 2349 1112">
    <p class='ocr_par' dir='ltr' id='par_1_8' title="bbox 301 1058 2349 1112">
     <span class='ocr_line' id='line_1_30' title="bbox 301 1058 2349 1112; baseline -0.002 -12"><span class='ocrx_word' id='word_1_189' title='bbox 301 1064 409 1112; x_wconf 70' lang='lat' dir='ltr'>dirigi</span> <span class='ocrx_word' id='word_1_190' title='bbox 432 1061 592 1105; x_wconf 81' lang='lat' dir='ltr'>debent,</span> <span class='ocrx_word' id='word_1_191' title='bbox 611 1068 651 1096; x_wconf 90' lang='lat' dir='ltr'>ut</span> <span class='ocrx_word' id='word_1_192' title='bbox 674 1068 804 1095; x_wconf 87' lang='lat' dir='ltr'>nostro</span> <span class='ocrx_word' id='word_1_193' title='bbox 829 1060 921 1096; x_wconf 65' lang='lat' dir='ltr'>vitio</span> <span class='ocrx_word' id='word_1_194' title='bbox 944 1059 1162 1096; x_wconf 90' lang='lat' dir='ltr'>scandalum</span> <span class='ocrx_word' id='word_1_195' title='bbox 1191 1059 1290 1096; x_wconf 83' lang='lat' dir='ltr'>divi-</span> <span class='ocrx_word' id='word_1_196' title='bbox 1310 1058 1336 1092; x_wconf 92' lang='lat' dir='ltr'>B</span> <span class='ocrx_word' id='word_1_197' title='bbox 1355 1059 1657 1109; x_wconf 75' lang='lat' dir='ltr'>linguoefi1ctas;</span> <span class='ocrx_word' id='word_1_198' title='bbox 1673 1068 1709 1096; x_wconf 91' lang='lat' dir='ltr'>et</span> <span class='ocrx_word' id='word_1_199' title='bbox 1729 1073 1767 1096; x_wconf 89' lang='lat' dir='ltr'>se</span> <span class='ocrx_word' id='word_1_200' title='bbox 1788 1060 2000 1109; x_wconf 86' lang='lat' dir='ltr'>postposito</span> <span class='ocrx_word' id='word_1_201' title='bbox 2017 1060 2130 1096; x_wconf 89' lang='lat' dir='ltr'>alium</span> <span class='ocrx_word' id='word_1_202' title='bbox 2156 1060 2349 1109; x_wconf 90' lang='lat' dir='ltr'>deposcit,</span> 
     </span>
    </p>
   </div>
   <div class='ocr_carea' id='block_1_9' title="bbox 290 1119 1291 2467">
    <p class='ocr_par' dir='ltr' id='par_1_9' title="bbox 301 1119 846 1160">
     <span class='ocr_line' id='line_1_31' title="bbox 301 1119 846 1160; baseline -0.011 0"><span class='ocrx_word' id='word_1_203' title='bbox 301 1124 418 1160; x_wconf 86' lang='lat' dir='ltr'>sionis</span> <span class='ocrx_word' id='word_1_204' title='bbox 442 1122 478 1158; x_wconf 91' lang='lat' dir='ltr'>in</span> <span class='ocrx_word' id='word_1_205' title='bbox 500 1119 662 1157; x_wconf 76' lang='lat' dir='ltr'>Ecclesia</span> <span class='ocrx_word' id='word_1_206' title='bbox 682 1133 753 1155; x_wconf 90' lang='lat' dir='ltr'>non</span> <span class='ocrx_word' id='word_1_207' title='bbox 771 1120 846 1155; x_wconf 83' lang='lat' dir='ltr'>liat.</span> 
     </span>
    </p>

    <p class='ocr_par' dir='ltr' id='par_1_10' title="bbox 290 1178 1291 2467">
     <span class='ocr_line' id='line_1_32' title="bbox 354 1178 1290 1228; baseline -0.003 -10"><span class='ocrx_word' id='word_1_208' title='bbox 354 1182 415 1218; x_wconf 80' lang='lat'>22.</span> <span class='ocrx_word' id='word_1_209' title='bbox 448 1179 635 1228; x_wconf 80' lang='lat' dir='ltr'>Amplius,</span> <span class='ocrx_word' id='word_1_210' title='bbox 657 1191 765 1214; x_wconf 86' lang='lat' dir='ltr'>amor</span> <span class='ocrx_word' id='word_1_211' title='bbox 784 1178 908 1214; x_wconf 74' lang='lat' dir='ltr'>saeculi</span> <span class='ocrx_word' id='word_1_212' title='bbox 935 1186 971 1214; x_wconf 92' lang='lat' dir='ltr'>et</span> <span class='ocrx_word' id='word_1_213' title='bbox 991 1191 1097 1214; x_wconf 89' lang='lat' dir='ltr'>amor</span> <span class='ocrx_word' id='word_1_214' title='bbox 1123 1178 1290 1228; x_wconf 81' lang='lat' dir='ltr'>privatus</span> 
     </span>
     <span class='ocr_line' id='line_1_33' title="bbox 301 1236 948 1288; baseline -0.006 -12"><span class='ocrx_word' id='word_1_215' title='bbox 301 1241 409 1278; x_wconf 70' lang='lat' dir='ltr'>valde</span> <span class='ocrx_word' id='word_1_216' title='bbox 430 1239 641 1288; x_wconf 83' lang='lat' dir='ltr'>impediunt</span> <span class='ocrx_word' id='word_1_217' title='bbox 662 1236 913 1273; x_wconf 85' lang='lat' dir='ltr'>obedientiam</span> <span class='ocrx_word' id='word_1_218' title='bbox 940 1252 948 1273; x_wconf 80' lang='lat' dir='ltr'>z</span> 
     </span>
     <span class='ocr_line' id='line_1_34' title="bbox 302 1296 1289 1344; baseline -0.004 -8"><span class='ocrx_word' id='word_1_219' title='bbox 302 1309 405 1336; x_wconf 85' lang='lat' dir='ltr'>ratur</span> <span class='ocrx_word' id='word_1_220' title='bbox 425 1297 657 1339; x_wconf 81' lang='lat' dir='ltr'>obedientia,</span> <span class='ocrx_word' id='word_1_221' title='bbox 681 1296 709 1331; x_wconf 91' lang='lat' dir='ltr'>si</span> <span class='ocrx_word' id='word_1_222' title='bbox 730 1296 813 1344; x_wconf 89' lang='lat' dir='ltr'>quis</span> <span class='ocrx_word' id='word_1_223' title='bbox 831 1304 887 1332; x_wconf 91' lang='lat' dir='ltr'>est</span> <span class='ocrx_word' id='word_1_224' title='bbox 905 1304 1146 1344; x_wconf 83' lang='lat' dir='ltr'>contemptor</span> <span class='ocrx_word' id='word_1_225' title='bbox 1164 1297 1289 1332; x_wconf 90' lang='lat' dir='ltr'>saeculi</span> 
     </span>
     <span class='ocr_line' id='line_1_35' title="bbox 300 1354 1288 1403; baseline -0.005 -7"><span class='ocrx_word' id='word_1_226' title='bbox 300 1368 335 1395; x_wconf 81' lang='lat' dir='ltr'>et</span> <span class='ocrx_word' id='word_1_227' title='bbox 354 1359 422 1395; x_wconf 86' lang='lat' dir='ltr'>sui.</span> <span class='ocrx_word' id='word_1_228' title='bbox 442 1363 535 1394; x_wconf 80' lang='lat' dir='ltr'>Sunt</span> <span class='ocrx_word' id='word_1_229' title='bbox 555 1364 679 1391; x_wconf 77' lang='lat' dir='ltr'>autem</span> <span class='ocrx_word' id='word_1_230' title='bbox 702 1355 759 1390; x_wconf 80' lang='lat' dir='ltr'>11ae</span> <span class='ocrx_word' id='word_1_231' title='bbox 776 1355 1026 1403; x_wconf 81' lang='lat' dir='ltr'>proprietates</span> <span class='ocrx_word' id='word_1_232' title='bbox 1045 1354 1288 1401; x_wconf 82' lang='lat' dir='ltr'>obedientiae,</span> 
     </span>
     <span class='ocr_line' id='line_1_36' title="bbox 302 1412 1289 1464; baseline -0.004 -11"><span class='ocrx_word' id='word_1_233' title='bbox 302 1427 341 1453; x_wconf 94' lang='lat' dir='ltr'>ut</span> <span class='ocrx_word' id='word_1_234' title='bbox 363 1416 554 1464; x_wconf 82' lang='lat' dir='ltr'>subjectus</span> <span class='ocrx_word' id='word_1_235' title='bbox 574 1413 744 1457; x_wconf 80' lang='lat' dir='ltr'>obediat,</span> <span class='ocrx_word' id='word_1_236' title='bbox 764 1426 839 1448; x_wconf 92' lang='lat' dir='ltr'>non</span> <span class='ocrx_word' id='word_1_237' title='bbox 862 1412 1007 1461; x_wconf 88' lang='lat' dir='ltr'>trepide</span> <span class='ocrx_word' id='word_1_238' title='bbox 1020 1439 1030 1456; x_wconf 91' lang='lat'>,</span> <span class='ocrx_word' id='word_1_239' title='bbox 1050 1425 1125 1448; x_wconf 90' lang='lat' dir='ltr'>non</span> <span class='ocrx_word' id='word_1_240' title='bbox 1150 1414 1289 1462; x_wconf 90' lang='lat' dir='ltr'>tepide,</span> 
     </span>
     <span class='ocr_line' id='line_1_37' title="bbox 299 1471 1290 1521; baseline -0.003 -10"><span class='ocrx_word' id='word_1_241' title='bbox 299 1489 376 1511; x_wconf 89' lang='lat' dir='ltr'>non</span> <span class='ocrx_word' id='word_1_242' title='bbox 397 1487 482 1510; x_wconf 88' lang='lat' dir='ltr'>cum</span> <span class='ocrx_word' id='word_1_243' title='bbox 506 1484 680 1509; x_wconf 78' lang='lat' dir='ltr'>sermone</span> <span class='ocrx_word' id='word_1_244' title='bbox 698 1471 877 1515; x_wconf 89' lang='lat' dir='ltr'>nolentis,</span> <span class='ocrx_word' id='word_1_245' title='bbox 896 1471 974 1507; x_wconf 89' lang='lat' dir='ltr'>sine</span> <span class='ocrx_word' id='word_1_246' title='bbox 995 1484 1100 1507; x_wconf 90' lang='lat' dir='ltr'>mora</span> <span class='ocrx_word' id='word_1_247' title='bbox 1116 1480 1153 1507; x_wconf 89' lang='lat' dir='ltr'>et</span> <span class='ocrx_word' id='word_1_248' title='bbox 1170 1484 1290 1521; x_wconf 87' lang='lat' dir='ltr'>usque</span> 
     </span>
     <span class='ocr_line' id='line_1_38' title="bbox 298 1530 1289 1580; baseline -0.004 -9"><span class='ocrx_word' id='word_1_249' title='bbox 298 1535 344 1571; x_wconf 86' lang='lat' dir='ltr'>ad</span> <span class='ocrx_word' id='word_1_250' title='bbox 367 1542 538 1570; x_wconf 87' lang='lat' dir='ltr'>mortem.</span> <span class='ocrx_word' id='word_1_251' title='bbox 567 1535 613 1567; x_wconf 91' lang='lat' dir='ltr'>Et</span> <span class='ocrx_word' id='word_1_252' title='bbox 641 1531 720 1566; x_wconf 79' lang='lat' dir='ltr'>liaec</span> <span class='ocrx_word' id='word_1_253' title='bbox 748 1538 802 1566; x_wconf 88' lang='lat' dir='ltr'>est</span> <span class='ocrx_word' id='word_1_254' title='bbox 834 1530 1014 1580; x_wconf 83' lang='lat' dir='ltr'>perfectio</span> <span class='ocrx_word' id='word_1_255' title='bbox 1044 1530 1289 1578; x_wconf 81' lang='lat' dir='ltr'>obedientiae,</span> 
     </span>
     <span class='ocr_line' id='line_1_39' title="bbox 298 1589 1290 1644; baseline -0.005 -13"><span class='ocrx_word' id='word_1_256' title='bbox 298 1602 457 1644; x_wconf 87' lang='lat' dir='ltr'>propter</span> <span class='ocrx_word' id='word_1_257' title='bbox 474 1604 584 1641; x_wconf 87' lang='lat' dir='ltr'>quam</span> <span class='ocrx_word' id='word_1_258' title='bbox 610 1589 882 1639; x_wconf 81' lang='lat' dir='ltr'>perfectionem</span> <span class='ocrx_word' id='word_1_259' title='bbox 909 1589 1049 1626; x_wconf 89' lang='lat' dir='ltr'>dictum</span> <span class='ocrx_word' id='word_1_260' title='bbox 1067 1598 1140 1636; x_wconf 86' lang='lat' dir='ltr'>est,</span> <span class='ocrx_word' id='word_1_261' title='bbox 1161 1593 1290 1639; x_wconf 86' lang='lat' dir='ltr'>Usque</span> 
     </span>
     <span class='ocr_line' id='line_1_40' title="bbox 298 1648 1291 1698; baseline -0.005 -7"><span class='ocrx_word' id='word_1_262' title='bbox 298 1655 344 1691; x_wconf 89' lang='lat' dir='ltr'>ad</span> <span class='ocrx_word' id='word_1_263' title='bbox 367 1661 539 1689; x_wconf 87' lang='lat' dir='ltr'>mortem.</span> <span class='ocrx_word' id='word_1_264' title='bbox 561 1650 665 1686; x_wconf 84' lang='lat' dir='ltr'>Alius</span> <span class='ocrx_word' id='word_1_265' title='bbox 684 1649 783 1685; x_wconf 90' lang='lat' dir='ltr'>enim</span> <span class='ocrx_word' id='word_1_266' title='bbox 805 1657 999 1698; x_wconf 88' lang='lat' dir='ltr'>permanet</span> <span class='ocrx_word' id='word_1_267' title='bbox 1018 1649 1056 1684; x_wconf 90' lang='lat' dir='ltr'>in</span> <span class='ocrx_word' id='word_1_268' title='bbox 1077 1648 1291 1686; x_wconf 86' lang='lat' dir='ltr'>obedientia</span> 
     </span>
     <span class='ocr_line' id='line_1_41' title="bbox 298 1708 1291 1763; baseline -0.005 -12"><span class='ocrx_word' id='word_1_269' title='bbox 298 1726 416 1763; x_wconf 88' lang='lat' dir='ltr'>usque</span> <span class='ocrx_word' id='word_1_270' title='bbox 441 1712 487 1748; x_wconf 91' lang='lat' dir='ltr'>ad</span> <span class='ocrx_word' id='word_1_271' title='bbox 507 1708 711 1746; x_wconf 79' lang='lat' dir='ltr'>verborum</span> <span class='ocrx_word' id='word_1_272' title='bbox 741 1709 1027 1754; x_wconf 90' lang='lat' dir='ltr'>contumeliam,</span> <span class='ocrx_word' id='word_1_273' title='bbox 1057 1709 1152 1745; x_wconf 88' lang='lat' dir='ltr'>alius</span> <span class='ocrx_word' id='word_1_274' title='bbox 1172 1722 1291 1758; x_wconf 89' lang='lat' dir='ltr'>usque</span> 
     </span>
     <span class='ocr_line' id='line_1_42' title="bbox 298 1767 1289 1817; baseline -0.006 -7"><span class='ocrx_word' id='word_1_275' title='bbox 298 1774 343 1810; x_wconf 89' lang='lat' dir='ltr'>ad</span> <span class='ocrx_word' id='word_1_276' title='bbox 367 1773 501 1809; x_wconf 86' lang='lat' dir='ltr'>damna</span> <span class='ocrx_word' id='word_1_277' title='bbox 520 1782 665 1814; x_wconf 88' lang='lat' dir='ltr'>rerum;</span> <span class='ocrx_word' id='word_1_278' title='bbox 687 1768 779 1804; x_wconf 83' lang='lat' dir='ltr'>alius</span> <span class='ocrx_word' id='word_1_279' title='bbox 796 1780 914 1816; x_wconf 88' lang='lat' dir='ltr'>usque</span> <span class='ocrx_word' id='word_1_280' title='bbox 938 1767 985 1804; x_wconf 89' lang='lat' dir='ltr'>ad</span> <span class='ocrx_word' id='word_1_281' title='bbox 1009 1768 1181 1816; x_wconf 88' lang='lat' dir='ltr'>corporis</span> <span class='ocrx_word' id='word_1_282' title='bbox 1201 1780 1289 1817; x_wconf 91' lang='lat' dir='ltr'>pas·</span> 
     </span>
     <span class='ocr_line' id='line_1_43' title="bbox 298 1826 996 1876; baseline -0.007 -8"><span class='ocrx_word' id='word_1_283' title='bbox 298 1833 442 1876; x_wconf 88' lang='lat' dir='ltr'>siones,</span> <span class='ocrx_word' id='word_1_284' title='bbox 462 1829 556 1865; x_wconf 86' lang='lat' dir='ltr'>alius</span> <span class='ocrx_word' id='word_1_285' title='bbox 581 1840 699 1876; x_wconf 91' lang='lat' dir='ltr'>usque</span> <span class='ocrx_word' id='word_1_286' title='bbox 727 1826 773 1862; x_wconf 90' lang='lat' dir='ltr'>ad</span> <span class='ocrx_word' id='word_1_287' title='bbox 800 1835 960 1862; x_wconf 88' lang='lat' dir='ltr'>mortem</span> <span class='ocrx_word' id='word_1_288' title='bbox 988 1841 996 1863; x_wconf 74' lang='grc' dir='ltr'>ε</span> 
     </span>
     <span class='ocr_line' id='line_1_44' title="bbox 297 1886 1290 1941; baseline -0.005 -14"><span class='ocrx_word' id='word_1_289' title='bbox 297 1891 343 1928; x_wconf 92' lang='lat' dir='ltr'>ad</span> <span class='ocrx_word' id='word_1_290' title='bbox 377 1888 647 1941; x_wconf 81' lang='lat' dir='ltr'>perfectionem</span> <span class='ocrx_word' id='word_1_291' title='bbox 670 1886 894 1922; x_wconf 62' lang='lat' dir='ltr'>obedientiae</span> <span class='ocrx_word' id='word_1_292' title='bbox 923 1886 1113 1935; x_wconf 79' lang='lat' dir='ltr'>pertingit.</span> <span class='ocrx_word' id='word_1_293' title='bbox 1144 1889 1191 1923; x_wconf 87' lang='lat' dir='ltr'>Et</span> <span class='ocrx_word' id='word_1_294' title='bbox 1221 1899 1290 1923; x_wconf 88' lang='lat' dir='ltr'>no-</span> 
     </span>
     <span class='ocr_line' id='line_1_45' title="bbox 298 1945 1290 1997; baseline -0.006 -10"><span class='ocrx_word' id='word_1_295' title='bbox 298 1951 452 1987; x_wconf 88' lang='lat' dir='ltr'>tandum</span> <span class='ocrx_word' id='word_1_296' title='bbox 473 1947 576 1997; x_wconf 89' lang='lat' dir='ltr'>quod</span> <span class='ocrx_word' id='word_1_297' title='bbox 597 1946 813 1983; x_wconf 87' lang='lat' dir='ltr'>obedientia</span> <span class='ocrx_word' id='word_1_298' title='bbox 841 1945 950 1982; x_wconf 90' lang='lat' dir='ltr'>nobis</span> <span class='ocrx_word' id='word_1_299' title='bbox 979 1958 1099 1995; x_wconf 87' lang='lat' dir='ltr'>usque</span> <span class='ocrx_word' id='word_1_300' title='bbox 1118 1945 1164 1982; x_wconf 86' lang='lat' dir='ltr'>ad</span> <span class='ocrx_word' id='word_1_301' title='bbox 1187 1959 1290 1982; x_wconf 89' lang='lat' dir='ltr'>mor-</span> 
     </span>
     <span class='ocr_line' id='line_1_46' title="bbox 297 2004 1289 2056; baseline -0.004 -10"><span class='ocrx_word' id='word_1_302' title='bbox 297 2020 369 2046; x_wconf 88' lang='lat' dir='ltr'>tem</span> <span class='ocrx_word' id='word_1_303' title='bbox 388 2007 570 2045; x_wconf 71' lang='lat' dir='ltr'>servanda</span> <span class='ocrx_word' id='word_1_304' title='bbox 587 2006 815 2056; x_wconf 79' lang='lat' dir='ltr'>praecipitur.</span> <span class='ocrx_word' id='word_1_305' title='bbox 835 2008 890 2041; x_wconf 81' lang='lat' dir='ltr'>Ne</span> <span class='ocrx_word' id='word_1_306' title='bbox 907 2005 1019 2054; x_wconf 80' lang='lat' dir='ltr'>igitur</span> <span class='ocrx_word' id='word_1_307' title='bbox 1039 2004 1149 2041; x_wconf 88' lang='lat' dir='ltr'>nobis</span> <span class='ocrx_word' id='word_1_308' title='bbox 1170 2018 1289 2055; x_wconf 88' lang='lat' dir='ltr'>usque</span> 
     </span>
     <span class='ocr_line' id='line_1_47' title="bbox 291 2063 1288 2118; baseline -0.004 -13"><span class='ocrx_word' id='word_1_309' title='bbox 291 2069 338 2105; x_wconf 88' lang='lat' dir='ltr'>ad</span> <span class='ocrx_word' id='word_1_310' title='bbox 352 2067 546 2118; x_wconf 64' lang='lat' dir='ltr'>praesentis</span> <span class='ocrx_word' id='word_1_311' title='bbox 561 2066 645 2101; x_wconf 74' lang='lat' dir='ltr'>vitae</span> <span class='ocrx_word' id='word_1_312' title='bbox 661 2064 861 2101; x_wconf 87' lang='lat' dir='ltr'>terminum</span> <span class='ocrx_word' id='word_1_313' title='bbox 874 2063 1086 2100; x_wconf 83' lang='lat' dir='ltr'>obedientia</span> <span class='ocrx_word' id='word_1_314' title='bbox 1100 2063 1288 2101; x_wconf 84' lang='lat' dir='ltr'>laboriosa</span> 
     </span>
     <span class='ocr_line' id='line_1_48' title="bbox 291 2123 1284 2177; baseline -0.004 -13"><span class='ocrx_word' id='word_1_315' title='bbox 291 2135 489 2177; x_wconf 83' lang='lat' dir='ltr'>appareat,</span> <span class='ocrx_word' id='word_1_316' title='bbox 502 2125 737 2174; x_wconf 85' lang='lat' dir='ltr'>Redemptor</span> <span class='ocrx_word' id='word_1_317' title='bbox 754 2131 883 2160; x_wconf 86' lang='lat' dir='ltr'>noster</span> <span class='ocrx_word' id='word_1_318' title='bbox 900 2124 1016 2160; x_wconf 87' lang='lat' dir='ltr'>factus</span> <span class='ocrx_word' id='word_1_319' title='bbox 1032 2132 1087 2160; x_wconf 86' lang='lat' dir='ltr'>est</span> <span class='ocrx_word' id='word_1_320' title='bbox 1103 2123 1284 2160; x_wconf 87' lang='lat' dir='ltr'>obediens</span> 
     </span>
     <span class='ocr_line' id='line_1_49' title="bbox 290 2183 1284 2236; baseline -0.005 -12"><span class='ocrx_word' id='word_1_321' title='bbox 290 2201 408 2236; x_wconf 89' lang='lat' dir='ltr'>usque</span> <span class='ocrx_word' id='word_1_322' title='bbox 438 2186 483 2222; x_wconf 88' lang='lat' dir='ltr'>ad</span> <span class='ocrx_word' id='word_1_323' title='bbox 506 2193 677 2221; x_wconf 87' lang='lat' dir='ltr'>mortem.</span> <span class='ocrx_word' id='word_1_324' title='bbox 701 2183 800 2232; x_wconf 89' lang='lat' dir='ltr'>Quid</span> <span class='ocrx_word' id='word_1_325' title='bbox 828 2197 919 2232; x_wconf 77' lang='lat' dir='ltr'>ergo</span> <span class='ocrx_word' id='word_1_326' title='bbox 947 2183 1084 2219; x_wconf 89' lang='lat' dir='ltr'>mirum</span> <span class='ocrx_word' id='word_1_327' title='bbox 1115 2184 1143 2219; x_wconf 90' lang='lat' dir='ltr'>si</span> <span class='ocrx_word' id='word_1_328' title='bbox 1170 2184 1284 2220; x_wconf 89' lang='lat' dir='ltr'>homo</span> 
     </span>
     <span class='ocr_line' id='line_1_50' title="bbox 290 2241 1285 2296; baseline -0.004 -14"><span class='ocrx_word' id='word_1_329' title='bbox 290 2254 469 2296; x_wconf 74' lang='lat' dir='ltr'>peccator</span> <span class='ocrx_word' id='word_1_330' title='bbox 492 2244 719 2280; x_wconf 69' lang='lat' dir='ltr'>obedientiae</span> <span class='ocrx_word' id='word_1_331' title='bbox 741 2243 777 2278; x_wconf 94' lang='lat' dir='ltr'>in</span> <span class='ocrx_word' id='word_1_332' title='bbox 803 2243 888 2279; x_wconf 77' lang='lat' dir='ltr'>vitae</span> <span class='ocrx_word' id='word_1_333' title='bbox 906 2242 1018 2290; x_wconf 82' lang='lat' dir='ltr'>liujus</span> <span class='ocrx_word' id='word_1_334' title='bbox 1043 2241 1226 2279; x_wconf 67' lang='lat' dir='ltr'>brevitate</span> <span class='ocrx_word' id='word_1_335' title='bbox 1247 2256 1285 2279; x_wconf 87' lang='lat' dir='ltr'>se</span> 
     </span>
     <span class='ocr_line' id='line_1_51' title="bbox 290 2301 1284 2353; baseline -0.004 -12"><span class='ocrx_word' id='word_1_336' title='bbox 290 2305 460 2353; x_wconf 86' lang='lat' dir='ltr'>subjicit,</span> <span class='ocrx_word' id='word_1_337' title='bbox 480 2303 632 2352; x_wconf 88' lang='lat' dir='ltr'>quando</span> <span class='ocrx_word' id='word_1_338' title='bbox 654 2302 749 2337; x_wconf 79' lang='lat' dir='ltr'>lianc</span> <span class='ocrx_word' id='word_1_339' title='bbox 766 2310 802 2337; x_wconf 92' lang='lat' dir='ltr'>et</span> <span class='ocrx_word' id='word_1_340' title='bbox 823 2302 884 2337; x_wconf 85' lang='lat' dir='ltr'>ille</span> <span class='ocrx_word' id='word_1_341' title='bbox 902 2302 965 2350; x_wconf 91' lang='lat' dir='ltr'>qui</span> <span class='ocrx_word' id='word_1_342' title='bbox 983 2301 1205 2337; x_wconf 81' lang='lat' dir='ltr'>obedientes</span> <span class='ocrx_word' id='word_1_343' title='bbox 1224 2314 1284 2337; x_wconf 89' lang='lat' dir='ltr'>re-</span> 
     </span>
     <span class='ocr_line' id='line_1_52' title="bbox 294 2359 1287 2408; baseline -0.004 -9"><span class='ocrx_word' id='word_1_344' title='bbox 294 2370 485 2406; x_wconf 84' lang='lat' dir='ltr'>munerat,</span> <span class='ocrx_word' id='word_1_345' title='bbox 507 2373 583 2396; x_wconf 91' lang='lat' dir='ltr'>non</span> <span class='ocrx_word' id='word_1_346' title='bbox 607 2360 785 2408; x_wconf 76' lang='lat' dir='ltr'>reliquit?</span> <span class='ocrx_word' id='word_1_347' title='bbox 805 2359 875 2396; x_wconf 83' lang='lat' dir='ltr'>Sed</span> <span class='ocrx_word' id='word_1_348' title='bbox 897 2368 933 2395; x_wconf 84' lang='lat' dir='ltr'>et</span> <span class='ocrx_word' id='word_1_349' title='bbox 958 2359 1030 2395; x_wconf 87' lang='lat' dir='ltr'>hoc</span> <span class='ocrx_word' id='word_1_350' title='bbox 1052 2368 1287 2408; x_wconf 81' lang='lat' dir='ltr'>praetereun-</span> 
     </span>
     <span class='ocr_line' id='line_1_53' title="bbox 296 2418 1284 2467; baseline -0.004 -9"><span class='ocrx_word' id='word_1_351' title='bbox 296 2423 386 2458; x_wconf 90' lang='lat' dir='ltr'>dum</span> <span class='ocrx_word' id='word_1_352' title='bbox 409 2434 484 2456; x_wconf 91' lang='lat' dir='ltr'>non</span> <span class='ocrx_word' id='word_1_353' title='bbox 506 2428 582 2463; x_wconf 88' lang='lat' dir='ltr'>est,</span> <span class='ocrx_word' id='word_1_354' title='bbox 602 2418 704 2467; x_wconf 91' lang='lat' dir='ltr'>quod</span> <span class='ocrx_word' id='word_1_355' title='bbox 736 2418 868 2467; x_wconf 87' lang='lat' dir='ltr'>primis</span> <span class='ocrx_word' id='word_1_356' title='bbox 898 2419 1119 2467; x_wconf 88' lang='lat' dir='ltr'>parentibus</span> <span class='ocrx_word' id='word_1_357' title='bbox 1144 2418 1284 2454; x_wconf 82' lang='lat' dir='ltr'>dictum</span> 
     </span>
    </p>
   </div>
   <div class='ocr_carea' id='block_1_10' title="bbox 979 1237 1290 1274">
    <p class='ocr_par' dir='ltr' id='par_1_11' title="bbox 979 1237 1290 1274">
     <span class='ocr_line' id='line_1_54' title="bbox 979 1237 1290 1274; baseline -0.003 0"><span class='ocrx_word' id='word_1_358' title='bbox 979 1246 1015 1274; x_wconf 86' lang='lat' dir='ltr'>et</span> <span class='ocrx_word' id='word_1_359' title='bbox 1034 1238 1142 1274; x_wconf 80' lang='lat' dir='ltr'>valde</span> <span class='ocrx_word' id='word_1_360' title='bbox 1169 1237 1290 1274; x_wconf 92' lang='lat' dir='ltr'>robo—</span> 
     </span>
    </p>
   </div>
   <div class='ocr_carea' id='block_1_11' title="bbox 295 2480 1291 3176">
    <p class='ocr_par' dir='ltr' id='par_1_12' title="bbox 295 2480 1288 3050">
     <span class='ocr_line' id='line_1_55' title="bbox 297 2480 1286 2526; baseline -0.006 -8"><span class='ocrx_word' id='word_1_361' title='bbox 297 2491 352 2518; x_wconf 87' lang='lat' dir='ltr'>est</span> <span class='ocrx_word' id='word_1_362' title='bbox 385 2496 391 2516; x_wconf 90' lang='lat'>:</span> <span class='ocrx_word' id='word_1_363' title='bbox 416 2483 479 2516; x_wconf 63' lang='lat' dir='ltr'>Ea:</span> <span class='ocrx_word' id='word_1_364' title='bbox 507 2484 607 2514; x_wconf 83' lang='lat' dir='ltr'>omni</span> <span class='ocrx_word' id='word_1_365' title='bbox 640 2482 737 2525; x_wconf 72' lang='lat' dir='ltr'>ligno</span> <span class='ocrx_word' id='word_1_366' title='bbox 767 2480 941 2526; x_wconf 72' lang='lat' dir='ltr'>paradisi</span> <span class='ocrx_word' id='word_1_367' title='bbox 969 2480 1064 2513; x_wconf 83' lang='lat' dir='ltr'>edite</span> <span class='ocrx_word' id='word_1_368' title='bbox 1074 2493 1086 2522; x_wconf 89' lang='lat'><em>;</em></span> <span class='ocrx_word' id='word_1_369' title='bbox 1115 2480 1161 2513; x_wconf 82' lang='lat' dir='ltr'>de</span> <span class='ocrx_word' id='word_1_370' title='bbox 1189 2481 1286 2524; x_wconf 80' lang='lat' dir='ltr'>ligno</span> 
     </span>
     <span class='ocr_line' id='line_1_56' title="bbox 296 2537 1286 2585; baseline -0.005 -8"><span class='ocrx_word' id='word_1_371' title='bbox 296 2551 417 2577; x_wconf 80' lang='lat' dir='ltr'>autem</span> <span class='ocrx_word' id='word_1_372' title='bbox 437 2543 604 2574; x_wconf 73' lang='lat' dir='ltr'>sciemioe</span> <span class='ocrx_word' id='word_1_373' title='bbox 630 2537 713 2572; x_wconf 78' lang='lat' dir='ltr'>boni</span> <span class='ocrx_word' id='word_1_374' title='bbox 733 2547 769 2572; x_wconf 82' lang='lat' dir='ltr'>et</span> <span class='ocrx_word' id='word_1_375' title='bbox 788 2540 882 2572; x_wconf 69' lang='lat' dir='ltr'>&#39;nali</span> <span class='ocrx_word' id='word_1_376' title='bbox 902 2550 948 2572; x_wconf 78' lang='lat' dir='ltr'>ne</span> <span class='ocrx_word' id='word_1_377' title='bbox 962 2541 1148 2585; x_wconf 79' lang='lat' dir='ltr'>tetigeritis</span> <span class='ocrx_word' id='word_1_378' title='bbox 1163 2543 1188 2572; x_wconf 83' lang='lat'>².</span> <span class='ocrx_word' id='word_1_379' title='bbox 1215 2537 1286 2584; x_wconf 91' lang='lat' dir='ltr'>Qui</span> 
     </span>
     <span class='ocr_line' id='line_1_57' title="bbox 296 2595 1285 2645; baseline -0.006 -8"><span class='ocrx_word' id='word_1_380' title='bbox 296 2601 394 2637; x_wconf 89' lang='lat' dir='ltr'>enim</span> <span class='ocrx_word' id='word_1_381' title='bbox 426 2598 473 2634; x_wconf 90' lang='lat' dir='ltr'>ab</span> <span class='ocrx_word' id='word_1_382' title='bbox 503 2611 579 2633; x_wconf 91' lang='lat' dir='ltr'>uno</span> <span class='ocrx_word' id='word_1_383' title='bbox 607 2595 778 2645; x_wconf 84' lang='lat' dir='ltr'>quolibet</span> <span class='ocrx_word' id='word_1_384' title='bbox 806 2595 909 2632; x_wconf 90' lang='lat' dir='ltr'>bono</span> <span class='ocrx_word' id='word_1_385' title='bbox 942 2595 1133 2644; x_wconf 87' lang='lat' dir='ltr'>subjectos</span> <span class='ocrx_word' id='word_1_386' title='bbox 1164 2604 1285 2642; x_wconf 86' lang='lat' dir='ltr'>vetat,</span> 
     </span>
     <span class='ocr_line' id='line_1_58' title="bbox 296 2654 1286 2701; baseline -0.004 -5"><span class='ocrx_word' id='word_1_387' title='bbox 296 2673 446 2696; x_wconf 80' lang='lat' dir='ltr'>necesse</span> <span class='ocrx_word' id='word_1_388' title='bbox 475 2666 530 2695; x_wconf 88' lang='lat' dir='ltr'>est</span> <span class='ocrx_word' id='word_1_389' title='bbox 558 2665 599 2692; x_wconf 90' lang='lat' dir='ltr'>ut</span> <span class='ocrx_word' id='word_1_390' title='bbox 628 2656 743 2691; x_wconf 88' lang='lat' dir='ltr'>multa</span> <span class='ocrx_word' id='word_1_391' title='bbox 774 2655 971 2701; x_wconf 85' lang='lat' dir='ltr'>concedat,</span> <span class='ocrx_word' id='word_1_392' title='bbox 1000 2668 1047 2690; x_wconf 90' lang='lat' dir='ltr'>ne</span> <span class='ocrx_word' id='word_1_393' title='bbox 1074 2654 1286 2692; x_wconf 87' lang='lat' dir='ltr'>obedientis</span> 
     </span>
     <span class='ocr_line' id='line_1_59' title="bbox 295 2712 1287 2758; baseline -0.004 -5"><span class='ocrx_word' id='word_1_394' title='bbox 295 2731 401 2753; x_wconf 86' lang='lat' dir='ltr'>mens</span> <span class='ocrx_word' id='word_1_395' title='bbox 417 2715 583 2752; x_wconf 86' lang='lat' dir='ltr'>funditus</span> <span class='ocrx_word' id='word_1_396' title='bbox 599 2714 758 2750; x_wconf 87' lang='lat' dir='ltr'>intereat</span> <span class='ocrx_word' id='word_1_397' title='bbox 771 2742 779 2758; x_wconf 96' lang='lat'><strong><em>‚</em></strong></span> <span class='ocrx_word' id='word_1_398' title='bbox 797 2713 824 2749; x_wconf 92' lang='lat' dir='ltr'>si</span> <span class='ocrx_word' id='word_1_399' title='bbox 842 2713 888 2749; x_wconf 88' lang='lat' dir='ltr'>ab</span> <span class='ocrx_word' id='word_1_400' title='bbox 905 2712 1081 2749; x_wconf 88' lang='lat' dir='ltr'>omnibus</span> <span class='ocrx_word' id='word_1_401' title='bbox 1098 2712 1208 2749; x_wconf 91' lang='lat' dir='ltr'>bonis</span> <span class='ocrx_word' id='word_1_402' title='bbox 1228 2726 1287 2749; x_wconf 88' lang='lat' dir='ltr'>re-</span> 
     </span>
     <span class='ocr_line' id='line_1_60' title="bbox 296 2771 1286 2827; baseline -0.005 -14"><span class='ocrx_word' id='word_1_403' title='bbox 296 2778 403 2827; x_wconf 88' lang='lat' dir='ltr'>pulsa</span> <span class='ocrx_word' id='word_1_404' title='bbox 419 2775 578 2824; x_wconf 78' lang='lat' dir='ltr'>jejunat.</span> <span class='ocrx_word' id='word_1_405' title='bbox 601 2777 741 2810; x_wconf 81' lang='lat' dir='ltr'>Omnes</span> <span class='ocrx_word' id='word_1_406' title='bbox 761 2773 860 2809; x_wconf 89' lang='lat' dir='ltr'>enim</span> <span class='ocrx_word' id='word_1_407' title='bbox 887 2772 1051 2822; x_wconf 87' lang='lat' dir='ltr'>paradisi</span> <span class='ocrx_word' id='word_1_408' title='bbox 1071 2771 1224 2808; x_wconf 90' lang='lat' dir='ltr'>arbores</span> <span class='ocrx_word' id='word_1_409' title='bbox 1241 2772 1286 2808; x_wconf 90' lang='lat' dir='ltr'>ad</span> 
     </span>
     <span class='ocr_line' id='line_1_61' title="bbox 295 2830 1288 2880; baseline -0.005 -8"><span class='ocrx_word' id='word_1_410' title='bbox 295 2850 398 2872; x_wconf 81' lang='lat' dir='ltr'>esum</span> <span class='ocrx_word' id='word_1_411' title='bbox 436 2833 639 2878; x_wconf 80' lang='lat' dir='ltr'>concessit,</span> <span class='ocrx_word' id='word_1_412' title='bbox 674 2846 757 2867; x_wconf 90' lang='lat' dir='ltr'>cum</span> <span class='ocrx_word' id='word_1_413' title='bbox 800 2831 846 2867; x_wconf 93' lang='lat' dir='ltr'>ab</span> <span class='ocrx_word' id='word_1_414' title='bbox 879 2845 953 2867; x_wconf 87' lang='lat' dir='ltr'>una</span> <span class='ocrx_word' id='word_1_415' title='bbox 988 2830 1205 2880; x_wconf 87' lang='lat' dir='ltr'>prohibuit,</span> <span class='ocrx_word' id='word_1_416' title='bbox 1246 2839 1288 2867; x_wconf 92' lang='lat' dir='ltr'>ut</span> 
     </span>
     <span class='ocr_line' id='line_1_62' title="bbox 295 2891 1286 2942; baseline -0.006 -9"><span class='ocrx_word' id='word_1_417' title='bbox 295 2905 503 2933; x_wconf 84' lang='lat' dir='ltr'>creaturam</span> <span class='ocrx_word' id='word_1_418' title='bbox 523 2907 627 2930; x_wconf 87' lang='lat' dir='ltr'>suam</span> <span class='ocrx_word' id='word_1_419' title='bbox 648 2906 759 2942; x_wconf 88' lang='lat' dir='ltr'>quam</span> <span class='ocrx_word' id='word_1_420' title='bbox 781 2891 933 2928; x_wconf 89' lang='lat' dir='ltr'>nolebat</span> <span class='ocrx_word' id='word_1_421' title='bbox 952 2892 1161 2940; x_wconf 79' lang='lat' dir='ltr'>exstingui,</span> <span class='ocrx_word' id='word_1_422' title='bbox 1183 2899 1286 2927; x_wconf 92' lang='lat' dir='ltr'>tanto</span> 
     </span>
     <span class='ocr_line' id='line_1_63' title="bbox 297 2951 1288 3001; baseline -0.004 -10"><span class='ocrx_word' id='word_1_423' title='bbox 297 2956 440 2991; x_wconf 84' lang='lat' dir='ltr'>facilius</span> <span class='ocrx_word' id='word_1_424' title='bbox 457 2953 504 2989; x_wconf 87' lang='lat' dir='ltr'>al)</span> <span class='ocrx_word' id='word_1_425' title='bbox 525 2966 599 2989; x_wconf 86' lang='lat' dir='ltr'>una</span> <span class='ocrx_word' id='word_1_426' title='bbox 622 2953 881 3001; x_wconf 76' lang='lat' dir='ltr'>restringeret,</span> <span class='ocrx_word' id='word_1_427' title='bbox 898 2960 1044 3001; x_wconf 89' lang='lat' dir='ltr'>quanto</span> <span class='ocrx_word' id='word_1_428' title='bbox 1063 2951 1108 2987; x_wconf 90' lang='lat' dir='ltr'>ad</span> <span class='ocrx_word' id='word_1_429' title='bbox 1135 2960 1288 2988; x_wconf 88' lang='lat' dir='ltr'>cunctas</span> 
     </span>
     <span class='ocr_line' id='line_1_64' title="bbox 296 3013 619 3050; baseline -0.012 0"><span class='ocrx_word' id='word_1_430' title='bbox 296 3014 406 3050; x_wconf 88' lang='lat' dir='ltr'>latius</span> <span class='ocrx_word' id='word_1_431' title='bbox 424 3013 619 3048; x_wconf 76' lang='lat' dir='ltr'>relaxaret.</span> 
     </span>
    </p>

    <p class='ocr_par' dir='ltr' id='par_1_13' title="bbox 298 3066 1291 3176">
     <span class='ocr_line' id='line_1_65' title="bbox 350 3066 1291 3118; baseline -0.003 -10"><span class='ocrx_word' id='word_1_432' title='bbox 350 3074 411 3108; x_wconf 73' lang='lat'>253.</span> <span class='ocrx_word' id='word_1_433' title='bbox 442 3070 550 3118; x_wconf 86' lang='lat' dir='ltr'>Quod</span> <span class='ocrx_word' id='word_1_434' title='bbox 576 3078 699 3105; x_wconf 89' lang='lat' dir='ltr'>autem</span> <span class='ocrx_word' id='word_1_435' title='bbox 727 3069 899 3118; x_wconf 86' lang='lat' dir='ltr'>superius</span> <span class='ocrx_word' id='word_1_436' title='bbox 919 3068 1062 3105; x_wconf 88' lang='lat' dir='ltr'>dictum</span> <span class='ocrx_word' id='word_1_437' title='bbox 1083 3066 1176 3113; x_wconf 79' lang='lat' dir='ltr'>est3,</span> <span class='ocrx_word' id='word_1_438' title='bbox 1198 3067 1291 3105; x_wconf 88' lang='lat' dir='ltr'>obe-</span> 
     </span>
     <span class='ocr_line' id='line_1_66' title="bbox 298 3127 1289 3176; baseline -0.005 -8"><span class='ocrx_word' id='word_1_439' title='bbox 298 3132 462 3168; x_wconf 76' lang='lat' dir='ltr'>dientem</span> <span class='ocrx_word' id='word_1_440' title='bbox 483 3142 558 3164; x_wconf 89' lang='lat' dir='ltr'>non</span> <span class='ocrx_word' id='word_1_441' title='bbox 577 3128 699 3163; x_wconf 83' lang='lat' dir='ltr'>solum</span> <span class='ocrx_word' id='word_1_442' title='bbox 721 3140 765 3163; x_wconf 79' lang='lat' dir='ltr'>ex</span> <span class='ocrx_word' id='word_1_443' title='bbox 788 3136 1000 3176; x_wconf 69' lang='lat' dir='ltr'>przeccpto,</span> <span class='ocrx_word' id='word_1_444' title='bbox 1024 3140 1155 3163; x_wconf 78' lang='lat' dir='ltr'>verum</span> <span class='ocrx_word' id='word_1_445' title='bbox 1177 3127 1289 3164; x_wconf 90' lang='lat' dir='ltr'>etiam</span> 
     </span>
    </p>
   </div>
   <div class='ocr_carea' id='block_1_12' title="bbox 1353 1119 2352 1819">
    <p class='ocr_par' dir='ltr' id='par_1_14' title="bbox 1353 1119 2352 1819">
     <span class='ocr_line' id='line_1_67' title="bbox 1357 1119 2348 1167; baseline -0.001 -12"><span class='ocrx_word' id='word_1_446' title='bbox 1357 1119 1504 1164; x_wconf 83' lang='lat' dir='ltr'>dicens,</span> <span class='ocrx_word' id='word_1_447' title='bbox 1535 1121 1645 1155; x_wconf 63' lang='lat' dir='ltr'>filine</span> <span class='ocrx_word' id='word_1_448' title='bbox 1679 1132 1787 1167; x_wconf 77' lang='lat' dir='ltr'>quem</span> <span class='ocrx_word' id='word_1_449' title='bbox 1825 1123 1998 1154; x_wconf 66' lang='lat' dir='ltr'>mismmcs</span> <span class='ocrx_word' id='word_1_450' title='bbox 2033 1132 2070 1154; x_wconf 84' lang='lat' dir='ltr'>es</span> <span class='ocrx_word' id='word_1_451' title='bbox 2082 1119 2108 1154; x_wconf 65' lang='lat'>4.</span> <span class='ocrx_word' id='word_1_452' title='bbox 2138 1122 2232 1155; x_wconf 86' lang='lat' dir='ltr'>Ecce</span> <span class='ocrx_word' id='word_1_453' title='bbox 2261 1132 2348 1155; x_wconf 90' lang='lat' dir='ltr'>cum</span> 
     </span>
     <span class='ocr_line' id='line_1_68' title="bbox 1356 1178 2351 1227; baseline -0.001 -12"><span class='ocrx_word' id='word_1_454' title='bbox 1356 1188 1510 1215; x_wconf 86' lang='lat' dir='ltr'>auctore</span> <span class='ocrx_word' id='word_1_455' title='bbox 1532 1179 1669 1227; x_wconf 68' lang='lat' dir='ltr'>lingum</span> <span class='ocrx_word' id='word_1_456' title='bbox 1701 1178 1883 1227; x_wconf 89' lang='lat' dir='ltr'>loquitur,</span> <span class='ocrx_word' id='word_1_457' title='bbox 1906 1186 1943 1214; x_wconf 90' lang='lat' dir='ltr'>et</span> <span class='ocrx_word' id='word_1_458' title='bbox 1974 1191 2020 1214; x_wconf 91' lang='lat' dir='ltr'>ne</span> <span class='ocrx_word' id='word_1_459' title='bbox 2046 1178 2136 1213; x_wconf 89' lang='lat' dir='ltr'>tanti</span> <span class='ocrx_word' id='word_1_460' title='bbox 2160 1178 2351 1226; x_wconf 83' lang='lat' dir='ltr'>regiminis</span> 
     </span>
     <span class='ocr_line' id='line_1_69' title="bbox 1356 1237 2348 1287; baseline 0 -14"><span class='ocrx_word' id='word_1_461' title='bbox 1356 1246 1577 1287; x_wconf 84' lang='lat' dir='ltr'>potestatem</span> <span class='ocrx_word' id='word_1_462' title='bbox 1593 1238 1783 1286; x_wconf 89' lang='lat' dir='ltr'>suscipiat,</span> <span class='ocrx_word' id='word_1_463' title='bbox 1802 1237 1990 1285; x_wconf 75' lang='lat' dir='ltr'>elinguem</span> <span class='ocrx_word' id='word_1_464' title='bbox 2010 1249 2048 1273; x_wconf 92' lang='lat' dir='ltr'>se</span> <span class='ocrx_word' id='word_1_465' title='bbox 2060 1249 2140 1274; x_wconf 89' lang='lat' dir='ltr'>esse</span> <span class='ocrx_word' id='word_1_466' title='bbox 2161 1246 2348 1273; x_wconf 85' lang='lat' dir='ltr'>causatur.</span> 
     </span>
     <span class='ocr_line' id='line_1_70' title="bbox 1355 1295 2347 1343; baseline -0.003 -11"><span class='ocrx_word' id='word_1_467' title='bbox 1355 1297 1491 1332; x_wconf 86' lang='lat' dir='ltr'>Paulus</span> <span class='ocrx_word' id='word_1_468' title='bbox 1514 1305 1638 1332; x_wconf 89' lang='lat' dir='ltr'>autem</span> <span class='ocrx_word' id='word_1_469' title='bbox 1657 1296 1710 1331; x_wconf 92' lang='lat' dir='ltr'>sic</span> <span class='ocrx_word' id='word_1_470' title='bbox 1727 1295 1778 1331; x_wconf 88' lang='lat' dir='ltr'>ait</span> <span class='ocrx_word' id='word_1_471' title='bbox 1810 1309 1817 1330; x_wconf 92' lang='lat'>:</span> <span class='ocrx_word' id='word_1_472' title='bbox 1840 1297 1921 1343; x_wconf 76' lang='lat' dir='ltr'>Ego</span> <span class='ocrx_word' id='word_1_473' title='bbox 1943 1308 2016 1330; x_wconf 81' lang='lat' dir='ltr'>non</span> <span class='ocrx_word' id='word_1_474' title='bbox 2041 1297 2159 1330; x_wconf 80' lang='lat' dir='ltr'>solum</span> <span class='ocrx_word' id='word_1_475' title='bbox 2180 1297 2347 1342; x_wconf 77' lang='lat' dir='ltr'>alligari,</span> 
     </span>
     <span class='ocr_line' id='line_1_71' title="bbox 1353 1357 2350 1402; baseline -0.001 -12"><span class='ocrx_word' id='word_1_476' title='bbox 1353 1358 1421 1391; x_wconf 79' lang='lat' dir='ltr'>sed</span> <span class='ocrx_word' id='word_1_477' title='bbox 1431 1365 1465 1390; x_wconf 81' lang='lat' dir='ltr'>et</span> <span class='ocrx_word' id='word_1_478' title='bbox 1479 1360 1517 1390; x_wconf 77' lang='lat' dir='ltr'>iu</span> <span class='ocrx_word' id='word_1_479' title='bbox 1534 1357 1739 1390; x_wconf 78' lang='lat' dir='ltr'>Jerusalem</span> <span class='ocrx_word' id='word_1_480' title='bbox 1757 1359 1851 1389; x_wconf 88' lang='lat' dir='ltr'>mori</span> <span class='ocrx_word' id='word_1_481' title='bbox 1860 1363 2021 1402; x_wconf 74' lang='lat' dir='ltr'>paratas</span> <span class='ocrx_word' id='word_1_482' title='bbox 2034 1368 2111 1390; x_wconf 81' lang='lat' dir='ltr'>sam</span> <span class='ocrx_word' id='word_1_483' title='bbox 2117 1368 2186 1402; x_wconf 86' lang='lat' dir='ltr'>pro</span> <span class='ocrx_word' id='word_1_484' title='bbox 2199 1359 2350 1389; x_wconf 77' lang='lat' dir='ltr'>nomine</span> 
     </span>
     <span class='ocr_line' id='line_1_72' title="bbox 1353 1411 2347 1461; baseline -0.001 -12"><span class='ocrx_word' id='word_1_485' title='bbox 1353 1413 1489 1459; x_wconf 75' lang='lat' dir='ltr'>Jestt53</span> <span class='ocrx_word' id='word_1_486' title='bbox 1515 1426 1633 1461; x_wconf 78' lang='lat' dir='ltr'>neque</span> <span class='ocrx_word' id='word_1_487' title='bbox 1661 1417 1758 1447; x_wconf 82' lang='lat' dir='ltr'>enim</span> <span class='ocrx_word' id='word_1_488' title='bbox 1780 1411 1884 1459; x_wconf 84' lang='lat' dir='ltr'>facio</span> <span class='ocrx_word' id='word_1_489' title='bbox 1908 1417 2161 1460; x_wconf 72' lang='lat' dir='ltr'>pretiosiorem</span> <span class='ocrx_word' id='word_1_490' title='bbox 2182 1418 2347 1449; x_wconf 78' lang='lat' dir='ltr'>animam</span> 
     </span>
     <span class='ocr_line' id='line_1_73' title="bbox 1355 1469 2351 1521; baseline 0.001 -13"><span class='ocrx_word' id='word_1_491' title='bbox 1355 1485 1475 1508; x_wconf 83' lang='lat' dir='ltr'>meam</span> <span class='ocrx_word' id='word_1_492' title='bbox 1499 1485 1613 1519; x_wconf 79' lang='lat' dir='ltr'>quam</span> <span class='ocrx_word' id='word_1_493' title='bbox 1645 1469 1738 1506; x_wconf 79' lang='lat' dir='ltr'>me⁶.</span> <span class='ocrx_word' id='word_1_494' title='bbox 1771 1471 2045 1519; x_wconf 81' lang='lat' dir='ltr'>Jerosolymam</span> <span class='ocrx_word' id='word_1_495' title='bbox 2079 1484 2169 1521; x_wconf 84' lang='lat' dir='ltr'>ergo</span> <span class='ocrx_word' id='word_1_496' title='bbox 2190 1485 2351 1521; x_wconf 78' lang='lat' dir='ltr'>pergens</span> 
     </span>
     <span class='ocr_line' id='line_1_74' title="bbox 1355 1529 2349 1581; baseline 0.001 -14"><span class='ocrx_word' id='word_1_497' title='bbox 1355 1531 1513 1568; x_wconf 82' lang='lat' dir='ltr'>adversa</span> <span class='ocrx_word' id='word_1_498' title='bbox 1532 1530 1746 1580; x_wconf 82' lang='lat' dir='ltr'>cognoscit,</span> <span class='ocrx_word' id='word_1_499' title='bbox 1762 1537 1799 1565; x_wconf 87' lang='lat' dir='ltr'>et</span> <span class='ocrx_word' id='word_1_500' title='bbox 1817 1538 1941 1565; x_wconf 85' lang='lat' dir='ltr'>tamen</span> <span class='ocrx_word' id='word_1_501' title='bbox 1961 1529 2031 1566; x_wconf 78' lang='lat' dir='ltr'>lioc</span> <span class='ocrx_word' id='word_1_502' title='bbox 2052 1529 2214 1567; x_wconf 83' lang='lat' dir='ltr'>libenter</span> <span class='ocrx_word' id='word_1_503' title='bbox 2231 1544 2349 1581; x_wconf 90' lang='lat' dir='ltr'>appe-</span> 
     </span>
     <span class='ocr_line' id='line_1_75' title="bbox 1358 1588 2352 1638; baseline 0.001 -12"><span class='ocrx_word' id='word_1_504' title='bbox 1358 1591 1400 1626; x_wconf 91' lang='lat' dir='ltr'>tit</span> <span class='ocrx_word' id='word_1_505' title='bbox 1421 1604 1429 1626; x_wconf 79' lang='lat' dir='ltr'><em>z</em></span> <span class='ocrx_word' id='word_1_506' title='bbox 1460 1589 1566 1626; x_wconf 86' lang='lat' dir='ltr'>audit</span> <span class='ocrx_word' id='word_1_507' title='bbox 1593 1588 1696 1638; x_wconf 84' lang='lat' dir='ltr'>quod</span> <span class='ocrx_word' id='word_1_508' title='bbox 1729 1589 1877 1634; x_wconf 85' lang='lat' dir='ltr'>timeat,</span> <span class='ocrx_word' id='word_1_509' title='bbox 1906 1588 1973 1625; x_wconf 88' lang='lat' dir='ltr'>sed</span> <span class='ocrx_word' id='word_1_510' title='bbox 1995 1589 2042 1625; x_wconf 89' lang='lat' dir='ltr'>ad</span> <span class='ocrx_word' id='word_1_511' title='bbox 2063 1589 2135 1626; x_wconf 90' lang='lat' dir='ltr'>hoc</span> <span class='ocrx_word' id='word_1_512' title='bbox 2158 1590 2352 1627; x_wconf 85' lang='lat' dir='ltr'>ardentius</span> 
     </span>
     <span class='ocr_line' id='line_1_76' title="bbox 1355 1647 2349 1698; baseline -0.001 -12"><span class='ocrx_word' id='word_1_513' title='bbox 1355 1649 1518 1686; x_wconf 84' lang='lat' dir='ltr'>anhelat.</span> <span class='ocrx_word' id='word_1_514' title='bbox 1550 1652 1699 1697; x_wconf 84' lang='lat' dir='ltr'>Moyses</span> <span class='ocrx_word' id='word_1_515' title='bbox 1722 1648 1848 1696; x_wconf 86' lang='lat' dir='ltr'>itaque</span> <span class='ocrx_word' id='word_1_516' title='bbox 1877 1647 1923 1683; x_wconf 88' lang='lat' dir='ltr'>ad</span> <span class='ocrx_word' id='word_1_517' title='bbox 1942 1660 2121 1698; x_wconf 88' lang='lat' dir='ltr'>prospera</span> <span class='ocrx_word' id='word_1_518' title='bbox 2141 1648 2188 1686; x_wconf 88' lang='lat' dir='ltr'>de</span> <span class='ocrx_word' id='word_1_519' title='bbox 2206 1662 2275 1685; x_wconf 92' lang='lat' dir='ltr'>suo</span> <span class='ocrx_word' id='word_1_520' title='bbox 2298 1650 2349 1685; x_wconf 90' lang='lat' dir='ltr'>nil</span> 
     </span>
     <span class='ocr_line' id='line_1_77' title="bbox 1355 1707 2350 1757; baseline -0.001 -11"><span class='ocrx_word' id='word_1_521' title='bbox 1355 1708 1491 1755; x_wconf 84' lang='lat' dir='ltr'>habet,</span> <span class='ocrx_word' id='word_1_522' title='bbox 1515 1708 1603 1757; x_wconf 87' lang='lat' dir='ltr'>quia</span> <span class='ocrx_word' id='word_1_523' title='bbox 1633 1707 1811 1757; x_wconf 88' lang='lat' dir='ltr'>precibus</span> <span class='ocrx_word' id='word_1_524' title='bbox 1841 1707 2030 1752; x_wconf 88' lang='lat' dir='ltr'>renititur,</span> <span class='ocrx_word' id='word_1_525' title='bbox 2062 1721 2109 1744; x_wconf 88' lang='lat' dir='ltr'>ne</span> <span class='ocrx_word' id='word_1_526' title='bbox 2136 1709 2350 1745; x_wconf 81' lang='lat' dir='ltr'>Israeliticae</span> 
     </span>
     <span class='ocr_line' id='line_1_78' title="bbox 1355 1765 2347 1819; baseline -0.001 -15"><span class='ocrx_word' id='word_1_527' title='bbox 1355 1767 1456 1819; x_wconf 89' lang='lat' dir='ltr'>plebi</span> <span class='ocrx_word' id='word_1_528' title='bbox 1486 1768 1707 1817; x_wconf 79' lang='lat' dir='ltr'>praeferatur</span> <span class='ocrx_word' id='word_1_529' title='bbox 1729 1781 1736 1803; x_wconf 92' lang='lat'>:</span> <span class='ocrx_word' id='word_1_530' title='bbox 1761 1767 1898 1803; x_wconf 90' lang='lat' dir='ltr'>Paulus</span> <span class='ocrx_word' id='word_1_531' title='bbox 1917 1765 1963 1802; x_wconf 89' lang='lat' dir='ltr'>ad</span> <span class='ocrx_word' id='word_1_532' title='bbox 1990 1766 2146 1803; x_wconf 76' lang='lat' dir='ltr'>adversa</span> <span class='ocrx_word' id='word_1_533' title='bbox 2167 1767 2277 1804; x_wconf 90' lang='lat' dir='ltr'>etiam</span> <span class='ocrx_word' id='word_1_534' title='bbox 2301 1781 2347 1804; x_wconf 84' lang='lat' dir='ltr'>ex</span> 
     </span>
    </p>
   </div>
   <div class='ocr_carea' id='block_1_13' title="bbox 1029 1825 2347 1874">
    <p class='ocr_par' dir='ltr' id='par_1_15' title="bbox 1029 1825 2347 1874">
     <span class='ocr_line' id='line_1_79' title="bbox 1029 1825 2347 1874; baseline 0 -11"><span class='ocrx_word' id='word_1_535' title='bbox 1029 1835 1067 1863; x_wconf 92' lang='lat' dir='ltr'>et</span> <span class='ocrx_word' id='word_1_536' title='bbox 1098 1826 1158 1862; x_wconf 83' lang='lat' dir='ltr'>hic</span> <span class='ocrx_word' id='word_1_537' title='bbox 1187 1827 1290 1864; x_wconf 89' lang='lat' dir='ltr'>solus</span> <span class='ocrx_word' id='word_1_538' title='bbox 1308 1830 1334 1867; x_wconf 96' lang='lat' dir='ltr'>C</span> <span class='ocrx_word' id='word_1_539' title='bbox 1353 1841 1421 1865; x_wconf 91' lang='lat' dir='ltr'>suo</span> <span class='ocrx_word' id='word_1_540' title='bbox 1433 1836 1522 1864; x_wconf 92' lang='lat' dir='ltr'>voto</span> <span class='ocrx_word' id='word_1_541' title='bbox 1536 1826 1754 1870; x_wconf 87' lang='lat' dir='ltr'>deducitur,</span> <span class='ocrx_word' id='word_1_542' title='bbox 1768 1826 1856 1874; x_wconf 88' lang='lat' dir='ltr'>quia</span> <span class='ocrx_word' id='word_1_543' title='bbox 1869 1825 2051 1861; x_wconf 87' lang='lat' dir='ltr'>malorum</span> <span class='ocrx_word' id='word_1_544' title='bbox 2068 1826 2347 1863; x_wconf 87' lang='lat' dir='ltr'>imminentium</span> 
     </span>
    </p>
   </div>
   <div class='ocr_carea' id='block_1_14' title="bbox 1350 1885 2350 2583">
    <p class='ocr_par' dir='ltr' id='par_1_16' title="bbox 1350 1885 2350 2396">
     <span class='ocr_line' id='line_1_80' title="bbox 1353 1885 2348 1936; baseline -0.002 -12"><span class='ocrx_word' id='word_1_545' title='bbox 1353 1887 1607 1936; x_wconf 82' lang='lat' dir='ltr'>cognitionem</span> <span class='ocrx_word' id='word_1_546' title='bbox 1638 1885 1822 1936; x_wconf 85' lang='lat' dir='ltr'>percipit,</span> <span class='ocrx_word' id='word_1_547' title='bbox 1856 1885 1920 1921; x_wconf 91' lang='lat' dir='ltr'>sed</span> <span class='ocrx_word' id='word_1_548' title='bbox 1959 1885 2165 1922; x_wconf 86' lang='lat' dir='ltr'>devotione</span> <span class='ocrx_word' id='word_1_549' title='bbox 2195 1886 2348 1936; x_wconf 89' lang='lat' dir='ltr'>spiritus</span> 
     </span>
     <span class='ocr_line' id='line_1_81' title="bbox 1353 1944 2349 1994; baseline -0.002 -11"><span class='ocrx_word' id='word_1_550' title='bbox 1353 1947 1464 1983; x_wconf 90' lang='lat' dir='ltr'>etiam</span> <span class='ocrx_word' id='word_1_551' title='bbox 1496 1945 1543 1982; x_wconf 89' lang='lat' dir='ltr'>ad</span> <span class='ocrx_word' id='word_1_552' title='bbox 1568 1945 1712 1981; x_wconf 84' lang='lat' dir='ltr'>acriora</span> <span class='ocrx_word' id='word_1_553' title='bbox 1734 1944 1919 1981; x_wconf 88' lang='lat' dir='ltr'>fervescit.</span> <span class='ocrx_word' id='word_1_554' title='bbox 1938 1945 2005 1980; x_wconf 90' lang='lat' dir='ltr'>Ille</span> <span class='ocrx_word' id='word_1_555' title='bbox 2025 1945 2223 1994; x_wconf 78' lang='lat' dir='ltr'>praesentis</span> <span class='ocrx_word' id='word_1_556' title='bbox 2243 1954 2349 1994; x_wconf 86' lang='lat' dir='ltr'>pote-</span> 
     </span>
     <span class='ocr_line' id='line_1_82' title="bbox 1353 2003 2347 2054; baseline -0.001 -12"><span class='ocrx_word' id='word_1_557' title='bbox 1353 2005 1458 2042; x_wconf 90' lang='lat' dir='ltr'>statis</span> <span class='ocrx_word' id='word_1_558' title='bbox 1474 2004 1630 2054; x_wconf 85' lang='lat' dir='ltr'>gloriam</span> <span class='ocrx_word' id='word_1_559' title='bbox 1644 2003 1807 2039; x_wconf 91' lang='lat' dir='ltr'>Domino</span> <span class='ocrx_word' id='word_1_560' title='bbox 1821 2003 1942 2038; x_wconf 82' lang='lat' dir='ltr'>voluit</span> <span class='ocrx_word' id='word_1_561' title='bbox 1958 2003 2117 2051; x_wconf 78' lang='lat' dir='ltr'>jubente</span> <span class='ocrx_word' id='word_1_562' title='bbox 2137 2003 2347 2051; x_wconf 80' lang='lat' dir='ltr'>declinare3</span> 
     </span>
     <span class='ocr_line' id='line_1_83' title="bbox 1353 2062 2349 2113; baseline -0.001 -12"><span class='ocrx_word' id='word_1_563' title='bbox 1353 2065 1422 2101; x_wconf 88' lang='lat' dir='ltr'>iste</span> <span class='ocrx_word' id='word_1_564' title='bbox 1440 2063 1604 2100; x_wconf 90' lang='lat' dir='ltr'>Domino</span> <span class='ocrx_word' id='word_1_565' title='bbox 1624 2062 1849 2111; x_wconf 87' lang='lat' dir='ltr'>disponente</span> <span class='ocrx_word' id='word_1_566' title='bbox 1864 2075 1932 2111; x_wconf 90' lang='lat' dir='ltr'>per</span> <span class='ocrx_word' id='word_1_567' title='bbox 1953 2062 2046 2099; x_wconf 86' lang='lat' dir='ltr'>dura</span> <span class='ocrx_word' id='word_1_568' title='bbox 2063 2071 2099 2099; x_wconf 90' lang='lat' dir='ltr'>et</span> <span class='ocrx_word' id='word_1_569' title='bbox 2118 2076 2250 2113; x_wconf 88' lang='lat' dir='ltr'>aspera</span> <span class='ocrx_word' id='word_1_570' title='bbox 2269 2072 2349 2100; x_wconf 93' lang='lat' dir='ltr'>stu—</span> 
     </span>
     <span class='ocr_line' id='line_1_84' title="bbox 1351 2122 2347 2172; baseline -0.001 -12"><span class='ocrx_word' id='word_1_571' title='bbox 1351 2123 1434 2160; x_wconf 87' lang='lat' dir='ltr'>duit</span> <span class='ocrx_word' id='word_1_572' title='bbox 1459 2122 1506 2159; x_wconf 91' lang='lat' dir='ltr'>ad</span> <span class='ocrx_word' id='word_1_573' title='bbox 1528 2122 1700 2171; x_wconf 80' lang='lat' dir='ltr'>graviora</span> <span class='ocrx_word' id='word_1_574' title='bbox 1727 2134 1944 2170; x_wconf 62' lang='lat' dir='ltr'>properare.</span> <span class='ocrx_word' id='word_1_575' title='bbox 1974 2123 2226 2159; x_wconf 84' lang='lat' dir='ltr'>Praeeuntium</span> <span class='ocrx_word' id='word_1_576' title='bbox 2257 2135 2347 2172; x_wconf 81' lang='lat' dir='ltr'>ergo</span> 
     </span>
     <span class='ocr_line' id='line_1_85' title="bbox 1350 2181 2350 2230; baseline -0.001 -11"><span class='ocrx_word' id='word_1_577' title='bbox 1350 2184 1520 2219; x_wconf 79' lang='lat' dir='ltr'>virorum</span> <span class='ocrx_word' id='word_1_578' title='bbox 1541 2181 1716 2230; x_wconf 87' lang='lat' dir='ltr'>exemplo</span> <span class='ocrx_word' id='word_1_579' title='bbox 1736 2181 1960 2217; x_wconf 87' lang='lat' dir='ltr'>instruimur</span> <span class='ocrx_word' id='word_1_580' title='bbox 1976 2181 2130 2228; x_wconf 87' lang='lat' dir='ltr'>utiliter,</span> <span class='ocrx_word' id='word_1_581' title='bbox 2151 2190 2193 2218; x_wconf 92' lang='lat' dir='ltr'>ut</span> <span class='ocrx_word' id='word_1_582' title='bbox 2213 2182 2241 2218; x_wconf 92' lang='lat' dir='ltr'>si</span> <span class='ocrx_word' id='word_1_583' title='bbox 2260 2181 2350 2218; x_wconf 89' lang='lat' dir='ltr'>obe-</span> 
     </span>
     <span class='ocr_line' id='line_1_86' title="bbox 1351 2240 2346 2290; baseline -0.003 -11"><span class='ocrx_word' id='word_1_584' title='bbox 1351 2242 1501 2279; x_wconf 88' lang='lat' dir='ltr'>dientiae</span> <span class='ocrx_word' id='word_1_585' title='bbox 1532 2241 1694 2290; x_wconf 89' lang='lat' dir='ltr'>palmam</span> <span class='ocrx_word' id='word_1_586' title='bbox 1722 2240 2008 2289; x_wconf 88' lang='lat' dir='ltr'>apprehendere</span> <span class='ocrx_word' id='word_1_587' title='bbox 2036 2240 2221 2276; x_wconf 86' lang='lat' dir='ltr'>veraciter</span> <span class='ocrx_word' id='word_1_588' title='bbox 2254 2241 2346 2276; x_wconf 91' lang='lat' dir='ltr'>niti-</span> 
     </span>
     <span class='ocr_line' id='line_1_87' title="bbox 1352 2297 2347 2350; baseline -0.005 -11"><span class='ocrx_word' id='word_1_589' title='bbox 1352 2315 1450 2346; x_wconf 88' lang='lat' dir='ltr'>mur,</span> <span class='ocrx_word' id='word_1_590' title='bbox 1476 2300 1668 2350; x_wconf 88' lang='lat' dir='ltr'>prosperis</span> <span class='ocrx_word' id='word_1_591' title='bbox 1695 2298 1807 2347; x_wconf 88' lang='lat' dir='ltr'>hujus</span> <span class='ocrx_word' id='word_1_592' title='bbox 1832 2299 1956 2334; x_wconf 72' lang='lat' dir='ltr'>saeculi</span> <span class='ocrx_word' id='word_1_593' title='bbox 1984 2311 2031 2335; x_wconf 83' lang='lat' dir='ltr'>ex</span> <span class='ocrx_word' id='word_1_594' title='bbox 2057 2299 2136 2335; x_wconf 89' lang='lat' dir='ltr'>sola</span> <span class='ocrx_word' id='word_1_595' title='bbox 2153 2297 2347 2347; x_wconf 84' lang='lat' dir='ltr'>jussione,</span> 
     </span>
     <span class='ocr_line' id='line_1_88' title="bbox 1351 2358 2189 2396; baseline -0.002 0"><span class='ocrx_word' id='word_1_596' title='bbox 1351 2360 1518 2396; x_wconf 87' lang='lat' dir='ltr'>adversis</span> <span class='ocrx_word' id='word_1_597' title='bbox 1537 2367 1661 2395; x_wconf 88' lang='lat' dir='ltr'>autem</span> <span class='ocrx_word' id='word_1_598' title='bbox 1679 2370 1724 2393; x_wconf 79' lang='lat' dir='ltr'>ex</span> <span class='ocrx_word' id='word_1_599' title='bbox 1749 2358 1951 2394; x_wconf 80' lang='lat' dir='ltr'>devotione</span> <span class='ocrx_word' id='word_1_600' title='bbox 1975 2358 2189 2394; x_wconf 88' lang='lat' dir='ltr'>militemus.</span> 
     </span>
    </p>

    <p class='ocr_par' dir='ltr' id='par_1_17' title="bbox 1352 2416 2349 2583">
     <span class='ocr_line' id='line_1_89' title="bbox 1405 2416 2349 2465; baseline -0.002 -11"><span class='ocrx_word' id='word_1_601' title='bbox 1405 2418 1466 2454; x_wconf 70' lang='lat'>24.</span> <span class='ocrx_word' id='word_1_602' title='bbox 1490 2421 1536 2453; x_wconf 90' lang='lat' dir='ltr'>Et</span> <span class='ocrx_word' id='word_1_603' title='bbox 1556 2416 1764 2452; x_wconf 89' lang='lat' dir='ltr'>notandum</span> <span class='ocrx_word' id='word_1_604' title='bbox 1787 2417 1889 2465; x_wconf 88' lang='lat' dir='ltr'>quod</span> <span class='ocrx_word' id='word_1_605' title='bbox 1916 2428 2097 2465; x_wconf 88' lang='lat' dir='ltr'>quantum</span> <span class='ocrx_word' id='word_1_606' title='bbox 2119 2430 2164 2452; x_wconf 87' lang='lat' dir='ltr'>ex</span> <span class='ocrx_word' id='word_1_607' title='bbox 2184 2417 2349 2453; x_wconf 87' lang='lat' dir='ltr'>humana</span> 
     </span>
     <span class='ocr_line' id='line_1_90' title="bbox 1353 2475 2346 2525; baseline -0.002 -12"><span class='ocrx_word' id='word_1_608' title='bbox 1353 2477 1497 2513; x_wconf 88' lang='lat' dir='ltr'>ratione</span> <span class='ocrx_word' id='word_1_609' title='bbox 1517 2475 1640 2523; x_wconf 79' lang='lat' dir='ltr'>colligi</span> <span class='ocrx_word' id='word_1_610' title='bbox 1671 2483 1815 2523; x_wconf 90' lang='lat' dir='ltr'>potest,</span> <span class='ocrx_word' id='word_1_611' title='bbox 1835 2475 1930 2511; x_wconf 86' lang='lat' dir='ltr'>sicut</span> <span class='ocrx_word' id='word_1_612' title='bbox 1961 2475 2062 2511; x_wconf 88' lang='lat' dir='ltr'>nulla</span> <span class='ocrx_word' id='word_1_613' title='bbox 2091 2475 2185 2512; x_wconf 90' lang='lat' dir='ltr'>mala</span> <span class='ocrx_word' id='word_1_614' title='bbox 2206 2488 2226 2512; x_wconf 92' lang='lat' dir='ltr'>a</span> <span class='ocrx_word' id='word_1_615' title='bbox 2245 2489 2346 2525; x_wconf 78' lang='lat' dir='ltr'>prae-</span> 
     </span>
     <span class='ocr_line' id='line_1_91' title="bbox 1352 2532 2346 2583; baseline -0.001 -12"><span class='ocrx_word' id='word_1_616' title='bbox 1352 2535 1434 2571; x_wconf 90' lang='lat' dir='ltr'>latis</span> <span class='ocrx_word' id='word_1_617' title='bbox 1452 2548 1497 2571; x_wconf 80' lang='lat' dir='ltr'>ex</span> <span class='ocrx_word' id='word_1_618' title='bbox 1518 2541 1709 2583; x_wconf 73' lang='lat' dir='ltr'>pra‘cepto</span> <span class='ocrx_word' id='word_1_619' title='bbox 1730 2532 1874 2581; x_wconf 74' lang='lat' dir='ltr'>injungi</span> <span class='ocrx_word' id='word_1_620' title='bbox 1892 2533 2048 2578; x_wconf 89' lang='lat' dir='ltr'>debent,</span> <span class='ocrx_word' id='word_1_621' title='bbox 2067 2534 2118 2569; x_wconf 88' lang='lat' dir='ltr'>sic</span> <span class='ocrx_word' id='word_1_622' title='bbox 2134 2547 2203 2570; x_wconf 88' lang='lat' dir='ltr'>nec</span> <span class='ocrx_word' id='word_1_623' title='bbox 2220 2535 2346 2570; x_wconf 86' lang='lat' dir='ltr'>onmia</span> 
     </span>
    </p>
   </div>
   <div class='ocr_carea' id='block_1_15' title="bbox 1304 2592 2348 2642">
    <p class='ocr_par' dir='ltr' id='par_1_18' title="bbox 1304 2592 2348 2642">
     <span class='ocr_line' id='line_1_92' title="bbox 1304 2592 2348 2642; baseline -0.001 -11"><span class='ocrx_word' id='word_1_624' title='bbox 1304 2599 1336 2632; x_wconf 94' lang='lat' dir='ltr'>D</span> <span class='ocrx_word' id='word_1_625' title='bbox 1355 2593 1473 2639; x_wconf 89' lang='lat' dir='ltr'>bona,</span> <span class='ocrx_word' id='word_1_626' title='bbox 1503 2593 1566 2629; x_wconf 83' lang='lat' dir='ltr'>sed</span> <span class='ocrx_word' id='word_1_627' title='bbox 1599 2592 1721 2628; x_wconf 89' lang='lat' dir='ltr'>media</span> <span class='ocrx_word' id='word_1_628' title='bbox 1753 2592 1873 2638; x_wconf 86' lang='lat' dir='ltr'>hona,</span> <span class='ocrx_word' id='word_1_629' title='bbox 1902 2605 1986 2642; x_wconf 86' lang='lat' dir='ltr'>quae</span> <span class='ocrx_word' id='word_1_630' title='bbox 2008 2593 2114 2642; x_wconf 87' lang='lat' dir='ltr'>quasi</span> <span class='ocrx_word' id='word_1_631' title='bbox 2143 2606 2190 2629; x_wconf 85' lang='lat' dir='ltr'>ex</span> <span class='ocrx_word' id='word_1_632' title='bbox 2219 2602 2348 2630; x_wconf 87' lang='lat' dir='ltr'>nostra</span> 
     </span>
    </p>
   </div>
   <div class='ocr_carea' id='block_1_16' title="bbox 1351 2651 2348 3175">
    <p class='ocr_par' dir='ltr' id='par_1_19' title="bbox 1351 2651 2348 3175">
     <span class='ocr_line' id='line_1_93' title="bbox 1351 2651 2348 2703; baseline 0 -15"><span class='ocrx_word' id='word_1_633' title='bbox 1351 2661 1533 2703; x_wconf 88' lang='lat' dir='ltr'>potestate</span> <span class='ocrx_word' id='word_1_634' title='bbox 1548 2651 1656 2688; x_wconf 90' lang='lat' dir='ltr'>nobis</span> <span class='ocrx_word' id='word_1_635' title='bbox 1671 2665 1689 2687; x_wconf 89' lang='lat' dir='ltr'>a</span> <span class='ocrx_word' id='word_1_636' title='bbox 1705 2652 1869 2688; x_wconf 90' lang='lat' dir='ltr'>Domino</span> <span class='ocrx_word' id='word_1_637' title='bbox 1885 2651 1970 2687; x_wconf 88' lang='lat' dir='ltr'>data</span> <span class='ocrx_word' id='word_1_638' title='bbox 1985 2659 2090 2697; x_wconf 88' lang='lat' dir='ltr'>sunt,</span> <span class='ocrx_word' id='word_1_639' title='bbox 2106 2651 2214 2688; x_wconf 82' lang='lat' dir='ltr'>verbi</span> <span class='ocrx_word' id='word_1_640' title='bbox 2230 2652 2348 2701; x_wconf 84' lang='lat' dir='ltr'>gratia</span> 
     </span>
     <span class='ocr_line' id='line_1_94' title="bbox 1352 2710 2346 2761; baseline -0.002 -12"><span class='ocrx_word' id='word_1_641' title='bbox 1352 2721 1393 2749; x_wconf 90' lang='lat' dir='ltr'>ut</span> <span class='ocrx_word' id='word_1_642' title='bbox 1426 2713 1571 2761; x_wconf 79' lang='lat' dir='ltr'>legere,</span> <span class='ocrx_word' id='word_1_643' title='bbox 1608 2710 1792 2756; x_wconf 86' lang='lat' dir='ltr'>scribere,</span> <span class='ocrx_word' id='word_1_644' title='bbox 1828 2711 1955 2760; x_wconf 90' lang='lat' dir='ltr'>loqui,</span> <span class='ocrx_word' id='word_1_645' title='bbox 1988 2711 2118 2757; x_wconf 89' lang='lat' dir='ltr'>silere,</span> <span class='ocrx_word' id='word_1_646' title='bbox 2151 2710 2346 2756; x_wconf 88' lang='lat' dir='ltr'>laborare,</span> 
     </span>
     <span class='ocr_line' id='line_1_95' title="bbox 1353 2769 2347 2818; baseline -0.002 -11"><span class='ocrx_word' id='word_1_647' title='bbox 1353 2783 1515 2815; x_wconf 88' lang='lat' dir='ltr'>cessare,</span> <span class='ocrx_word' id='word_1_648' title='bbox 1548 2778 1585 2805; x_wconf 83' lang='lat' dir='ltr'>et</span> <span class='ocrx_word' id='word_1_649' title='bbox 1616 2770 1836 2806; x_wconf 87' lang='lat' dir='ltr'>consimilia.</span> <span class='ocrx_word' id='word_1_650' title='bbox 1873 2769 1964 2815; x_wconf 87' lang='lat' dir='ltr'>Sed,</span> <span class='ocrx_word' id='word_1_651' title='bbox 1999 2770 2094 2806; x_wconf 89' lang='lat' dir='ltr'>sicut</span> <span class='ocrx_word' id='word_1_652' title='bbox 2125 2769 2347 2818; x_wconf 87' lang='lat' dir='ltr'>praedictum</span> 
     </span>
     <span class='ocr_line' id='line_1_96' title="bbox 1353 2828 2348 2878; baseline -0.001 -13"><span class='ocrx_word' id='word_1_653' title='bbox 1353 2838 1427 2873; x_wconf 84' lang='lat' dir='ltr'>est,</span> <span class='ocrx_word' id='word_1_654' title='bbox 1461 2842 1538 2865; x_wconf 91' lang='lat' dir='ltr'>non</span> <span class='ocrx_word' id='word_1_655' title='bbox 1568 2829 1695 2864; x_wconf 90' lang='lat' dir='ltr'>omnia</span> <span class='ocrx_word' id='word_1_656' title='bbox 1724 2828 1822 2865; x_wconf 89' lang='lat' dir='ltr'>bona</span> <span class='ocrx_word' id='word_1_657' title='bbox 1854 2828 2108 2878; x_wconf 74' lang='lat' dir='ltr'>praecipienda</span> <span class='ocrx_word' id='word_1_658' title='bbox 2136 2837 2235 2864; x_wconf 85' lang='lat' dir='ltr'>sunt.</span> <span class='ocrx_word' id='word_1_659' title='bbox 2257 2829 2348 2876; x_wconf 88' lang='lat' dir='ltr'>Quis</span> 
     </span>
     <span class='ocr_line' id='line_1_97' title="bbox 1353 2887 2346 2937; baseline -0.002 -12"><span class='ocrx_word' id='word_1_660' title='bbox 1353 2889 1452 2925; x_wconf 88' lang='lat' dir='ltr'>enim</span> <span class='ocrx_word' id='word_1_661' title='bbox 1474 2888 1608 2924; x_wconf 87' lang='lat' dir='ltr'>audeat</span> <span class='ocrx_word' id='word_1_662' title='bbox 1629 2901 1697 2937; x_wconf 88' lang='lat' dir='ltr'>per</span> <span class='ocrx_word' id='word_1_663' title='bbox 1719 2888 1972 2924; x_wconf 90' lang='lat' dir='ltr'>obedientiam</span> <span class='ocrx_word' id='word_1_664' title='bbox 2002 2887 2198 2936; x_wconf 84' lang='lat' dir='ltr'>injungere</span> <span class='ocrx_word' id='word_1_665' title='bbox 2218 2888 2346 2924; x_wconf 88' lang='lat' dir='ltr'>omnia</span> 
     </span>
     <span class='ocr_line' id='line_1_98' title="bbox 1354 2946 2346 2996; baseline 0 -13"><span class='ocrx_word' id='word_1_666' title='bbox 1354 2948 1586 2996; x_wconf 87' lang='lat' dir='ltr'>relinquere,</span> <span class='ocrx_word' id='word_1_667' title='bbox 1619 2947 1845 2995; x_wconf 78' lang='lat' dir='ltr'>virginitatis</span> <span class='ocrx_word' id='word_1_668' title='bbox 1875 2955 2025 2992; x_wconf 65' lang='lat' dir='ltr'>votum,</span> <span class='ocrx_word' id='word_1_669' title='bbox 2062 2947 2100 2982; x_wconf 92' lang='lat' dir='ltr'>in</span> <span class='ocrx_word' id='word_1_670' title='bbox 2133 2946 2346 2995; x_wconf 80' lang='lat' dir='ltr'>virginitate</span> 
     </span>
     <span class='ocr_line' id='line_1_99' title="bbox 1354 3006 2346 3055; baseline -0.001 -12"><span class='ocrx_word' id='word_1_671' title='bbox 1354 3020 1525 3051; x_wconf 86' lang='lat' dir='ltr'>manere,</span> <span class='ocrx_word' id='word_1_672' title='bbox 1545 3006 1737 3042; x_wconf 89' lang='lat' dir='ltr'>inimicum</span> <span class='ocrx_word' id='word_1_673' title='bbox 1755 3006 1926 3054; x_wconf 74' lang='lat' dir='ltr'>diligere,</span> <span class='ocrx_word' id='word_1_674' title='bbox 1948 3006 2043 3042; x_wconf 91' lang='lat' dir='ltr'>mori</span> <span class='ocrx_word' id='word_1_675' title='bbox 2060 3019 2131 3055; x_wconf 94' lang='lat' dir='ltr'>pro</span> <span class='ocrx_word' id='word_1_676' title='bbox 2145 3006 2346 3054; x_wconf 78' lang='lat' dir='ltr'>proximo?</span> 
     </span>
     <span class='ocr_line' id='line_1_100' title="bbox 1355 3064 2345 3116; baseline -0.003 -14"><span class='ocrx_word' id='word_1_677' title='bbox 1355 3079 1568 3116; x_wconf 89' lang='lat' dir='ltr'>quanquam</span> <span class='ocrx_word' id='word_1_678' title='bbox 1602 3065 1631 3102; x_wconf 93' lang='lat' dir='ltr'>si</span> <span class='ocrx_word' id='word_1_679' title='bbox 1663 3065 1747 3114; x_wconf 91' lang='lat' dir='ltr'>quis</span> <span class='ocrx_word' id='word_1_680' title='bbox 1778 3064 1912 3101; x_wconf 84' lang='lat' dir='ltr'>habeat</span> <span class='ocrx_word' id='word_1_681' title='bbox 1938 3065 2048 3101; x_wconf 77' lang='lat' dir='ltr'>fidem</span> <span class='ocrx_word' id='word_1_682' title='bbox 2071 3064 2168 3100; x_wconf 83' lang='lat' dir='ltr'>sicut</span> <span class='ocrx_word' id='word_1_683' title='bbox 2188 3077 2345 3112; x_wconf 80' lang='lat' dir='ltr'>granum</span> 
     </span>
     <span class='ocr_line' id='line_1_101' title="bbox 1356 3122 2348 3175; baseline -0.005 -12"><span class='ocrx_word' id='word_1_684' title='bbox 1356 3125 1515 3175; x_wconf 89' lang='lat' dir='ltr'>sinapis,</span> <span class='ocrx_word' id='word_1_685' title='bbox 1535 3124 1654 3175; x_wconf 86' lang='lat' dir='ltr'>possit</span> <span class='ocrx_word' id='word_1_686' title='bbox 1674 3137 1716 3160; x_wconf 89' lang='lat' dir='ltr'>ac.</span> <span class='ocrx_word' id='word_1_687' title='bbox 1733 3123 1867 3160; x_wconf 79' lang='lat' dir='ltr'>debeat</span> <span class='ocrx_word' id='word_1_688' title='bbox 1885 3124 1996 3160; x_wconf 91' lang='lat' dir='ltr'>etiam</span> <span class='ocrx_word' id='word_1_689' title='bbox 2015 3122 2185 3172; x_wconf 87' lang='lat' dir='ltr'>amplecti</span> <span class='ocrx_word' id='word_1_690' title='bbox 2203 3135 2245 3158; x_wconf 89' lang='lat' dir='ltr'>ea</span> <span class='ocrx_word' id='word_1_691' title='bbox 2265 3134 2348 3171; x_wconf 83' lang='lat' dir='ltr'>quae</span> 
     </span>
    </p>
   </div>
   <div class='ocr_carea' id='block_1_17' title="bbox 351 3253 2345 3302">
    <p class='ocr_par' dir='ltr' id='par_1_20' title="bbox 351 3253 2345 3302">
     <span class='ocr_line' id='line_1_102' title="bbox 351 3253 2345 3302; baseline -0.005 -9"><span class='ocrx_word' id='word_1_692' title='bbox 351 3270 356 3283; x_wconf 91' lang='lat'><em>¹</em></span> <span class='ocrx_word' id='word_1_693' title='bbox 376 3262 436 3293; x_wconf 75' lang='lat' dir='ltr'>Jol»</span> <span class='ocrx_word' id='word_1_694' title='bbox 455 3273 521 3291; x_wconf 67' lang='lat' dir='ltr'>xiii</span> <span class='ocrx_word' id='word_1_695' title='bbox 538 3287 545 3296; x_wconf 75' lang='grc'>,</span> <span class='ocrx_word' id='word_1_696' title='bbox 575 3265 626 3292; x_wconf 93' lang='grc'><em>11.</em></span> <span class='ocrx_word' id='word_1_697' title='bbox 656 3280 697 3285; x_wconf 91' lang='grc'><strong>-</strong></span> <span class='ocrx_word' id='word_1_698' title='bbox 729 3267 739 3282; x_wconf 84' lang='lat'>²</span> <span class='ocrx_word' id='word_1_699' title='bbox 763 3264 842 3291; x_wconf 75' lang='lat' dir='ltr'>Cen.</span> <span class='ocrx_word' id='word_1_700' title='bbox 863 3271 884 3290; x_wconf 85' lang='lat' dir='ltr'>u</span> <span class='ocrx_word' id='word_1_701' title='bbox 899 3284 908 3298; x_wconf 91' lang='lat'>,</span> <span class='ocrx_word' id='word_1_702' title='bbox 929 3264 965 3290; x_wconf 76' lang='lat'>10</span> <span class='ocrx_word' id='word_1_703' title='bbox 980 3284 987 3297; x_wconf 94' lang='lat'>,</span> <span class='ocrx_word' id='word_1_704' title='bbox 1009 3263 1060 3291; x_wconf 85' lang='lat'>17.</span> <span class='ocrx_word' id='word_1_705' title='bbox 1077 3279 1119 3283; x_wconf 88' lang='lat'>--</span> <span class='ocrx_word' id='word_1_706' title='bbox 1146 3259 1159 3282; x_wconf 85' lang='lat'><strong>3</strong></span> <span class='ocrx_word' id='word_1_707' title='bbox 1180 3263 1297 3302; x_wconf 86' lang='lat' dir='ltr'>Supra,</span> <span class='ocrx_word' id='word_1_708' title='bbox 1317 3270 1402 3290; x_wconf 89' lang='lat' dir='ltr'>num.</span> <span class='ocrx_word' id='word_1_709' title='bbox 1426 3263 1480 3290; x_wconf 79' lang='lat'>20.</span> <span class='ocrx_word' id='word_1_710' title='bbox 1497 3278 1538 3282; x_wconf 86' lang='lat'>-</span> <span class='ocrx_word' id='word_1_711' title='bbox 1565 3258 1579 3284; x_wconf 72' lang='grc'>4</span> <span class='ocrx_word' id='word_1_712' title='bbox 1603 3257 1702 3288; x_wconf 78' lang='lat' dir='ltr'>Exod.</span> <span class='ocrx_word' id='word_1_713' title='bbox 1726 3260 1849 3294; x_wconf 78' lang='grc' dir='ltr'>ιν,1(),</span> <span class='ocrx_word' id='word_1_714' title='bbox 1876 3259 1924 3286; x_wconf 71' lang='grc'>13.</span> <span class='ocrx_word' id='word_1_715' title='bbox 1951 3273 1991 3278; x_wconf 82' lang='grc'>--</span> <span class='ocrx_word' id='word_1_716' title='bbox 2013 3253 2024 3275; x_wconf 74' lang='lat'>&#39;³</span> <span class='ocrx_word' id='word_1_717' title='bbox 2046 3259 2114 3286; x_wconf 76' lang='lat' dir='ltr'>Act.</span> <span class='ocrx_word' id='word_1_718' title='bbox 2133 3265 2205 3290; x_wconf 81' lang='lat' dir='ltr'>xxi,</span> <span class='ocrx_word' id='word_1_719' title='bbox 2235 3257 2285 3284; x_wconf 74' lang='grc'>13.</span> <span class='ocrx_word' id='word_1_720' title='bbox 2303 3273 2345 3276; x_wconf 61' lang='grc'>»-</span> 
     </span>
    </p>
   </div>
   <div class='ocr_carea' id='block_1_18' title="bbox 299 3315 539 3352">
    <p class='ocr_par' dir='ltr' id='par_1_21' title="bbox 299 3315 539 3352">
     <span class='ocr_line' id='line_1_103' title="bbox 299 3315 539 3352; baseline -0.013 -6"><span class='ocrx_word' id='word_1_721' title='bbox 299 3315 539 3352; x_wconf 68' lang='lat' dir='ltr'>⁴›1d.xx‚2&#39;..</span> 
     </span>
    </p>
   </div>
  </div>
 </body>
</html>
