2418 3949
182 226 276 262 1149

176 301 470 352 suspirantibus,
494 302 557 338 sed
578 316 708 339 senum
729 302 987 339 contuberniis
1007 316 1046 339 se
1068 303 1169 338 inse—

946 229 1011 262 DE
1039 227 1154 263 JESU
1183 228 1450 263 DUODENM.

1178 301 1226 319 1379

2137 229 2241 267 1150

1238 303 1299 339 nia
1327 303 1513 348 deferret,
1551 303 1806 341 obedientiam
1835 305 2011 350 offerret,
2043 306 2241 356 praeferret

176 375 258 398 rere
291 374 367 398 non
402 361 630 398 audentibus
644 390 653 407 ,
684 361 777 398 illud
808 362 913 398 facile
943 369 1142 411 coaptatur
1160 375 1167 396 :
1188 366 1215 398 A
1236 361 1497 398 humilitatem.
1518 362 1575 399 lbi
1603 364 1726 413 agitur
1752 364 1791 400 in
1813 364 1878 400 illo
1899 373 2043 401 secreto
2065 365 2241 402 cubiculo

179 423 269 467 Quis
295 422 387 456 milii
406 423 467 457 det
483 431 517 457 te
529 421 689 469 fratrem
711 435 830 457 meum
853 431 1039 469 sugentem
1058 420 1171 456 ubera

175 485 304 517 macris
319 495 415 516 meoe
425 510 436 526 ‚
455 490 492 517 ut
510 485 695 517 inveniam
710 480 845 528 teforis
857 509 866 524 ,
886 490 921 516 et
936 483 1141 516 ἄοικα-κίον’
1157 480 1172 514 ?

227 542 262 576 6.
289 543 380 577 Cum
399 540 467 576 liae
487 540 600 588 igitur
613 539 851 588 jucunditate
870 538 1171 588 ingredientibus

175 598 319 634 eunetis
340 598 527 634 civitatem
552 606 716 634 sanctam
731 626 740 642 ,
763 598 1040 647 contemplare,
1065 610 1169 646 rogo,

174 657 272 692 inter
291 656 456 705 singulas
473 657 628 693 familias
649 670 760 705 quam
782 657 843 706 pia
862 657 972 693 fuerit
988 669 1030 692 ac
1046 664 1172 692 sancta

175 716 368 752 eontentio
382 745 391 761 ‚
409 716 554 752 cunctis
571 715 872 752 desiderantibus
892 715 924 763 ej
933 728 973 751 us
989 715 1060 752 sibi
1078 727 1170 764 prae-

174 775 331 811 sentiam
354 774 605 811 dulcissimam
635 774 835 823 indulgeri.
856 777 945 810 Haec
974 774 1059 810 felix
1086 786 1170 822 quae

174 834 276 871 vicit.
299 837 412 871 Forte
433 833 483 870 ob
503 834 599 869 hanc
620 846 767 869 causam
789 833 1060 869 consummatis
1083 846 1168 868 om-

175 891 286 928 nibus
304 905 389 928 cum
412 891 597 935 redirent,
621 894 796 927 remansit
809 906 906 940 puer
923 895 1027 927 lesus
1046 895 1082 926 in
1102 894 1170 927 Je-

174 953 355 995 rusalem,
378 959 412 986 et
431 965 504 986 non
527 961 768 999 cognoverunt
783 961 962 999 parentes
985 956 1072 997 ejas.
1100 954 1172 987 Ar-

175 1009 356 1047 bitrantes
389 1010 488 1046 enim
524 1011 784 1060 unusquisque
820 1011 922 1060 quod
955 1019 1050 1047 esset
1085 1023 1169 1046 eum

1236 421 1356 457 Patris
1379 420 1426 457 de
1450 420 1674 470 baptismate
1703 423 1944 472 suscipiendo
1959 452 1968 469 ‚
1991 424 2037 460 de
2061 425 2243 474 eligendis

1236 479 1452 528 discipulis,
1486 480 1532 515 de
1558 480 1758 517 condendo
1788 483 2018 531 Evangelio,
2047 483 2093 519 de
2125 484 2242 520 mira—

1237 537 1329 573 culis
1359 538 1559 583 faciendis,
1587 548 1780 588 postremo
1800 540 1846 577 de
1875 542 2073 578 tolerantia
2097 543 2243 591 passio-

1237 596 1317 641 nis,
1351 605 1388 632 et
1423 598 1708 635 resurrectionis
1747 600 1879 647 gloria.
1920 602 2074 637 Cunctis
2111 602 2242 638 divino

1237 655 1351 692 modo
1374 655 1585 705 dispositis,
1608 658 1723 694 altera
1742 657 1819 706 jam
1843 658 1903 695 die
1923 660 2103 708 angelicis
2125 670 2161 697 et
2180 674 2242 697 ar-

1238 714 1464 763 changelicis
1488 715 1612 752 choris
1642 717 1863 753 suavitatem
1886 718 1942 754 sui
1964 719 2090 755 vultus
2115 720 2243 755 indul—

1235 774 1282 809 sit
1303 787 1310 809 :
1334 774 1576 823 referensque
1602 776 1794 824 antiquam
1822 777 1960 812 civium
1988 790 2240 827 supernorum

1236 833 1382 869 ruinam
1407 843 1492 883 post
1513 834 1702 871 modicum
1728 836 1976 885 reparandam
1993 865 2002 882 ‚
2027 838 2242 874 universam

1237 892 1437 929 laetilicavit
1457 894 1646 930 civitatem
1673 895 1756 931 Dei.
1780 899 1861 931 Jam
1889 896 1999 931 tertia
2025 895 2085 931 die
2109 909 2147 932 se
2172 910 2242 933 cu-

1237 952 1315 987 neis
1337 951 1636 989 Patriarcharum
1654 961 1689 989 et
1706 954 1982 1002 Prophetarum
2003 955 2218 992 immiscens
2234 985 2243 999 ,

1207 1055 1212 1059 .
1236 1023 1279 1046 ea
1305 1024 1389 1060 quae
1415 1024 1436 1047 a
1463 1020 1590 1048 sancto
1621 1025 1710 1049 sene
1739 1013 1912 1050 Simeone
1939 1013 2083 1050 dudum
2111 1015 2243 1051 audie·

174 1068 292 1105 altero
307 1096 316 1114 ,
333 1077 465 1118 utpote
484 1069 549 1118 qui
569 1068 766 1107 amabatur
783 1069 830 1105 ab
851 1069 1046 1113 omnibus,
1066 1076 1104 1104 et
1123 1067 1170 1104 ab
1192 1070 1219 1103 B
1239 1079 1344 1116 rant,
1375 1072 1521 1120 proprii
1556 1072 1683 1107 vultus
1715 1072 2016 1109 manifestatione
2050 1074 2241 1122 probavit.

173 1126 350 1164 omnibus
371 1127 590 1176 petebatur3
613 1141 689 1164 non
710 1135 973 1176 cognoverunt
994 1135 1170 1176 parentes

173 1185 256 1234 ejus
272 1186 375 1235 quod
405 1186 572 1232 abesset,
593 1187 713 1223 donec
733 1187 866 1223 itinere
890 1186 964 1222 diei
990 1186 1141 1235 expleto
1159 1213 1168 1231 ,

175 1257 243 1293 per
268 1245 431 1294 singulas
458 1245 636 1291 familias,
664 1258 748 1293 quae
767 1245 877 1282 simul
907 1244 1171 1290 ascenderant,

173 1312 408 1352 quaereretur
428 1304 526 1340 inter
545 1312 726 1352 cognatos
745 1311 782 1340 et
801 1312 927 1340 notos.
950 1307 996 1340 Et
1014 1316 1091 1339 non
1113 1304 1171 1338 in-

173 1363 365 1400 venientes
383 1364 540 1413 regressi
563 1372 650 1400 sunt
678 1364 716 1400 in
736 1364 941 1401 Jerusalem
960 1378 968 1399 z
989 1371 1075 1412 post
1104 1363 1171 1399 tri-

174 1422 291 1459 duum
323 1432 448 1460 autem
479 1424 710 1460 invenerunt
737 1436 822 1459 eum
849 1423 887 1459 in
921 1423 1074 1472 templo.
1104 1426 1171 1459 Per

174 1482 267 1518 illud
284 1483 409 1531 itaque
427 1483 610 1529 triduum,
628 1482 692 1519 ubi
710 1496 791 1519 eras
804 1511 813 1528 ,
834 1482 933 1519 bone
951 1484 1065 1519 Jesu?
1081 1484 1173 1530 Quis

176 1540 242 1577 tibi
263 1541 388 1578 eibum
413 1550 476 1579 aut
500 1551 631 1591 potum
661 1542 914 1578 ministravit?
937 1543 1021 1591 quis
1047 1543 1174 1578 lectu-

176 1599 252 1635 lum
283 1601 438 1637 stravit?
470 1601 555 1649 quis
587 1601 750 1637 detraxit
780 1602 1058 1637 calceamenta?
1089 1602 1173 1650 quis

176 1658 344 1696 membra
378 1660 536 1709 puerilia
568 1661 769 1708 unguentis
803 1661 896 1696 fovit
926 1669 963 1696 et
999 1659 1172 1697 balneis?

175 1718 258 1754 Scio
277 1727 376 1754 certe
402 1719 489 1767 quia
516 1719 612 1755 sicut
641 1719 855 1755 voluntarie
876 1727 1043 1755 nostram
1067 1732 1172 1756 sum-

176 1778 281 1827 psisti
304 1778 579 1825 infirmitatem,
599 1778 649 1815 ita
665 1807 674 1823 ,
704 1792 787 1815 eum
819 1779 955 1824 velles,
977 1779 1172 1828 propriam

176 1837 373 1875 ostendisti
404 1839 580 1875 virtutem

176 1896 367 1946 obsequiis
387 1911 463 1934 non
484 1898 631 1947 eguisti.
666 1897 741 1936 Ubi
767 1911 858 1948 ergo
882 1911 983 1943 eras,
1011 1899 1175 1935 Domine

175 1958 288 1993 ,lesuP
311 1960 365 1993 De
384 1958 442 1994 his
462 1957 639 1994 omnibus
658 1958 864 2004 aesfimare,
884 1958 944 1994 vel
966 1957 1174 2006 conjicere,

175 2015 236 2051 vel
266 2016 413 2066 opinari
443 2016 537 2053 libet
561 2017 702 2066 aliquid
726 2032 733 2053 :
763 2018 951 2053 affirmare
971 2026 1093 2053 autem
1119 2025 1176 2053 te-

178 2086 281 2111 mere
310 2075 401 2111 nihil
431 2076 530 2112 licet.
552 2076 652 2124 Quid
679 2077 818 2122 dicam,
839 2081 940 2113 Deus
967 2078 1098 2113 meus?
1121 2080 1178 2113 An

178 2141 220 2169 ut
251 2141 285 2169 te
313 2146 382 2183 per
409 2135 536 2171 omnia
562 2143 700 2172 nostrae
728 2136 985 2172 conformares
1016 2149 1181 2185 pauper-

179 2193 267 2237 tati,
290 2201 328 2229 et
354 2207 486 2230 omnes
505 2194 543 2230 in
566 2202 601 2230 te
626 2194 800 2231 humanae
824 2202 968 2230 naturae
992 2195 1184 2230 calamita-

180 2260 235 2288 tes
266 2253 498 2302 susciperes,
520 2254 626 2302 quasi
653 2267 749 2290 unus
781 2267 801 2290 e
832 2252 941 2290 turba
971 2265 1182 2302 pauperum

179 2312 315 2361 stipem
345 2326 414 2362 per
448 2314 542 2350 ostia
573 2312 843 2350 mendicabas?
872 2313 964 2360 Quis
992 2312 1096 2348 dabit
1125 2325 1183 2348 me

179 2369 434 2409 buccellarum
463 2372 611 2408 illarum
641 2372 693 2408 sic
711 2371 1006 2408 mendicatarum
1025 2371 1183 2420 partici-

179 2442 266 2478 pem
284 2430 378 2476 fieri,
400 2431 459 2467 vel
475 2431 604 2467 saltem
627 2430 745 2466 divini
764 2431 864 2467 illius
883 2430 999 2467 edulii
1015 2430 1184 2480 reliquiis

180 2489 370 2538 saginari?

234 2549 270 2584 7.
304 2549 374 2586 Sed
403 2557 445 2585 ut
464 2549 543 2585 liaec
568 2548 614 2585 ad
634 2548 865 2585 sublimioris
891 2562 1022 2586 sensus
1041 2556 1182 2586 secreta

1235 1131 1370 1178 Sicque
1398 1130 1690 1179 exspectationis
1718 1130 1871 1166 illorum
1903 1144 2046 1176 moras,
2071 1133 2245 1169 instantis

1230 1188 1308 1237 jam
1340 1188 1614 1238 redemptionis
1644 1190 1896 1238 promissione
1925 1192 2143 1236 consolans,
2166 1193 2246 1228 ani-

1237 1249 1462 1298 maequiores
1489 1257 1602 1297 atque
1620 1248 1820 1284 alacriores
1842 1248 2005 1286 reddidit
2032 1251 2243 1287 universos.

1291 1309 1326 1343 8.
1361 1308 1496 1344 Merito
1526 1307 1639 1356 igitur
1670 1316 1756 1355 post
1787 1306 1952 1343 triduum
1985 1308 2178 1346 invenitur
2206 1311 2243 1346 iu

1239 1367 1381 1416 templo
1419 1367 1455 1402 in
1490 1366 1615 1402 medio
1647 1366 1848 1402 doctorum
1884 1376 1921 1403 et
1954 1368 2169 1415 seniorum,
2205 1379 2245 1406 ut

1238 1434 1405 1475 paternae
1426 1426 1575 1475 pietatis
1597 1425 1643 1461 de
1669 1425 1864 1461 hominum
1888 1428 2127 1475 reparatione
2148 1442 2243 1464 con-

1239 1486 1385 1529 silium,
1419 1486 1515 1520 sicut
1542 1485 1693 1532 Angelis
1720 1493 1757 1520 et
1788 1485 1925 1520 sanctis
1951 1498 2062 1522 carne
2096 1489 2242 1532 exutis,

1239 1553 1422 1593 quantum
1452 1543 1671 1587 videbatur,
1704 1544 1989 1593 propalaverat3
2015 1545 2064 1581 ita
2090 1546 2127 1582 in
2158 1560 2243 1583 om-

1240 1605 1343 1640 nium
1366 1604 1533 1639 locorum
1564 1602 1814 1638 sacratissimo
1837 1603 1977 1652 templo
1998 1606 2245 1654 Jerosolymi-

1241 1663 1334 1707 tino,
1368 1671 1404 1698 et
1436 1662 1493 1698 his
1529 1662 1652 1711 primo
1685 1662 1749 1710 qui
1781 1662 2093 1711 pretiosissimum
2130 1665 2245 1714 hujus

1239 1721 1500 1771 promissionis
1528 1721 1743 1757 thesaurum
1770 1722 1808 1757 in
1838 1722 1952 1758 sacris
1980 1723 2132 1760 Litteris
2153 1738 2246 1761 con-

1239 1781 1454 1825 servabant,
1474 1781 1653 1829 paulatim
1674 1781 1858 1830 inciperet
1879 1794 2059 1826 reserare,
2078 1784 2242 1832 primum

611 1852 618 1874 :
649 1847 687 1875 et
717 1839 803 1875 ideo
834 1852 919 1875 cum
945 1839 1080 1884 velles,
1114 1838 1173 1874 his
1193 1835 1220 1870 C
1239 1840 1396 1877 audiens
1415 1849 1453 1877 et
1472 1840 1725 1890 interrogans,
1743 1840 1880 1877 deinde
1897 1842 2144 1879 sacratissima
2166 1857 2246 1892 my-

1243 1899 1354 1935 steria
1369 1898 1547 1948 prodens.
1563 1900 1735 1948 Denique
1750 1900 1985 1936 mirabantur
1997 1915 2123 1937 onmes
2135 1916 2248 1950 super

1238 1961 1441 2007 prudentia
1469 1968 1505 1994 et
1528 1964 1708 2007 responsis
1729 1965 1818 2005 estu.
1841 1963 1933 1996 Data
1953 1968 2009 1996 est
2026 1960 2103 1996 haec
2120 1962 2248 2010 pueris

1243 2025 1281 2053 et
1308 2016 1610 2054 adolescentibus
1631 2018 1849 2054 humilitatis
1869 2027 1905 2054 et
1926 2020 2145 2056 reverentiae
2168 2021 2246 2056 for—

1246 2089 1323 2121 ma,
1346 2084 1386 2112 ut
1406 2077 1442 2112 in
1466 2076 1591 2113 medio
1612 2077 1804 2114 seniorum
1828 2086 1993 2123 taceant,
2013 2087 2053 2114 ut
2074 2079 2243 2124 audiant,

1247 2136 1482 2185 interrogent
1508 2144 1544 2172 et
1562 2135 1716 2172 discant.
1736 2136 1866 2173 Indica
1893 2137 2004 2182 mihi,
2030 2150 2052 2173 o
2081 2137 2245 2175 dilectis-

1249 2195 1342 2231 sima
1359 2195 1520 2231 Domina
1538 2208 1621 2231 mea
1642 2198 1762 2231 Mater
1778 2195 1931 2231 Domini
1951 2196 2046 2241 mei,
2066 2197 2157 2244 quid
2179 2197 2245 2234 tibi

1252 2262 1341 2290 tunc
1363 2255 1474 2290 suerit
1500 2255 1634 2298 animi,
1657 2254 1748 2303 quid
1777 2255 1963 2303 stuporis,
1986 2256 2076 2304 quid
2095 2257 2245 2305 gaudii;

1249 2326 1332 2349 cum
1356 2312 1614 2349 dulcissimum
1632 2313 1750 2348 filium
1769 2320 1873 2348 tuum
1898 2313 2103 2349 Dominum
2120 2318 2249 2351 Jesum

1250 2371 1464 2416 invenires,
1487 2384 1563 2407 non
1588 2372 1688 2407 inter
1711 2384 1850 2420 pueros
1866 2399 1875 2416 ,
1898 2372 1962 2407 sed
1989 2372 2088 2408 inter
2115 2373 2249 2410 docto-

1250 2443 1328 2475 res;
1358 2444 1441 2466 eum
1473 2430 1644 2466 omnium
1676 2430 1807 2466 oculos
1837 2431 1874 2466 in
1907 2431 2028 2480 ipsum
2061 2432 2246 2477 intentos,

1251 2490 1420 2525 omnium
1443 2503 1615 2526 cerneres
1636 2502 1744 2526 aures
1764 2490 1809 2526 ad
1831 2490 1954 2539 ipsum
1977 2499 2138 2538 erectas;
2160 2506 2246 2528 cum

1251 2549 1297 2585 de
1318 2549 1520 2598 prudentia
1541 2548 1622 2598 ejus
1640 2558 1676 2585 et
1694 2550 1884 2598 responsis
1900 2550 2025 2599 pusilli
2044 2559 2079 2586 et
2101 2552 2223 2600 magni
2237 2580 2246 2596 ,

179 2615 393 2652 vertamus,
415 2608 535 2656 prima
555 2608 653 2644 sorte
681 2608 741 2644 die
765 2609 933 2658 paternis
953 2622 992 2645 se
1015 2608 1185 2645 vultibus
1202 2609 1233 2642 D
1250 2608 1351 2644 docti
1373 2609 1514 2657 pariter
1534 2617 1570 2644 ct
1589 2608 1733 2644 indocti
1754 2609 2012 2657 loquerentur.
2035 2613 2172 2653 lave-ai,
2195 2612 2249 2646 iu—

182 2666 443 2715 praesentavit3
467 2679 543 2702 non
565 2675 606 2702 ut
631 2667 874 2711 consederet,
894 2667 960 2704 sed
985 2676 1026 2703 ut
1050 2667 1184 2703 ordine

182 2734 365 2774 susceptae
397 2725 688 2774 dispensationis
722 2734 916 2775 paternam
950 2727 1183 2762 voluntatem

183 2784 406 2820 consuleret.
425 2787 500 2821 Nec
523 2783 684 2820 absurda
707 2784 856 2820 videtur
876 2785 958 2821 talis
975 2785 1106 2834 opinio
1127 2798 1134 2819 ε
1155 2785 1183 2820 si

183 2843 389 2880 aestimctur
407 2843 510 2892 quod
526 2843 595 2880 Dei
616 2844 729 2881 Filius
745 2843 791 2879 de
808 2844 884 2890 his,
901 2857 984 2893 quae
1003 2845 1038 2880 in
1056 2844 1182 2880 divina

183 2911 317 2939 natura
341 2903 450 2939 simul
479 2903 557 2952 ipse
580 2917 663 2939 cum
688 2907 797 2940 Patre
818 2912 855 2940 ct
875 2904 1015 2954 Spiritu
1037 2913 1184 2946 saneto,

185 2962 385 3010 coaequalis
414 2970 451 2997 ct
484 2962 813 2999 consubstantialis
848 2963 1025 3012 utrique,
1059 2963 1186 3012 dispo-

186 3029 332 3066 suerat;
350 3021 388 3056 in
415 3021 532 3057 forma
553 3022 651 3058 servi
672 3035 784 3071 quam
809 3031 1047 3072 susceperat,
1069 3023 1184 3059 homo

187 3084 328 3124 Deum,
361 3093 500 3130 parvus
529 3094 705 3129 magnum
732 3083 966 3118 consuluerit
999 3097 1004 3117 :
1037 3096 1112 3118 non
1145 3091 1185 3117 ιιι.

186 3139 364 3183 disceret,
395 3140 497 3188 quod
530 3140 608 3189 ipse
635 3154 719 3177 cum
753 3145 860 3178 Patre
891 3142 926 3177 in
963 3142 1082 3177 forma
1117 3141 1185 3177 Dei

187 3199 413 3234 :eternaliter
436 3207 615 3244 noverat3
639 3199 702 3235 sed
729 3208 768 3235 ut
797 3201 866 3249 ipsi
893 3201 991 3236 Patri
1020 3213 1086 3249 per
1106 3213 1187 3234 oiu-

241 3324 387 3354 ¹(',anti‹·.
407 3335 465 3353 vm
480 3348 486 3357 .
519 3328 543 3354 1.
561 3343 602 3347 —
624 3325 696 3355 ²1d.
722 3336 759 3354 ιιι
776 3350 782 3358 ,
806 3329 832 3355 ἰ.

1250 2668 1352 2715 quit,
1368 2681 1474 2714 quem
1493 2670 1619 2715 diligit
1633 2673 1763 2702 anima
1778 2681 1883 2709 mea;
1901 2668 2029 2703 tenebo
2046 2672 2164 2711 illum,
2181 2683 2248 2704 nec

1252 2728 1433 2761 dimittam
1450 2732 1476 2761 ².
1509 2730 1624 2771 Teuc,
1641 2740 1664 2762 o
1685 2727 1805 2762 dulcis
1826 2727 2001 2771 Domina,
2026 2735 2111 2763 tene
2135 2742 2246 2776 quem

1252 2785 1392 2833 diligis,
1414 2798 1481 2821 rue.
1510 2786 1546 2821 in
1573 2787 1711 2822 collum
1735 2786 1815 2834 ejus
1832 2814 1840 2828 ,
1868 2787 2118 2835 amplectere,
2135 2800 2246 2824 oseu-

1251 2844 1328 2879 larc
1342 2872 1350 2887 ‚
1369 2852 1405 2878 et
1428 2844 1638 2880 triduanam
1660 2844 1741 2892 ejus
1761 2844 1967 2880 absentiam
1990 2846 2246 2895 multiplicatis

1252 2903 1395 2939 deliciis
1417 2916 1673 2952 recompensa.
1703 2906 1790 2947 Fili,
1820 2905 1914 2950 quid
1937 2913 1990 2938 cst
2014 2905 2250 2951 quodsi-cisti

1253 2962 1353 2998 nobis
1378 2965 1427 2997 sic
1440 2965 1459 2997 :³
1487 2976 1568 2997 erce
1586 2972 1700 3010 pater
1719 2972 1800 2998 tuus
1821 2973 1855 2998 et
1874 2977 1940 3010 ego
1961 2965 2124 2999 dolentes
2145 2979 2251 3012 quw—

1254 3022 1420 3057 reliamns
1443 3031 1492 3057 le.
1516 3026 1656 3058 Iterum
1686 3021 1770 3057 (lieo
1802 3021 1888 3065 tibi,
1912 3037 1935 3057 o
1956 3023 2118 3059 Domina
2146 3037 2225 3059 mea
2240 3054 2247 3065 ,

1251 3081 1340 3129 quid
1371 3080 1552 3116 dolebas?
1585 3080 1726 3124 Credo,
1756 3094 1831 3117 non
1861 3081 2015 3126 samem,
2038 3095 2112 3117 uon
2133 3083 2246 3126 sitim,

1254 3153 1328 3176 non
1359 3139 1519 3176 inediam
1549 3139 1705 3176 timebas
1729 3153 1870 3188 puero,
1896 3154 2007 3189 quem
2037 3144 2154 3177 Deum
2185 3156 2250 3177 uo-

1255 3212 1363 3233 veras
1385 3214 1391 3234 ε
1415 3198 1478 3234 sed
1505 3207 1650 3235 tautum
1674 3198 1881 3235 subtractas
1911 3199 1997 3244 tibi,
2021 3201 2078 3236 vel
2101 3201 2145 3236 ad
2166 3215 2248 3236 mo-
