2418 3949
194 266 205 301 l
215 265 288 301 205

186 355 313 379 nonne
341 342 407 379 tibi
437 343 558 380 adime
593 344 792 380 imminent
821 344 984 388 vincula,
1014 341 1212 378 verberam

837 268 901 301 DE
930 266 1109 301 VERBIS
1133 264 1308 300 DOMINI
1339 267 1386 301 IN
1416 267 1584 302 COENA.

1217 341 1405 377 ‘'cundum
1424 342 1526 391 quod
1555 342 1688 386 homo3
1720 350 1760 378 ut
1780 341 1943 378 humana
1962 350 2094 377 natura
2112 341 2238 377 Verbo

2143 264 2238 300 1205

187 402 404 438 carnificum
419 431 428 448 ,
461 402 670 453 opprobria
690 402 887 438 hominum
901 431 910 447 ,
943 410 980 438 et
1013 400 1174 449 abjectio
1190 404 1216 436 A
1239 402 1342 437 unita
1355 431 1363 446 ,
1381 415 1464 450 quae
1487 410 1574 438 tunc
1593 411 1670 438 erat
1692 402 1877 452 passibilis
1897 411 1934 438 et
1958 402 2144 447 mortalis,
2162 402 2238 437 cito

186 460 328 510 plebis3
357 456 488 512 sputa,
519 463 636 508 clavi,
660 461 830 511 colaphi,
858 461 986 511 spinea
1009 473 1173 505 corona,

185 522 331 558 arundo
351 535 419 571 pro
443 530 610 571 sceptro,
632 535 749 567 crux,
781 521 934 557 lancea?
958 524 1017 557 An
1042 519 1177 555 vinciri

186 580 359 617 manibus
377 594 398 617 a
415 589 537 630 tergo,
551 589 589 617 et
605 580 773 617 vinctum
788 579 1010 629 adjudicem
1027 578 1176 625 adduci,

186 647 223 674 et
254 647 428 688 tanquam
461 640 646 676 latronem
680 638 727 675 ad
761 638 966 675 ludibrium
989 638 1103 688 poni,
1122 645 1178 674 est

186 697 404 734 clarificatio
418 706 481 734 tua
498 699 512 733 Ξ)
529 710 575 734 an
594 696 798 734 ascendere
817 696 938 733 crucis
952 696 1176 747 patibulum,

184 764 221 792 et
256 764 326 792 tam
355 757 459 793 triste
488 757 585 793 ferre
612 756 867 806 supplicium?
906 759 1021 792 Estne
1051 755 1179 791 laetitia

185 822 244 851 tua
258 844 267 861 ,
286 824 390 852 estne
406 816 583 865 gaudium
601 825 704 853 tuum
727 817 844 863 mori,
861 816 1000 853 scilicet
1026 828 1096 865 pro
1122 828 1179 852 sa-

183 874 261 910 lute
291 876 437 924 generis
470 876 648 913 humani?
675 876 774 924 Quid
805 876 851 913 ad
878 877 956 912 haec
983 875 1174 912 dicemus?

182 933 274 981 quid
292 934 626 984 respondebimus,
648 937 780 973 fratres
807 935 902 972 mei?
922 936 992 972 Hic
1010 947 1085 970 vox
1109 933 1175 970 de-

182 991 246 1029 bet
265 993 392 1040 silere,
421 995 595 1045 lacrymae
616 996 739 1033 dicere
767 1011 774 1033 :
796 996 856 1032 hic
877 1008 1001 1032 sermo
1031 1003 1172 1039 tacere,

181 1059 219 1088 et
236 1051 345 1090 fletus
364 1054 537 1092 clamare.
562 1056 730 1094 Christus
754 1059 854 1092 Deus
873 1063 1001 1092 noster
1022 1067 1091 1104 pro
1111 1053 1173 1090 ni-

1242 461 1348 496 fieret
1362 460 1601 509 impassibilis
1615 470 1653 497 et
1667 461 1890 498 immortalis
1905 476 1911 496 :
1929 469 1965 497 et
1981 461 2050 497 hoe
2066 460 2237 508 estquod

1242 518 1391 565 dicitur,
1413 523 1461 555 Et
1480 524 1650 555 continuo
1670 520 1889 567 clarificabit
1908 534 2002 556 eum.

1294 578 1329 614 4.
1345 581 1399 614 Tu
1422 592 1525 627 ergo,
1544 579 1761 624 christiane,
1779 579 1842 628 qui
1861 579 1966 627 cupis
1981 578 2236 614 haereditatem

1242 636 1381 673 habere
1400 650 1484 673 cum
1502 638 1665 684 Christo,
1688 642 1805 675 Deum
1827 641 1974 674 Patrem
1993 650 2144 686 semper
2163 637 2239 672 cla-

1243 697 1387 734 rilicare
1415 706 1618 744 mementO,
1639 698 1676 733 in
1705 711 1800 747 pura
1830 697 2074 746 cogitatione,
2108 708 2240 732 serena

1243 756 1454 802 locutione,
1477 756 1649 793 ordinata
1673 758 1841 803 actione,
1866 757 1903 792 in
1924 756 2100 792 omnibus
2120 755 2239 791 mori-

1243 815 1314 852 bus
1342 817 1413 853 tuis
1443 831 1450 853 :
1479 825 1520 852 ut
1549 825 1583 853 te
1611 818 1841 866 quicumque
1872 816 2027 862 viderit,
2056 816 2240 865 glorificet

1242 879 1365 912 Deum
1383 884 1419 912 et
1442 875 1638 912 benedicat
1662 876 1811 922 dicens,
1833 876 2054 913 Benedictus
2074 876 2120 912 sit
2139 879 2241 911 Deus

1240 935 1279 970 in
1301 936 1396 972 coelo
1416 944 1452 972 et
1472 936 1508 972 in
1531 944 1648 982 terra,
1667 936 1755 984 quia
1772 936 1858 972 talia
1874 943 2053 985 operatur
2067 934 2105 970 in
2122 934 2240 970 servis

1241 995 1328 1031 suis.
1352 996 1543 1040 Profecto,
1567 996 1594 1031 si
1616 1009 1699 1031 cum
1720 995 1868 1032 Christo
1884 994 2146 1031 clarificaveris
2167 996 2239 1028 Pa-

1243 1063 1335 1091 trem
1348 1084 1357 1100 ,
1378 1068 1463 1091 cum
1483 1055 1631 1092 Christo
1658 1055 1827 1104 ejusdem
1848 1055 1966 1091 Patris
1982 1052 2140 1089 habebis
2159 1052 2238 1087 hae-

181 1110 281 1156 liilo,
320 1114 396 1149 imo
436 1127 507 1164 pro
532 1115 670 1163 gaudio
698 1123 858 1151 mortem
895 1114 1076 1160 ducebat,
1105 1127 1174 1164 per
1194 1113 1221 1147 B
1240 1113 1449 1150 reditatem.
1468 1117 1644 1163 Magnum
1671 1113 1849 1162 estquod
1879 1113 1975 1148 dico.
2003 1110 2239 1149 Conditionis

180 1184 291 1219 quam
306 1185 375 1209 nos
392 1186 412 1209 a
432 1181 553 1210 morte
572 1182 754 1224 perpetua
774 1173 917 1211 liberat.
936 1177 982 1210 Et
999 1173 1084 1210 lieet
1097 1181 1171 1210 tam

178 1229 252 1265 cito
283 1231 509 1276 moriturus,
547 1240 670 1268 tamen
704 1245 743 1269 se
778 1233 903 1282 ipsum
929 1232 1171 1269 clarificatum

177 1287 341 1334 diceban
365 1290 453 1339 quia
475 1299 564 1327 tunc
585 1291 638 1328 sic
671 1292 874 1341 patiendo,
906 1292 982 1329 imo
1010 1292 1062 1329 sic
1092 1306 1172 1329 mo-

177 1346 311 1384 riendo
330 1348 500 1386 membra
519 1363 607 1397 sua,
630 1350 758 1387 fideles
780 1364 868 1388 suos
888 1351 1128 1388 clarificabat.

228 1407 263 1444 3.
288 1411 319 1445 O
341 1407 442 1445 bone
461 1410 663 1456 monache,
685 1424 708 1447 ο
728 1409 828 1447 bone
858 1411 1076 1457 christiane,
1106 1425 1169 1448 re-

174 1466 295 1515 cogita
313 1480 432 1505 annos
451 1477 535 1506 tuos
555 1483 693 1519 pravos
712 1470 749 1506 in
767 1470 1018 1507 amaritudine
1037 1471 1171 1507 animae

176 1533 261 1562 tuae.
281 1529 409 1565 Statue
429 1528 618 1566 Christum
639 1529 690 1566 sic
711 1530 933 1566 crucifixum
950 1529 997 1566 ab
1014 1543 1090 1566 uno
1110 1530 1172 1566 la—

176 1592 254 1620 tere
272 1593 350 1630 tuo,
376 1594 413 1622 et
435 1595 497 1623 tua
514 1596 668 1637 peccata
688 1587 734 1624 ab
750 1589 870 1625 altero
890 1604 897 1625 ε
919 1597 957 1625 et
978 1589 1078 1625 inter
1093 1589 1172 1625 haec

175 1643 320 1692 positus
351 1645 437 1682 vide
466 1647 556 1695 quid
585 1660 682 1696 agas.
705 1649 970 1697 Contemplare
997 1653 1169 1697 Agnum,

174 1705 431 1754 contemplare
457 1706 647 1744 Christum
675 1707 882 1744 Dominum
915 1715 1040 1754 tuum,
1061 1708 1113 1744 sic
1132 1708 1169 1744 in

174 1775 286 1799 cruce
317 1772 513 1802 extensum
526 1794 536 1811 ,
577 1779 647 1816 pro
681 1775 715 1803 te
753 1775 826 1802 tam
858 1766 973 1815 impie
1004 1779 1169 1816 passum.

173 1822 377 1859 Considera
398 1824 652 1874 turpitudines
670 1826 792 1862 carnis
812 1833 904 1870 tuae,
925 1838 1060 1875 pravas
1075 1826 1170 1862 asfe-

1237 1172 1412 1209 humanae
1434 1173 1581 1209 excedit
1606 1172 1846 1221 dignitatem,
1862 1171 2052 1207 hominem
2075 1169 2121 1205 de
2141 1177 2239 1204 terra

1238 1241 1449 1278 terrenum,
1469 1232 1516 1270 de
1535 1233 1694 1282 pulvere
1711 1232 1907 1282 pulverem
1930 1231 2087 1273 sactum,
2108 1229 2146 1264 in
2163 1242 2238 1264 coe-

1237 1292 1314 1328 lum
1349 1292 1396 1328 ad
1427 1292 1617 1330 Christum
1649 1291 1872 1336 ascendere,
1904 1298 1940 1326 et
1973 1289 2120 1326 assidue
2152 1300 2237 1323 cum

1236 1351 1382 1389 Christo
1411 1364 1579 1401 regnare.
1607 1351 1698 1399 Quis
1726 1364 1892 1400 unquam
1923 1349 2067 1386 audivit
2095 1347 2238 1384 simile?

1236 1410 1321 1458 quis
1351 1423 1518 1460 unquam
1556 1411 1628 1446 tale
1663 1409 1757 1446 vidit
1784 1409 1950 1458 aliquid?
1978 1412 2125 1445 Revera
2157 1420 2238 1442 ma-

1236 1482 1372 1518 gnum,
1394 1470 1470 1506 imo
1490 1469 1602 1505 nimis
1619 1481 1796 1518 magnum
1828 1483 1835 1504 :
1866 1476 1903 1504 et
1931 1468 2019 1504 licet
2048 1476 2121 1503 tam
2155 1478 2236 1501 ma-

1238 1541 1374 1578 gnum,
1390 1537 1512 1565 tamen
1531 1541 1619 1565 vere
1639 1541 1830 1577 magnum.
1848 1532 1933 1577 Ipsa
1952 1527 2098 1563 Veritas
2115 1525 2209 1561 dixit
2228 1540 2236 1561 ε

1262 1590 1344 1633 fola,
1363 1591 1490 1634 Pater,
1513 1598 1553 1624 at
1570 1588 1630 1624 ubi
1647 1602 1713 1637 ego
1730 1602 1807 1623 sum
1817 1617 1827 1632 ‚
1852 1591 1931 1623 illic
1955 1591 2003 1622 sit
2021 1595 2055 1621 et
2074 1589 2242 1620 nn'rziSter

1238 1661 1338 1684 meus
1355 1653 1381 1684 ².
1404 1651 1459 1685 Tu
1480 1648 1626 1697 itaque,
1655 1647 1839 1683 monache
1858 1645 2069 1690 Benedicti,
2091 1652 2172 1681 esto
2201 1644 2238 1679 in

1236 1707 1395 1744 veritate
1415 1706 1539 1744 bonus
1558 1707 1728 1743 minister
1747 1706 1900 1751 Christi,
1919 1705 2139 1754 religionem
2160 1716 2235 1739 non

1236 1766 1432 1812 simulans,
1449 1767 1682 1803 sanctitatem
1700 1779 1776 1802 non
1796 1765 1973 1815 pallians,
1991 1763 2237 1800 humilitatem

1237 1839 1313 1863 non
1336 1826 1572 1876 relinquens,
1594 1839 1713 1876 usque
1735 1826 1781 1862 ad
1802 1833 1962 1861 mortem
1983 1822 2236 1860 obedientiam

174 1880 316 1918 ctiones
345 1883 477 1920 animae
508 1892 591 1921 tuae.
613 1884 744 1921 Funde
765 1885 949 1933 lacrymas
971 1884 1017 1921 ad
1041 1885 1171 1921 Cruci-
1189 1887 1215 1923 C
1237 1894 1369 1923 tenens
1391 1901 1398 1922 :
1420 1895 1458 1923 et
1476 1887 1527 1922 sic
1546 1899 1630 1923 cum
1658 1886 1807 1923 Christo
1830 1884 2022 1934 regnabis,
2041 1885 2107 1933 qui
2126 1883 2235 1920 disci-

176 1941 290 1977 iixum
309 1957 317 1978 :
342 1950 377 1978 te
405 1944 549 1980 salvare
572 1953 726 1994 paratus
752 1953 828 1990 est,
853 1945 917 1993 qui
939 1958 1008 1994 pro
1030 1953 1065 1981 te
1085 1945 1170 1981 talia

175 2012 306 2048 passus
324 2010 391 2038 est.
415 2004 522 2039 Mene
540 2005 762 2051 clarificatus
785 2013 838 2040 esc
858 2006 974 2039 Filius
993 2004 1166 2041 hominis.

176 2062 220 2096 Et
242 2059 359 2107 bene,
386 2064 509 2099 Filius
534 2064 711 2109 hominis;
739 2072 777 2100 et
799 2077 897 2109 non,
929 2064 1135 2101 Hominum
1160 2079 1167 2100 :

171 2120 260 2170 qnia
285 2122 364 2158 sine
392 2123 491 2159 virili
518 2124 661 2160 semine
689 2123 736 2160 de
766 2136 861 2174 pura
881 2132 918 2160 et
947 2124 1170 2160 intemerata

172 2180 326 2230 Virgine
343 2190 470 2229 natuS,
491 2183 538 2220 de
564 2187 674 2221 Patre
693 2185 772 2220 sine
794 2191 913 2220 matre
937 2183 977 2220 in
994 2184 1097 2220 eoelis
1114 2192 1171 2220 est

171 2241 330 2288 genitus.
359 2242 473 2291 Cujus
494 2252 612 2280 mater
636 2252 692 2281 est
719 2245 842 2293 virgo,
863 2243 970 2292 eujus
989 2252 1097 2293 pater
1116 2244 1170 2280 fe-

174 2299 312 2337 minam
330 2303 458 2339 nescit.
476 2306 562 2349 Iste,
576 2304 741 2352 inquam,
757 2303 870 2340 Filius
885 2302 1049 2340 hominis
1061 2302 1171 2339 valde

172 2360 392 2398 clarificatus
409 2371 483 2407 est,
503 2363 591 2411 quia
608 2363 791 2412 quidquid
812 2363 928 2401 Filius
943 2362 1013 2399 Dei
1037 2361 1171 2398 babuit

173 2432 240 2468 per
256 2429 426 2457 naturam
438 2450 447 2467 ‚
471 2423 584 2460 Filius
607 2423 768 2459 hominis
785 2421 898 2459 habet
914 2435 982 2472 per
998 2421 1168 2470 gratiam.

169 2483 213 2516 In
243 2480 313 2517 isto
334 2482 428 2519 Filio
449 2481 633 2528 hominis,
666 2482 793 2520 Mariae
824 2481 963 2519 scilicet
990 2481 1167 2531 Virginis,

171 2540 394 2578 clarificatus
422 2549 478 2578 est
493 2545 606 2578 Deus.
627 2545 669 2578 In
690 2554 767 2590 quo
785 2549 841 2578 est
859 2540 1106 2577 clarificatus?
1125 2543 1169 2576 In

172 2600 288 2637 salute
308 2601 591 2650 languidorum,
609 2601 645 2637 in
667 2601 945 2637 illuminatione
966 2612 1167 2644 caecorum,

1235 1946 1334 1995 pulis
1354 1947 1431 1983 suis
1456 1947 1494 1983 in
1516 1946 1835 1995 consequentibus
1852 1946 1921 1990 ait,
1945 1948 2092 1988 Filioli,
2117 1944 2240 1979 mllmc

1236 2009 1417 2041 modicum
1443 2006 1628 2042 vobiscum
1654 2020 1747 2042 sum.
1769 2006 1921 2043 Filiolos
1941 2005 2123 2054 appellat,
2141 2016 2238 2052 quos

1236 2078 1314 2114 prae
1335 2066 1470 2102 mentis
1498 2064 1752 2102 teneritudine
1781 2064 1902 2101 adhuc
1932 2063 2098 2113 plenarie
2118 2062 2236 2099 robur

1237 2124 1323 2161 fidei
1346 2138 1421 2161 non
1448 2125 1644 2161 solidabat.
1670 2128 1761 2161 Nam
1789 2125 1852 2173 qui
1881 2131 2158 2160 consueverant
2179 2122 2236 2158 vi-

1236 2197 1325 2221 vere
1346 2185 1458 2231 lacte,
1480 2185 1647 2221 nondum
1667 2193 1775 2221 erant
1796 2184 1921 2220 idonei
1942 2184 1987 2220 ad
2008 2181 2234 2219 vescendum

1236 2244 1356 2280 solido
1387 2258 1496 2294 pane.
1531 2248 1577 2280 Et
1608 2244 1693 2280 ideo
1724 2244 1846 2288 lilioli,
1880 2243 1967 2292 quia
1997 2241 2167 2292 parvuli,
2200 2248 2237 2276 et

1237 2312 1414 2353 tanquam
1441 2305 1589 2354 parvuli
1612 2305 1648 2340 in
1675 2304 1824 2341 Christo
1854 2303 1948 2339 lacte
1969 2301 2235 2352 pascebantur,

1237 2376 1313 2400 non
1335 2377 1429 2401 esca.
1451 2368 1644 2401 '‘Noverant
1664 2363 1851 2401 Christum
1877 2362 2084 2399 secundum
2101 2361 2238 2397 liuma-

1236 2424 1392 2460 nitatem
1419 2439 1426 2460 :
1455 2424 1519 2460 sed
1548 2423 1705 2472 caligine
1734 2423 1869 2459 mentis
1900 2421 2074 2466 obducti,
2101 2420 2238 2458 Christi

1235 2484 1452 2520 vacillantes
1501 2482 1680 2520 tenebant
1727 2482 1976 2518 divinitatem.
2034 2485 2237 2517 Possumus

1235 2544 1346 2580 etiam
1378 2544 1522 2589 dicere,
1556 2542 1659 2591 quod
1692 2555 1770 2592 prae
1804 2542 1944 2578 amoris
1980 2539 2236 2590 magnitudine

1235 2603 1443 2652 discipulos
1464 2615 1552 2639 suos
1573 2602 1708 2638 liliolos
1723 2601 1982 2651 appellaverit.
2006 2600 2120 2637 Moris
2136 2599 2234 2634 enim

172 2661 209 2696 in
246 2661 521 2697 resurrectione
554 2669 811 2706 mortuorum,
847 2669 885 2697 et
918 2661 956 2696 in
991 2659 1291 2700 omnibusDest
1325 2671 1543 2713 parentum,
1577 2662 1756 2711 parvulos
1794 2674 1882 2697 suos
1915 2661 2011 2696 lilios
2041 2659 2236 2695 delicatius

171 2720 349 2769 operibns
371 2721 446 2757 suis
476 2721 595 2757 Patris
614 2721 671 2757 sui
700 2732 848 2769 semper
868 2719 1006 2755 faciens
1025 2719 1166 2754 volun-

174 2788 298 2817 tatem.
326 2785 368 2817 Et
396 2785 498 2817 Deus
527 2780 745 2817 clarificavit
769 2792 855 2815 enm
883 2779 920 2815 in
949 2777 1166 2827 semetipso,

170 2841 257 2890 qnia
277 2855 374 2878 unns
399 2844 500 2877 Deus
525 2854 609 2877 cnm
633 2844 760 2885 Patre;
784 2851 858 2875 una
879 2838 1076 2883 divinitas,
1094 2850 1166 2873 una

171 2899 343 2949 majestas
378 2915 385 2936 z
421 2907 458 2936 et
486 2899 564 2936 liaec
594 2897 811 2935 clarificatio
843 2905 900 2934 est
930 2896 977 2933 ab
1009 2904 1165 2932 {eterna

170 2963 275 2996 lianc
298 2959 603 2995 clarificationem
626 2958 738 2994 morti
757 2957 1084 3007 appropinquans,
1105 2969 1165 2992 se-

170 3019 336 3056 cundnm
363 3019 466 3068 quod
488 3019 617 3063 homo,
640 3032 660 3055 a
676 3022 755 3055 Deo
774 3021 882 3054 Patre
902 3016 972 3053 sibi
991 3016 1070 3053 dari
1093 3029 1164 3065 po-

170 3079 350 3125 stulabat,
369 3093 453 3116 cuin
474 3079 621 3116 dicebat
638 3094 645 3115 :
664 3081 789 3122 Pater,
805 3078 972 3124 clarifica
992 3090 1050 3112 me
1065 3079 1170 3125 apud

171 3144 415 3188 lemelipsum,
451 3143 621 3175 claritate
643 3153 755 3187 quam
790 3138 900 3174 ltalmi
920 3142 1024 3186 prius
1053 3150 1165 3184 quam

171 3202 485 3247 nmmlusfieret¹.
505 3200 717 3237 Claritatetn
741 3211 902 3247 namque
919 3211 1030 3246 quam
1049 3195 1165 3232 liabe—

172 3258 234 3295 l›at
263 3259 468 3296 secundum
489 3259 591 3308 quod
623 3263 742 3302 Deus,
762 3257 912 3294 volebat
940 3256 1077 3293 habere
1106 3270 1166 3292 se-

224 3391 230 3405 ¹
251 3389 339 3416 Joan.
357 3397 444 3424 mn,
471 3391 499 3417 ξι.
525 3404 563 3408 -—
589 3386 754 3422 ‘1‹l.xn‚
779 3390 829 3415 Ἡ».

1234 2722 1427 2765 enutrire,
1449 2735 1561 2770 quam
1595 2734 1750 2769 magnos
1772 2735 1779 2756 :
1803 2729 1838 2756 et
1867 2720 2004 2769 saepins
2033 2718 2208 2768 attnplecti
2224 2746 2233 2757 ,

1234 2790 1271 2817 et
1289 2780 1457 2817 crebrius
1474 2781 1646 2817 osculari.
1667 2784 1711 2816 Et
1733 2793 1816 2815 cnm
1845 2779 1891 2815 de
1913 2779 1980 2814 hac
2007 2779 2082 2813 vita
2103 2777 2235 2813 mortis

1234 2840 1415 2877 acerbitas
1435 2854 1499 2877 eos
1528 2841 1630 2877 exire
1659 2841 1908 2889 compulerit,
1932 2840 2029 2875 circa
2056 2838 2235 2888 parvulos

1234 2909 1352 2937 totuin
1386 2901 1567 2949 gremitnn
1599 2900 1789 2936 charitatis
1817 2898 2058 2948 expandunt,
2092 2910 2235 2946 eosque

1234 2960 1397 2997 brachiis
1424 2960 1654 3008 astringunt,
1672 2968 1708 2995 et
1733 2960 1769 2996 in
1799 2972 1931 2995 eornm
1949 2958 2074 2994 osenla
2097 2965 2232 3002 ruunt,

1233 3020 1348 3069 tnagis
1375 3019 1619 3069 parvulorum
1647 3033 1758 3068 quam
1787 3019 2002 3054 adultorum
2032 3017 2230 3053 orbitatem

1233 3080 1436 3128 plorantes.
1457 3081 1499 3114 Et
1525 3079 1575 3114 illi
1596 3079 1742 3127 parvuli
1765 3078 1953 3122 videntur,
1981 3090 2076 3126 qnos
2104 3077 2231 3113 invicti

1233 3139 1372 3175 amoris
1402 3147 1532 3174 catena
1563 3138 1771 3182 connectit,
1807 3150 1891 3173 cum
1929 3137 2043 3172 tutela
2078 3145 2232 3184 paterna

1233 3199 1304 3234 illis
1327 3197 1404 3246 jam
1435 3197 1629 3245 sull'ragari
1649 3210 1723 3232 non
1750 3197 1876 3246 possit.
1895 3200 1998 3233 'l'mn‘
2026 3196 2120 3230 lilios
2143 3208 2230 3229 snos

1233 3258 1409 3307 parvulos
1431 3265 1554 3293 tenent
1580 3257 1616 3292 in
1638 3256 1885 3305 rogitatione,
1909 3270 2003 3304 qnos
2023 3269 2096 3290 non
2117 3255 2229 3290 inini-
