2504 3928
338 232 405 267 901

337 381 419 416 qua·
436 367 573 401 fructus
593 364 714 399 crucis
734 371 785 398 est
804 392 812 407 ‚
839 363 1042 401 iuvenitur.

398 428 478 461 toi.
513 424 585 460 Sed
617 423 713 459 dicet
746 423 878 471 aliquis
914 438 920 458 ;
964 425 1137 461 Dicturus
1166 440 1247 462 eras
1278 426 1323 461 de

340 487 460 520 l'rumu
493 483 598 526 vitis,
636 491 671 518 et
701 481 792 518 dicis
823 481 868 518 de
902 483 1020 519 fructu
1057 486 1201 534 palmae.
1233 490 1323 532 Quae

338 544 539 580 concordia
561 551 615 578 est
642 542 728 578 vitis
753 550 789 578 et
813 543 974 591 palmae?
1005 544 1061 580 Ad
1093 545 1195 592 quod
1215 559 1284 592 ego
1314 560 1320 580 :

340 604 463 640 Palma
477 615 625 638 crucem
640 630 648 644 ‚
671 601 754 637 vitis
772 614 862 636 vero
878 601 1061 650 significat
1078 605 1320 640 Crueilixum.

338 664 405 699 Dic
422 663 544 712 igitur,
562 660 750 709 Numquid
767 660 936 696 diversus
952 669 1003 696 est
1026 663 1167 698 fruetus
1181 664 1321 707 crucis,

337 732 372 758 et
393 721 591 759 crucifixi?
610 723 690 757 Nou
713 728 817 769 putu.
838 723 934 768 Ergo
948 729 984 756 et
1001 721 1098 757 idem
1113 731 1167 758 est
1184 723 1323 758 fructus

337 790 374 817 et
400 781 552 830 palma»,
579 787 615 814 et
639 778 736 815 vitis.
767 778 943 815 Ascendit
971 780 1054 815 vitis
1075 781 1111 816 iu
1134 782 1321 829 palmam,

337 838 588 888 apprehendit
615 838 756 873 fructus
787 838 941 886 palmae,
974 851 1048 874 nou
1077 852 1171 887 quos
1201 840 1323 889 palma

337 898 467 934 habuit
484 911 528 933 ex
552 910 609 942 se,
642 896 706 932 sed
731 909 777 932 ex
807 897 882 932 vite
905 897 941 932 in
977 898 1138 946 palmam
1159 907 1321 935 extenta.

336 960 461 1004 Quare
477 969 566 1005 ergo
585 955 672 991 dicit
698 956 776 1004 ipsa
793 955 885 992 vitis
900 984 909 1000 ,
932 958 1221 1005 Apprelwmlam
1234 956 1324 1004 sm-

336 1025 410 1052 nus
429 1021 530 1062 (jus,
549 1023 585 1051 et
606 1028 680 1051 non
697 1015 824 1064 potius
845 1015 935 1051 dieit
952 1019 1075 1060 Meus3
1097 1030 1180 1052 eum
1204 1018 1323 1066 palma

951 232 1073 266 Vl'sts
1105 233 1332 274 MYS't'ttJA,
1363 232 1448 266 stit}
1482 232 1763 267 '1'uAC'1·.-x't'US

339 310 498 358 palmam
518 335 525 349 ,
550 307 583 341 iu
606 319 677 354 qua
705 304 835 340 titulus
852 305 996 353 siguum
1026 307 1294 357 redemptionis
1313 337 1321 352 ‚
1336 306 1486 341 ⁴¹³·‘sicut
1505 307 1554 341 ait
1571 307 1773 354 Apostolus
1797 321 1802 341 :

2299 234 2375 270 992

1830 308 1910 342 Nam
1927 305 2084 342 habebat
2099 321 2242 344 necesse
2254 323 2327 357 pro
2340 323 2377 344 sa

1345 372 1370 403 Α
1394 366 1480 412 qlliu
1491 379 1527 399 tr
1542 366 1762 411 .s*‹1‹·ris1‘ci1un
1774 393 1784 411 ‚
1800 367 2109 413 qucmadmmlum
2126 369 2194 401 alii
2209 371 2378 404 sacerdo-

1391 434 1440 459 !ae's
1455 453 1462 466 ,
1482 433 1557 458 mm
1574 438 1642 471 pro
1660 437 1728 459 sem
1741 451 1752 467 ‚
1769 438 1880 471 qaum
1900 438 1969 472 pro
1980 427 2114 472 populi
2127 424 2373 473 igm›1·anli!1⁵.

1448 485 1528 518 160.
1554 483 1589 518 Si
1614 491 1737 518 autem
1760 483 1954 531 quan-itur,
1977 496 2092 531 quare
2120 487 2223 521 Deus
2251 484 2378 533 potius

1390 554 1530 589 perse,
1553 554 1665 590 quam
1688 554 1755 591 per
1772 542 1932 590 aliquam
1951 542 2059 578 aliam
2076 551 2282 579 ereaturam
2306 543 2376 579 lio—

1390 601 1526 636 miucm
1542 601 1700 636 voluerit
1720 599 1877 637 liberare
1897 615 1904 636 ε
1923 614 2123 650 possumus
2136 602 2207 638 hoc
2224 602 2375 651 quidem

1389 660 1557 695 charitati
1579 660 1660 709 eJus
1690 660 1901 708 imputare,
1930 673 2041 709 quam
2067 669 2109 697 ut
2131 660 2241 698 nobis
2270 674 2376 698 com-

1390 718 1584 754 meudaret
1597 746 1606 762 ,
1626 731 1700 754 non
1722 719 1844 754 solum
1862 719 2078 756 incarnatus
2091 748 2100 765 ‚
2125 720 2189 756 sed
2209 729 2246 756 et
2273 733 2376 756 mor-

1391 786 1475 813 tuus
1494 786 1548 813 est
1575 790 1644 826 pro
1674 777 1795 814 nobis.
1832 778 2001 815 Tradidit
2031 780 2275 816 nihilominus
2307 792 2376 829 per

1390 837 1459 872 hoe
1488 837 1643 872 sormam
1676 837 1864 873 charitatis
1887 865 1897 882 ,
1928 846 1968 873 ut
1998 839 2117 887 parati
2146 839 2261 875 simus
2291 851 2375 874 cum

1392 895 1588 931 necessitas
1599 895 1778 943 exegerit,
1798 909 1868 944 pro
1883 896 2058 933 fratribus
2079 898 2213 933 nostris
2229 897 2371 933 animas

1389 963 1535 991 nostras
1552 968 1707 1003 ponere,
1725 968 1810 991 cum
1824 959 1962 1004 Regem
1987 965 2155 992 nostrum
2178 970 2246 1006 pro
2262 955 2373 993 uobis

1391 1014 1550 1048 animam
1567 1013 1735 1061 posuisse
1750 1013 1933 1050 videmus.
1954 1018 2018 1051 Est
2033 1023 2071 1051 et
2087 1015 2208 1052 adhuc
2227 1015 2298 1052 alia
2315 1028 2378 1051 ra-

338 1077 500 1112 l'ruetum
535 1074 705 1111 habuerit
737 1088 757 1110 a
790 1075 864 1110 vite
880 1103 889 1119 ,
924 1088 993 1110 uou
1021 1075 1106 1111 vitis
1126 1089 1146 1112 a
1172 1077 1323 1125 palma?
1343 1074 1370 1107 B
1389 1072 1576 1108 [ionabiliss
1592 1085 1845 1121 (¹41usa‚quffl‘e
1869 1086 1936 1123 per
1955 1074 2160 1110 Dominum
2192 1075 2378 1124 redempti

336 1135 507 1171 Christus
528 1147 602 1170 non
625 1133 755 1170 habuit
772 1134 870 1170 hunc
891 1134 1052 1170 fructum
1072 1136 1150 1171 sine
1173 1136 1294 1184 palma
1315 1164 1322 1180 ,

336 1194 414 1230 imo
449 1202 486 1229 et
522 1206 589 1242 per
609 1193 792 1242 palmam,
814 1192 850 1228 id
878 1201 934 1229 est
954 1206 1021 1241 per
1042 1206 1210 1238 cruecm;
1237 1194 1322 1242 quia

336 1254 365 1289 si
391 1253 560 1290 Christus
587 1252 788 1288 crucilixus
821 1265 896 1287 non
930 1260 1044 1296 esset,
1082 1264 1155 1287 non
1195 1253 1323 1288 l'uissct

336 1321 461 1349 secuta
494 1311 717 1359 redemptio.
752 1310 1014 1359 Apprehendit
1039 1324 1127 1358 ergo
1157 1311 1324 1347 Christus

338 1372 498 1407 fructum
520 1370 659 1413 crucis,
679 1370 782 1404 illum
804 1369 974 1417 profecto
990 1397 999 1413 ,
1021 1382 1133 1417 quem
1155 1369 1234 1417 ipse
1255 1383 1324 1418 per

335 1443 483 1466 crucem
506 1430 623 1465 suerat
638 1436 827 1476 operatus.

394 1490 479 1524 165.
500 1487 571 1524 Sed
588 1485 700 1522 liabet
720 1485 780 1521 hic
797 1484 930 1522 botrus
945 1498 1060 1535 grana
1075 1486 1190 1522 multa
1202 1514 1210 1530 ,
1229 1486 1327 1522 scili-

337 1556 396 1584 eet
417 1546 674 1595 impletionem
705 1545 908 1594 Scripturae
924 1573 934 1589 ,
958 1545 1153 1581 victoriani
1175 1545 1221 1580 de
1246 1545 1326 1581 dia—

338 1607 447 1651 bolu,
474 1606 762 1643 resurrectionis
792 1605 975 1654 gloriam,
1005 1605 1232 1641 ascensionis
1257 1606 1328 1641 mi-

339 1666 494 1703 rabilem
511 1666 782 1708 elevationem,
811 1664 998 1700 donorum
1020 1664 1182 1713 Spiritus
1210 1664 1327 1700 sancti

338 1726 567 1763 missionem.
583 1729 637 1762 De
654 1724 874 1773 impletione
891 1724 1091 1772 Scripturae
1107 1724 1186 1773 ipse
1200 1724 1329 1760 Domi-

338 1798 410 1822 nus
431 1784 686 1822 testimonium
711 1783 885 1833 perhibet
901 1812 910 1828 ‚
943 1782 1070 1818 dicens
1091 1786 1200 1819 Petro
1221 1799 1230 1819 ι
1257 1784 1329 1818 Ca-

1390 1144 1517 1168 sumus
1533 1147 1540 1168 :
1558 1132 1699 1168 scilicet
1714 1133 1801 1181 quia
1828 1146 2063 1182 nequaquam
2086 1133 2210 1170 decuit
2226 1147 2295 1171 nos
2311 1147 2379 1184 per

1389 1191 1500 1226 alium
1536 1191 1752 1235 reformari,
1787 1204 1898 1239 quam
1933 1204 2002 1240 per
2031 1204 2140 1236 eum,
2167 1205 2236 1242 per
2266 1205 2378 1241 quem

1390 1250 1535 1285 formati
1558 1262 1717 1286 eramus.
1744 1250 1831 1286 Plus
1851 1250 1949 1286 enim
1972 1250 2108 1287 excitat
2125 1263 2193 1287 nos
2220 1252 2267 1288 ad
2289 1251 2380 1287 cha·

1389 1309 1534 1344 ritatem
1557 1309 1772 1345 reformatio
1791 1337 1801 1354 ‚
1829 1311 1924 1346 sicut
1945 1311 2081 1359 saepius
2103 1323 2217 1359 supra
2237 1312 2378 1348 dietum

1392 1375 1470 1410 est,
1493 1380 1603 1414 quam
1635 1368 1820 1404 formatio.
1840 1370 1877 1406 Si
1901 1382 1990 1418 ergo
2011 1382 2079 1419 per
2103 1370 2216 1406 alium
2231 1399 2240 1416 ‚
2266 1385 2378 1421 quam

1393 1437 1461 1472 per
1483 1425 1605 1473 ipsum
1639 1439 1707 1475 per
1733 1440 1845 1475 quem
1873 1441 2004 1464 sumus
2030 1429 2205 1474 formati,
2232 1430 2379 1468 formati

1394 1496 1558 1521 essemus
1582 1499 1590 1520 :
1621 1485 1704 1534 plus
1731 1488 1968 1523 reformatori
1994 1496 2147 1534 nostro,
2172 1501 2282 1537 quam
2304 1491 2382 1527 sor—

1396 1543 1528 1578 matori
1568 1542 1818 1590 deberemus3
1856 1554 1893 1581 et
1930 1546 1982 1582 sic
2022 1546 2106 1595 plus
2143 1546 2382 1597 diligeremus

1394 1610 1622 1648 ereaturam,
1651 1616 1764 1652 quam
1786 1608 2000 1642 Creatorem
2020 1633 2030 1651 ,
2064 1605 2167 1654 quod
2197 1615 2294 1643 esset
2321 1608 2381 1644 in—

1395 1663 1637 1700 conveniens.
1665 1667 1716 1701 Ut
1741 1676 1830 1713 ergo
1857 1665 2030 1701 incitaret
2052 1678 2121 1701 nos
2146 1665 2193 1701 ad
2220 1665 2379 1715 diligen-

1396 1721 1484 1757 dum
1506 1722 1627 1770 ipsum
1644 1736 1690 1759 ex
1707 1731 1787 1759 toto
1807 1724 1939 1770 corde,
1957 1737 2002 1760 ex
2026 1733 2101 1760 tota
2118 1725 2260 1771 anima,
2280 1734 2318 1762 et
2335 1739 2382 1762 ex

1397 1782 1574 1818 omnibus
1598 1783 1742 1820 viribus
1764 1785 1921 1829 nostris;
1940 1784 2125 1834 impendit
2142 1783 2252 1822 nobis
2269 1786 2382 1835 quid-

339 1846 442 1879 licem
463 1857 570 1891 quem
596 1844 697 1878 dedit
717 1843 806 1877 milei
821 1844 956 1886 Pater,
976 1855 1049 1877 mm
1070 1846 1128 1878 vis
1146 1852 1184 1877 ut
1205 1842 1327 1878 bibam
1349 1844 1375 1879 C
1393 1841 1483 1890 quid
1512 1840 1643 1877 debuit
1663 1842 1826 1878 creando
1849 1851 1886 1879 et
1907 1842 2111 1879 recreando
2130 1855 2199 1879 nos
2218 1845 2384 1893 optimus

339 1906 443 1938 illum
458 1909 469 1924 ²
485 1905 499 1938 ?
524 1903 714 1948 Quomodo
730 1915 814 1950 ergo
835 1901 1085 1950 implebantur
1099 1903 1326 1949 Scriptaraf,

340 1968 428 2011 quia
447 1967 500 1998 sic
521 1971 663 2010 oportet
675 1963 769 2008 fieri
783 1963 822 1998 ²?
848 1965 895 1998 Et
913 1962 948 1998 in
967 1962 1040 1998 alio
1062 1962 1147 1998 loeo
1169 1976 1177 1998 ε
1201 1963 1331 1997 Nonne

340 2023 496 2071 oportuit
526 2025 727 2070 adirnpleri
747 2025 894 2065 omnia,
919 2035 1005 2068 quoe
1032 2025 1167 2069 scripta
1189 2030 1272 2056 sum
1294 2025 1330 2056 in

340 2085 438 2130 Lege
449 2110 459 2126 ,
481 2090 516 2116 et
534 2083 727 2129 Prophetis
743 2109 752 2124 ,
774 2090 809 2116 et
828 2082 989 2117 Psalmis
1008 2083 1055 2116 de
1075 2095 1132 2116 mc·
1148 2079 1185 2116 3?
1205 2080 1332 2116 Victo-

341 2141 394 2177 ria
416 2141 462 2177 de
494 2140 670 2186 diabolo,
694 2141 762 2177 etsi
791 2141 863 2177 alio
892 2140 1006 2177 modo
1041 2141 1186 2190 potuit,
1209 2149 1332 2176 tamen

342 2200 415 2236 alio
448 2199 562 2236 modo
594 2201 742 2250 impleri
763 2213 839 2236 non
866 2199 1009 2236 debuit.
1044 2201 1200 2236 Multum
1232 2200 1332 2236 enim

343 2258 502 2307 desipit,
523 2259 586 2307 qui
603 2259 824 2308 sapientiam
841 2259 910 2295 Dei
929 2267 965 2295 et
979 2259 1133 2295 Domini
1147 2258 1247 2294 aliud
1262 2258 1332 2293 ali-

344 2317 434 2365 quid
456 2326 584 2366 putat,
610 2318 680 2353 nisi
699 2317 735 2353 id
753 2317 855 2365 quod
876 2317 1223 2365 praestantissimum
1245 2316 1333 2361 fuit,

346 2376 550 2412 ordinasse.
574 2376 831 2412 Necessarium
855 2376 921 2412 suit
944 2389 1029 2411 eum
1055 2388 1123 2424 per
1142 2375 1333 2410 hominem

347 2434 502 2470 vinciet
529 2447 597 2483 per
618 2434 779 2482 lignum,
807 2434 871 2482 qui
896 2433 1085 2470 hominem
1110 2434 1249 2469 vicerat
1269 2445 1336 2481 per

347 2494 488 2543 lignum
512 2509 519 2530 :
547 2503 585 2530 ut
601 2494 701 2530 unde
720 2507 821 2529 mors
838 2493 1044 2538 oriebatur,
1071 2493 1157 2528 iude
1178 2493 1253 2528 vita
1275 2506 1334 2528 rc-

347 2563 535 2602 surgeret3
554 2554 667 2602 etqui
682 2554 719 2590 in
737 2554 838 2602 ligno
858 2552 1052 2597 vincebat,
1071 2553 1107 2588 in
1124 2553 1224 2601 ligno
1240 2565 1334 2600 quo-

1398 1903 1516 1945 Deus,
1532 1899 1640 1948 cujus
1657 1900 1847 1937 beneficiis
1864 1914 1939 1937 non
1955 1900 2209 1937 communicat
2224 1902 2380 1939 alienus.

1455 1960 1537 1996 167.
1579 1963 1755 1997 Fructum
1793 1961 1907 2009 igitur
1944 1961 2213 2010 redemptionis
2249 1970 2386 1999 nostrae

1399 2027 1478 2054 toto
1509 2019 1696 2056 desiderio
1724 2021 2042 2070 complectamur,
2071 2029 2108 2057 et
2130 2020 2283 2070 saepius,
2309 2022 2385 2059 imo

1399 2078 1477 2114 sine
1509 2074 1784 2115 intermissione
1821 2079 1868 2116 ad
1908 2080 2127 2116 memoriam
2166 2090 2386 2118 revocantes

1399 2137 1573 2172 latentem
1595 2137 1633 2173 in
1652 2137 1734 2186 ipso
1752 2137 2009 2183 dulcedinem,
2030 2139 2155 2188 lingua
2174 2139 2387 2177 intellectus

1401 2197 1518 2232 nostri
1539 2196 1798 2246 degustemus,
1816 2206 1854 2233 et
1873 2198 1910 2234 in
1928 2211 2012 2235 vase
2035 2198 2225 2235 memoriae
2251 2208 2388 2236 nostrae

1403 2256 1651 2292 recondamus
1683 2257 1901 2306 sanguinem
1934 2257 2044 2307 liujus
2073 2271 2155 2295 uvae
2183 2259 2389 2296 meracissi-

1402 2329 1529 2360 mum,
1563 2317 1801 2364 sanguinem,
1839 2318 2015 2365 inquam,
2045 2317 2247 2355 rubicundi
2279 2323 2387 2364 Jesu;

1401 2375 1487 2422 quia
1504 2375 1621 2410 sactus
1635 2383 1690 2410 est
1707 2375 1814 2411 nobis
1832 2376 2054 2425 redemptio,
2076 2378 2163 2425 quia
2180 2390 2248 2426 per
2264 2378 2386 2426 ipsum

1402 2434 1533 2469 salvati
1553 2442 1589 2469 ct
1611 2432 1754 2469 liberati
1780 2446 1919 2470 sumus.
1940 2435 2004 2471 His
2026 2434 2200 2481 floribus,
2220 2436 2290 2472 hoc
2308 2437 2387 2472 fru—

1402 2501 1482 2537 ctu,
1503 2506 1579 2541 quo
1595 2493 1786 2542 redempta
1808 2502 1864 2529 est
1883 2507 1901 2529 a
1922 2495 2119 2542 tyrannide
2136 2495 2385 2541 daemoniaca,

1396 2551 1538 2600 jugiter
1564 2552 1763 2588 reficienda
1792 2561 1847 2588 est
1872 2553 1990 2589 fidelis
2020 2554 2164 2597 anima,
2190 2567 2237 2590 nc
2257 2554 2293 2589 in
2316 2554 2387 2590 hoe

344 2626 417 2661 que
446 2614 700 2650 vinceretur&
730 2617 854 2661 Quare
886 2621 1010 2649 autem
1045 2626 1112 2662 per
1144 2613 1333 2648 hominem
1354 2609 1384 2641 D
1404 2611 1559 2647 taedioso
1592 2612 1739 2648 deserto
1769 2612 1933 2656 deficiat,
1957 2613 1994 2648 in
2022 2626 2099 2661 quo
2129 2613 2208 2649 sine
2236 2613 2384 2662 requie,

344 2673 407 2721 qui
427 2681 506 2709 erat
524 2677 625 2709 Deus
640 2701 649 2718 ,
670 2681 706 2708 ct
722 2686 798 2709 non
814 2686 882 2721 per
901 2673 1107 2722 simplicem
1127 2673 1331 2717 hominem,

346 2732 432 2768 satis
450 2733 685 2768 manifestum
707 2741 785 2779 cst;
809 2732 896 2781 quia
917 2745 1051 2769 omnes
1067 2732 1238 2768 homines
1252 2745 1335 2780 pec-

347 2801 430 2827 cato
462 2800 569 2828 erant
588 2791 763 2837 obnoxii,
795 2800 830 2828 et
854 2804 930 2827 non
963 2799 1109 2841 poterat
1138 2791 1334 2839 quisquam

346 2851 502 2887 aliorum
519 2851 666 2888 solvere
692 2852 841 2887 vincula
856 2879 865 2895 ‚
895 2851 1013 2900 quise
1042 2851 1164 2900 ipsum
1187 2851 1333 2887 solvere

347 2923 421 2946 non
444 2910 604 2946 valebat.
628 2911 796 2947 Christus
813 2911 911 2947 enim
930 2911 1035 2946 sortis
1049 2939 1058 2955 ‚
1078 2910 1142 2959 qui
1163 2909 1334 2959 originali

347 2977 498 3016 peccato
520 2969 609 3004 nihil
628 2968 807 3014 debebat,
831 2982 876 3005 co
896 2970 999 3018 quod
1020 2969 1195 3018 singulari
1217 2968 1335 3018 privi-

348 3028 443 3077 legio
465 3029 639 3064 nascendi
665 3029 744 3064 sine
769 3029 871 3065 omni
900 3030 1037 3065 carnali
1062 3028 1335 3077 concupiscen-

347 3088 394 3123 tia
411 3096 614 3137 conceptus
630 3097 709 3124 crat
726 3117 734 3133 ,
756 3089 819 3137 qui
844 3089 946 3125 solus
968 3097 1023 3125 est
1046 3089 1143 3125 inter
1167 3095 1335 3124 mortuos

348 3147 455 3193 liber,
478 3149 580 3184 solus
605 3163 624 3184 a
647 3157 766 3185 morte
787 3157 935 3198 poterat
964 3158 1133 3185 mortuos
1153 3148 1334 3194 liberare,

1401 2671 1480 2706 siue
1511 2671 1790 2708 intermissione
1819 2671 1986 2717 laborat,
2004 2672 2196 2721 suspirans
2216 2672 2263 2709 ad
2287 2673 2386 2709 illam

1404 2739 1538 2766 terram
1559 2731 1652 2767 laete
1670 2740 1706 2766 et
1724 2732 1834 2768 melle
1848 2740 2078 2777 manantem,
2095 2740 2233 2768 etcum
2251 2745 2387 2782 sponsa

1404 2791 1642 2839 proclamans
1670 2806 1677 2826 :
1708 2794 1854 2826 Iv'ulcite
1888 2805 1946 2827 me
1962 2791 2137 2837 sturmus,
2168 2797 2303 2840 stipate
2331 2805 2389 2828 me

1402 2854 1525 2892 malla,
1550 2856 1640 2897 (suia
1660 2864 1787 2886 amore
1803 2854 1960 2899 langueo
1974 2849 2003 2886 ⁶.
2027 2854 2109 2888 Non
2127 2851 2274 2900 ignorat
2286 2852 2365 2900 ipsa
2378 2881 2388 2898 ,

1401 2910 1485 2958 quis
1505 2919 1540 2945 et
1557 2910 1677 2959 qualis
1698 2911 1809 2947 fuerit
1825 2912 1966 2947 fructus
1985 2910 2069 2947 vitis
2088 2911 2176 2959 ligni
2196 2910 2282 2946 vitae
2299 2915 2387 2948 Jesu

1401 2969 1548 3005 Clu-isti.
1571 2973 1850 3018 Nonnunquam
1872 2971 1971 3006 enim
1997 2971 2130 3006 lectum
2153 2969 2388 3006 conscientiae

1403 3041 1478 3063 suae
1508 3027 1664 3063 floribus
1695 3029 1874 3064 xirtutum
1906 3037 1943 3064 et
1970 3028 2153 3077 passionis
2178 3028 2307 3077 sponsi
2332 3028 2388 3064 sui

1403 3096 1650 3136 resperserat,
1670 3100 1753 3136 quae
1767 3088 1888 3124 eidem
1909 3088 1946 3123 in
1962 3087 2094 3124 eodem
2110 3087 2264 3125 Cantico
2283 3100 2384 3124 amo-

1402 3147 1450 3182 ris
1479 3146 1686 3195 proclamat
1709 3161 1716 3182 :
1745 3149 1915 3182 Lectulus
1943 3155 2065 3182 noster
2076 3146 2239 3192 floridus
2255 3153 2290 3192 73
2312 3159 2388 3183 non

392 3282 398 3295 ¹
421 3279 511 3307 Joau.
533 3287 636 3314 xviii,
656 3280 707 3307 11.
725 3294 762 3297 ψ·
789 3282 799 3297 ²
821 3276 934 3307 Manli.
957 3288 1057 3311 xxvi,
1084 3279 1131 3307 ἰἰ.
1145 3295 1186 3299 ff
1208 3275 1220 3299 3
1234 3280 1306 3307 Luc.
1323 3286 1416 3313 xxm,
1436 3278 1491 3306 lasa.
1509 3294 1549 3298 —
1567 3275 1580 3299 4
1599 3277 1644 3306 Ex
1662 3274 1779 3305 rra-fat.
1805 3274 1907 3305 Missa·
1930 3273 1968 3304 de
1991 3285 2091 3304 cruce.
2109 3291 2151 3297 —-
2167 3273 2180 3296 5
2200 3274 2294 3305 }{cl›r.
2318 3285 2384 3308 vu.

342 3330 394 3358 27.
412 3346 454 3350 —
476 3330 490 3349 ὓ
505 3329 623 3360 (lautic.
646 3339 686 3363 u.
708 3333 736 3358 ξ».
753 3348 792 3351 —-
811 3327 1019 3365 71d.1‚1:›.
