2418 3949
190 151 264 187 553

660 156 806 191 LIBER
834 156 899 191 DE
928 156 1129 192 NATURA
1155 156 1215 190 ET
1243 154 1508 191 DIGMTATF,
1536 157 1733 192 AMORIS.

2165 159 2238 195 554

185 227 362 277 gaudium
382 228 479 266 bene
496 229 737 280 gaudentium
754 247 763 278 ;
790 244 908 268 unum
929 231 1092 280 denique
1107 229 1179 266 bo-
1191 227 1240 248 ²⁶²
1250 228 1363 265 dehet
1382 231 1504 267 onmis
1524 233 1672 281 sapiens
1691 246 1878 279 ascensor,
1898 246 1975 270 non
1997 233 2048 271 sic
2064 246 2144 272 esse
2161 247 2241 284 gra-

187 300 275 324 num
289 316 299 334 ,
319 301 507 326 summum
529 290 698 327 omnium
717 290 920 327 bonorum.
942 293 971 326 A
995 290 1068 326 fine
1087 287 1180 325 boni
1196 303 1230 336 A
1246 287 1316 324 dus
1340 288 1451 338 hujus
1474 291 1721 338 ascensionis,
1742 293 1936 341 quomodo
1955 293 2093 342 gradus
2112 294 2239 339 scalae,

184 348 396 397 propositi,
430 348 469 384 in
500 349 691 399 principio
715 349 963 395 ascensionis,
990 360 1109 397 usque
1130 347 1178 383 ad

186 406 299 443 finem
318 407 441 444 omnis
461 408 814 453 consummationis,
836 407 1019 457 sapientia
1033 406 1180 455 attingit

186 465 344 513 fortiter,
372 466 633 503 fortitudinem
656 467 891 504 ascendentis
911 466 958 502 ad
991 478 1029 502 se
1047 473 1177 502 custo—

185 523 316 570 diens,
349 537 397 561 ne
422 525 460 562 in
487 538 642 563 ascensu
666 526 840 562 deficiat:
862 524 1027 562 suaviter
1045 523 1177 574 dispo-

185 596 278 620 nens
297 585 423 621 omnia
444 591 470 631 ¹,
500 593 538 622 et
554 585 733 631 adversa,
758 593 795 621 et
814 597 1019 634 prospera,
1049 582 1176 620 omnia

185 643 218 679 ei
236 643 276 679 in
303 643 446 680 bonum
471 644 692 681 modificans
715 652 752 680 et
779 656 1029 693 componens3
1057 642 1177 679 donec

185 702 347 738 animam
361 701 415 738 ad
435 703 664 752 principium
697 716 806 739 suum
835 702 1011 748 reducat,
1033 709 1070 738 et
1089 699 1179 737 abs-

183 760 322 797 condat
352 760 391 796 in
437 760 659 797 abscondito
686 761 792 798 faciei
819 761 902 798 Dei.
933 761 1034 798 Scire
1055 768 1177 797 autem

234 890 242 905 ¹
262 887 333 927 Sap.
353 896 428 923 vm,
452 889 479 917 1.

1244 355 1285 384 ut
1305 348 1442 397 singuli
1461 350 1616 387 affectus
1636 351 1695 387 isti
1722 352 1796 388 suis
1818 360 1963 389 tantum
1985 352 2239 403 temporibus,

1244 414 1281 442 et
1311 420 1388 443 non
1422 409 1495 445 alio
1546 418 1716 459 tempore
1758 411 1833 447 sint
1872 413 2082 449 necessarii.
2117 412 2240 449 Habet

1243 466 1386 516 quippe
1402 469 1662 518 unusquisque
1677 470 1832 506 affectus
1852 466 1891 506 in
1911 484 2085 508 ascensus
2106 472 2240 509 ordine

1244 533 1394 574 tempus
1427 535 1465 563 et
1501 528 1628 564 locum
1660 542 1768 565 suum
1782 558 1791 575 ,
1825 543 1903 579 quo
1946 530 2241 581 cooperantibus

1242 583 1322 620 aliis
1347 584 1543 622 affectibus
1563 599 1647 623 suas
1668 587 1789 623 valeat
1807 597 1932 637 partes
1954 590 2148 627 sollicitius
2168 603 2238 627 ex-

1242 642 1380 691 sequi:
1407 643 1473 680 sed
1504 657 1637 681 omncs
1673 653 1796 682 tamen
1832 646 1902 682 sibi
1936 657 2169 685 concurrunt
2201 657 2239 685 et

1243 710 1514 750 cooperantur,
1535 711 1572 738 et
1591 704 1846 752 praeveniunt,
1876 713 1912 741 et
1942 715 2169 754 sequuntur,
2202 717 2239 744 et

1245 773 1344 810 saepe
1359 760 1455 798 fiunt
1471 762 1584 811 primi
1605 763 1821 811 novissimi,
1842 772 1879 800 et
1900 765 2093 802 novissimi
2113 767 2237 815 primi.
