2418 3949
158 221 255 260 1029

151 359 328 408 coquitur
358 358 394 394 in
429 357 577 395 clibano
609 359 825 408 passionum

152 416 387 453 benedixeris
413 417 445 453 ei
470 417 573 454 omni
599 417 860 455 benedictione
885 419 1088 469 spirituali,
1110 428 1146 455 et

151 475 310 522 dixeris,
343 477 642 514 Consummaume
665 488 716 513 ert
734 486 757 524 ¹,
788 479 924 528 frangis
956 488 992 515 et
1024 480 1145 528 ipsum

151 549 290 586 corpus
313 545 482 574 nostrum
501 537 604 586 quod
621 538 657 574 in
676 538 849 575 manibus
865 539 937 575 tuis
954 547 1028 584 est,
1049 548 1086 576 et
1109 540 1144 575 in

154 608 287 632 manus
316 604 397 632 tuas
425 597 695 634 committimus
723 613 730 634 :
761 607 797 634 ct
828 599 879 635 ibi
907 599 1143 647 agnosceris,

154 668 229 692 non
251 656 287 693 in
308 657 430 706 specie
452 658 669 707 peregrina,
698 658 763 695 sed
784 659 821 695 in
851 659 941 695 facie
968 659 1144 709 propria,

154 722 195 751 ut
216 714 294 764 jam
324 728 398 752 non
430 716 558 753 lancea
587 717 683 754 latus
711 726 816 754 tuum
848 717 956 755 nobis
981 717 1144 767 aperiat,

151 774 215 810 sed
244 774 360 824 digito
388 775 542 825 palpare
567 784 602 811 ct
626 776 754 813 videre
780 778 967 826 possimus
995 778 1081 826 quia
1109 785 1148 812 tu

153 846 212 880 es,
236 834 398 870 Domine
412 863 422 880 ,
446 838 546 871 Deus
567 844 704 871 noster.

490 966 667 1004 CAPUT
700 966 813 1005 XIII.

228 1086 280 1118 Pia
302 1087 340 1118 ad
365 1087 520 1119 Clu-istum
543 1088 687 1129 aspiratio
704 1088 742 1118 ad
760 1088 958 1119 obtinendam
987 1100 1078 1119 sacra*

446 1142 613 1183 Scriptura=
634 1142 880 1183 intelligentiam.

206 1254 266 1289 32.
290 1256 398 1291 Pater
426 1254 684 1303 orphanorum
717 1261 754 1290 et
781 1252 899 1302 judex
923 1253 1145 1299 viduarum,

154 1311 338 1362 numquid
364 1325 441 1349 non
466 1312 571 1350 vides
592 1313 743 1349 viduam
766 1313 860 1350 banc
881 1314 1149 1364 pauperculam

153 1380 190 1408 et
222 1371 446 1418 desolatam,
476 1373 636 1409 animam
670 1386 809 1419 meam,
839 1387 914 1410 non
951 1374 1150 1410 habentem

152 1431 298 1481 aliquos
327 1445 449 1481 neque
470 1433 619 1477 fratres,
641 1445 763 1481 neque
785 1433 944 1478 amicos,
967 1442 1029 1469 aut
1058 1435 1161 1469 vici-⁷

154 1504 241 1537 nos,
259 1505 279 1528 a
305 1491 441 1541 quibus
462 1501 595 1529 mutuo
620 1492 798 1541 accipiam
821 1506 906 1528 vasa
934 1506 1049 1528 vacua
1075 1506 1152 1529 non

155 1564 293 1601 pauca,
321 1564 406 1600 quae
436 1551 528 1587 mibi
561 1551 623 1587 lilii
658 1552 728 1587 mei
762 1561 984 1601 suggerant,
1014 1562 1050 1588 et
1085 1566 1152 1601 ego

155 1611 350 1648 infundam
373 1611 418 1648 de
445 1611 593 1647 modico
616 1611 708 1654 olei,
729 1611 830 1660 quod
858 1611 946 1647 milii
975 1611 1075 1648 ‹le‘te
1095 1626 1153 1648 re—

155 1670 304 1708 siduum
330 1679 386 1707 est
402 1676 428 1717 ²,
450 1679 489 1708 ut
517 1680 556 1707 tu
582 1670 856 1707 benedictionis
889 1681 959 1708 tuae
986 1672 1153 1721 plenitu-

156 1730 282 1768 dinem
310 1730 488 1768 omnibus
505 1730 708 1768 exhibeas?
729 1731 902 1781 Intelligo
930 1733 1049 1776 enim,
1076 1736 1154 1769 Do-

156 1791 276 1836 mine,
309 1804 396 1828 vasa
425 1805 543 1828 vacua
572 1804 671 1837 esse,
700 1792 878 1828 litterales
907 1792 1089 1841 quosdam
1119 1801 1155 1828 et

155 1850 354 1888 historicos
370 1864 500 1888 sensus
516 1852 719 1901 Scriptura?
737 1859 826 1897 tuae,
844 1865 928 1900 quse
943 1865 1018 1887 non
1037 1865 1155 1901 pauca
1177 1857 1203 1890 C

155 1919 260 1958 sunt,
287 1919 329 1948 ut
360 1919 460 1948 totus
481 1911 645 1948 mundus
675 1925 718 1948 ea
748 1924 881 1961 capere
911 1925 985 1947 non
1021 1913 1149 1961 possit.

155 1975 248 2019 Quae
263 1971 416 2021 quidem
441 1985 529 2009 vasa
549 1972 771 2009 sanctissimi
799 1973 928 2022 templi
956 1973 1008 2008 tui
1033 1972 1154 2021 Baby-

155 2031 280 2068 lonius
306 2043 392 2076 rex,
414 2032 486 2068 hoc
513 2040 569 2068 est
597 2031 785 2082 superbiae
814 2032 1066 2081 principatus,
1094 2046 1155 2068 ca-

157 2090 260 2139 ptiva
279 2090 349 2128 sibi
369 2090 492 2136 ducit,
512 2092 664 2141 suisque
682 2091 882 2136 conviviis,
903 2105 978 2128 non
1003 2091 1049 2128 ad
1074 2092 1154 2141 glo-

159 2149 271 2196 riam,
296 2150 362 2187 sed
386 2150 433 2188 ad
457 2151 702 2201 ignominiam
732 2164 835 2187 suam
862 2151 1002 2186 servire
1029 2151 1152 2199 cogit,

158 2222 346 2260 usurpans
368 2209 439 2248 sibi
464 2211 658 2248 scientiam
684 2211 772 2260 legis
796 2219 887 2255 tuae,
906 2219 943 2246 et
960 2209 1092 2247 bibens
1117 2211 1153 2246 in

158 2268 257 2306 vasis
282 2269 484 2306 sanctuarii
508 2270 638 2306 vinum
669 2269 947 2319 prostitutionis
972 2282 1066 2314 suae,
1085 2282 1155 2306 un-

157 2327 306 2375 guentis
339 2328 558 2365 meretriciis
588 2327 743 2364 donaria
770 2336 830 2364 tua
863 2327 1153 2364 commaculans.

158 2390 317 2437 Propter
331 2387 435 2437 quod
451 2387 562 2424 etiam
585 2401 632 2424 ex
655 2387 816 2425 adverso
833 2387 1004 2436 parietis,
1021 2387 1156 2423 erude-

158 2446 221 2493 lis,
237 2446 302 2484 sed
315 2445 417 2496 justa
438 2456 572 2484 contra
591 2460 656 2484 eos
678 2448 863 2483 sententia
879 2446 1152 2493 conscribitur,

157 2505 245 2555 quia
269 2520 376 2543 omne
394 2520 546 2556 regumn
575 2513 612 2543 m
635 2520 673 2543 sc
693 2512 813 2555 ipsum
836 2509 991 2542 divisum
1013 2508 1156 2541 desolu-

159 2565 254 2602 ln'mr
267 2565 295 2612 ³,
315 2574 353 2603 et
374 2567 543 2604 tradetur
559 2567 679 2604 Medis
700 2576 737 2604 et
754 2567 875 2603 Persis
890 2567 917 2612 ⁴²,
935 2567 999 2615 qui
1021 2579 1157 2615 argen-

804 226 861 260 ET
892 225 1084 261 RESURR
1093 226 1262 262 ECTION
1273 228 1334 261 EM
1369 230 1469 263 ooM
1478 230 1556 264 131.

151 301 216 337 sio.
245 299 389 336 Deinde
420 313 502 336 cum
538 301 572 336 iu
607 302 762 337 lormam
793 302 897 350 panis
930 303 1193 347 u·ansierit,³'‘

2115 236 2209 271 10:30

1196 303 1553 352 ⁶superabundantis
1577 307 1648 343 olei
1678 307 1856 343 redimam
1877 319 2024 357 peccata
2042 324 2139 357 mea,
2163 314 2207 348 dc

857 375 863 396 :
899 369 1027 410 postea
1058 374 1141 396 cum
1162 364 1189 395 Α
1212 363 1355 411 reliquo
1383 372 1506 400 autem
1537 379 1620 401 cum
1651 367 1734 403 tiliis
1756 368 1846 404 meis
1869 370 2003 405 rivam.
2028 372 2098 408 Sed
2121 374 2208 421 quia

1214 433 1279 457 nce
1303 421 1444 457 vicinos
1466 423 1601 469 babeo,
1620 437 1687 460 nec
1718 425 1873 472 liberos,
1894 442 1914 464 a
1935 430 2071 477 quibus
2099 446 2206 468 eom-

1213 480 1362 517 modem
1398 483 1615 519 exercitium
1660 486 1793 521 mentis
1823 500 1913 523 meae
1951 502 1957 523 z
1994 491 2135 536 statim,
2169 502 2209 527 ut

1214 540 1392 576 remisero
1413 554 1565 587 manus,
1588 542 1730 579 invadit
1752 557 1810 580 me
1831 546 1996 584 creditor
2013 549 2209 598 improbus

1214 598 1293 644 ille,
1315 607 1350 635 ct
1378 599 1473 636 duos
1502 601 1597 637 filios
1620 615 1741 647 meos,
1774 604 1808 639 id
1836 614 1890 641 est
1913 606 2140 644 intellectum
2175 620 2211 646 et

1214 657 1387 694 affectum
1401 688 1409 703 ,
1431 659 1574 696 inertiae
1593 662 1774 709 vanisque
1793 663 2030 703 illusionibus
2050 669 2125 704 suis
2146 669 2210 703 ‹lc-

1214 718 1356 754 servire
1395 719 1504 767 cogit.
1541 723 1595 756 'l'u
1626 733 1734 768 ergo,
1773 723 1982 761 misericors
2011 727 2210 765 viduarum

1215 775 1403 821 defensor,
1424 777 1601 825 quoniam
1628 778 1730 814 dives
1758 794 1795 815 cs
1819 781 1927 818 nimis
1948 792 1983 818 et
2003 784 2068 821 das
2089 789 2211 823 omni-

1216 833 1286 869 bus
1305 834 1522 880 affluenter,
1546 845 1603 882 tu,
1629 837 1800 885 inquam,
1828 840 1905 888 ipse
1934 842 2023 879 mibi
2045 858 2213 881 eommo-

1217 892 1283 937 ‹la,
1317 902 1353 928 et
1381 906 1467 930 vasa
1493 908 1576 943 quae
1607 897 1704 932 nosti
1734 896 1778 932 ad
1803 898 1880 935 baec
1910 901 2013 937 utilia
2045 917 2144 947 esse,
2179 916 2213 941 ct

1217 953 1340 988 oleum
1374 963 1411 990 ut
1442 963 1502 991 tua
1535 956 1607 991 sint
1641 958 1785 1001 onmia,
1820 968 1855 994 et
1889 962 2015 997 omnia
2049 966 2214 1000 serviant

1218 1011 1309 1048 tibi:
1332 1014 1417 1061 quia
1448 1015 1536 1050 nolo
1567 1015 1603 1051 iu
1632 1019 1837 1066 ,Egyptum
1869 1020 1993 1056 oleum
2017 1030 2120 1058 tuum
2150 1024 2215 1059 ‹le-

1170 1073 1196 1105 B
1217 1074 1331 1117 serre,
1355 1083 1395 1109 ut
1414 1088 1489 1110 non
1513 1088 1664 1124 peccem
1684 1076 1771 1122 tibi,
1792 1079 1856 1114 sed
1878 1084 2140 1119 tantummodo
2169 1099 2214 1121 ue

1215 1146 1351 1182 panem
1379 1134 1497 1170 otiosa
1524 1135 1740 1181 comedam,
1771 1139 1861 1185 quin
1892 1141 2016 1187 potius
2049 1151 2124 1178 tota
2155 1144 2214 1180 dic

1214 1205 1389 1228 exercear
1416 1193 1453 1228 in
1477 1192 1810 1241 justilicationil‘ius
1840 1198 1912 1233 tuis
1938 1207 1974 1234 et
2002 1201 2138 1237 vivam.
2174 1207 2214 1238 tit

1215 1265 1298 1288 ecce
1328 1252 1432 1301 quod
1461 1253 1557 1289 [ilius
1587 1255 1779 1291 memoriae
1810 1270 1901 1293 meae
1931 1259 2021 1295 mibi
2050 1260 2213 1302 obtulit,

1217 1311 1311 1347 sicut
1332 1312 1496 1360 primum
1527 1313 1624 1349 inter
1651 1327 1783 1350 manus
1811 1329 1911 1353 meas
1938 1318 2088 1366 incidis,
2120 1323 2214 1356 arri-

1219 1382 1329 1418 piam.

1561 1490 1736 1527 CAPIJT
1769 1492 1875 1529 xlv.

1223 1613 1266 1641 Dc
1287 1611 1383 1641 tribus
1402 1612 1682 1652 Quinquagcuariis
1700 1613 1736 1642 ad
1755 1613 1851 1644 liliam
1869 1615 1986 1648 missis.
2003 1617 2039 1646 ad
2058 1625 2215 1659 captiuam

1263 1671 1386 1695 centum
1404 1666 1625 1705 quinquaginta
1643 1667 1731 1696 trium
1747 1667 1876 1708 piscium
1892 1669 2053 1707 allegorice
2068 1672 2180 1702 relatis.

1275 1793 1333 1828 33.
1357 1791 1486 1827 Stabat
1513 1792 1609 1828 Elias
1634 1793 1667 1828 in
1693 1794 1830 1829 vei-tice
1858 1796 2015 1839 montis,
2040 1806 2073 1832 ct
2100 1798 2216 1834 mitti-

1224 1860 1283 1887 tur
1303 1851 1349 1887 ad
1375 1865 1459 1887 eum
1487 1852 1830 1901 quiuqtmgenarius
1851 1854 2018 1902 primus,
2049 1858 2111 1904 qui
2144 1858 2215 1905 igni

1222 1920 1471 1960 consumptus
1491 1920 1567 1955 cst,
1594 1921 1629 1948 ct
1660 1913 1846 1950 sccundus
1873 1915 2058 1961 similiter,
2086 1918 2216 1953 tertius

1223 1981 1345 2007 tamen
1368 1971 1588 2007 humilitatis
1610 1981 1647 2007 ct
1668 1972 1880 2009 devotionis
1900 1976 2032 2011 merito
2053 1990 2216 2013 reserva—

1223 2040 1280 2067 tus
1301 2039 1366 2067 est.
1388 2033 1480 2067 Ecce
1505 2043 1588 2075 vas,
1609 2031 1671 2067 scd
1701 2044 1881 2077 vacuum,
1909 2035 1995 2082 quia
2021 2037 2146 2084 potius
2165 2037 2217 2072 sic

1221 2099 1413 2140 acceptum
1432 2090 1690 2126 crudelitatem
1712 2101 1869 2128 resonat.
1894 2094 2098 2143 Impleatur
2117 2096 2217 2137 olco,

1222 2158 1257 2185 et
1277 2150 1399 2199 gravis
1419 2162 1464 2185 ex
1489 2163 1533 2185 eo
1557 2163 1672 2187 sonus
1695 2151 1864 2186 cessabit.
1890 2154 1982 2200 Quis
2003 2155 2101 2190 enim
2122 2156 2218 2191 Elias

1222 2219 1323 2246 stans
1346 2210 1381 2245 in
1406 2210 1543 2245 vertice
1564 2211 1721 2255 montis,
1745 2212 1814 2247 nisi
1831 2219 1842 2232 ³·
1866 2213 2031 2249 Domine
2052 2218 2138 2250 Jcsu
2155 2217 2217 2263 qui

1222 2283 1369 2306 sursum
1389 2270 1487 2306 Patri
1510 2270 1673 2305 assistis?
1690 2270 1797 2306 teuit
1813 2271 1858 2306 ad
1877 2280 1911 2308 te
1932 2273 2218 2322 quinquagena-

1223 2330 1298 2365 rius
1326 2329 1489 2379 primus,
1519 2342 1629 2378 quem
1651 2329 1716 2365 tibi
1738 2329 1864 2366 aridus
1885 2343 1963 2380 prae
1981 2333 2095 2368 nimia
2116 2334 2221 2369 sicci-

1224 2396 1297 2424 tate
1319 2387 1483 2424 mundus
1500 2389 1730 2433 transmittit,
1751 2397 1787 2424 et
1805 2389 1939 2426 clamat
1956 2391 2001 2427 ad
2021 2401 2054 2428 te
2075 2408 2081 2428 :
2104 2395 2221 2428 Homo

1225 2451 1312 2494 Dm',
1335 2451 1515 2483 ‹lescemlc
1532 2450 1578 2483 (le
1594 2459 1716 2484 mame
1731 2447 1755 2484 ³.
1779 2450 1943 2487 Mundus
1964 2452 2064 2488 enim
2084 2466 2221 2501 cogno—

1224 2509 1291 2544 scit
1311 2508 1398 2557 quia
1420 2508 1499 2544 sine
1519 2515 1553 2543 te
1574 2509 1707 2544 salvari
1731 2521 1805 2544 non
1824 2518 1959 2558 potest.
1982 2514 2105 2548 Homo
2123 2514 2188 2549 Dei
2207 2513 2222 2534 '³

1224 2577 1260 2604 et
1282 2571 1381 2605 Deus
1402 2568 1538 2614 bomo,
1562 2577 1711 2604 moveat
1735 2577 1768 2604 tc
1790 2582 1901 2617 quem
1923 2571 2061 2618 quaeris
2083 2572 2197 2608 bomo
2213 2603 2220 2617 ‚

159 2632 239 2660 tum
259 2636 336 2661 non
356 2633 544 2674 quaerant,
564 2639 632 2662 nec
649 2639 783 2663 aurum
804 2626 941 2671 velint,
962 2626 1027 2663 sed
1048 2639 1159 2662 vene—
1180 2639 1210 2671 1)
1226 2636 1267 2662 ut
1293 2627 1435 2663 bomini
1463 2626 1754 2663 condescendas.
1786 2629 1980 2665 Descende
2008 2631 2054 2666 dc
2081 2641 2220 2668 monte

160 2683 256 2720 natis
278 2692 316 2721 et
335 2684 555 2722 ardentibus
576 2685 716 2734 sagittis
747 2686 926 2735 parvulos
956 2694 993 2721 et
1021 2686 1156 2722 stultos

159 2756 292 2781 eorum
310 2757 441 2782 sensus
460 2745 698 2781 interficiant.
721 2748 774 2781 Tu
797 2752 939 2789 autem,
967 2745 1129 2781 Domine
1145 2773 1154 2789 ‚

161 2805 337 2854 pauperis
367 2813 405 2841 et
439 2805 615 2842 desolatae
657 2804 780 2841 viduae
820 2804 1071 2850 misereberis,
1112 2819 1158 2842 ne

161 2865 344 2914 pessimus
366 2873 404 2901 et
424 2865 666 2915 importunus
695 2865 897 2910 fenerator,
918 2866 980 2913 qui
1003 2865 1048 2901 ad
1071 2878 1160 2903 usu—

162 2937 239 2960 ram
263 2923 489 2974 perditionis
509 2938 619 2971 meae,
652 2925 769 2962 multa
793 2924 882 2961 mihi
917 2925 1052 2961 talenta
1085 2925 1159 2961 ini-

161 2983 316 3033 quitatis
343 2996 420 3021 suae
449 2984 629 3030 credidit,
658 2984 754 3021 duos
784 2985 881 3021 lilios
910 2997 1033 3029 meos,
1066 2986 1160 3022 intc—

161 3044 281 3081 riores
300 3044 435 3080 animae
466 3058 557 3081 mea:
576 3057 725 3090 sensus,
749 3045 794 3081 ad
827 3045 1066 3081 serviendum
1090 3045 1160 3082 sibi

162 3103 278 3140 tollat.
300 3107 446 3140 Bonum
477 3112 514 3140 ct
543 3105 704 3141 salutare
735 3103 932 3141 consilium
965 3112 1089 3148 tuum,
1122 3113 1162 3140 ut,

163 3170 287 3212 petam
311 3171 445 3199 mutuo
466 3176 551 3200 vasa
580 3176 654 3199 non
678 3176 815 3212 pauca,
839 3172 873 3199 ct
897 3162 1161 3199 bencdictione

220 3294 225 3307 ¹
245 3289 337 3319 Joan.
358 3299 413 3317 xtx
429 3312 436 3325 ,
460 3291 512 3319 30.
531 3307 569 3310 --
586 3294 596 3309 ²
618 3290 660 3318 lv
678 3291 866 3328 R‹·g.1v.r-›
889 3287 900 3310 3
920 3292 991 3318 Luc.
1012 3299 1063 3324 xi,
1091 3291 1140 3319 17.

215 3352 228 3368 ³
249 3348 362 3389 Suppli·
388 3355 430 3378 ln.
452 3367 487 3370 ᾖ
511 3341 525 3363 ¹'
540 3348 625 3379 Alias
642 3373 648 3382 ,
676 3350 767 3378 Dens,

1226 2685 1354 2722 Nullus
1372 2685 1436 2721 tibi
1452 2686 1760 2735 appropinquare
1778 2696 1912 2736 potest,
1931 2689 1999 2724 nisi
2020 2697 2057 2725 tu
2076 2703 2219 2740 appro-

1225 2745 1466 2794 piuquavcris
1494 2746 1548 2787 ci;
1581 2745 1705 2781 nuilus
1725 2745 1770 2780 ad
1794 2755 1827 2781 te
1853 2755 1974 2795 potest
2008 2750 2222 2790 ascendere,

1226 2805 1294 2842 nisi
1320 2814 1358 2841 tu
1383 2804 1586 2840 descendas
1602 2804 1646 2840 ad
1667 2818 1764 2841 eum.
1796 2808 1912 2841 Homo
1931 2809 2022 2851 Dei,
2044 2811 2224 2845 ‹lexa-mle

1226 2868 1271 2900 ds·
1298 2875 1431 2900 monte.
1460 2867 1513 2900 Tu
1546 2878 1584 2900 cs
1614 2877 1722 2900 mons
1755 2865 1921 2901 elevatus
1955 2879 2068 2917 super
2101 2872 2222 2906 x‘crti-

1227 2939 1306 2961 cem
1331 2925 1513 2961 montium
1532 2939 1538 2960 :
1562 2924 1745 2960 descende
1765 2934 1799 2960 ct
1822 2935 2036 2975 compatere
2058 2929 2166 2965 uobis
2188 2932 2223 2966 in

1229 2985 1399 3021 convalle
1418 2985 1679 3032 lacrymarum.
1698 2988 1737 3019 St
1755 2987 1874 3027 homa,
1892 2987 2025 3036 iuquit,
2044 2991 2115 3024 lm·
2131 3004 2223 3030 mm,

1229 3046 1429 3080 ‹lm-ccndat
1450 3049 1546 3092 ignis
1566 3046 1610 3079 (lc
1636 3048 1727 3080 ccclv
1742 3074 1751 3087 ,
1773 3054 1840 3080 ctc.
1864 3051 1990 3092 Ignem
2009 3053 2108 3083 (πίνη
2138 3064 2222 3085 vem

1229 3115 1370 3140 nituere
1389 3118 1426 3139 ιη
1444 3114 1578 3140 (esrum
1592 3104 1620 3149 ⁴³,
1637 3114 1670 3140 ct
1689 3118 1801 3153 quam
1818 3106 1903 3141 volo
1925 3115 1961 3142 ut
1984 3109 2222 3150 accendatur,

1230 3173 1260 3199 ct
1287 3164 1439 3199 ‹tvvm-et
1471 3172 1528 3206 tc,
1553 3172 1586 3199 ct
1613 3164 1883 3214 quinquaginta
1915 3169 2017 3201 tuos!
2038 3167 2222 3205 Obsecro,

1227 3288 1614 3326 ¹l);·11.x.-w31x'1t···„;.
1657 3303 1661 3318 ι
1698 3310 1703 3312 -
1735 3295 1737 3306 ¹
1765 3294 1824 3321 lau·
1859 3303 1923 3320 xix.
1953 3298 1983 3320 ι’
