<?xml version="1.0" encoding="UTF-8"?>
<!DOCTYPE html PUBLIC "-//W3C//DTD XHTML 1.0 Transitional//EN"
    "http://www.w3.org/TR/xhtml1/DTD/xhtml1-transitional.dtd">
<html xmlns="http://www.w3.org/1999/xhtml" xml:lang="en" lang="en">
 <head>
  <title>
</title>
<meta http-equiv="Content-Type" content="text/html;charset=utf-8" />
  <meta name='ocr-system' content='tesseract 3.04.00' />
  <meta name='ocr-capabilities' content='ocr_page ocr_carea ocr_par ocr_line ocrx_word'/>
</head>
<body>
  <div class='ocr_page' id='page_1' title='image "./operaomniapostho05bern_0532.png"; bbox 0 0 2504 3928; ppageno 0'>
   <div class='ocr_carea' id='block_1_1' title="bbox 310 228 2346 272">
    <p class='ocr_par' dir='ltr' id='par_1_1' title="bbox 310 228 2346 272">
     <span class='ocr_line' id='line_1_1' title="bbox 310 228 2346 272; baseline 0.002 -10"><span class='ocrx_word' id='word_1_1' title='bbox 310 228 353 263; x_wconf 87' lang='grc'>10</span> <span class='ocrx_word' id='word_1_2' title='bbox 364 228 401 263; x_wconf 77' lang='grc'>’17</span> <span class='ocrx_word' id='word_1_3' title='bbox 1004 230 1290 267; x_wconf 75' lang='lat' dir='ltr'><strong>INSTRUCTIO</strong></span> <span class='ocrx_word' id='word_1_4' title='bbox 1320 230 1373 265; x_wconf 68' lang='lat' dir='ltr'>SA</span> <span class='ocrx_word' id='word_1_5' title='bbox 1387 230 1624 266; x_wconf 75' lang='lat' dir='ltr'>CERDOTIS</span> <span class='ocrx_word' id='word_1_6' title='bbox 1636 256 1644 272; x_wconf 90' lang='lat'>,</span> <span class='ocrx_word' id='word_1_7' title='bbox 2252 229 2346 266; x_wconf 78' lang='lat'>10-&#39;18</span> 
     </span>
    </p>
   </div>
   <div class='ocr_carea' id='block_1_2' title="bbox 300 304 2349 414">
    <p class='ocr_par' dir='ltr' id='par_1_2' title="bbox 300 304 2349 414">
     <span class='ocr_line' id='line_1_2' title="bbox 300 304 2348 355; baseline -0.002 -15"><span class='ocrx_word' id='word_1_8' title='bbox 300 305 441 341; x_wconf 66' lang='lat' dir='ltr'>audivit</span> <span class='ocrx_word' id='word_1_9' title='bbox 459 304 528 340; x_wconf 85' lang='lat' dir='ltr'>sibi</span> <span class='ocrx_word' id='word_1_10' title='bbox 549 304 694 341; x_wconf 84' lang='lat' dir='ltr'>dicente</span> <span class='ocrx_word' id='word_1_11' title='bbox 717 320 723 341; x_wconf 80' lang='lat' dir='ltr'>z</span> <span class='ocrx_word' id='word_1_12' title='bbox 745 308 787 340; x_wconf 79' lang='lat' dir='ltr'>In</span> <span class='ocrx_word' id='word_1_13' title='bbox 808 307 944 341; x_wconf 70' lang='lat' dir='ltr'>semine</span> <span class='ocrx_word' id='word_1_14' title='bbox 961 316 1019 342; x_wconf 76' lang='lat' dir='ltr'>tuo</span> <span class='ocrx_word' id='word_1_15' title='bbox 1041 304 1406 342; x_wconf 70' lang='lat' dir='ltr'>benedicentur³⁹²⁵do</span> <span class='ocrx_word' id='word_1_16' title='bbox 1435 320 1512 355; x_wconf 85' lang='lat' dir='ltr'>quo</span> <span class='ocrx_word' id='word_1_17' title='bbox 1545 318 1632 342; x_wconf 77' lang='lat' dir='ltr'>vere</span> <span class='ocrx_word' id='word_1_18' title='bbox 1663 305 1841 354; x_wconf 84' lang='lat' dir='ltr'>scriptum</span> <span class='ocrx_word' id='word_1_19' title='bbox 1862 313 1935 351; x_wconf 87' lang='lat' dir='ltr'>est,</span> <span class='ocrx_word' id='word_1_20' title='bbox 1960 308 2052 341; x_wconf 75' lang='lat' dir='ltr'>Ecce</span> <span class='ocrx_word' id='word_1_21' title='bbox 2078 308 2246 342; x_wconf 76' lang='lat' dir='ltr'>sacerdos</span> <span class='ocrx_word' id='word_1_22' title='bbox 2267 321 2348 342; x_wconf 74' lang='lat' dir='ltr'>ma-</span> 
     </span>
     <span class='ocr_line' id='line_1_3' title="bbox 300 364 2349 414; baseline 0.002 -18"><span class='ocrx_word' id='word_1_23' title='bbox 300 378 425 398; x_wconf 79' lang='lat' dir='ltr'>omne-s</span> <span class='ocrx_word' id='word_1_24' title='bbox 443 373 567 411; x_wconf 64' lang='lat' dir='ltr'>gentes</span> <span class='ocrx_word' id='word_1_25' title='bbox 585 371 606 399; x_wconf 90' lang='lat'>¹.</span> <span class='ocrx_word' id='word_1_26' title='bbox 633 364 739 400; x_wconf 68' lang='lat' dir='ltr'>[nde</span> <span class='ocrx_word' id='word_1_27' title='bbox 759 365 980 413; x_wconf 71' lang='lat' dir='ltr'>Apostolus,</span> <span class='ocrx_word' id='word_1_28' title='bbox 1002 366 1163 401; x_wconf 78' lang='lat' dir='ltr'>Abraltw</span> <span class='ocrx_word' id='word_1_29' title='bbox 1181 369 1292 402; x_wconf 76' lang='lat' dir='ltr'>dicta:</span> <span class='ocrx_word' id='word_1_30' title='bbox 1310 365 1337 398; x_wconf 83' lang='grc' dir='ltr'>Α</span> <span class='ocrx_word' id='word_1_31' title='bbox 1358 380 1464 414; x_wconf 70' lang='lat' dir='ltr'>gnus,</span> <span class='ocrx_word' id='word_1_32' title='bbox 1487 371 1552 413; x_wconf 81' lang='lat' dir='ltr'>qui</span> <span class='ocrx_word' id='word_1_33' title='bbox 1569 370 1607 400; x_wconf 81' lang='lat' dir='ltr'>in</span> <span class='ocrx_word' id='word_1_34' title='bbox 1624 365 1748 400; x_wconf 79' lang='lat' dir='ltr'>diebus</span> <span class='ocrx_word' id='word_1_35' title='bbox 1769 369 1844 400; x_wconf 77' lang='lat' dir='ltr'>suis</span> <span class='ocrx_word' id='word_1_36' title='bbox 1865 368 2008 412; x_wconf 76' lang='lat' dir='ltr'>placuit</span> <span class='ocrx_word' id='word_1_37' title='bbox 2025 368 2112 409; x_wconf 77' lang='lat' dir='ltr'>Deo,</span> <span class='ocrx_word' id='word_1_38' title='bbox 2133 375 2168 401; x_wconf 81' lang='lat' dir='ltr'>et</span> <span class='ocrx_word' id='word_1_39' title='bbox 2185 371 2349 401; x_wconf 64' lang='lat' dir='ltr'>inventus</span> 
     </span>
    </p>
   </div>
   <div class='ocr_carea' id='block_1_3' title="bbox 301 426 1300 1066">
    <p class='ocr_par' dir='ltr' id='par_1_3' title="bbox 301 426 1300 1066">
     <span class='ocr_line' id='line_1_4' title="bbox 301 426 1293 470; baseline 0.005 -14"><span class='ocrx_word' id='word_1_40' title='bbox 301 432 383 456; x_wconf 72' lang='lat' dir='ltr'>sun!</span> <span class='ocrx_word' id='word_1_41' title='bbox 400 426 684 469; x_wconf 51' lang='lat' dir='ltr'>promAnneium-s,</span> <span class='ocrx_word' id='word_1_42' title='bbox 708 432 742 457; x_wconf 72' lang='lat' dir='ltr'>et</span> <span class='ocrx_word' id='word_1_43' title='bbox 763 428 899 458; x_wconf 79' lang='lat' dir='ltr'>semini</span> <span class='ocrx_word' id='word_1_44' title='bbox 919 426 1008 470; x_wconf 74' lang='lat' dir='ltr'>(jus.</span> <span class='ocrx_word' id='word_1_45' title='bbox 1036 428 1120 461; x_wconf 66' lang='lat' dir='ltr'>Nam</span> <span class='ocrx_word' id='word_1_46' title='bbox 1138 428 1230 462; x_wconf 83' lang='lat' dir='ltr'>dicit</span> <span class='ocrx_word' id='word_1_47' title='bbox 1252 430 1293 461; x_wconf 77' lang='lat' dir='ltr'>In</span> 
     </span>
     <span class='ocr_line' id='line_1_5' title="bbox 302 481 1291 532; baseline 0.007 -18"><span class='ocrx_word' id='word_1_48' title='bbox 302 481 520 521; x_wconf 52' lang='lat' dir='ltr'>senatulum,</span> <span class='ocrx_word' id='word_1_49' title='bbox 546 486 651 529; x_wconf 67' lang='lat' dir='ltr'>(lilasi</span> <span class='ocrx_word' id='word_1_50' title='bbox 678 486 716 517; x_wconf 78' lang='lat' dir='ltr'>itt</span> <span class='ocrx_word' id='word_1_51' title='bbox 739 486 881 525; x_wconf 46' lang='lat' dir='ltr'>miultis,</span> <span class='ocrx_word' id='word_1_52' title='bbox 907 487 974 519; x_wconf 78' lang='lat' dir='ltr'>sed</span> <span class='ocrx_word' id='word_1_53' title='bbox 1000 488 1109 532; x_wconf 77' lang='lat' dir='ltr'>quasi</span> <span class='ocrx_word' id='word_1_54' title='bbox 1131 491 1169 520; x_wconf 82' lang='lat' dir='ltr'>il!</span> <span class='ocrx_word' id='word_1_55' title='bbox 1197 500 1291 531; x_wconf 74' lang='lat' dir='ltr'>ullo,</span> 
     </span>
     <span class='ocr_line' id='line_1_6' title="bbox 306 542 1294 588; baseline 0.009 -15"><span class='ocrx_word' id='word_1_56' title='bbox 306 542 352 574; x_wconf 59' lang='lat' dir='ltr'>ln&#39;t</span> <span class='ocrx_word' id='word_1_57' title='bbox 384 545 522 574; x_wconf 73' lang='lat' dir='ltr'>semim:</span> <span class='ocrx_word' id='word_1_58' title='bbox 553 549 631 583; x_wconf 78' lang='lat' dir='ltr'>luo,</span> <span class='ocrx_word' id='word_1_59' title='bbox 663 546 725 588; x_wconf 79' lang='lat' dir='ltr'>qui</span> <span class='ocrx_word' id='word_1_60' title='bbox 759 543 919 578; x_wconf 68' lang='lat' dir='ltr'>Christus</span> <span class='ocrx_word' id='word_1_61' title='bbox 952 551 1028 580; x_wconf 59' lang='lat' dir='ltr'>‘’s‘&#39;</span> <span class='ocrx_word' id='word_1_62' title='bbox 1067 559 1073 580; x_wconf 90' lang='lat'>:</span> <span class='ocrx_word' id='word_1_63' title='bbox 1109 553 1145 581; x_wconf 83' lang='lat' dir='ltr'>et</span> <span class='ocrx_word' id='word_1_64' title='bbox 1178 550 1294 582; x_wconf 85' lang='lat' dir='ltr'>Lucas</span> 
     </span>
     <span class='ocr_line' id='line_1_7' title="bbox 303 600 1291 651; baseline 0.007 -18"><span class='ocrx_word' id='word_1_65' title='bbox 303 612 444 647; x_wconf 69' lang='lat' dir='ltr'>praeeo,</span> <span class='ocrx_word' id='word_1_66' title='bbox 469 600 544 634; x_wconf 90' lang='lat' dir='ltr'>imo</span> <span class='ocrx_word' id='word_1_67' title='bbox 564 601 788 648; x_wconf 63' lang='lat' dir='ltr'>evangelista</span> <span class='ocrx_word' id='word_1_68' title='bbox 811 600 977 648; x_wconf 83' lang='lat' dir='ltr'>ejusdem</span> <span class='ocrx_word' id='word_1_69' title='bbox 998 604 1144 651; x_wconf 70' lang='lat' dir='ltr'>gratim,</span> <span class='ocrx_word' id='word_1_70' title='bbox 1167 605 1212 639; x_wconf 87' lang='lat' dir='ltr'>de</span> <span class='ocrx_word' id='word_1_71' title='bbox 1233 605 1291 640; x_wconf 93' lang='lat' dir='ltr'>in-</span> 
     </span>
     <span class='ocr_line' id='line_1_8' title="bbox 303 659 1293 711; baseline 0.007 -18"><span class='ocrx_word' id='word_1_72' title='bbox 303 659 520 694; x_wconf 74' lang='lat' dir='ltr'>carnatioiw</span> <span class='ocrx_word' id='word_1_73' title='bbox 541 659 652 695; x_wconf 59' lang='lat' dir='ltr'>Verbi</span> <span class='ocrx_word' id='word_1_74' title='bbox 678 660 786 704; x_wconf 88' lang='lat' dir='ltr'>dicit,</span> <span class='ocrx_word' id='word_1_75' title='bbox 807 662 1074 706; x_wconf 74' lang='lat' dir='ltr'>ijuramlum</span> <span class='ocrx_word' id='word_1_76' title='bbox 1105 666 1204 711; x_wconf 73' lang='lat' dir='ltr'>(fund</span> <span class='ocrx_word' id='word_1_77' title='bbox 1225 670 1293 710; x_wconf 74' lang='lat' dir='ltr'>ji(-</span> 
     </span>
     <span class='ocr_line' id='line_1_9' title="bbox 307 717 1300 767; baseline 0.007 -16"><span class='ocrx_word' id='word_1_78' title='bbox 307 722 393 752; x_wconf 73' lang='lat' dir='ltr'>ravit</span> <span class='ocrx_word' id='word_1_79' title='bbox 419 721 472 752; x_wconf 84' lang='lat' dir='ltr'>ml</span> <span class='ocrx_word' id='word_1_80' title='bbox 498 717 688 753; x_wconf 83' lang='lat' dir='ltr'>.·ll›ral1mn</span> <span class='ocrx_word' id='word_1_81' title='bbox 706 728 850 767; x_wconf 76' lang='lat' dir='ltr'>patrem</span> <span class='ocrx_word' id='word_1_82' title='bbox 869 730 1040 764; x_wconf 76' lang='lat' dir='ltr'>nostram,</span> <span class='ocrx_word' id='word_1_83' title='bbox 1071 724 1242 758; x_wconf 70' lang='lat' dir='ltr'>‹limo-um</span> <span class='ocrx_word' id='word_1_84' title='bbox 1262 737 1300 758; x_wconf 78' lang='lat' dir='ltr'>se</span> 
     </span>
     <span class='ocr_line' id='line_1_10' title="bbox 304 776 1297 831; baseline 0.006 -20"><span class='ocrx_word' id='word_1_85' title='bbox 304 776 404 811; x_wconf 77' lang='lat' dir='ltr'>uobis</span> <span class='ocrx_word' id='word_1_86' title='bbox 422 776 446 812; x_wconf 60' lang='lat'>³.</span> <span class='ocrx_word' id='word_1_87' title='bbox 470 778 616 814; x_wconf 77' lang='lat' dir='ltr'>Dicitur</span> <span class='ocrx_word' id='word_1_88' title='bbox 635 787 758 814; x_wconf 90' lang='lat' dir='ltr'>antem</span> <span class='ocrx_word' id='word_1_89' title='bbox 781 779 1004 816; x_wconf 69' lang='lat' dir='ltr'>deviationis</span> <span class='ocrx_word' id='word_1_90' title='bbox 1027 790 1190 830; x_wconf 87' lang='lat' dir='ltr'>tempus,</span> <span class='ocrx_word' id='word_1_91' title='bbox 1211 782 1297 831; x_wconf 84' lang='lat' dir='ltr'>quia</span> 
     </span>
     <span class='ocr_line' id='line_1_11' title="bbox 304 837 1295 887; baseline 0.008 -18"><span class='ocrx_word' id='word_1_92' title='bbox 304 843 491 884; x_wconf 74' lang='lat' dir='ltr'>quotquot</span> <span class='ocrx_word' id='word_1_93' title='bbox 513 837 548 872; x_wconf 92' lang='lat' dir='ltr'>in</span> <span class='ocrx_word' id='word_1_94' title='bbox 571 850 616 872; x_wconf 91' lang='lat' dir='ltr'>eo</span> <span class='ocrx_word' id='word_1_95' title='bbox 636 846 760 881; x_wconf 83' lang='lat' dir='ltr'>erant,</span> <span class='ocrx_word' id='word_1_96' title='bbox 782 851 877 887; x_wconf 87' lang='lat' dir='ltr'>pene</span> <span class='ocrx_word' id='word_1_97' title='bbox 895 852 1026 875; x_wconf 86' lang='lat' dir='ltr'>omnes</span> <span class='ocrx_word' id='word_1_98' title='bbox 1050 840 1247 876; x_wconf 73' lang='lat' dir='ltr'>deviabant</span> <span class='ocrx_word' id='word_1_99' title='bbox 1277 855 1295 877; x_wconf 88' lang='lat' dir='ltr'>a</span> 
     </span>
     <span class='ocr_line' id='line_1_12' title="bbox 305 895 1298 944; baseline 0.007 -15"><span class='ocrx_word' id='word_1_100' title='bbox 305 895 360 930; x_wconf 73' lang='lat' dir='ltr'>via</span> <span class='ocrx_word' id='word_1_101' title='bbox 383 896 559 933; x_wconf 76' lang='lat' dir='ltr'>veritatis.</span> <span class='ocrx_word' id='word_1_102' title='bbox 579 900 697 933; x_wconf 86' lang='lat' dir='ltr'>Deum</span> <span class='ocrx_word' id='word_1_103' title='bbox 720 912 794 934; x_wconf 90' lang='lat' dir='ltr'>non</span> <span class='ocrx_word' id='word_1_104' title='bbox 814 898 1105 944; x_wconf 68' lang='lat' dir='ltr'>invocaverunt,</span> <span class='ocrx_word' id='word_1_105' title='bbox 1127 914 1201 936; x_wconf 87' lang='lat' dir='ltr'>non</span> <span class='ocrx_word' id='word_1_106' title='bbox 1218 910 1298 937; x_wconf 88' lang='lat' dir='ltr'>crat</span> 
     </span>
     <span class='ocr_line' id='line_1_13' title="bbox 306 955 1293 1008; baseline 0.008 -20"><span class='ocrx_word' id='word_1_107' title='bbox 306 955 416 990; x_wconf 89' lang='lat' dir='ltr'>timor</span> <span class='ocrx_word' id='word_1_108' title='bbox 431 956 496 991; x_wconf 72' lang='lat' dir='ltr'>nei</span> <span class='ocrx_word' id='word_1_109' title='bbox 515 965 600 992; x_wconf 83' lang='lat' dir='ltr'>ante</span> <span class='ocrx_word' id='word_1_110' title='bbox 615 958 745 993; x_wconf 88' lang='lat' dir='ltr'>oculos</span> <span class='ocrx_word' id='word_1_111' title='bbox 765 971 895 994; x_wconf 65' lang='lat' dir='ltr'>cotum</span> <span class='ocrx_word' id='word_1_112' title='bbox 912 959 938 1003; x_wconf 58' lang='lat'>⁵,</span> <span class='ocrx_word' id='word_1_113' title='bbox 956 959 1121 1008; x_wconf 81' lang='lat' dir='ltr'>exeeptis</span> <span class='ocrx_word' id='word_1_114' title='bbox 1142 960 1269 1008; x_wconf 84' lang='lat' dir='ltr'>paucis</span> <span class='ocrx_word' id='word_1_115' title='bbox 1287 975 1293 996; x_wconf 90' lang='lat'>:</span> 
     </span>
     <span class='ocr_line' id='line_1_14' title="bbox 306 1013 1297 1066; baseline 0.007 -18"><span class='ocrx_word' id='word_1_116' title='bbox 306 1013 478 1050; x_wconf 79' lang='lat' dir='ltr'>videlicet</span> <span class='ocrx_word' id='word_1_117' title='bbox 522 1017 672 1061; x_wconf 78' lang='lat' dir='ltr'>Enoch,</span> <span class='ocrx_word' id='word_1_118' title='bbox 708 1017 771 1066; x_wconf 87' lang='lat' dir='ltr'>qui</span> <span class='ocrx_word' id='word_1_119' title='bbox 807 1026 934 1066; x_wconf 82' lang='lat' dir='ltr'>raptus</span> <span class='ocrx_word' id='word_1_120' title='bbox 967 1027 1040 1064; x_wconf 90' lang='lat' dir='ltr'>est,</span> <span class='ocrx_word' id='word_1_121' title='bbox 1076 1031 1121 1054; x_wconf 90' lang='lat' dir='ltr'>nc</span> <span class='ocrx_word' id='word_1_122' title='bbox 1159 1019 1297 1055; x_wconf 88' lang='lat' dir='ltr'>malitia</span> 
     </span>
    </p>
   </div>
   <div class='ocr_carea' id='block_1_4' title="bbox 1359 423 2351 650">
    <p class='ocr_par' dir='ltr' id='par_1_4' title="bbox 1359 423 2351 650">
     <span class='ocr_line' id='line_1_15' title="bbox 1359 423 2351 471; baseline -0.002 -9"><span class='ocrx_word' id='word_1_123' title='bbox 1359 436 1409 462; x_wconf 78' lang='lat' dir='ltr'>est</span> <span class='ocrx_word' id='word_1_124' title='bbox 1430 427 1569 470; x_wconf 60' lang='lat' dir='ltr'>janus,</span> <span class='ocrx_word' id='word_1_125' title='bbox 1603 434 1637 460; x_wconf 77' lang='grc' dir='ltr'>(Ἰ</span> <span class='ocrx_word' id='word_1_126' title='bbox 1667 429 1704 460; x_wconf 79' lang='lat' dir='ltr'>in</span> <span class='ocrx_word' id='word_1_127' title='bbox 1734 433 1893 471; x_wconf 76' lang='lat' dir='ltr'>tempore</span> <span class='ocrx_word' id='word_1_128' title='bbox 1923 426 2126 459; x_wconf 75' lang='lat' dir='ltr'>iracmnlioe</span> <span class='ocrx_word' id='word_1_129' title='bbox 2142 423 2267 471; x_wconf 58' lang='grc' dir='ltr'>ιίὲιεῑιικ</span> <span class='ocrx_word' id='word_1_130' title='bbox 2298 433 2351 460; x_wconf 76' lang='lat' dir='ltr'>esc</span> 
     </span>
     <span class='ocr_line' id='line_1_16' title="bbox 1361 482 2349 520; baseline 0.001 -1"><span class='ocrx_word' id='word_1_131' title='bbox 1361 487 1608 519; x_wconf 69' lang='lat' dir='ltr'>reconciliatio</span> <span class='ocrx_word' id='word_1_132' title='bbox 1634 498 1644 518; x_wconf 87' lang='lat'>.·</span> <span class='ocrx_word' id='word_1_133' title='bbox 1672 498 1743 518; x_wconf 81' lang='lat' dir='ltr'>mm</span> <span class='ocrx_word' id='word_1_134' title='bbox 1771 491 1823 518; x_wconf 76' lang='lat' dir='ltr'>est</span> <span class='ocrx_word' id='word_1_135' title='bbox 1843 487 2003 518; x_wconf 70' lang='lat' dir='ltr'>‘&#39;neeulus</span> <span class='ocrx_word' id='word_1_136' title='bbox 2023 486 2153 518; x_wconf 80' lang='lat' dir='ltr'>similis</span> <span class='ocrx_word' id='word_1_137' title='bbox 2171 487 2227 519; x_wconf 82' lang='lat' dir='ltr'>illi</span> <span class='ocrx_word' id='word_1_138' title='bbox 2240 482 2255 503; x_wconf 71' lang='lat'><strong>⁶</strong></span> <span class='ocrx_word' id='word_1_139' title='bbox 2275 498 2282 520; x_wconf 72' lang='grc' dir='ltr'>ε</span> <span class='ocrx_word' id='word_1_140' title='bbox 2303 483 2349 520; x_wconf 85' lang='lat' dir='ltr'>de</span> 
     </span>
     <span class='ocr_line' id='line_1_17' title="bbox 1360 540 2351 592; baseline 0 -14"><span class='ocrx_word' id='word_1_141' title='bbox 1360 557 1435 592; x_wconf 84' lang='lat' dir='ltr'>quo</span> <span class='ocrx_word' id='word_1_142' title='bbox 1459 543 1681 592; x_wconf 70' lang='lat' dir='ltr'>Apostolus,</span> <span class='ocrx_word' id='word_1_143' title='bbox 1710 545 1909 589; x_wconf 76' lang='lat' dir='ltr'>Legatione</span> <span class='ocrx_word' id='word_1_144' title='bbox 1929 540 2130 590; x_wconf 73' lang='lat' dir='ltr'>Jiingimur</span> <span class='ocrx_word' id='word_1_145' title='bbox 2147 557 2220 591; x_wconf 75' lang='lat' dir='ltr'>pro</span> <span class='ocrx_word' id='word_1_146' title='bbox 2247 543 2351 578; x_wconf 77' lang='lat' dir='ltr'>Chri-</span> 
     </span>
     <span class='ocr_line' id='line_1_18' title="bbox 1360 601 2349 650; baseline -0.001 -13"><span class='ocrx_word' id='word_1_147' title='bbox 1360 612 1433 645; x_wconf 79' lang='lat' dir='ltr'>s!o;</span> <span class='ocrx_word' id='word_1_148' title='bbox 1456 616 1645 650; x_wconf 68' lang='lat' dir='ltr'>rogamus,</span> <span class='ocrx_word' id='word_1_149' title='bbox 1672 604 1966 636; x_wconf 71' lang='lat' dir='ltr'>reconciliamini</span> <span class='ocrx_word' id='word_1_150' title='bbox 1989 604 2064 637; x_wconf 67' lang='lat' dir='ltr'>Deo</span> <span class='ocrx_word' id='word_1_151' title='bbox 2079 608 2105 637; x_wconf 78' lang='lat'>7,</span> <span class='ocrx_word' id='word_1_152' title='bbox 2130 605 2173 637; x_wconf 61' lang='lat' dir='ltr'>lit</span> <span class='ocrx_word' id='word_1_153' title='bbox 2197 615 2283 638; x_wconf 78' lang='lat' dir='ltr'>vere</span> <span class='ocrx_word' id='word_1_154' title='bbox 2303 601 2349 637; x_wconf 81' lang='lat' dir='ltr'>al)</span> 
     </span>
    </p>
   </div>
   <div class='ocr_carea' id='block_1_5' title="bbox 1360 660 2224 710">
    <p class='ocr_par' dir='ltr' id='par_1_5' title="bbox 1360 660 2224 710">
     <span class='ocr_line' id='line_1_19' title="bbox 1360 660 2224 710; baseline -0.001 -14"><span class='ocrx_word' id='word_1_155' title='bbox 1360 661 1494 697; x_wconf 74' lang='lat' dir='ltr'>csl&#39;ectu</span> <span class='ocrx_word' id='word_1_156' title='bbox 1516 661 1629 710; x_wconf 79' lang='lat' dir='ltr'>coepit</span> <span class='ocrx_word' id='word_1_157' title='bbox 1652 660 1722 696; x_wconf 89' lang='lat' dir='ltr'>boc</span> <span class='ocrx_word' id='word_1_158' title='bbox 1743 673 1879 695; x_wconf 91' lang='lat' dir='ltr'>nomen</span> <span class='ocrx_word' id='word_1_159' title='bbox 1903 660 2224 696; x_wconf 76' lang='lat' dir='ltr'>reconciliationis.</span> 
     </span>
    </p>
   </div>
   <div class='ocr_carea' id='block_1_6' title="bbox 1724 790 1980 829">
    <p class='ocr_par' dir='ltr' id='par_1_6' title="bbox 1724 790 1980 829">
     <span class='ocr_line' id='line_1_20' title="bbox 1724 790 1980 829; baseline 0.008 -2"><span class='ocrx_word' id='word_1_160' title='bbox 1724 790 1900 828; x_wconf 79' lang='lat' dir='ltr'><strong>CAPUT</strong></span> <span class='ocrx_word' id='word_1_161' title='bbox 1929 790 1980 829; x_wconf 89' lang='lat' dir='ltr'>V.</span> 
     </span>
    </p>
   </div>
   <div class='ocr_carea' id='block_1_7' title="bbox 1611 904 2094 947">
    <p class='ocr_par' dir='ltr' id='par_1_7' title="bbox 1611 904 2094 947">
     <span class='ocr_line' id='line_1_21' title="bbox 1611 904 2094 947; baseline 0.002 -12"><span class='ocrx_word' id='word_1_162' title='bbox 1611 907 1656 935; x_wconf 84' lang='lat' dir='ltr'>De</span> <span class='ocrx_word' id='word_1_163' title='bbox 1673 910 1811 946; x_wconf 83' lang='lat' dir='ltr'>tempore</span> <span class='ocrx_word' id='word_1_164' title='bbox 1832 904 2094 947; x_wconf 58' lang='lat' dir='ltr'>perigrinationis.</span> 
     </span>
    </p>
   </div>
   <div class='ocr_carea' id='block_1_8' title="bbox 1416 1024 2351 1073">
    <p class='ocr_par' dir='ltr' id='par_1_8' title="bbox 1416 1024 2351 1073">
     <span class='ocr_line' id='line_1_22' title="bbox 1416 1024 2351 1073; baseline 0.004 -15"><span class='ocrx_word' id='word_1_165' title='bbox 1416 1025 1450 1058; x_wconf 73' lang='grc' dir='ltr'>(ἱ.</span> <span class='ocrx_word' id='word_1_166' title='bbox 1472 1026 1634 1072; x_wconf 78' lang='lat' dir='ltr'>&#39;l&#39;cmpus</span> <span class='ocrx_word' id='word_1_167' title='bbox 1651 1024 1959 1072; x_wconf 74' lang='lat' dir='ltr'>peregrinationis</span> <span class='ocrx_word' id='word_1_168' title='bbox 1976 1032 2031 1060; x_wconf 90' lang='lat' dir='ltr'>est</span> <span class='ocrx_word' id='word_1_169' title='bbox 2052 1033 2135 1073; x_wconf 88' lang='lat' dir='ltr'>post</span> <span class='ocrx_word' id='word_1_170' title='bbox 2150 1024 2351 1062; x_wconf 82' lang='lat' dir='ltr'>adventum</span> 
     </span>
    </p>
   </div>
   <div class='ocr_carea' id='block_1_9' title="bbox 305 1075 2352 1132">
    <p class='ocr_par' dir='ltr' id='par_1_9' title="bbox 305 1075 2352 1132">
     <span class='ocr_line' id='line_1_23' title="bbox 305 1075 2352 1132; baseline 0.005 -23"><span class='ocrx_word' id='word_1_171' title='bbox 305 1082 466 1109; x_wconf 88' lang='lat' dir='ltr'>mutaret</span> <span class='ocrx_word' id='word_1_172' title='bbox 497 1075 727 1112; x_wconf 88' lang='lat' dir='ltr'>intellectum</span> <span class='ocrx_word' id='word_1_173' title='bbox 756 1077 890 1126; x_wconf 81' lang='lat' dir='ltr'>ipsius3</span> <span class='ocrx_word' id='word_1_174' title='bbox 921 1086 956 1113; x_wconf 87' lang='lat' dir='ltr'>et</span> <span class='ocrx_word' id='word_1_175' title='bbox 986 1080 1084 1124; x_wconf 78' lang='lat' dir='ltr'>Noe,</span> <span class='ocrx_word' id='word_1_176' title='bbox 1116 1079 1180 1127; x_wconf 87' lang='lat' dir='ltr'>qui</span> <span class='ocrx_word' id='word_1_177' title='bbox 1212 1093 1295 1114; x_wconf 92' lang='lat' dir='ltr'>cum</span> <span class='ocrx_word' id='word_1_178' title='bbox 1317 1087 1344 1120; x_wconf 92' lang='lat' dir='ltr'>B</span> <span class='ocrx_word' id='word_1_179' title='bbox 1365 1082 1524 1130; x_wconf 79' lang='lat' dir='ltr'>Spiritus</span> <span class='ocrx_word' id='word_1_180' title='bbox 1544 1084 1796 1132; x_wconf 83' lang='lat' dir='ltr'>sanctiusque</span> <span class='ocrx_word' id='word_1_181' title='bbox 1823 1083 1868 1119; x_wconf 89' lang='lat' dir='ltr'>ad</span> <span class='ocrx_word' id='word_1_182' title='bbox 1898 1084 2258 1120; x_wconf 78' lang='lat' dir='ltr'>consummationem</span> <span class='ocrx_word' id='word_1_183' title='bbox 2282 1100 2352 1121; x_wconf 80' lang='lat' dir='ltr'>sae—</span> 
     </span>
    </p>
   </div>
   <div class='ocr_carea' id='block_1_10' title="bbox 306 1134 1297 1231">
    <p class='ocr_par' dir='ltr' id='par_1_10' title="bbox 306 1134 1297 1231">
     <span class='ocr_line' id='line_1_24' title="bbox 306 1134 1297 1183; baseline 0.007 -16"><span class='ocrx_word' id='word_1_184' title='bbox 306 1141 393 1168; x_wconf 84' lang='lat' dir='ltr'>octo</span> <span class='ocrx_word' id='word_1_185' title='bbox 414 1134 610 1170; x_wconf 78' lang='lat' dir='ltr'>animabus</span> <span class='ocrx_word' id='word_1_186' title='bbox 639 1136 801 1173; x_wconf 76' lang='lat' dir='ltr'>salvatus</span> <span class='ocrx_word' id='word_1_187' title='bbox 826 1145 880 1173; x_wconf 88' lang='lat' dir='ltr'>est</span> <span class='ocrx_word' id='word_1_188' title='bbox 907 1137 942 1172; x_wconf 90' lang='lat' dir='ltr'>in</span> <span class='ocrx_word' id='word_1_189' title='bbox 973 1151 1077 1183; x_wconf 86' lang='lat' dir='ltr'>area,</span> <span class='ocrx_word' id='word_1_190' title='bbox 1100 1151 1145 1173; x_wconf 88' lang='lat' dir='ltr'>ne</span> <span class='ocrx_word' id='word_1_191' title='bbox 1165 1137 1297 1174; x_wconf 87' lang='lat' dir='ltr'>absor-</span> 
     </span>
     <span class='ocr_line' id='line_1_25' title="bbox 307 1190 692 1231; baseline 0.013 -6"><span class='ocrx_word' id='word_1_192' title='bbox 307 1190 459 1230; x_wconf 87' lang='lat' dir='ltr'>beretur</span> <span class='ocrx_word' id='word_1_193' title='bbox 479 1194 515 1229; x_wconf 92' lang='lat' dir='ltr'>in</span> <span class='ocrx_word' id='word_1_194' title='bbox 538 1194 692 1231; x_wconf 75' lang='lat' dir='ltr'>‹tiluvi0.</span> 
     </span>
    </p>
   </div>
   <div class='ocr_carea' id='block_1_11' title="bbox 661 1327 939 1366">
    <p class='ocr_par' dir='ltr' id='par_1_11' title="bbox 661 1327 939 1366">
     <span class='ocr_line' id='line_1_26' title="bbox 661 1327 939 1366; baseline 0 -1"><span class='ocrx_word' id='word_1_195' title='bbox 661 1327 835 1365; x_wconf 75' lang='lat' dir='ltr'><strong>CAPUT</strong></span> <span class='ocrx_word' id='word_1_196' title='bbox 866 1329 939 1366; x_wconf 92' lang='lat' dir='ltr'>III.</span> 
     </span>
    </p>
   </div>
   <div class='ocr_carea' id='block_1_12' title="bbox 586 1439 1020 1481">
    <p class='ocr_par' dir='ltr' id='par_1_12' title="bbox 586 1439 1020 1481">
     <span class='ocr_line' id='line_1_27' title="bbox 586 1439 1020 1481; baseline 0 -12"><span class='ocrx_word' id='word_1_197' title='bbox 586 1441 632 1470; x_wconf 94' lang='lat' dir='ltr'>De</span> <span class='ocrx_word' id='word_1_198' title='bbox 649 1445 787 1481; x_wconf 84' lang='lat' dir='ltr'>tempore</span> <span class='ocrx_word' id='word_1_199' title='bbox 806 1439 1020 1471; x_wconf 63' lang='lat' dir='ltr'>revocationis.</span> 
     </span>
    </p>
   </div>
   <div class='ocr_carea' id='block_1_13' title="bbox 306 1549 1299 1839">
    <p class='ocr_par' dir='ltr' id='par_1_13' title="bbox 306 1549 1299 1839">
     <span class='ocr_line' id='line_1_28' title="bbox 360 1549 1299 1601; baseline 0.003 -17"><span class='ocrx_word' id='word_1_200' title='bbox 360 1549 394 1585; x_wconf 71' lang='grc'>4.</span> <span class='ocrx_word' id='word_1_201' title='bbox 429 1552 592 1599; x_wconf 72' lang='lat' dir='ltr'>&#39;Tempus</span> <span class='ocrx_word' id='word_1_202' title='bbox 623 1552 870 1588; x_wconf 73' lang='lat' dir='ltr'>revocationis</span> <span class='ocrx_word' id='word_1_203' title='bbox 904 1561 1125 1601; x_wconf 89' lang='lat' dir='ltr'>protensum</span> <span class='ocrx_word' id='word_1_204' title='bbox 1164 1560 1218 1588; x_wconf 90' lang='lat' dir='ltr'>est</span> <span class='ocrx_word' id='word_1_205' title='bbox 1253 1551 1299 1588; x_wconf 91' lang='lat' dir='ltr'>ab</span> 
     </span>
     <span class='ocr_line' id='line_1_29' title="bbox 307 1607 1298 1662; baseline 0.003 -17"><span class='ocrx_word' id='word_1_206' title='bbox 307 1607 493 1646; x_wconf 77' lang='lat' dir='ltr'>Abrabam</span> <span class='ocrx_word' id='word_1_207' title='bbox 517 1624 635 1659; x_wconf 84' lang='lat' dir='ltr'>usque</span> <span class='ocrx_word' id='word_1_208' title='bbox 655 1612 701 1648; x_wconf 86' lang='lat' dir='ltr'>ad</span> <span class='ocrx_word' id='word_1_209' title='bbox 724 1613 926 1649; x_wconf 74' lang='lat' dir='ltr'>adrentum</span> <span class='ocrx_word' id='word_1_210' title='bbox 949 1612 1237 1662; x_wconf 87' lang='lat' dir='ltr'>Redemptoris:</span> <span class='ocrx_word' id='word_1_211' title='bbox 1260 1612 1298 1648; x_wconf 92' lang='lat' dir='ltr'>in</span> 
     </span>
     <span class='ocr_line' id='line_1_30' title="bbox 306 1671 1299 1721; baseline 0.002 -17"><span class='ocrx_word' id='word_1_212' title='bbox 306 1681 382 1716; x_wconf 88' lang='lat' dir='ltr'>quo</span> <span class='ocrx_word' id='word_1_213' title='bbox 405 1678 574 1719; x_wconf 85' lang='lat' dir='ltr'>tempore</span> <span class='ocrx_word' id='word_1_214' title='bbox 597 1671 687 1707; x_wconf 78' lang='lat' dir='ltr'>{ides</span> <span class='ocrx_word' id='word_1_215' title='bbox 706 1672 896 1708; x_wconf 79' lang='lat' dir='ltr'>Trinitatis</span> <span class='ocrx_word' id='word_1_216' title='bbox 916 1672 1047 1721; x_wconf 75' lang='lat' dir='ltr'>viguit.</span> <span class='ocrx_word' id='word_1_217' title='bbox 1069 1675 1150 1707; x_wconf 89' lang='lat' dir='ltr'>Jam</span> <span class='ocrx_word' id='word_1_218' title='bbox 1169 1671 1207 1706; x_wconf 91' lang='lat' dir='ltr'>in</span> <span class='ocrx_word' id='word_1_219' title='bbox 1228 1674 1299 1707; x_wconf 88' lang='lat' dir='ltr'>Pa—</span> 
     </span>
     <span class='ocr_line' id='line_1_31' title="bbox 308 1729 1299 1779; baseline 0.003 -17"><span class='ocrx_word' id='word_1_220' title='bbox 308 1729 476 1765; x_wconf 79' lang='lat' dir='ltr'>triarcliis</span> <span class='ocrx_word' id='word_1_221' title='bbox 512 1730 658 1776; x_wconf 83' lang='lat' dir='ltr'>floruit,</span> <span class='ocrx_word' id='word_1_222' title='bbox 694 1731 731 1766; x_wconf 89' lang='lat' dir='ltr'>in</span> <span class='ocrx_word' id='word_1_223' title='bbox 767 1730 931 1779; x_wconf 78' lang='lat' dir='ltr'>Regibus</span> <span class='ocrx_word' id='word_1_224' title='bbox 973 1730 1229 1776; x_wconf 71' lang='lat' dir='ltr'>fructificavit,</span> <span class='ocrx_word' id='word_1_225' title='bbox 1260 1730 1299 1765; x_wconf 90' lang='lat' dir='ltr'>in</span> 
     </span>
     <span class='ocr_line' id='line_1_32' title="bbox 306 1789 1298 1839; baseline 0.001 -15"><span class='ocrx_word' id='word_1_226' title='bbox 306 1789 503 1838; x_wconf 77' lang='lat' dir='ltr'>Prophetis</span> <span class='ocrx_word' id='word_1_227' title='bbox 528 1790 668 1826; x_wconf 84' lang='lat' dir='ltr'>fructus</span> <span class='ocrx_word' id='word_1_228' title='bbox 699 1791 951 1827; x_wconf 86' lang='lat' dir='ltr'>maturitatem</span> <span class='ocrx_word' id='word_1_229' title='bbox 985 1791 1087 1835; x_wconf 82' lang='lat' dir='ltr'>fecit,</span> <span class='ocrx_word' id='word_1_230' title='bbox 1120 1790 1298 1839; x_wconf 89' lang='lat' dir='ltr'>quoniam</span> 
     </span>
    </p>
   </div>
   <div class='ocr_carea' id='block_1_14' title="bbox 1363 1139 2355 1665">
    <p class='ocr_par' dir='ltr' id='par_1_14' title="bbox 1363 1139 2355 1665">
     <span class='ocr_line' id='line_1_33' title="bbox 1363 1139 2354 1191; baseline 0.004 -15"><span class='ocrx_word' id='word_1_231' title='bbox 1363 1139 1456 1187; x_wconf 92' lang='lat' dir='ltr'>culi,</span> <span class='ocrx_word' id='word_1_232' title='bbox 1472 1155 1514 1177; x_wconf 73' lang='lat' dir='ltr'>ex</span> <span class='ocrx_word' id='word_1_233' title='bbox 1538 1155 1614 1190; x_wconf 87' lang='lat' dir='ltr'>quo</span> <span class='ocrx_word' id='word_1_234' title='bbox 1636 1142 1754 1178; x_wconf 84' lang='lat' dir='ltr'>fidelis</span> <span class='ocrx_word' id='word_1_235' title='bbox 1776 1143 1935 1179; x_wconf 85' lang='lat' dir='ltr'>Ecclesia</span> <span class='ocrx_word' id='word_1_236' title='bbox 1956 1143 2069 1191; x_wconf 83' lang='lat' dir='ltr'>coepit</span> <span class='ocrx_word' id='word_1_237' title='bbox 2086 1155 2354 1191; x_wconf 83' lang='lat' dir='ltr'>recognoscere</span> 
     </span>
     <span class='ocr_line' id='line_1_34' title="bbox 1364 1202 2352 1252; baseline 0.004 -17"><span class='ocrx_word' id='word_1_238' title='bbox 1364 1202 1702 1249; x_wconf 74' lang='lat' dir='ltr'>peregrinationem</span> <span class='ocrx_word' id='word_1_239' title='bbox 1722 1215 1823 1238; x_wconf 89' lang='lat' dir='ltr'>suam</span> <span class='ocrx_word' id='word_1_240' title='bbox 1836 1230 1844 1246; x_wconf 93' lang='lat'>‚</span> <span class='ocrx_word' id='word_1_241' title='bbox 1863 1211 1899 1238; x_wconf 93' lang='lat' dir='ltr'>et</span> <span class='ocrx_word' id='word_1_242' title='bbox 1916 1203 2103 1252; x_wconf 90' lang='lat' dir='ltr'>suspirare</span> <span class='ocrx_word' id='word_1_243' title='bbox 2120 1202 2164 1238; x_wconf 90' lang='lat' dir='ltr'>ad</span> <span class='ocrx_word' id='word_1_244' title='bbox 2183 1203 2352 1252; x_wconf 89' lang='lat' dir='ltr'>patriam.</span> 
     </span>
     <span class='ocr_line' id='line_1_35' title="bbox 1364 1260 2354 1310; baseline 0.001 -14"><span class='ocrx_word' id='word_1_245' title='bbox 1364 1260 1474 1296; x_wconf 68' lang='lat' dir='ltr'>tjnde</span> <span class='ocrx_word' id='word_1_246' title='bbox 1499 1265 1570 1298; x_wconf 87' lang='lat' dir='ltr'>Vas</span> <span class='ocrx_word' id='word_1_247' title='bbox 1592 1262 1784 1298; x_wconf 78' lang='lat' dir='ltr'>electionis</span> <span class='ocrx_word' id='word_1_248' title='bbox 1806 1262 2051 1310; x_wconf 81' lang='lat' dir='ltr'>ingemiscens</span> <span class='ocrx_word' id='word_1_249' title='bbox 2070 1262 2137 1306; x_wconf 88' lang='lat' dir='ltr'>ait,</span> <span class='ocrx_word' id='word_1_250' title='bbox 2166 1264 2354 1307; x_wconf 63' lang='lat' dir='ltr'>Quamdsu</span> 
     </span>
     <span class='ocr_line' id='line_1_36' title="bbox 1363 1322 2355 1369; baseline 0.004 -16"><span class='ocrx_word' id='word_1_251' title='bbox 1363 1332 1485 1355; x_wconf 77' lang='lat' dir='ltr'>sumus</span> <span class='ocrx_word' id='word_1_252' title='bbox 1503 1325 1540 1355; x_wconf 76' lang='lat' dir='ltr'>iu</span> <span class='ocrx_word' id='word_1_253' title='bbox 1556 1322 1624 1356; x_wconf 77' lang='lat' dir='ltr'>lmc</span> <span class='ocrx_word' id='word_1_254' title='bbox 1639 1323 1791 1365; x_wconf 73' lang='lat' dir='ltr'>munda,</span> <span class='ocrx_word' id='word_1_255' title='bbox 1816 1326 2102 1369; x_wconf 74' lang='lat' dir='ltr'>peregtimunur</span> <span class='ocrx_word' id='word_1_256' title='bbox 2116 1335 2138 1356; x_wconf 88' lang='grc' dir='ltr'><em>α</em></span> <span class='ocrx_word' id='word_1_257' title='bbox 2157 1324 2313 1357; x_wconf 79' lang='lat' dir='ltr'>Domino</span> <span class='ocrx_word' id='word_1_258' title='bbox 2327 1322 2355 1367; x_wconf 72' lang='lat'>⁸,</span> 
     </span>
     <span class='ocr_line' id='line_1_37' title="bbox 1364 1379 2354 1429; baseline 0.001 -16"><span class='ocrx_word' id='word_1_259' title='bbox 1364 1386 1399 1413; x_wconf 80' lang='lat' dir='ltr'>ct</span> <span class='ocrx_word' id='word_1_260' title='bbox 1428 1379 1569 1424; x_wconf 83' lang='lat' dir='ltr'>David,</span> <span class='ocrx_word' id='word_1_261' title='bbox 1596 1382 1676 1414; x_wconf 77' lang='lat' dir='ltr'>Heu</span> <span class='ocrx_word' id='word_1_262' title='bbox 1705 1381 1814 1423; x_wconf 78' lang='lat' dir='ltr'>milti,</span> <span class='ocrx_word' id='word_1_263' title='bbox 1845 1385 1932 1428; x_wconf 79' lang='lat' dir='ltr'>quia</span> <span class='ocrx_word' id='word_1_264' title='bbox 1952 1384 2130 1416; x_wconf 75' lang='lat' dir='ltr'>incolatus</span> <span class='ocrx_word' id='word_1_265' title='bbox 2151 1395 2249 1416; x_wconf 73' lang='lat' dir='ltr'>&#39;neus</span> <span class='ocrx_word' id='word_1_266' title='bbox 2263 1395 2354 1429; x_wconf 73' lang='lat' dir='ltr'>pro-</span> 
     </span>
     <span class='ocr_line' id='line_1_38' title="bbox 1364 1439 2353 1488; baseline 0.006 -19"><span class='ocrx_word' id='word_1_267' title='bbox 1364 1439 1532 1485; x_wconf 79' lang='lat' dir='ltr'>longatus</span> <span class='ocrx_word' id='word_1_268' title='bbox 1559 1440 1656 1473; x_wconf 69' lang='lat' dir='ltr'>estssl</span> <span class='ocrx_word' id='word_1_269' title='bbox 1686 1446 1808 1474; x_wconf 91' lang='lat' dir='ltr'>tamen</span> <span class='ocrx_word' id='word_1_270' title='bbox 1836 1440 1915 1488; x_wconf 91' lang='lat' dir='ltr'>ipse</span> <span class='ocrx_word' id='word_1_271' title='bbox 1934 1439 2045 1475; x_wconf 89' lang='lat' dir='ltr'>etiam</span> <span class='ocrx_word' id='word_1_272' title='bbox 2066 1452 2103 1475; x_wconf 90' lang='lat' dir='ltr'>se</span> <span class='ocrx_word' id='word_1_273' title='bbox 2123 1440 2353 1484; x_wconf 88' lang='lat' dir='ltr'>consolatur,</span> 
     </span>
     <span class='ocr_line' id='line_1_39' title="bbox 1364 1496 2355 1544; baseline 0.002 -14"><span class='ocrx_word' id='word_1_274' title='bbox 1364 1503 1400 1530; x_wconf 84' lang='lat' dir='ltr'>et</span> <span class='ocrx_word' id='word_1_275' title='bbox 1433 1496 1484 1531; x_wconf 85' lang='lat' dir='ltr'>ait</span> <span class='ocrx_word' id='word_1_276' title='bbox 1517 1511 1524 1532; x_wconf 92' lang='lat'>:</span> <span class='ocrx_word' id='word_1_277' title='bbox 1565 1496 1777 1532; x_wconf 75' lang='lat' dir='ltr'>szlabiles</span> <span class='ocrx_word' id='word_1_278' title='bbox 1810 1498 1902 1532; x_wconf 72' lang='lat' dir='ltr'>milli</span> <span class='ocrx_word' id='word_1_279' title='bbox 1933 1506 2039 1532; x_wconf 77' lang='lat' dir='ltr'>eraut</span> <span class='ocrx_word' id='word_1_280' title='bbox 2066 1498 2355 1544; x_wconf 70' lang='lat' dir='ltr'>J&#39;ustisicatiou.‘fs</span> 
     </span>
     <span class='ocr_line' id='line_1_40' title="bbox 1364 1556 2355 1603; baseline 0.003 -14"><span class='ocrx_word' id='word_1_281' title='bbox 1364 1563 1458 1599; x_wconf 77' lang='lat' dir='ltr'>tuce,</span> <span class='ocrx_word' id='word_1_282' title='bbox 1489 1558 1525 1590; x_wconf 80' lang='lat' dir='ltr'>in</span> <span class='ocrx_word' id='word_1_283' title='bbox 1558 1558 1635 1590; x_wconf 81' lang='lat' dir='ltr'>loco</span> <span class='ocrx_word' id='word_1_284' title='bbox 1660 1560 1972 1603; x_wconf 71' lang='lat' dir='ltr'>peregrinationis</span> <span class='ocrx_word' id='word_1_285' title='bbox 1999 1569 2095 1591; x_wconf 80' lang='lat' dir='ltr'>meoe</span> <span class='ocrx_word' id='word_1_286' title='bbox 2119 1562 2158 1592; x_wconf 83' lang='lat'>¹⁰.</span> <span class='ocrx_word' id='word_1_287' title='bbox 2181 1560 2285 1593; x_wconf 81' lang='lat' dir='ltr'>Patet</span> <span class='ocrx_word' id='word_1_288' title='bbox 2318 1556 2355 1592; x_wconf 91' lang='lat' dir='ltr'>in</span> 
     </span>
     <span class='ocr_line' id='line_1_41' title="bbox 1365 1614 2355 1665; baseline 0.002 -16"><span class='ocrx_word' id='word_1_289' title='bbox 1365 1614 1564 1664; x_wconf 78' lang='lat' dir='ltr'>exemplis,</span> <span class='ocrx_word' id='word_1_290' title='bbox 1580 1628 1648 1651; x_wconf 88' lang='lat' dir='ltr'>cur</span> <span class='ocrx_word' id='word_1_291' title='bbox 1661 1623 1858 1651; x_wconf 84' lang='lat' dir='ltr'>censeatur</span> <span class='ocrx_word' id='word_1_292' title='bbox 1873 1623 2019 1665; x_wconf 85' lang='lat' dir='ltr'>tempus</span> <span class='ocrx_word' id='word_1_293' title='bbox 2033 1615 2355 1664; x_wconf 80' lang='lat' dir='ltr'>peregrinationis.</span> 
     </span>
    </p>
   </div>
   <div class='ocr_carea' id='block_1_15' title="bbox 1722 1739 2000 1781">
    <p class='ocr_par' dir='ltr' id='par_1_15' title="bbox 1722 1739 2000 1781">
     <span class='ocr_line' id='line_1_42' title="bbox 1722 1739 2000 1781; baseline -0.004 -3"><span class='ocrx_word' id='word_1_294' title='bbox 1722 1739 1898 1778; x_wconf 93' lang='lat' dir='ltr'><strong>CAPUT</strong></span> <span class='ocrx_word' id='word_1_295' title='bbox 1927 1740 2000 1781; x_wconf 90' lang='lat' dir='ltr'>VI.</span> 
     </span>
    </p>
   </div>
   <div class='ocr_carea' id='block_1_16' title="bbox 304 1848 2353 1897">
    <p class='ocr_par' dir='ltr' id='par_1_16' title="bbox 304 1848 2353 1897">
     <span class='ocr_line' id='line_1_43' title="bbox 304 1848 2353 1897; baseline 0.002 -14"><span class='ocrx_word' id='word_1_296' title='bbox 304 1860 374 1883; x_wconf 86' lang='lat' dir='ltr'>nos</span> <span class='ocrx_word' id='word_1_297' title='bbox 394 1848 527 1884; x_wconf 86' lang='lat' dir='ltr'>Oriens</span> <span class='ocrx_word' id='word_1_298' title='bbox 558 1862 602 1884; x_wconf 77' lang='lat' dir='ltr'>cx</span> <span class='ocrx_word' id='word_1_299' title='bbox 631 1849 706 1885; x_wconf 79' lang='lat' dir='ltr'>alto</span> <span class='ocrx_word' id='word_1_300' title='bbox 738 1849 913 1885; x_wconf 67' lang='lat' dir='ltr'>visitavit.</span> <span class='ocrx_word' id='word_1_301' title='bbox 936 1852 981 1886; x_wconf 80' lang='lat' dir='ltr'>Et</span> <span class='ocrx_word' id='word_1_302' title='bbox 1001 1848 1098 1885; x_wconf 85' lang='lat' dir='ltr'>bene</span> <span class='ocrx_word' id='word_1_303' title='bbox 1121 1857 1295 1884; x_wconf 82' lang='lat' dir='ltr'>vocatum</span> <span class='ocrx_word' id='word_1_304' title='bbox 1317 1853 1344 1889; x_wconf 94' lang='lat' dir='ltr'>C</span> <span class='ocrx_word' id='word_1_305' title='bbox 1364 1856 1501 1894; x_wconf 85' lang='lat' dir='ltr'>Tempus</span> <span class='ocrx_word' id='word_1_306' title='bbox 1529 1853 1785 1884; x_wconf 84' lang='lat' dir='ltr'>reconciliationis</span> <span class='ocrx_word' id='word_1_307' title='bbox 1813 1854 1939 1885; x_wconf 82' lang='lat' dir='ltr'>ulterius</span> <span class='ocrx_word' id='word_1_308' title='bbox 1967 1855 2172 1897; x_wconf 79' lang='lat' dir='ltr'>expenditur,</span> <span class='ocrx_word' id='word_1_309' title='bbox 2202 1862 2231 1887; x_wconf 88' lang='lat' dir='ltr'>et</span> <span class='ocrx_word' id='word_1_310' title='bbox 2256 1863 2353 1888; x_wconf 82' lang='lat' dir='ltr'>totuin</span> 
     </span>
    </p>
   </div>
   <div class='ocr_carea' id='block_1_17' title="bbox 304 1909 1302 2610">
    <p class='ocr_par' dir='ltr' id='par_1_17' title="bbox 304 1909 1302 2610">
     <span class='ocr_line' id='line_1_44' title="bbox 304 1909 1299 1958; baseline 0.003 -17"><span class='ocrx_word' id='word_1_311' title='bbox 304 1914 359 1942; x_wconf 81' lang='lat' dir='ltr'>est</span> <span class='ocrx_word' id='word_1_312' title='bbox 390 1915 535 1956; x_wconf 88' lang='lat' dir='ltr'>tempus</span> <span class='ocrx_word' id='word_1_313' title='bbox 564 1909 833 1954; x_wconf 71' lang='lat' dir='ltr'>revocationis,</span> <span class='ocrx_word' id='word_1_314' title='bbox 866 1909 952 1958; x_wconf 87' lang='lat' dir='ltr'>quia</span> <span class='ocrx_word' id='word_1_315' title='bbox 987 1912 1086 1945; x_wconf 85' lang='lat' dir='ltr'>Dens</span> <span class='ocrx_word' id='word_1_316' title='bbox 1121 1917 1156 1944; x_wconf 89' lang='lat' dir='ltr'>et</span> <span class='ocrx_word' id='word_1_317' title='bbox 1190 1911 1299 1944; x_wconf 83' lang='lat' dir='ltr'>Pater</span> 
     </span>
     <span class='ocr_line' id='line_1_45' title="bbox 304 1967 1296 2015; baseline 0.003 -14"><span class='ocrx_word' id='word_1_318' title='bbox 304 1967 456 2003; x_wconf 89' lang='lat' dir='ltr'>Domini</span> <span class='ocrx_word' id='word_1_319' title='bbox 490 1968 607 2004; x_wconf 89' lang='lat' dir='ltr'>nostri</span> <span class='ocrx_word' id='word_1_320' title='bbox 635 1972 722 2005; x_wconf 90' lang='lat' dir='ltr'>Jesu</span> <span class='ocrx_word' id='word_1_321' title='bbox 753 1968 905 2015; x_wconf 84' lang='lat' dir='ltr'>Christi,</span> <span class='ocrx_word' id='word_1_322' title='bbox 940 1972 1049 2005; x_wconf 87' lang='lat' dir='ltr'>Pater</span> <span class='ocrx_word' id='word_1_323' title='bbox 1080 1969 1296 2005; x_wconf 89' lang='lat' dir='ltr'>misericor-</span> 
     </span>
     <span class='ocr_line' id='line_1_46' title="bbox 305 2026 1299 2077; baseline 0.003 -16"><span class='ocrx_word' id='word_1_324' title='bbox 305 2026 469 2071; x_wconf 85' lang='lat' dir='ltr'>diarum,</span> <span class='ocrx_word' id='word_1_325' title='bbox 491 2035 527 2062; x_wconf 85' lang='lat' dir='ltr'>et</span> <span class='ocrx_word' id='word_1_326' title='bbox 544 2031 644 2063; x_wconf 88' lang='lat' dir='ltr'>Deus</span> <span class='ocrx_word' id='word_1_327' title='bbox 663 2028 775 2063; x_wconf 90' lang='lat' dir='ltr'>totius</span> <span class='ocrx_word' id='word_1_328' title='bbox 792 2028 1077 2073; x_wconf 85' lang='lat' dir='ltr'>consolationis,</span> <span class='ocrx_word' id='word_1_329' title='bbox 1095 2027 1172 2075; x_wconf 87' lang='lat' dir='ltr'>jam</span> <span class='ocrx_word' id='word_1_330' title='bbox 1194 2028 1299 2077; x_wconf 79' lang='lat' dir='ltr'>cogi-</span> 
     </span>
     <span class='ocr_line' id='line_1_47' title="bbox 306 2086 1294 2137; baseline 0.004 -17"><span class='ocrx_word' id='word_1_331' title='bbox 306 2086 395 2121; x_wconf 75' lang='lat' dir='ltr'>tavit</span> <span class='ocrx_word' id='word_1_332' title='bbox 417 2099 529 2136; x_wconf 90' lang='lat' dir='ltr'>super</span> <span class='ocrx_word' id='word_1_333' title='bbox 559 2087 722 2123; x_wconf 86' lang='lat' dir='ltr'>humano</span> <span class='ocrx_word' id='word_1_334' title='bbox 748 2100 884 2136; x_wconf 78' lang='lat' dir='ltr'>genere</span> <span class='ocrx_word' id='word_1_335' title='bbox 905 2088 1150 2136; x_wconf 80' lang='lat' dir='ltr'>cogitationes</span> <span class='ocrx_word' id='word_1_336' title='bbox 1172 2088 1294 2137; x_wconf 83' lang='lat' dir='ltr'>pacis,</span> 
     </span>
     <span class='ocr_line' id='line_1_48' title="bbox 305 2146 1299 2197; baseline 0.003 -17"><span class='ocrx_word' id='word_1_337' title='bbox 305 2153 341 2180; x_wconf 89' lang='lat' dir='ltr'>et</span> <span class='ocrx_word' id='word_1_338' title='bbox 373 2159 447 2181; x_wconf 91' lang='lat' dir='ltr'>non</span> <span class='ocrx_word' id='word_1_339' title='bbox 480 2146 694 2183; x_wconf 87' lang='lat' dir='ltr'>afflictionis</span> <span class='ocrx_word' id='word_1_340' title='bbox 712 2146 746 2192; x_wconf 77' lang='lat'>⁵3</span> <span class='ocrx_word' id='word_1_341' title='bbox 772 2160 948 2184; x_wconf 77' lang='lat' dir='ltr'>revocare</span> <span class='ocrx_word' id='word_1_342' title='bbox 978 2148 1162 2197; x_wconf 84' lang='lat' dir='ltr'>disposuit</span> <span class='ocrx_word' id='word_1_343' title='bbox 1189 2160 1299 2183; x_wconf 89' lang='lat' dir='ltr'>ovem</span> 
     </span>
     <span class='ocr_line' id='line_1_49' title="bbox 304 2205 1297 2254; baseline 0.002 -15"><span class='ocrx_word' id='word_1_344' title='bbox 304 2217 388 2252; x_wconf 86' lang='lat' dir='ltr'>quae</span> <span class='ocrx_word' id='word_1_345' title='bbox 409 2205 588 2253; x_wconf 87' lang='lat' dir='ltr'>perierat,</span> <span class='ocrx_word' id='word_1_346' title='bbox 614 2206 846 2242; x_wconf 77' lang='lat' dir='ltr'>Patriarclias</span> <span class='ocrx_word' id='word_1_347' title='bbox 873 2206 990 2252; x_wconf 86' lang='lat' dir='ltr'>misit,</span> <span class='ocrx_word' id='word_1_348' title='bbox 1020 2207 1138 2254; x_wconf 81' lang='lat' dir='ltr'>legem</span> <span class='ocrx_word' id='word_1_349' title='bbox 1171 2205 1297 2251; x_wconf 91' lang='lat' dir='ltr'>dedit,</span> 
     </span>
     <span class='ocr_line' id='line_1_50' title="bbox 306 2264 1299 2313; baseline 0.003 -15"><span class='ocrx_word' id='word_1_350' title='bbox 306 2264 419 2311; x_wconf 72' lang='lat' dir='ltr'>signis</span> <span class='ocrx_word' id='word_1_351' title='bbox 450 2272 487 2299; x_wconf 84' lang='lat' dir='ltr'>et</span> <span class='ocrx_word' id='word_1_352' title='bbox 518 2264 700 2313; x_wconf 78' lang='lat' dir='ltr'>prodigiis</span> <span class='ocrx_word' id='word_1_353' title='bbox 731 2266 938 2311; x_wconf 89' lang='lat' dir='ltr'>consuluit,</span> <span class='ocrx_word' id='word_1_354' title='bbox 963 2265 1155 2302; x_wconf 82' lang='lat' dir='ltr'>beneficiis</span> <span class='ocrx_word' id='word_1_355' title='bbox 1185 2265 1299 2301; x_wconf 89' lang='lat' dir='ltr'>innu—</span> 
     </span>
     <span class='ocr_line' id='line_1_51' title="bbox 309 2322 1299 2375; baseline 0.004 -18"><span class='ocrx_word' id='word_1_356' title='bbox 309 2322 551 2359; x_wconf 89' lang='lat' dir='ltr'>merabilibus</span> <span class='ocrx_word' id='word_1_357' title='bbox 568 2324 743 2360; x_wconf 81' lang='lat' dir='ltr'>subvenit</span> <span class='ocrx_word' id='word_1_358' title='bbox 765 2339 772 2360; x_wconf 91' lang='lat'>:</span> <span class='ocrx_word' id='word_1_359' title='bbox 797 2325 946 2361; x_wconf 90' lang='lat' dir='ltr'>tandem</span> <span class='ocrx_word' id='word_1_360' title='bbox 970 2334 1127 2375; x_wconf 89' lang='lat' dir='ltr'>propter</span> <span class='ocrx_word' id='word_1_361' title='bbox 1147 2326 1299 2361; x_wconf 86' lang='lat' dir='ltr'>nimiam</span> 
     </span>
     <span class='ocr_line' id='line_1_52' title="bbox 309 2381 1299 2431; baseline 0.003 -15"><span class='ocrx_word' id='word_1_362' title='bbox 309 2381 522 2418; x_wconf 85' lang='lat' dir='ltr'>charitatem</span> <span class='ocrx_word' id='word_1_363' title='bbox 547 2396 620 2431; x_wconf 83' lang='lat' dir='ltr'>qna</span> <span class='ocrx_word' id='word_1_364' title='bbox 650 2397 718 2420; x_wconf 90' lang='lat' dir='ltr'>nos</span> <span class='ocrx_word' id='word_1_365' title='bbox 746 2384 894 2430; x_wconf 78' lang='lat' dir='ltr'>dilexit,</span> <span class='ocrx_word' id='word_1_366' title='bbox 927 2384 1059 2421; x_wconf 87' lang='lat' dir='ltr'>Filium</span> <span class='ocrx_word' id='word_1_367' title='bbox 1081 2397 1189 2420; x_wconf 85' lang='lat' dir='ltr'>suum</span> <span class='ocrx_word' id='word_1_368' title='bbox 1212 2384 1299 2420; x_wconf 88' lang='lat' dir='ltr'>uni-</span> 
     </span>
     <span class='ocr_line' id='line_1_53' title="bbox 308 2441 1300 2491; baseline 0.002 -16"><span class='ocrx_word' id='word_1_369' title='bbox 308 2441 473 2489; x_wconf 81' lang='lat' dir='ltr'>genitum</span> <span class='ocrx_word' id='word_1_370' title='bbox 504 2442 601 2477; x_wconf 88' lang='lat' dir='ltr'>misit</span> <span class='ocrx_word' id='word_1_371' title='bbox 632 2443 668 2478; x_wconf 92' lang='lat' dir='ltr'>in</span> <span class='ocrx_word' id='word_1_372' title='bbox 695 2443 976 2479; x_wconf 82' lang='lat' dir='ltr'>similitudinem</span> <span class='ocrx_word' id='word_1_373' title='bbox 1009 2443 1131 2479; x_wconf 87' lang='lat' dir='ltr'>carnis</span> <span class='ocrx_word' id='word_1_374' title='bbox 1159 2442 1300 2491; x_wconf 87' lang='lat' dir='ltr'>absque</span> 
     </span>
     <span class='ocr_line' id='line_1_54' title="bbox 311 2503 1302 2552; baseline 0.003 -17"><span class='ocrx_word' id='word_1_375' title='bbox 311 2509 482 2549; x_wconf 89' lang='lat' dir='ltr'>peccato,</span> <span class='ocrx_word' id='word_1_376' title='bbox 508 2510 547 2537; x_wconf 88' lang='lat' dir='ltr'>ut</span> <span class='ocrx_word' id='word_1_377' title='bbox 570 2515 700 2538; x_wconf 88' lang='lat' dir='ltr'>omnes</span> <span class='ocrx_word' id='word_1_378' title='bbox 721 2503 881 2548; x_wconf 73' lang='lat' dir='ltr'>lavaret,</span> <span class='ocrx_word' id='word_1_379' title='bbox 902 2511 938 2538; x_wconf 91' lang='lat' dir='ltr'>et</span> <span class='ocrx_word' id='word_1_380' title='bbox 958 2503 1027 2538; x_wconf 81' lang='lat' dir='ltr'>lioc</span> <span class='ocrx_word' id='word_1_381' title='bbox 1048 2515 1135 2538; x_wconf 77' lang='lat' dir='ltr'>vere</span> <span class='ocrx_word' id='word_1_382' title='bbox 1154 2511 1302 2552; x_wconf 85' lang='lat' dir='ltr'>tempus</span> 
     </span>
     <span class='ocr_line' id='line_1_55' title="bbox 311 2560 999 2610; baseline 0.004 -15"><span class='ocrx_word' id='word_1_383' title='bbox 311 2560 530 2604; x_wconf 86' lang='lat' dir='ltr'>miserendi,</span> <span class='ocrx_word' id='word_1_384' title='bbox 552 2569 587 2597; x_wconf 88' lang='lat' dir='ltr'>ct</span> <span class='ocrx_word' id='word_1_385' title='bbox 608 2575 730 2598; x_wconf 89' lang='lat' dir='ltr'>annus</span> <span class='ocrx_word' id='word_1_386' title='bbox 750 2561 999 2610; x_wconf 78' lang='lat' dir='ltr'>benignitatis.</span> 
     </span>
    </p>
   </div>
   <div class='ocr_carea' id='block_1_18' title="bbox 664 2693 939 2733">
    <p class='ocr_par' dir='ltr' id='par_1_18' title="bbox 664 2693 939 2733">
     <span class='ocr_line' id='line_1_56' title="bbox 664 2693 939 2733; baseline 0.007 -2"><span class='ocrx_word' id='word_1_387' title='bbox 664 2693 839 2731; x_wconf 79' lang='lat' dir='ltr'><strong>CAPUT</strong></span> <span class='ocrx_word' id='word_1_388' title='bbox 869 2694 939 2733; x_wconf 85' lang='lat' dir='ltr'>lv.</span> 
     </span>
    </p>
   </div>
   <div class='ocr_carea' id='block_1_19' title="bbox 564 2807 1046 2850">
    <p class='ocr_par' dir='ltr' id='par_1_19' title="bbox 564 2807 1046 2850">
     <span class='ocr_line' id='line_1_57' title="bbox 564 2807 1046 2850; baseline 0.002 -13"><span class='ocrx_word' id='word_1_389' title='bbox 564 2810 611 2837; x_wconf 81' lang='lat' dir='ltr'>De</span> <span class='ocrx_word' id='word_1_390' title='bbox 628 2814 766 2850; x_wconf 88' lang='lat' dir='ltr'>tempore</span> <span class='ocrx_word' id='word_1_391' title='bbox 779 2807 1046 2838; x_wconf 60' lang='lat' dir='ltr'>reconciliationi&amp;</span> 
     </span>
    </p>
   </div>
   <div class='ocr_carea' id='block_1_20' title="bbox 310 2919 1303 3143">
    <p class='ocr_par' dir='ltr' id='par_1_20' title="bbox 310 2919 1303 3143">
     <span class='ocr_line' id='line_1_58' title="bbox 363 2919 1302 2968; baseline 0.001 -14"><span class='ocrx_word' id='word_1_392' title='bbox 363 2920 396 2954; x_wconf 83' lang='lat'>5.</span> <span class='ocrx_word' id='word_1_393' title='bbox 426 2923 589 2968; x_wconf 81' lang='lat' dir='ltr'>Tempus</span> <span class='ocrx_word' id='word_1_394' title='bbox 616 2919 933 2955; x_wconf 83' lang='lat' dir='ltr'>reconciliationis</span> <span class='ocrx_word' id='word_1_395' title='bbox 953 2927 1092 2955; x_wconf 78' lang='lat' dir='ltr'>extunc</span> <span class='ocrx_word' id='word_1_396' title='bbox 1114 2919 1244 2968; x_wconf 77' lang='lat' dir='ltr'>coepit,</span> <span class='ocrx_word' id='word_1_397' title='bbox 1265 2927 1302 2956; x_wconf 91' lang='lat' dir='ltr'>et</span> 
     </span>
     <span class='ocr_line' id='line_1_59' title="bbox 311 2977 1301 3027; baseline 0.002 -14"><span class='ocrx_word' id='word_1_398' title='bbox 311 2986 447 3013; x_wconf 87' lang='lat' dir='ltr'>statum</span> <span class='ocrx_word' id='word_1_399' title='bbox 475 2977 620 3021; x_wconf 85' lang='lat' dir='ltr'>babuit,</span> <span class='ocrx_word' id='word_1_400' title='bbox 647 2992 845 3027; x_wconf 87' lang='lat' dir='ltr'>quousque</span> <span class='ocrx_word' id='word_1_401' title='bbox 869 2987 1056 3027; x_wconf 87' lang='lat' dir='ltr'>patratum</span> <span class='ocrx_word' id='word_1_402' title='bbox 1078 2986 1134 3015; x_wconf 89' lang='lat' dir='ltr'>est</span> <span class='ocrx_word' id='word_1_403' title='bbox 1161 2987 1301 3027; x_wconf 84' lang='lat' dir='ltr'>myste—</span> 
     </span>
     <span class='ocr_line' id='line_1_60' title="bbox 311 3036 1303 3087; baseline 0.003 -16"><span class='ocrx_word' id='word_1_404' title='bbox 311 3036 405 3071; x_wconf 86' lang='lat' dir='ltr'>rium</span> <span class='ocrx_word' id='word_1_405' title='bbox 441 3045 578 3073; x_wconf 79' lang='lat' dir='ltr'>nostrae</span> <span class='ocrx_word' id='word_1_406' title='bbox 609 3037 897 3087; x_wconf 86' lang='lat' dir='ltr'>redemptionis;</span> <span class='ocrx_word' id='word_1_407' title='bbox 930 3037 1082 3086; x_wconf 87' lang='lat' dir='ltr'>quando</span> <span class='ocrx_word' id='word_1_408' title='bbox 1112 3038 1303 3074; x_wconf 88' lang='lat' dir='ltr'>immolata</span> 
     </span>
     <span class='ocr_line' id='line_1_61' title="bbox 310 3095 1302 3143; baseline 0.004 -13"><span class='ocrx_word' id='word_1_409' title='bbox 310 3095 371 3130; x_wconf 90' lang='lat' dir='ltr'>illa</span> <span class='ocrx_word' id='word_1_410' title='bbox 388 3095 558 3132; x_wconf 89' lang='lat' dir='ltr'>salutaris</span> <span class='ocrx_word' id='word_1_411' title='bbox 578 3096 696 3132; x_wconf 82' lang='lat' dir='ltr'>hostia</span> <span class='ocrx_word' id='word_1_412' title='bbox 715 3110 783 3134; x_wconf 92' lang='lat' dir='ltr'>nos</span> <span class='ocrx_word' id='word_1_413' title='bbox 804 3097 1058 3134; x_wconf 69' lang='lat' dir='ltr'>reconciliavit</span> <span class='ocrx_word' id='word_1_414' title='bbox 1078 3100 1159 3134; x_wconf 92' lang='lat' dir='ltr'>Deo</span> <span class='ocrx_word' id='word_1_415' title='bbox 1177 3098 1302 3143; x_wconf 88' lang='lat' dir='ltr'>Patri,</span> 
     </span>
    </p>
   </div>
   <div class='ocr_carea' id='block_1_21' title="bbox 1424 1905 2290 1951">
    <p class='ocr_par' dir='ltr' id='par_1_21' title="bbox 1424 1905 2290 1951">
     <span class='ocr_line' id='line_1_62' title="bbox 1424 1905 2290 1951; baseline 0.005 -15"><span class='ocrx_word' id='word_1_416' title='bbox 1424 1916 1502 1947; x_wconf 88' lang='lat' dir='ltr'>opus</span> <span class='ocrx_word' id='word_1_417' title='bbox 1522 1905 1743 1948; x_wconf 84' lang='lat' dir='ltr'>redemptionis</span> <span class='ocrx_word' id='word_1_418' title='bbox 1762 1906 1903 1938; x_wconf 55' lang='lat' dir='ltr'>humana}</span> <span class='ocrx_word' id='word_1_419' title='bbox 1922 1908 2096 1939; x_wconf 86' lang='lat' dir='ltr'>summatim</span> <span class='ocrx_word' id='word_1_420' title='bbox 2112 1909 2290 1951; x_wconf 81' lang='lat' dir='ltr'>exponitur.</span> 
     </span>
    </p>
   </div>
   <div class='ocr_carea' id='block_1_22' title="bbox 1365 2025 2360 2611">
    <p class='ocr_par' dir='ltr' id='par_1_22' title="bbox 1365 2025 2360 2611">
     <span class='ocr_line' id='line_1_63' title="bbox 1418 2025 2358 2076; baseline 0.002 -13"><span class='ocrx_word' id='word_1_421' title='bbox 1418 2027 1452 2063; x_wconf 84' lang='lat'>7.</span> <span class='ocrx_word' id='word_1_422' title='bbox 1469 2026 1534 2063; x_wconf 89' lang='lat' dir='ltr'>His</span> <span class='ocrx_word' id='word_1_423' title='bbox 1548 2034 1712 2075; x_wconf 88' lang='lat' dir='ltr'>quatuor</span> <span class='ocrx_word' id='word_1_424' title='bbox 1727 2025 1959 2076; x_wconf 83' lang='lat' dir='ltr'>temporibus</span> <span class='ocrx_word' id='word_1_425' title='bbox 1973 2025 2173 2074; x_wconf 83' lang='lat' dir='ltr'>distinctis,</span> <span class='ocrx_word' id='word_1_426' title='bbox 2189 2036 2225 2065; x_wconf 92' lang='lat' dir='ltr'>et</span> <span class='ocrx_word' id='word_1_427' title='bbox 2238 2029 2358 2065; x_wconf 86' lang='lat' dir='ltr'>causis</span> 
     </span>
     <span class='ocr_line' id='line_1_64' title="bbox 1365 2085 2354 2136; baseline 0.003 -15"><span class='ocrx_word' id='word_1_428' title='bbox 1365 2085 1663 2136; x_wconf 87' lang='lat' dir='ltr'>appellationum</span> <span class='ocrx_word' id='word_1_429' title='bbox 1705 2086 1918 2135; x_wconf 76' lang='lat' dir='ltr'>assignatis,</span> <span class='ocrx_word' id='word_1_430' title='bbox 1958 2086 2123 2133; x_wconf 88' lang='lat' dir='ltr'>intuere,</span> <span class='ocrx_word' id='word_1_431' title='bbox 2160 2100 2182 2123; x_wconf 92' lang='lat' dir='ltr'>o</span> <span class='ocrx_word' id='word_1_432' title='bbox 2216 2087 2331 2124; x_wconf 88' lang='lat' dir='ltr'>homo</span> <span class='ocrx_word' id='word_1_433' title='bbox 2345 2116 2354 2133; x_wconf 91' lang='lat'>‚</span> 
     </span>
     <span class='ocr_line' id='line_1_65' title="bbox 1366 2144 2355 2197; baseline 0.002 -16"><span class='ocrx_word' id='word_1_434' title='bbox 1366 2153 1514 2194; x_wconf 87' lang='lat' dir='ltr'>tempus</span> <span class='ocrx_word' id='word_1_435' title='bbox 1532 2152 1604 2181; x_wconf 82' lang='lat' dir='ltr'>tuae</span> <span class='ocrx_word' id='word_1_436' title='bbox 1622 2144 1910 2194; x_wconf 83' lang='lat' dir='ltr'>redemptionis,</span> <span class='ocrx_word' id='word_1_437' title='bbox 1932 2145 2130 2182; x_wconf 88' lang='lat' dir='ltr'>recordare</span> <span class='ocrx_word' id='word_1_438' title='bbox 2147 2154 2183 2182; x_wconf 90' lang='lat' dir='ltr'>et</span> <span class='ocrx_word' id='word_1_439' title='bbox 2199 2147 2355 2197; x_wconf 87' lang='lat' dir='ltr'>respice,</span> 
     </span>
     <span class='ocr_line' id='line_1_66' title="bbox 1365 2205 2356 2256; baseline 0.003 -16"><span class='ocrx_word' id='word_1_440' title='bbox 1365 2205 1560 2254; x_wconf 87' lang='lat' dir='ltr'>quomodo</span> <span class='ocrx_word' id='word_1_441' title='bbox 1590 2205 1806 2255; x_wconf 87' lang='lat' dir='ltr'>redemptus</span> <span class='ocrx_word' id='word_1_442' title='bbox 1827 2205 1886 2241; x_wconf 90' lang='lat' dir='ltr'>sis.</span> <span class='ocrx_word' id='word_1_443' title='bbox 1908 2207 2039 2254; x_wconf 72' lang='lat' dir='ltr'>Empti</span> <span class='ocrx_word' id='word_1_444' title='bbox 2061 2209 2162 2250; x_wconf 81' lang='lat' dir='ltr'>estis,</span> <span class='ocrx_word' id='word_1_445' title='bbox 2185 2206 2236 2242; x_wconf 89' lang='lat' dir='ltr'>ait</span> <span class='ocrx_word' id='word_1_446' title='bbox 2251 2210 2356 2256; x_wconf 89' lang='lat' dir='ltr'>Apo-</span> 
     </span>
     <span class='ocr_line' id='line_1_67' title="bbox 1365 2265 2356 2314; baseline 0 -14"><span class='ocrx_word' id='word_1_447' title='bbox 1365 2265 1483 2300; x_wconf 86' lang='lat' dir='ltr'>stolus</span> <span class='ocrx_word' id='word_1_448' title='bbox 1494 2294 1503 2310; x_wconf 93' lang='lat'>,</span> <span class='ocrx_word' id='word_1_449' title='bbox 1512 2269 1633 2314; x_wconf 78' lang='lat' dir='ltr'>pretio</span> <span class='ocrx_word' id='word_1_450' title='bbox 1650 2278 1799 2312; x_wconf 78' lang='lat' dir='ltr'>magno,</span> <span class='ocrx_word' id='word_1_451' title='bbox 1815 2265 2019 2312; x_wconf 73' lang='lat' dir='ltr'>glorificate</span> <span class='ocrx_word' id='word_1_452' title='bbox 2034 2275 2067 2300; x_wconf 82' lang='lat' dir='ltr'>et</span> <span class='ocrx_word' id='word_1_453' title='bbox 2078 2274 2226 2313; x_wconf 77' lang='lat' dir='ltr'>portale</span> <span class='ocrx_word' id='word_1_454' title='bbox 2241 2269 2356 2301; x_wconf 81' lang='lat' dir='ltr'>Deum</span> 
     </span>
     <span class='ocr_line' id='line_1_68' title="bbox 1367 2324 2356 2374; baseline 0.001 -15"><span class='ocrx_word' id='word_1_455' title='bbox 1367 2330 1404 2359; x_wconf 74' lang='lat' dir='ltr'>ln</span> <span class='ocrx_word' id='word_1_456' title='bbox 1420 2338 1570 2373; x_wconf 77' lang='lat' dir='ltr'>corpore</span> <span class='ocrx_word' id='word_1_457' title='bbox 1586 2330 1718 2360; x_wconf 80' lang='lat' dir='ltr'>vestr0¹</span> <span class='ocrx_word' id='word_1_458' title='bbox 1730 2331 1751 2360; x_wconf 89' lang='lat'>¹.</span> <span class='ocrx_word' id='word_1_459' title='bbox 1767 2327 1849 2360; x_wconf 71' lang='lat' dir='ltr'>Non</span> <span class='ocrx_word' id='word_1_460' title='bbox 1865 2337 2000 2372; x_wconf 81' lang='lat' dir='ltr'>magno</span> <span class='ocrx_word' id='word_1_461' title='bbox 2020 2332 2181 2371; x_wconf 88' lang='lat' dir='ltr'>tantum,</span> <span class='ocrx_word' id='word_1_462' title='bbox 2196 2324 2260 2361; x_wconf 87' lang='lat' dir='ltr'>sed</span> <span class='ocrx_word' id='word_1_463' title='bbox 2276 2338 2356 2374; x_wconf 59' lang='lat' dir='ltr'>per&lt;</span> 
     </span>
     <span class='ocr_line' id='line_1_69' title="bbox 1366 2382 2356 2433; baseline 0.002 -15"><span class='ocrx_word' id='word_1_464' title='bbox 1366 2384 1540 2419; x_wconf 78' lang='lat' dir='ltr'>maximo.</span> <span class='ocrx_word' id='word_1_465' title='bbox 1563 2382 1753 2421; x_wconf 83' lang='lat' dir='ltr'>Venditus</span> <span class='ocrx_word' id='word_1_466' title='bbox 1774 2396 1855 2419; x_wconf 88' lang='lat' dir='ltr'>cras</span> <span class='ocrx_word' id='word_1_467' title='bbox 1876 2382 1945 2418; x_wconf 89' lang='lat' dir='ltr'>sub</span> <span class='ocrx_word' id='word_1_468' title='bbox 1966 2392 2132 2431; x_wconf 85' lang='lat' dir='ltr'>peccato,</span> <span class='ocrx_word' id='word_1_469' title='bbox 2152 2384 2273 2433; x_wconf 89' lang='lat' dir='ltr'>pretio</span> <span class='ocrx_word' id='word_1_470' title='bbox 2293 2384 2356 2420; x_wconf 78' lang='lat' dir='ltr'>vili</span> 
     </span>
     <span class='ocr_line' id='line_1_70' title="bbox 1366 2441 2358 2492; baseline 0 -14"><span class='ocrx_word' id='word_1_471' title='bbox 1366 2450 1401 2477; x_wconf 82' lang='lat' dir='ltr'>et</span> <span class='ocrx_word' id='word_1_472' title='bbox 1427 2441 1663 2491; x_wconf 85' lang='lat' dir='ltr'>despicabili,</span> <span class='ocrx_word' id='word_1_473' title='bbox 1687 2454 1814 2477; x_wconf 88' lang='lat' dir='ltr'>morsu</span> <span class='ocrx_word' id='word_1_474' title='bbox 1845 2441 1954 2477; x_wconf 81' lang='lat' dir='ltr'>unius</span> <span class='ocrx_word' id='word_1_475' title='bbox 1973 2442 2075 2490; x_wconf 93' lang='lat' dir='ltr'>pomi</span> <span class='ocrx_word' id='word_1_476' title='bbox 2106 2457 2113 2478; x_wconf 75' lang='grc' dir='ltr'>ε</span> <span class='ocrx_word' id='word_1_477' title='bbox 2144 2450 2293 2492; x_wconf 88' lang='lat' dir='ltr'>emptus</span> <span class='ocrx_word' id='word_1_478' title='bbox 2322 2451 2358 2478; x_wconf 87' lang='lat' dir='ltr'>et</span> 
     </span>
     <span class='ocr_line' id='line_1_71' title="bbox 1367 2501 2358 2551; baseline 0 -14"><span class='ocrx_word' id='word_1_479' title='bbox 1367 2501 1585 2551; x_wconf 87' lang='lat' dir='ltr'>redemptus</span> <span class='ocrx_word' id='word_1_480' title='bbox 1623 2514 1661 2537; x_wconf 90' lang='lat' dir='ltr'>es</span> <span class='ocrx_word' id='word_1_481' title='bbox 1697 2501 1819 2550; x_wconf 89' lang='lat' dir='ltr'>pretio</span> <span class='ocrx_word' id='word_1_482' title='bbox 1855 2513 1989 2549; x_wconf 72' lang='lat' dir='ltr'>magno</span> <span class='ocrx_word' id='word_1_483' title='bbox 2017 2509 2054 2536; x_wconf 91' lang='lat' dir='ltr'>et</span> <span class='ocrx_word' id='word_1_484' title='bbox 2085 2501 2334 2538; x_wconf 66' lang='lat' dir='ltr'>inresfflmabili</span> <span class='ocrx_word' id='word_1_485' title='bbox 2348 2529 2358 2545; x_wconf 93' lang='lat'>,</span> 
     </span>
     <span class='ocr_line' id='line_1_72' title="bbox 1368 2561 2360 2611; baseline 0.001 -14"><span class='ocrx_word' id='word_1_486' title='bbox 1368 2570 1489 2598; x_wconf 88' lang='lat' dir='ltr'>morte</span> <span class='ocrx_word' id='word_1_487' title='bbox 1518 2562 1599 2599; x_wconf 84' lang='lat' dir='ltr'>Filii</span> <span class='ocrx_word' id='word_1_488' title='bbox 1629 2561 1711 2598; x_wconf 88' lang='lat' dir='ltr'>Dei.</span> <span class='ocrx_word' id='word_1_489' title='bbox 1744 2561 1842 2608; x_wconf 88' lang='lat' dir='ltr'>Quid</span> <span class='ocrx_word' id='word_1_490' title='bbox 1873 2561 2073 2610; x_wconf 86' lang='lat' dir='ltr'>pretiosius</span> <span class='ocrx_word' id='word_1_491' title='bbox 2104 2561 2176 2598; x_wconf 89' lang='lat' dir='ltr'>hoc</span> <span class='ocrx_word' id='word_1_492' title='bbox 2204 2562 2360 2611; x_wconf 84' lang='lat' dir='ltr'>pretio?</span> 
     </span>
    </p>
   </div>
   <div class='ocr_carea' id='block_1_23' title="bbox 1316 2619 2361 2670">
    <p class='ocr_par' dir='ltr' id='par_1_23' title="bbox 1316 2619 2361 2670">
     <span class='ocr_line' id='line_1_73' title="bbox 1316 2619 2361 2670; baseline -0.001 -13"><span class='ocrx_word' id='word_1_493' title='bbox 1316 2625 1348 2658; x_wconf 94' lang='lat' dir='ltr'>D</span> <span class='ocrx_word' id='word_1_494' title='bbox 1366 2621 1457 2670; x_wconf 87' lang='lat' dir='ltr'>quid</span> <span class='ocrx_word' id='word_1_495' title='bbox 1485 2619 1805 2657; x_wconf 76' lang='lat' dir='ltr'>inaestimabilius?</span> <span class='ocrx_word' id='word_1_496' title='bbox 1824 2620 1891 2655; x_wconf 87' lang='lat' dir='ltr'>Ille</span> <span class='ocrx_word' id='word_1_497' title='bbox 1919 2632 1987 2668; x_wconf 90' lang='lat' dir='ltr'>per</span> <span class='ocrx_word' id='word_1_498' title='bbox 2011 2633 2122 2668; x_wconf 89' lang='lat' dir='ltr'>quem</span> <span class='ocrx_word' id='word_1_499' title='bbox 2153 2620 2245 2656; x_wconf 85' lang='lat' dir='ltr'>facta</span> <span class='ocrx_word' id='word_1_500' title='bbox 2273 2628 2361 2656; x_wconf 90' lang='lat' dir='ltr'>sunt</span> 
     </span>
    </p>
   </div>
   <div class='ocr_carea' id='block_1_24' title="bbox 1365 2679 2359 3143">
    <p class='ocr_par' dir='ltr' id='par_1_24' title="bbox 1365 2679 2359 3143">
     <span class='ocr_line' id='line_1_74' title="bbox 1365 2679 2358 2728; baseline 0 -12"><span class='ocrx_word' id='word_1_501' title='bbox 1365 2681 1511 2726; x_wconf 89' lang='lat' dir='ltr'>omnia,</span> <span class='ocrx_word' id='word_1_502' title='bbox 1540 2689 1577 2716; x_wconf 89' lang='lat' dir='ltr'>et</span> <span class='ocrx_word' id='word_1_503' title='bbox 1606 2680 1686 2715; x_wconf 86' lang='lat' dir='ltr'>sine</span> <span class='ocrx_word' id='word_1_504' title='bbox 1713 2692 1790 2728; x_wconf 83' lang='lat' dir='ltr'>quo</span> <span class='ocrx_word' id='word_1_505' title='bbox 1821 2679 1958 2715; x_wconf 82' lang='lat' dir='ltr'>sactum</span> <span class='ocrx_word' id='word_1_506' title='bbox 1994 2687 2049 2715; x_wconf 85' lang='lat' dir='ltr'>est</span> <span class='ocrx_word' id='word_1_507' title='bbox 2079 2679 2190 2725; x_wconf 90' lang='lat' dir='ltr'>nihil,</span> <span class='ocrx_word' id='word_1_508' title='bbox 2221 2680 2358 2716; x_wconf 89' lang='lat' dir='ltr'>summi</span> 
     </span>
     <span class='ocr_line' id='line_1_75' title="bbox 1366 2738 2358 2788; baseline -0.001 -12"><span class='ocrx_word' id='word_1_509' title='bbox 1366 2740 1484 2776; x_wconf 87' lang='lat' dir='ltr'>Patris</span> <span class='ocrx_word' id='word_1_510' title='bbox 1500 2739 1739 2788; x_wconf 68' lang='lat' dir='ltr'>Unigenitus,</span> <span class='ocrx_word' id='word_1_511' title='bbox 1763 2738 1883 2774; x_wconf 89' lang='lat' dir='ltr'>eidem</span> <span class='ocrx_word' id='word_1_512' title='bbox 1909 2738 2008 2774; x_wconf 86' lang='lat' dir='ltr'>Patri</span> <span class='ocrx_word' id='word_1_513' title='bbox 2031 2738 2358 2776; x_wconf 86' lang='lat' dir='ltr'>consubstantialis</span> 
     </span>
     <span class='ocr_line' id='line_1_76' title="bbox 1367 2796 2356 2848; baseline -0.001 -13"><span class='ocrx_word' id='word_1_514' title='bbox 1367 2807 1403 2835; x_wconf 89' lang='lat' dir='ltr'>et</span> <span class='ocrx_word' id='word_1_515' title='bbox 1432 2807 1659 2844; x_wconf 75' lang='lat' dir='ltr'>coaeternus,</span> <span class='ocrx_word' id='word_1_516' title='bbox 1692 2811 1760 2848; x_wconf 85' lang='lat' dir='ltr'>par</span> <span class='ocrx_word' id='word_1_517' title='bbox 1794 2796 2003 2846; x_wconf 86' lang='lat' dir='ltr'>majestate,</span> <span class='ocrx_word' id='word_1_518' title='bbox 2034 2798 2186 2846; x_wconf 67' lang='lat' dir='ltr'>aequalis</span> <span class='ocrx_word' id='word_1_519' title='bbox 2214 2798 2356 2847; x_wconf 83' lang='lat' dir='ltr'>gloria,</span> 
     </span>
     <span class='ocr_line' id='line_1_77' title="bbox 1367 2857 2359 2906; baseline -0.001 -12"><span class='ocrx_word' id='word_1_520' title='bbox 1367 2859 1465 2894; x_wconf 91' lang='lat' dir='ltr'>idem</span> <span class='ocrx_word' id='word_1_521' title='bbox 1494 2858 1531 2894; x_wconf 90' lang='lat' dir='ltr'>in</span> <span class='ocrx_word' id='word_1_522' title='bbox 1560 2857 1738 2901; x_wconf 85' lang='lat' dir='ltr'>essentia,</span> <span class='ocrx_word' id='word_1_523' title='bbox 1758 2857 1873 2906; x_wconf 90' lang='lat' dir='ltr'>ipsius</span> <span class='ocrx_word' id='word_1_524' title='bbox 1889 2857 2006 2892; x_wconf 89' lang='lat' dir='ltr'>virtus</span> <span class='ocrx_word' id='word_1_525' title='bbox 2026 2865 2063 2893; x_wconf 85' lang='lat' dir='ltr'>et</span> <span class='ocrx_word' id='word_1_526' title='bbox 2082 2857 2282 2906; x_wconf 87' lang='lat' dir='ltr'>sapientia,</span> <span class='ocrx_word' id='word_1_527' title='bbox 2297 2857 2359 2893; x_wconf 85' lang='lat' dir='ltr'>hic</span> 
     </span>
     <span class='ocr_line' id='line_1_78' title="bbox 1368 2916 2359 2962; baseline -0.001 -9"><span class='ocrx_word' id='word_1_528' title='bbox 1368 2918 1449 2954; x_wconf 87' lang='lat' dir='ltr'>talis</span> <span class='ocrx_word' id='word_1_529' title='bbox 1472 2926 1508 2953; x_wconf 88' lang='lat' dir='ltr'>et</span> <span class='ocrx_word' id='word_1_530' title='bbox 1530 2925 1671 2962; x_wconf 87' lang='lat' dir='ltr'>tantus,</span> <span class='ocrx_word' id='word_1_531' title='bbox 1700 2929 1784 2952; x_wconf 90' lang='lat' dir='ltr'>cum</span> <span class='ocrx_word' id='word_1_532' title='bbox 1808 2916 1845 2952; x_wconf 90' lang='lat' dir='ltr'>in</span> <span class='ocrx_word' id='word_1_533' title='bbox 1865 2916 1984 2952; x_wconf 82' lang='lat' dir='ltr'>forma</span> <span class='ocrx_word' id='word_1_534' title='bbox 2002 2916 2070 2953; x_wconf 91' lang='lat' dir='ltr'>Dei</span> <span class='ocrx_word' id='word_1_535' title='bbox 2095 2925 2208 2960; x_wconf 89' lang='lat' dir='ltr'>esset,</span> <span class='ocrx_word' id='word_1_536' title='bbox 2227 2917 2359 2953; x_wconf 83' lang='lat' dir='ltr'>exina-</span> 
     </span>
     <span class='ocr_line' id='line_1_79' title="bbox 1368 2975 2358 3025; baseline 0 -13"><span class='ocrx_word' id='word_1_537' title='bbox 1368 2977 1461 3013; x_wconf 87' lang='lat' dir='ltr'>nivit</span> <span class='ocrx_word' id='word_1_538' title='bbox 1482 2976 1744 3025; x_wconf 84' lang='lat' dir='ltr'>semetipsum,</span> <span class='ocrx_word' id='word_1_539' title='bbox 1778 2975 1936 3011; x_wconf 90' lang='lat' dir='ltr'>sormam</span> <span class='ocrx_word' id='word_1_540' title='bbox 1962 2975 2059 3011; x_wconf 88' lang='lat' dir='ltr'>servi</span> <span class='ocrx_word' id='word_1_541' title='bbox 2085 2976 2290 3025; x_wconf 80' lang='lat' dir='ltr'>accipienS,</span> <span class='ocrx_word' id='word_1_542' title='bbox 2312 2975 2358 3012; x_wconf 88' lang='lat' dir='ltr'>de</span> 
     </span>
     <span class='ocr_line' id='line_1_80' title="bbox 1368 3035 2358 3084; baseline -0.001 -12"><span class='ocrx_word' id='word_1_543' title='bbox 1368 3036 1452 3073; x_wconf 89' lang='lat' dir='ltr'>sinu</span> <span class='ocrx_word' id='word_1_544' title='bbox 1474 3035 1591 3072; x_wconf 86' lang='lat' dir='ltr'>Patris</span> <span class='ocrx_word' id='word_1_545' title='bbox 1610 3035 1646 3071; x_wconf 93' lang='lat' dir='ltr'>in</span> <span class='ocrx_word' id='word_1_546' title='bbox 1663 3035 1796 3071; x_wconf 68' lang='lat' dir='ltr'>vallem</span> <span class='ocrx_word' id='word_1_547' title='bbox 1812 3043 1948 3071; x_wconf 80' lang='lat' dir='ltr'>nostrae</span> <span class='ocrx_word' id='word_1_548' title='bbox 1968 3035 2188 3084; x_wconf 87' lang='lat' dir='ltr'>plorationis</span> <span class='ocrx_word' id='word_1_549' title='bbox 2204 3035 2358 3072; x_wconf 87' lang='lat' dir='ltr'>‹lescen-</span> 
     </span>
     <span class='ocr_line' id='line_1_81' title="bbox 1369 3093 2356 3143; baseline -0.003 -11"><span class='ocrx_word' id='word_1_550' title='bbox 1369 3096 1441 3143; x_wconf 72' lang='lat' dir='ltr'>dit,</span> <span class='ocrx_word' id='word_1_551' title='bbox 1464 3095 1501 3131; x_wconf 91' lang='lat' dir='ltr'>in</span> <span class='ocrx_word' id='word_1_552' title='bbox 1519 3102 1625 3131; x_wconf 86' lang='lat' dir='ltr'>utero</span> <span class='ocrx_word' id='word_1_553' title='bbox 1646 3094 1779 3143; x_wconf 86' lang='lat' dir='ltr'>puellae</span> <span class='ocrx_word' id='word_1_554' title='bbox 1798 3107 1837 3130; x_wconf 85' lang='lat' dir='ltr'>se</span> <span class='ocrx_word' id='word_1_555' title='bbox 1853 3093 2039 3130; x_wconf 77' lang='lat' dir='ltr'>contraxit</span> <span class='ocrx_word' id='word_1_556' title='bbox 2057 3108 2064 3129; x_wconf 92' lang='lat'>:</span> <span class='ocrx_word' id='word_1_557' title='bbox 2084 3093 2200 3143; x_wconf 86' lang='lat' dir='ltr'>etqui</span> <span class='ocrx_word' id='word_1_558' title='bbox 2219 3102 2297 3130; x_wconf 86' lang='lat' dir='ltr'>erat</span> <span class='ocrx_word' id='word_1_559' title='bbox 2320 3094 2356 3130; x_wconf 92' lang='lat' dir='ltr'>in</span> 
     </span>
    </p>
   </div>
   <div class='ocr_carea' id='block_1_25' title="bbox 361 3222 2359 3268">
    <p class='ocr_par' dir='ltr' id='par_1_25' title="bbox 361 3222 2359 3268">
     <span class='ocr_line' id='line_1_82' title="bbox 361 3222 2359 3268; baseline -0.002 -10"><span class='ocrx_word' id='word_1_560' title='bbox 361 3233 368 3247; x_wconf 89' lang='lat'>¹</span> <span class='ocrx_word' id='word_1_561' title='bbox 387 3232 464 3259; x_wconf 79' lang='lat' dir='ltr'>Gen.</span> <span class='ocrx_word' id='word_1_562' title='bbox 484 3240 554 3259; x_wconf 76' lang='lat' dir='ltr'>xxii</span> <span class='ocrx_word' id='word_1_563' title='bbox 571 3254 577 3265; x_wconf 88' lang='grc'>,</span> <span class='ocrx_word' id='word_1_564' title='bbox 600 3231 650 3259; x_wconf 87' lang='grc'>18.</span> <span class='ocrx_word' id='word_1_565' title='bbox 671 3248 710 3252; x_wconf 81' lang='lat'>—</span> <span class='ocrx_word' id='word_1_566' title='bbox 733 3235 743 3250; x_wconf 83' lang='lat'>²</span> <span class='ocrx_word' id='word_1_567' title='bbox 760 3230 863 3260; x_wconf 82' lang='lat' dir='ltr'>Galat.</span> <span class='ocrx_word' id='word_1_568' title='bbox 885 3241 945 3268; x_wconf 83' lang='grc' dir='ltr'>ιιι,</span> <span class='ocrx_word' id='word_1_569' title='bbox 968 3233 1019 3260; x_wconf 73' lang='lat'>10.</span> <span class='ocrx_word' id='word_1_570' title='bbox 1034 3248 1077 3252; x_wconf 75' lang='lat'>——</span> <span class='ocrx_word' id='word_1_571' title='bbox 1098 3228 1110 3251; x_wconf 82' lang='lat'>3</span> <span class='ocrx_word' id='word_1_572' title='bbox 1130 3234 1203 3261; x_wconf 82' lang='lat' dir='ltr'>Luc.</span> <span class='ocrx_word' id='word_1_573' title='bbox 1226 3242 1256 3267; x_wconf 87' lang='lat'>1,</span> <span class='ocrx_word' id='word_1_574' title='bbox 1275 3233 1327 3262; x_wconf 83' lang='lat'>73.</span> <span class='ocrx_word' id='word_1_575' title='bbox 1348 3250 1390 3254; x_wconf 87' lang='lat'>—</span> <span class='ocrx_word' id='word_1_576' title='bbox 1420 3229 1532 3261; x_wconf 57' lang='lat' dir='ltr'>arsat.</span> <span class='ocrx_word' id='word_1_577' title='bbox 1558 3238 1623 3257; x_wconf 79' lang='lat' dir='ltr'>xm</span> <span class='ocrx_word' id='word_1_578' title='bbox 1639 3251 1645 3263; x_wconf 83' lang='grc'><strong>,</strong></span> <span class='ocrx_word' id='word_1_579' title='bbox 1668 3228 1734 3257; x_wconf 73' lang='grc'>3-5.</span> <span class='ocrx_word' id='word_1_580' title='bbox 1751 3244 1790 3248; x_wconf 81' lang='lat'>——</span> <span class='ocrx_word' id='word_1_581' title='bbox 1812 3223 1824 3246; x_wconf 87' lang='lat'>⁵</span> <span class='ocrx_word' id='word_1_582' title='bbox 1845 3229 1960 3256; x_wconf 86' lang='lat' dir='ltr'>Jercm.</span> <span class='ocrx_word' id='word_1_583' title='bbox 1984 3236 2082 3261; x_wconf 77' lang='lat' dir='ltr'>xxix,</span> <span class='ocrx_word' id='word_1_584' title='bbox 2108 3227 2157 3256; x_wconf 88' lang='grc'>11,</span> <span class='ocrx_word' id='word_1_585' title='bbox 2178 3244 2218 3247; x_wconf 90' lang='lat'>—</span> <span class='ocrx_word' id='word_1_586' title='bbox 2237 3222 2359 3255; x_wconf 81' lang='lat' dir='ltr'>⁶Eceli.</span> 
     </span>
    </p>
   </div>
   <div class='ocr_carea' id='block_1_26' title="bbox 314 3284 757 3366">
    <p class='ocr_par' dir='ltr' id='par_1_26' title="bbox 314 3284 757 3366">
     <span class='ocr_line' id='line_1_83' title="bbox 314 3284 757 3319; baseline 0.009 -10"><span class='ocrx_word' id='word_1_587' title='bbox 314 3293 401 3316; x_wconf 53' lang='lat' dir='ltr'>xilv„</span> <span class='ocrx_word' id='word_1_588' title='bbox 432 3284 482 3317; x_wconf 72' lang='lat'>17,</span> <span class='ocrx_word' id='word_1_589' title='bbox 505 3286 611 3319; x_wconf 51' lang='lat' dir='ltr'>20,st</span> <span class='ocrx_word' id='word_1_590' title='bbox 639 3287 721 3318; x_wconf 82' lang='grc' dir='ltr'>ι,1.</span> <span class='ocrx_word' id='word_1_591' title='bbox 753 3302 757 3303; x_wconf 43' lang='lat'><em>⁷</em></span> 
     </span>
     <span class='ocr_line' id='line_1_84' title="bbox 316 3338 442 3366; baseline 0.024 -11"><span class='ocrx_word' id='word_1_592' title='bbox 316 3345 366 3366; x_wconf 44' lang='grc' dir='ltr'>Η,</span> <span class='ocrx_word' id='word_1_593' title='bbox 401 3338 442 3363; x_wconf 71' lang='grc' dir='ltr'>ζιω</span> 
     </span>
    </p>
   </div>
   <div class='ocr_carea' id='block_1_27' title="bbox 798 3284 1119 3320">
    <p class='ocr_par' dir='ltr' id='par_1_27' title="bbox 798 3284 1119 3320">
     <span class='ocr_line' id='line_1_85' title="bbox 798 3284 1119 3320; baseline 0 -8"><span class='ocrx_word' id='word_1_594' title='bbox 798 3284 941 3312; x_wconf 73' lang='lat' dir='ltr'>711Cor.</span> <span class='ocrx_word' id='word_1_595' title='bbox 963 3294 992 3320; x_wconf 76' lang='grc' dir='ltr'>ν,</span> <span class='ocrx_word' id='word_1_596' title='bbox 1013 3286 1065 3312; x_wconf 72' lang='lat'>20.</span> <span class='ocrx_word' id='word_1_597' title='bbox 1096 3302 1119 3303; x_wconf 44' lang='grc' dir='ltr'><em>Π</em></span> 
     </span>
    </p>
   </div>
   <div class='ocr_carea' id='block_1_28' title="bbox 1152 3278 2357 3317">
    <p class='ocr_par' dir='ltr' id='par_1_28' title="bbox 1152 3278 2357 3317">
     <span class='ocr_line' id='line_1_86' title="bbox 1152 3278 2357 3317; baseline -0.007 -4"><span class='ocrx_word' id='word_1_598' title='bbox 1152 3281 1617 3317; x_wconf 36' lang='grc' dir='ltr'>ς11)ι(1.6.μ-’,ὶΡεὲτιΓτΧυῃ</span> <span class='ocrx_word' id='word_1_599' title='bbox 1647 3284 1674 3310; x_wconf 78' lang='grc'>5.</span> <span class='ocrx_word' id='word_1_600' title='bbox 1695 3299 1733 3301; x_wconf 44' lang='lat'>⁴—</span> <span class='ocrx_word' id='word_1_601' title='bbox 1757 3284 1784 3299; x_wconf 78' lang='lat'>¹⁰</span> <span class='ocrx_word' id='word_1_602' title='bbox 1805 3278 1883 3308; x_wconf 74' lang='lat' dir='ltr'>Psal.</span> <span class='ocrx_word' id='word_1_603' title='bbox 1910 3281 2166 3314; x_wconf 68' lang='lat' dir='ltr'>cxx111,.&#39;›&#39;i.——</span> <span class='ocrx_word' id='word_1_604' title='bbox 2193 3284 2217 3298; x_wconf 93' lang='lat'>¹¹</span> <span class='ocrx_word' id='word_1_605' title='bbox 2249 3281 2259 3307; x_wconf 92' lang='lat'><em>1</em></span> <span class='ocrx_word' id='word_1_606' title='bbox 2284 3280 2357 3307; x_wconf 71' lang='lat' dir='ltr'>(jor.</span> 
     </span>
    </p>
   </div>
  </div>
 </body>
</html>
