2418 3949
103 159 175 207 045
722 166 1127 204 DECLAMATIONES
1156 168 1221 201 Ex
1251 167 1526 202 RERNARDO.
2077 164 2153 199 ote

100 245 317 284 convenire.
337 247 507 292 Quantos
523 243 623 280 enim
641 252 856 280 sanctorum
878 251 942 280 aut
957 238 1240 287 volun-³¹⁰tur‚
1268 250 1310 277 ut
1335 241 1460 277 dicant
1487 242 1523 277 in
1552 240 1730 277 cordibus
1752 242 1826 277 suis
1859 255 1865 276 :
1893 244 1975 278 Non
2002 239 2152 277 videtur

101 307 192 343 tarie
215 318 295 341 earn
317 304 542 349 deseruisse,
561 311 602 339 ut
626 303 894 349 anachoreta53
917 311 980 339 aut
1005 301 1089 338 vio·
1106 301 1137 334 A
1157 299 1228 335 hoc
1262 299 1421 336 verbum
1455 300 1731 336 adinventionis
1764 300 1938 336 humanae
1955 329 1964 345 ,
2002 300 2061 335 cui
2097 299 2148 335 sic

100 365 214 402 lentia
234 363 519 413 persecutioniS,
536 370 578 398 ut
595 370 777 410 martyres
796 362 928 398 exsilio
949 361 1090 408 relega-

100 433 158 461 tos
172 452 180 468 ‚
208 424 371 460 humana
403 421 662 458 consolatione
696 422 871 457 novimus
903 419 1088 457 caruisse?

98 489 236 522 Datum
258 483 442 532 optimum
463 490 518 517 est
538 481 757 530 centuplum
778 480 871 526 hoc,
893 480 1088 516 desursum

99 542 291 581 descendit
307 555 327 578 a
344 546 452 579 Patre
473 541 670 577 luminum.

284 676 398 705 LVIII.
415 689 458 694 —-
478 671 561 712 Quid
581 670 619 701 sit
639 670 698 701 hoc
713 670 901 711 centuplum.

153 781 213 818 70.
246 783 304 816 An
338 791 415 814 non
449 776 612 824 denique
647 776 773 811 omnia
808 774 996 824 possidet,
1028 773 1086 809 cui

97 838 225 875 omnia
258 843 512 886 cooperantur
539 835 575 869 in
606 833 772 869 bonum?
801 838 858 870 An
890 846 967 869 non
990 845 1083 868 cen-

97 898 244 946 tuplum
277 895 389 932 habet
418 894 610 938 omnium,
638 893 702 940 qui
734 892 915 940 impletur
943 891 1084 940 Spiritu

97 964 245 999 sancto,
275 954 341 1004 qui
376 953 561 991 Christum
591 950 706 987 habet
730 950 766 986 in
799 952 978 999 pectore?
1007 951 1084 986 Nisi

1156 367 1363 395 consonant
1398 372 1474 395 uno
1510 373 1574 395 ore
1610 360 1821 395 testimonia
1857 360 2146 408 Scripturarum.

1155 417 1266 464 Quod
1297 418 1326 453 si
1351 417 1402 453 ita
1431 425 1504 461 est,
1525 417 1605 453 sine
1633 416 1750 452 (lubio
1775 418 2017 454 vehementer
2041 429 2147 452 erra-

1155 488 1251 512 mus.
1283 475 1448 513 Probare
1474 476 1564 512 libet
1583 489 1629 511 an
1650 476 1728 511 haec
1748 477 1799 511 ita
1819 490 1856 512 sc
1880 476 2061 520 habeant,
2080 489 2148 525 gu-

1155 543 1252 572 stare
1281 535 1371 584 quid
1401 536 1473 571 hoc
1490 535 1751 571 absconditum
1772 548 1907 571 manna
1929 537 2065 584 sapiat,
2081 549 2146 571 ex-

1156 595 1271 644 periri
1303 595 1391 643 quid
1420 596 1465 631 sit
1490 595 1562 630 boc
1587 595 1824 643 centuplum,
1840 596 1949 643 quale
1967 596 2143 643 gaudium

1154 654 1191 689 in
1214 653 1357 701 Spiritu
1379 661 1519 689 sancto.
1544 655 1631 689 Cras
1653 653 1822 700 profecto
1848 653 2091 702 respondebit
2112 655 2145 689 ei

1148 712 1294 760 justitia
1323 724 1408 757 sua,
1435 711 1499 759 qui
1520 711 1559 746 id
1579 710 1745 746 studiose
1775 712 1977 759 quaesierit.
2007 712 2147 747 Conse—

1154 772 1238 807 stim
1267 779 1308 806 ut
1333 770 1558 818 gustaverit,
1577 770 1720 805 videbit
1740 771 1916 818 quoniam
1943 772 2066 806 suavis
2090 780 2145 806 est

1153 829 1362 873 Dominus,
1384 829 1563 877 quoniam
1584 828 1707 864 bonus
1734 842 1810 864 non
1838 829 1950 865 modo
1982 831 2145 875 tenenti,

1150 889 1214 926 sed
1233 896 1269 924 et
1289 888 1473 936 quaerenti
1491 901 1549 933 se,
1566 889 1699 924 animae
1719 889 1883 938 speranti
1902 889 1939 924 in
1957 887 2030 924 se5.
2048 890 2147 926 Alio-

1150 947 1239 997 quin
1261 951 1385 982 venlle
1411 956 1447 982 et
1478 953 1622 995 arguite
1648 961 1725 991 me,
1748 950 1833 982 (licit
1855 951 2033 983 Dominus
2053 947 2067 969 ⁶
2083 977 2092 993 ,
2115 949 2144 984 Si

96 1014 200 1064 quod
228 1015 337 1062 longe
362 1012 446 1062 plus
467 1023 581 1060 quam
605 1009 825 1058 centuplum
846 1017 902 1045 est
923 1009 1085 1045 visitatio
1104 1007 1131 1040 Β
1151 1020 1227 1042 non
1252 1006 1375 1042 omnis
1395 1006 1460 1054 qui
1481 1006 1676 1055 reliquerit
1692 1015 1857 1055 patrem,
1879 1015 1941 1042 aut
1958 1016 2113 1043 matrem
2132 1036 2141 1051 ‚

97 1073 275 1124 paracleti
295 1071 457 1121 Spiritus
471 1099 480 1116 ,
509 1077 546 1106 et
565 1068 762 1118 praesentia
786 1067 933 1104 Christi.
963 1070 1084 1114 Quam

97 1145 250 1180 magna,
274 1130 417 1179 inquit,
441 1130 640 1164 multitudo
661 1128 868 1162 dulcedinis
894 1135 984 1171 tuce,
1003 1128 1085 1162 Do·

97 1195 209 1234 mine,
227 1202 337 1238 quam
361 1187 587 1223 abscondisti
606 1185 816 1222 timentibus
836 1194 883 1231 te,
897 1186 1088 1234 perfecisti

97 1253 149 1285 eis
173 1253 239 1297 qui
265 1256 420 1296 sperant
439 1251 478 1282 in
499 1255 535 1282 te
549 1252 556 1268 ¹
572 1248 579 1281 l
596 1245 708 1283 Vides
725 1245 918 1294 quomodo
941 1258 1088 1281 memo-

97 1308 188 1344 riam
209 1306 449 1344 abundantiae
469 1304 663 1342 suavitatis
675 1304 790 1353 hujus
809 1313 953 1341 eructet
964 1305 1089 1341 anima

97 1365 453 1416 sanctanuomodo
472 1364 683 1413 exprimere
700 1364 859 1412 gestiens
868 1363 983 1400 verba
997 1353 1089 1399 mul-

98 1426 266 1476 tiplicet?
290 1427 410 1472 Quam
432 1436 583 1470 magna,
608 1423 750 1471 inquit,
772 1425 990 1458 multitudo!
1010 1427 1090 1459 1100

97 1499 186 1535 ergo
211 1485 429 1534 centuplum
458 1483 613 1533 adoptio
645 1483 807 1519 liliorum
834 1491 911 1528 cst,
937 1482 1088 1519 libertas

97 1554 134 1581 et
161 1544 335 1594 primitiae
366 1544 541 1594 spiritus,
567 1542 708 1578 deliciae
732 1542 943 1588 charitatis,
969 1542 1089 1591 gloria

100 1604 355 1649 conscientiae,
376 1615 532 1651 regnum
556 1602 645 1646 Dei,
668 1601 771 1650 quod
802 1602 900 1637 intra
922 1615 990 1637 nos
1011 1610 1086 1647 est3

103 1676 179 1700 non
207 1663 336 1711 utique
362 1674 445 1698 esca
465 1662 523 1697 vel
545 1669 676 1709 potus,
696 1660 760 1696 sed
774 1660 918 1708 justitia
938 1669 975 1697 et
995 1674 1087 1710 pax,

98 1731 135 1759 et
161 1721 338 1772 gaudium
369 1721 405 1757 in
435 1721 574 1770 Spiritu
601 1726 765 1756 sanct02.
785 1720 973 1757 Gaudium
1000 1733 1088 1757 sane

1151 1073 1215 1102 aut
1241 1064 1415 1111 domum,
1431 1073 1496 1101 aut
1515 1078 1646 1115 agrum
1668 1073 1826 1114 propter
1844 1078 1981 1101 nomen
2000 1078 2145 1109 meum,

1152 1125 1370 1174 centuplum
1402 1126 1613 1174 acceperit,
1641 1137 1743 1160 nunc
1774 1124 1812 1160 in
1844 1124 1915 1160 hoc
1943 1133 2112 1174 tempore
2138 1139 2143 1159 :

1152 1197 1286 1234 parum
1307 1192 1382 1229 est;
1402 1192 1439 1220 et
1458 1184 1574 1221 vitam
1595 1191 1772 1220 aeternam
1792 1183 2013 1233 possidebit.

1445 1318 1512 1347 Lx.
1527 1334 1573 1338 —
1589 1317 1637 1345 De
1654 1315 1716 1345 vita
1732 1321 1859 1346 aeterna.

1210 1423 1269 1459 72.
1300 1426 1440 1460 Verum
1472 1422 1561 1458 siin
1594 1422 1791 1471 praesentis
1819 1420 2149 1457 commendatione

1156 1482 1322 1531 centupli
1344 1495 1467 1519 sermo
1490 1481 1633 1527 deficit,
1654 1490 1691 1518 et
1711 1495 1756 1517 ex
1779 1480 2007 1517 abundantia
2025 1480 2150 1516 cordis

1155 1543 1324 1591 angustia
1349 1542 1425 1579 oris
1448 1541 1678 1587 obstruitur3
1703 1541 1834 1590 quidni
1855 1539 1900 1576 ad
1922 1540 2148 1590 promissio—

1155 1613 1240 1636 nem
1276 1609 1426 1637 aeternae
1461 1601 1546 1636 vitae
1563 1628 1572 1646 ,
1608 1600 1793 1636 defectum
1831 1599 2028 1649 proprium
2070 1599 2150 1647 ipsa

1155 1660 1264 1695 etiam
1297 1661 1474 1709 cogitatio
1507 1660 1692 1695 fateatur?
1718 1659 1754 1696 Si
1780 1658 1818 1694 id
1849 1659 1952 1707 quod
1977 1666 2150 1707 exparte

1155 1727 1230 1764 est,
1253 1732 1330 1755 non
1353 1720 1452 1755 valet
1471 1719 1595 1767 eloqui
1623 1732 1692 1754 nec
1712 1727 1908 1767 expertus;
1930 1718 2019 1766 quid
2041 1718 2149 1753 inex-

97 1795 175 1819 non
202 1781 316 1817 modo
338 1781 375 1816 in
397 1793 462 1830 spe
484 1779 632 1829 gloriae,
656 1779 721 1816 sed
741 1779 850 1815 etiam
870 1780 906 1815 in
928 1779 1085 1816 tribula-
1106 1782 1132 1817 C
1153 1786 1281 1827 pertus
1307 1779 1352 1815 de
1382 1778 1612 1828 perfectione
1632 1777 1820 1814 balbutire
1844 1778 2026 1813 conetur?
2043 1779 2146 1813 Ocu—

98 1840 278 1877 tionibus.
310 1840 380 1876 Hic
408 1847 464 1875 est
490 1838 604 1887 ignis,
633 1851 746 1887 quem
775 1838 895 1874 voluit
919 1839 1086 1875 Christus

96 1901 339 1937 vehementer
362 1898 516 1935 accendi
532 1898 557 1934 ³.
578 1900 666 1934 Haec
685 1898 805 1933 virtus
822 1911 867 1933 ex
887 1898 962 1933 alto
975 1925 984 1942 ,
1003 1911 1086 1947 quae

97 1959 287 1996 Andream
317 1958 402 1994 fecit
429 1957 628 2006 amplecti-‘¹
649 1969 818 2002 crucem3
842 1957 1086 1993 Laurentium

99 2018 220 2055 ridere
254 2017 488 2061 carnilicem;
529 2016 760 2065 Stephanum
793 2016 830 2052 in
867 2025 988 2052 morte
1016 2030 1086 2066 pro

97 2075 351 2126 lapidantibus
376 2075 526 2111 flectere
546 2087 666 2124 genua
686 2074 731 2111 ad
754 2076 977 2112 orationem.
998 2079 1086 2112 ere

98 2137 159 2173 illa
186 2149 279 2185 pax,
303 2148 414 2184 quam
446 2134 523 2171 suis
546 2135 696 2183 reliquit
721 2134 888 2171 Christus
904 2163 913 2179 ,
933 2134 1086 2183 quando

97 2195 202 2232 dedit
225 2203 262 2231 et
281 2207 397 2231 suam.
419 2193 608 2243 Siquidem
630 2194 772 2230 donum
801 2202 836 2230 et
862 2207 936 2243 pax
961 2193 1087 2230 electis

96 2255 214 2301 Dei43
236 2267 309 2304 pax
330 2254 458 2303 utique
478 2266 641 2303 praesens
658 2252 674 2275 ¹³
688 2281 698 2299 ,
721 2262 757 2289 et
776 2253 916 2290 donum
940 2254 1084 2289 futurae.

96 2315 162 2351 Illa
187 2321 340 2363 superat
366 2326 515 2350 omnem
541 2326 710 2358 sensum,
730 2313 794 2349 sed
815 2321 851 2349 ct
869 2313 954 2349 huic
971 2312 1083 2362 quid-

96 2372 187 2423 quid
207 2372 277 2409 sub
297 2373 375 2409 sole
396 2373 538 2422 placet,
556 2371 741 2421 quidquid
768 2372 805 2407 in
832 2371 974 2407 mundo
993 2384 1086 2407 con-

96 2432 320 2481 cupiscitur,
347 2444 422 2467 non
452 2432 590 2482 poterit
616 2432 838 2481 comparari.
862 2435 948 2467 llaec
969 2431 1086 2480 gratia

97 2490 327 2536 devotionis,
342 2499 379 2526 et
397 2491 524 2526 unctio
543 2490 683 2526 docens
703 2490 749 2526 de
764 2490 953 2535 omnibus,
973 2503 1084 2539 quam

1152 1839 1209 1874 lus
1229 1852 1305 1875 non
1327 1839 1442 1884 vidit,
1463 1843 1585 1883 Deus,
1606 1837 1748 1886 absque
1770 1845 1823 1882 te,
1845 1849 1928 1886 quae
1959 1848 2147 1885 praepara-

1154 1898 1197 1933 sti
1219 1897 1459 1947 diligentibus
1482 1905 1530 1933 te.
1554 1901 1630 1934 Pax
1648 1897 1747 1933 enim
1768 1904 1823 1932 est
1845 1909 1928 1945 quae
1948 1903 2150 1945 exsuperat

1154 1970 1304 1993 omnem
1330 1970 1503 2001 sensum,
1528 1970 1601 2006 pax
1625 1968 1739 2005 super
1760 1968 1888 2005 pacem
1903 1984 1911 2000 ,
1931 1954 2150 1990 indeficiens

1154 2017 1374 2061 exsultatio,
1411 2025 1556 2052 torrens
1590 2016 1796 2064 voluptatis
1824 2015 1986 2059 divinas,
2008 2013 2148 2050 flumen

1153 2077 1312 2121 laeffliae,
1358 2076 1534 2125 gaudium
1579 2076 1746 2125 plenum.
1793 2075 1921 2123 Cogita
1960 2072 2145 2122 quidquid

1152 2137 1226 2181 vis,
1247 2136 1431 2185 quidquid
1462 2144 1569 2185 potes
1591 2143 1748 2184 exopta3
1771 2134 1917 2170 excedit
1943 2134 2147 2182 cogitatum

1152 2209 1328 2240 omnem,
1349 2194 1577 2231 desiderium
1605 2207 1717 2230 omne
1749 2202 1951 2242 exsuperat
1979 2194 2041 2229 illa
2063 2193 2149 2228 fcli-

1152 2255 1241 2291 citas
1259 2283 1268 2300 ,
1294 2255 1480 2291 aeternitas
1512 2254 1593 2298 illa,
1620 2252 1814 2289 beatitudo
1841 2253 1914 2288 illa.
1944 2252 2000 2289 Ad
2034 2265 2147 2300 quam

1153 2328 1221 2351 nos
1254 2328 1319 2351 sua
1355 2313 1595 2351 miseratione
1627 2312 1810 2363 perducat
1844 2312 2079 2361 proeveniens
2109 2313 2146 2348 in

1150 2372 1416 2410 bencdictione
1440 2372 1668 2417 dulcedinis,
1689 2380 1725 2408 et
1750 2371 2010 2407 indeficienter
2040 2368 2149 2406 nobis

1151 2433 1300 2469 interim
1332 2432 1500 2469 tribuens
1526 2432 1750 2481 promissam
1779 2431 1945 2480 centupli
1965 2431 2121 2480 gratiam
2138 2460 2146 2476 ,

1151 2493 1196 2529 ad
1218 2493 1392 2529 solatium
1419 2493 1548 2540 utique
1567 2499 1603 2527 ct
1624 2490 1831 2527 remedium
1851 2490 1990 2527 laboris
2008 2489 2119 2538 hujus
2134 2519 2142 2534 ‚

96 2559 274 2599 expertus
299 2551 424 2596 novit,
452 2551 672 2600 inexpertus
702 2551 873 2600 ignorat,
903 2552 1082 2600 quoniam
1104 2557 1200 2590 Dnc
1234 2552 1450 2588 dcliciamus
1485 2552 1520 2587 in
1555 2551 1638 2595 via,
1675 2559 1711 2586 ct
1757 2558 1798 2585 ut
1833 2550 1878 2586 ‹le
1912 2549 2143 2585 exhibitione

97 2622 208 2646 nemo
229 2610 296 2646 scit
318 2610 387 2646 nisi
409 2611 473 2659 qui
492 2611 637 2660 accipit.

352 2743 435 2770 le.
455 2759 500 2762 —
521 2739 703 2772 Exhortatio
720 2740 830 2772 brevis.

152 2845 213 2881 71.
246 2845 397 2881 Utinam
430 2846 490 2882 hic
517 2847 680 2883 liliorum
713 2848 907 2884 hominum
940 2862 1088 2886 concu-

1152 2613 1392 2662 pt'a‘sentium
1422 2624 1619 2646 munerum
1644 2612 1747 2645 lirina
1769 2610 1813 2645 sit
1835 2609 2064 2657 exspectatio
2089 2609 2145 2644 su-

1153 2680 1344 2717 utrorum,
1380 2670 1444 2719 qui
1482 2669 1586 2705 venit
1622 2677 1662 2704 ut
1697 2669 1811 2704 vitam
1848 2667 2075 2710 habeamus,
2113 2675 2149 2701 ct

1154 2730 1405 2767 abuudantius
1433 2728 1654 2772 habeamus,
1681 2731 1788 2763 Jesus
1816 2727 1984 2764 Christus
2016 2726 2149 2762 Domi-

1156 2804 1227 2827 nus
1253 2799 1399 2835 nostcr,
1433 2789 1498 2838 qui
1531 2801 1615 2824 cum
1652 2792 1758 2824 Patre
1789 2797 1821 2823 ct
1854 2787 1992 2835 Spiritu
2020 2794 2148 2822 sumto

1155 2851 1247 2886 vivit
1274 2859 1310 2885 et
1338 2857 1468 2898 regnat
1498 2861 1566 2897 per
1591 2848 1735 2883 infinita
1756 2847 1889 2883 saecula
1910 2846 2146 2882 smculorum.

99 2905 278 2953 piscentia
310 2905 456 2955 vigilet,
478 2907 620 2943 utinam
652 2907 708 2943 vel
731 2907 926 2944 curiositas
945 2910 1086 2945 excite·
1154 2913 1286 2946 Amen.

149 3035 157 3050 ¹
174 3030 254 3061 Psal.
270 3041 357 3070 xxx,
381 3035 434 3063 20.
451 3051 495 3056 —-
518 3039 529 3054 ²
555 3036 645 3065 Rom.
663 3045 732 3071 xiv,
755 3037 805 3066 17.
826 3052 868 3056 —-
884 3032 897 3055 3
913 3038 988 3065 Luc.
1005 3047 1053 3065 xix
1069 3060 1076 3073 ‚
1094 3039 1149 3067 49,
1170 3054 1210 3057 —
1235 3034 1249 3060 ⁴1
1264 3037 1335 3076 Sap.
1354 3046 1392 3065 ιιι
1408 3059 1414 3071 ,
1432 3039 1464 3066 9.
1481 3054 1521 3057 —-
1539 3033 1552 3056 ⁵
1569 3034 1686 3066 Thi-cn.
1706 3045 1765 3069 ιιι,
1788 3037 1842 3064 ⁴25.
1922 3032 1936 3053 s'
1952 3033 2021 3063 lsai.
2042 3043 2070 3065 ι.
2094 3036 2142 3062 ¹8.

146 3093 161 3109 ⁸
180 3088 264 3120 Alias
279 3113 286 3127 ,
305 3089 491 3122 desiderare.
515 3110 554 3114 -—
577 3093 592 3113 Ι)
612 3093 696 3124 Alias
710 3094 807 3132 male,
827 3093 1004 3137 proesentis.
