2418 3949
85 227 155 264 301

85 304 226 341 tionem
237 332 246 350 ,
265 304 312 341 ad
333 303 607 354 providentiam
621 332 630 349 ,
645 302 692 340 ad
705 303 878 353 gratiam,
898 302 944 339 ad
955 300 1078 338 indul-

788 229 839 263 ΙΝ
867 226 1092 268 ΟΑΝΤΙΟΑ,
1122 225 1285 260 SERMO
1312 225 1447 259 XLIII.
2056 223 2131 260 302

1145 300 1241 344 sint,
1271 300 1511 336 continentiae
1535 307 1746 337 extenuatae
1770 299 1987 350 disciplina,
2012 300 2135 336 conti-

84 364 246 412 gentiam
257 393 266 410 ,
278 365 473 401 consilium
486 393 495 409 ,
507 363 750 413 cogitationes
761 363 828 399 Dei
840 361 1073 412 generaliter,
1093 363 1125 397 A
1141 358 1330 395 nuationis
1348 360 1627 407 perseverantia
1651 368 1836 409 protentae
1852 374 1861 404 ;
1885 360 2134 397 exsultatione

84 435 169 472 quae
191 437 265 460 una
292 423 573 472 significationis
602 422 864 472 complectitur
891 421 1010 464 ratio,
1038 428 1076 456 et

85 482 192 530 quasi
209 481 254 517 ad
273 494 384 518 unam
404 481 612 531 pertinent,
632 494 702 530 pro
720 493 796 516 uno
822 479 997 516 cincinno
1013 477 1074 513 in-

85 547 290 588 terpretare
311 555 318 576 :
341 553 423 589 quae
447 539 492 575 ad
509 539 618 575 aliam
632 567 641 584 ,
661 552 732 588 pro
752 538 824 574 alio
853 536 975 574 crede.
1006 539 1073 571 In-

87 598 246 635 visibilia
262 604 388 648 ipsius,
408 600 459 635 ait
478 600 696 648 Apostolus,
713 611 785 646 per
802 611 848 633 ea
866 610 953 645 qicoe
965 595 1074 644 sacta

85 667 185 701 sum,
218 661 404 694 intellecta
422 662 718 706 conspiciuntur,-
735 660 961 704 sempiterna
981 668 1072 702 quo—

84 729 153 764 que
176 721 255 762 esus
275 719 487 752 divinitas&
519 717 586 752 Illa
614 715 751 765 plurali
779 715 957 765 protulit,
977 714 1073 750 hanc

85 776 259 825 singulari
286 776 490 812 intellectu.
513 778 617 811 Hanc
636 787 726 823 ergo
759 775 862 810 velut
881 781 992 823 caput
1011 785 1074 809 ac-

83 834 166 883 cipe
184 848 192 870 :
214 834 279 870 illa
308 834 412 870 velut
433 833 638 869 cincinnos.
663 836 755 869 Nam
776 832 953 868 divinitas
977 831 1015 867 in
1035 843 1073 867 se

83 904 155 928 una
175 900 212 928 et
240 892 399 942 simplex
421 901 499 938 est3
529 891 734 928 secundum
755 891 928 927 affectum
951 898 1074 926 autem

83 949 120 986 in
145 949 341 999 subjectis,
371 959 407 987 et
433 950 595 1000 effigiem
616 949 891 999 particulariter
912 949 1074 999 impres-

84 1021 162 1045 sam
190 1008 386 1057 subjectis,
417 1009 530 1045 variae
550 1007 831 1057 significationis
850 1007 984 1055 recipit
1002 1019 1071 1042 nu—

1140 419 1294 468 spiritus
1323 418 1504 467 pingues,
1541 432 1588 455 ne
1617 419 1663 455 ad
1703 418 1893 455 modicum
1933 417 2134 455 tenebroso

1140 485 1176 513 et
1195 477 1319 526 gelido
1346 477 1495 513 malitiae
1522 485 1560 513 et
1586 478 1763 526 nequitiae
1791 489 1876 513 rore
1899 477 2134 523 inficiantur,

1140 550 1251 586 quem
1282 537 1458 586 princeps
1481 537 1576 572 aeris
1608 535 1719 584 hujus
1750 537 1884 572 leniter
1910 544 1947 571 et
1978 537 2138 574 latenter

1139 596 1316 645 aspergit.
1346 599 1443 633 Cave
1468 595 1615 631 fallaces
1637 595 1856 631 infectiones
1876 594 1978 643 ejus,
2007 596 2137 644 sponsi

1140 655 1193 691 tui
1213 654 1318 690 illum
1342 654 1531 690 coelestem
1557 666 1595 689 se
1621 654 1802 689 mentitur
1834 652 1971 689 habere
1999 667 2135 691 rorem.

1139 713 1279 751 Claude
1295 712 1349 748 illi
1367 726 1374 747 :
1392 720 1429 748 et
1445 712 1474 748 si
1491 711 1611 757 dicat,
1631 712 1748 760 Aperi
1771 712 1882 756 mihi,
1904 725 2013 748 soror
2029 726 2135 762 mea;

1137 771 1279 807 nullam
1302 769 1369 806 tibi
1386 783 1471 806 cum
1491 782 1537 805 eo
1555 770 1817 818 cognationem
1839 783 1917 806 esse
1937 772 2136 820 responde.

1139 833 1231 878 Quae
1244 829 1298 865 illi
1316 837 1473 878 cognata
1491 837 1566 874 est,
1584 829 1824 865 immaculata
1842 842 1919 864 non
1935 838 2002 865 est.
2021 834 2139 867 Prava

1141 889 1315 938 cognatio
1332 918 1341 935 ,
1379 901 1491 937 quam
1536 888 1709 936 contagio
1748 888 1929 936 sequitur.
1971 889 2139 927 Christus

1141 961 1254 998 quam
1284 960 1454 985 sororem
1483 946 1597 993 dicit,
1631 947 1908 983 immaculatam
1935 947 2138 998 subjungit.

1136 1009 1317 1044 Ausculta
1333 1007 1486 1057 quando
1503 1007 1627 1043 dicere
1644 1007 1766 1057 possis
1786 1022 1794 1043 :
1814 1008 1850 1039 V
1846 1021 1897 1043 ox
1916 1009 2041 1044 dilecti
2053 1012 2139 1056 pul-

83 1079 240 1103 merum.
262 1067 352 1104 Ideo
377 1067 585 1104 essentialia
616 1066 770 1102 nomina
797 1073 929 1100 mutuo
959 1063 1005 1100 de
1031 1077 1070 1100 se
1087 1070 1114 1104 B
1135 1072 1264 1103 sanus.
1287 1067 1416 1103 Hostis
1439 1066 1564 1116 primo
1585 1079 1762 1116 aggressu
1780 1065 1907 1102 timide
1929 1066 2003 1114 agit
2026 1081 2033 1102 :
2061 1075 2139 1103 ten-

84 1126 159 1163 dici
175 1134 351 1176 possunt,
368 1139 444 1162 non
463 1126 514 1163 sic
531 1133 653 1162 autem
670 1124 920 1161 denominata.
941 1126 1074 1159 Essen-

85 1187 135 1222 tia
158 1187 225 1223 Dei
246 1186 398 1223 scientia
421 1185 501 1235 ejus
522 1194 597 1230 est,
620 1197 704 1221 cum
726 1183 984 1221 conversionis
1005 1195 1074 1218 ve-

83 1245 212 1290 ritate,
227 1253 265 1282 et
277 1245 492 1282 substantiae
505 1244 719 1281 identitate:
737 1256 811 1279 non
830 1251 968 1287 tamen,
987 1255 1073 1278 cum

83 1317 213 1341 verum
245 1313 300 1342 est
325 1309 445 1342 Deum
467 1318 576 1341 nosse
605 1303 768 1353 aliquid,
804 1311 842 1338 et
873 1310 1075 1351 sequenter

82 1377 213 1401 verum
241 1366 312 1402 erit
338 1365 444 1402 illum
473 1365 510 1401 id
530 1377 621 1402 esse.
649 1365 707 1402 Sic
736 1371 773 1400 et
800 1364 969 1412 potentia
989 1375 1074 1398 cum

82 1424 276 1461 voluntate
299 1425 336 1461 in
368 1429 449 1461 Deo
475 1437 591 1460 unum
627 1423 802 1471 idemque
831 1421 1076 1458 essentialiter

84 1492 140 1520 est
158 1499 166 1520 :
183 1484 424 1522 denominata
444 1497 532 1520 vero
549 1483 595 1519 ab
613 1483 671 1519 his
688 1495 764 1518 non
785 1494 822 1518 se
839 1489 968 1517 mutuo
986 1489 1078 1516 co'n-

85 1552 307 1592 sequuntur.
327 1544 663 1580 Denominationes
685 1543 784 1578 enim
803 1542 878 1578 istae
899 1554 982 1577 cum
1006 1541 1076 1576 ali-

85 1615 196 1651 quem
227 1603 324 1639 circa
355 1611 543 1639 creaturas
570 1602 744 1638 effectum
767 1600 983 1644 continent,
1010 1613 1075 1635 co-

85 1669 233 1709 gnatam
265 1661 311 1697 ab
344 1662 416 1698 illis
446 1660 722 1698 multitudinem
757 1660 936 1704 trahunt,
970 1667 1006 1695 ct
1037 1671 1075 1695 se

86 1729 278 1768 nequeunt
294 1721 476 1756 comitari.
501 1720 596 1756 Mira
623 1719 815 1763 identitas,
845 1727 882 1754 ct
901 1719 993 1754 mira
1015 1717 1075 1753 di-

84 1779 239 1816 versitas
261 1794 268 1816 :
291 1788 448 1828 utraque
465 1777 736 1828 inexplicabilis
751 1807 760 1823 ,
781 1786 939 1826 utraque
955 1777 1078 1813 admi-

1140 1127 1251 1163 tantis
1286 1126 1401 1162 modo
1431 1126 1663 1175 deprehendi
1699 1127 1856 1170 timens,
1878 1126 2025 1175 palpat,
2061 1140 2138 1164 non

1138 1185 1274 1234 pulsat.
1284 1185 1459 1239 'Dilectus
1477 1193 1562 1221 tuus
1578 1185 1815 1221 innotescere
1841 1185 1992 1229 volens,
2015 1186 2138 1234 pulsat

1137 1243 1320 1280 audenter
1345 1248 1354 1281 i
1379 1248 1496 1292 Aperi
1525 1244 1633 1289 mihi,
1653 1249 1743 1292 quia
1767 1253 1883 1291 c'almt
1911 1258 2052 1290 meum,
2075 1246 2136 1280 in-

1139 1303 1247 1353 quit,
1274 1307 1427 1352 plenum
1452 1313 1505 1340 est
1535 1317 1635 1347 rore,
1669 1312 1704 1339 el
1731 1308 1894 1338 cincinni
1926 1309 1997 1338 mei
2025 1310 2139 1352 gutte's

1141 1368 1316 1400 noctium.
1342 1367 1396 1401 Ac
1426 1364 1456 1399 si
1488 1363 1587 1399 dicat
1610 1377 1618 1399 :
1650 1363 1767 1412 Aperi
1795 1362 1912 1407 mihi,
1940 1363 2028 1411 quia
2056 1377 2141 1400 rore

1143 1422 1271 1471 gratiae
1297 1423 1458 1459 refertus
1481 1421 1632 1458 illabor.
1663 1421 1779 1470 Aperi
1810 1421 1917 1468 milii,
1947 1430 2072 1471 aptam
2106 1431 2141 1458 tc

1144 1493 1315 1530 praepara
1338 1490 1447 1518 tantae
1469 1481 1692 1531 praesentiae.

1197 1541 1230 1577 5.
1248 1544 1352 1577 Tunc
1368 1541 1449 1577 illa:
1467 1543 1569 1577 Exui
1581 1553 1639 1576 mc
1655 1544 1793 1584 tunica,
1809 1542 1991 1588 quomodo
2007 1543 2143 1577 induar

1140 1602 1238 1634 illa?
1258 1603 1352 1635 Lavi
1364 1602 1482 1648 pedes
1503 1614 1611 1643 meos,
1631 1601 1816 1648 quomodo
1837 1600 2039 1648 inquinabo
2057 1605 2143 1637 eos?

1141 1660 1195 1694 Tu
1213 1659 1304 1695 dicis
1318 1688 1327 1705 ‚
1346 1659 1462 1709 Aperi
1481 1659 1572 1695 mihi
1595 1673 1602 1695 ι
1619 1672 1704 1695 ecce
1724 1659 1875 1708 aperui,
1893 1667 2022 1708 parata
2038 1672 2141 1705 sum,

1142 1717 1205 1753 scd
1221 1718 1435 1754 domesticis
1451 1717 1594 1754 turbari
1611 1718 1738 1754 denuo
1753 1718 1854 1754 curis
1868 1719 2028 1767 refugio.
2046 1719 2142 1755 Nolo

1144 1789 1257 1825 quam
1291 1777 1406 1813 semel
1436 1777 1549 1822 exui,
1589 1777 1738 1813 reindui
1769 1777 1906 1813 tunica.
1941 1778 2143 1825 Quomodo

85 1837 240 1875 rationis
275 1847 331 1875 est
362 1839 499 1888 plena,
537 1837 754 1874 devotionis
785 1845 822 1872 et
857 1836 1076 1872 reverentiae
1096 1837 1123 1871 C
1142 1835 1278 1872 induar
1300 1838 1369 1872 ea?
1400 1835 1627 1883 Quomodo?
1657 1836 1770 1872 Nullo
1801 1835 1928 1872 modo.
1961 1839 2044 1873 Non
2077 1850 2141 1873 ac-

87 1897 355 1933 occultissimas
371 1905 407 1933 et
428 1897 702 1933 efficacissimas
724 1908 853 1931 causas
869 1895 1080 1931 continens·

137 1956 173 1992 4.
195 1955 361 2000 Accede,
377 1969 540 2005 sponsa,
562 1955 607 1990 ad
637 1955 710 1990 hoc
730 1963 842 2003 eaput
863 1953 1013 1999 dilecti,
1035 1954 1081 1990 ad

86 2016 282 2051 cincinnos
303 2015 385 2062 ejus
408 2030 415 2050 :
441 2015 581 2062 stringe
611 2022 782 2049 rorantes
802 2013 947 2057 crines;
983 2013 1082 2048 mul-

88 2083 165 2110 tum
184 2074 271 2110 inde
297 2074 502 2110 dulcissimi
531 2073 687 2122 liquoris
706 2073 842 2108 elicies.
863 2072 967 2109 Pleni
995 2080 1083 2108 sunt

86 2133 200 2181 guttis
220 2133 359 2177 noctis,
377 2133 490 2181 guttis
511 2133 691 2177 occultis,
721 2133 833 2180 guttis
854 2145 930 2167 non
952 2132 1080 2181 ignota

87 2192 284 2228 dulcedine
319 2191 636 2241 refrigerantibus.
669 2193 750 2227 Erit
780 2191 933 2240 quando
965 2200 1080 2239 gnttae

87 2252 178 2287 tales
198 2264 384 2300 expressae
405 2250 640 2299 frequentius
654 2249 789 2297 integri
808 2249 973 2285 fluminis
993 2250 1078 2285 effl-

86 2310 186 2346 cient
207 2311 402 2359 impetum.
421 2313 549 2347 Bonus
577 2309 726 2358 quidem
740 2337 749 2354 ‚
771 2309 836 2357 qui
854 2309 1079 2345 desiderium

86 2370 275 2405 aestuantis
309 2370 447 2406 amoris
492 2369 696 2417 refrigerat.
737 2368 822 2404 Sive
856 2366 1081 2417 supradictis

87 2428 206 2464 modis
236 2437 348 2478 caput
382 2429 652 2477 cincinnosque
687 2427 898 2475 intelligas,
933 2427 1010 2463 sive
1041 2426 1079 2462 in

86 2487 208 2536 capite
238 2487 336 2524 illam
369 2488 515 2524 deitatis
539 2487 677 2523 nudam
709 2487 880 2522 notitiam
912 2498 995 2535 quae
1025 2495 1080 2523 est

89 2546 180 2582 facie
200 2546 246 2582 ad
264 2547 392 2583 faciem
406 2576 415 2592 ‚
436 2547 629 2583 cincinnos
649 2554 772 2582 autem
788 2546 887 2581 illam
911 2558 996 2593 quae
1012 2559 1081 2595 per

1149 1895 1322 1944 quiesco,
1345 1908 1421 1931 non
1455 1908 1608 1945 possum
1645 1908 1722 1931 non
1748 1908 1844 1944 aegre
1876 1896 2143 1934 reinduitionis

1147 1954 1305 1991 verbum
1327 1954 1468 1991 audire.
1486 1958 1647 1991 Laneam
1671 1955 1758 1992 exui
1773 1956 1907 1992 vestita
1927 1955 2140 1994 subtilibus.

1148 2014 1244 2050 ‘Novi
1261 2028 1372 2063 quam
1392 2014 1590 2052 laboriosae
1603 2016 1677 2052 sint
1694 2024 1818 2066 partes
1833 2017 2006 2062 Marthae,
2029 2031 2142 2066 quam

1147 2086 1305 2110 onerosa
1327 2082 1459 2124 operta
1486 2075 1532 2111 sit
1553 2075 1680 2111 tunica
1701 2090 1708 2111 ε
1730 2076 1923 2124 quomodo
1955 2076 2052 2112 circa
2076 2076 2144 2112 fre-

1147 2146 1267 2182 quens
1307 2134 1555 2171 discurrendo
1601 2135 1848 2171 ministerium
1873 2164 1882 2181 ,
1926 2136 2145 2184 inquinatos

1145 2200 1295 2240 oportet
1315 2193 1414 2229 illam
1436 2193 1638 2229 affectuum
1658 2194 1774 2243 pedes
1798 2193 1938 2230 habere
1954 2222 1963 2239 ‚
1989 2203 2026 2230 ct
2052 2207 2145 2244 ope-

1144 2263 1227 2286 rum
1246 2264 1408 2300 gressus.
1428 2255 1511 2288 Non
1532 2265 1685 2301 possum
1701 2253 1748 2289 de
1766 2254 1882 2289 Maria
1898 2254 1935 2289 in
1959 2254 2145 2289 Martham

1145 2309 1383 2359 degenerare.
1413 2312 1605 2360 Optimam
1636 2321 1782 2362 partem
1818 2313 1938 2361 elegi,
1968 2321 2141 2362 apertum

1144 2377 1182 2404 et
1201 2378 1373 2418 paratum
1391 2370 1540 2407 efficere
1563 2384 1628 2407 cor
1648 2384 1772 2408 meum
1795 2371 1840 2408 ad
1862 2371 2066 2408 adventum
2089 2373 2141 2408 di-

1146 2428 1246 2464 lecti.
1275 2433 1358 2466 Non
1389 2429 1540 2466 videtur
1567 2430 1605 2466 in
1632 2431 1804 2480 partibus
1830 2431 1985 2468 Marthae
2015 2445 2146 2481 passus

1146 2488 1358 2534 molestias,
1381 2489 1445 2538 qui
1469 2490 1581 2526 semel
1612 2489 1805 2527 absolutus
1834 2491 1880 2527 ad
1901 2491 1982 2527 illas
2008 2491 2144 2527 iterum

1148 2548 1289 2583 reverti
1317 2548 1476 2585 festinat.
1498 2550 1604 2586 Nuda
1626 2549 1673 2586 ab
1698 2551 1801 2586 omni
1823 2551 1977 2586 materia
1996 2551 2145 2595 mundi,

89 2605 282 2654 speculum
322 2606 362 2641 fit
392 2614 427 2642 et
462 2606 498 2641 in
533 2606 744 2641 velamento
777 2605 1006 2654 aenigmatis,
1042 2605 1079 2641 in
1100 2610 1184 2644 Dct
1209 2607 1288 2643 sine
1308 2608 1580 2657 impedimento
1601 2610 1816 2655 velaminis,
1838 2609 1954 2646 libera
1978 2621 2013 2646 et
2039 2611 2146 2658 quasi

92 2671 253 2711 utroque
269 2663 451 2712 refrigerii
475 2662 627 2699 uberem
647 2676 769 2698 rorem
794 2663 969 2712 reperies.
992 2663 1083 2700 Ideo

93 2721 187 2758 forte
221 2722 332 2771 capiti
366 2735 428 2758 ros
458 2722 679 2771 simpliciter
700 2721 934 2770 assignatur,
970 2730 1083 2770 guttae

91 2794 181 2817 vero
195 2794 278 2817 cum
296 2781 506 2830 adjectione
526 2781 644 2817 noctis
663 2781 848 2817 cincinnis
869 2780 1084 2817 attribuun-

93 2849 173 2885 tur,
193 2841 294 2889 quod
325 2841 402 2877 haec
424 2841 519 2877 visio
551 2854 632 2889 quae
660 2853 728 2889 per
757 2840 948 2889 speculum
979 2842 1018 2876 lit
1047 2849 1083 2876 et

93 2900 268 2948 aenigma,
296 2909 490 2936 nocturnae
517 2899 693 2948 quiddam
723 2898 835 2934 habet
863 2900 1052 2947 qualitatis
1071 2927 1080 2944 ,

94 2959 218 2995 minus
248 2959 418 3006 fulgens,
451 2966 487 2994 et
520 2959 642 2994 minus
677 2957 835 2994 fervens.
866 2959 1081 3002 Aimulme,

95 3026 222 3054 sancta
252 3018 400 3063 anima,
428 3031 625 3067 sponsum,
649 3025 760 3066 caput
786 3025 823 3053 et
857 3017 980 3066 capilli
1012 3017 1082 3053 ‹le-

94 3077 255 3112 votionis
284 3089 368 3113 rore
396 3077 609 3113 madescant
635 3090 641 3112 :
675 3085 808 3125 eaput,
839 3076 1083 3122 intentionis;

95 3135 280 3181 cincinni,
313 3137 559 3185 cogitationis.
586 3136 643 3173 Ad
672 3135 825 3171 modum
858 3134 1086 3171 madentium

95 3194 314 3243 capillorum
335 3195 468 3232 strictae
496 3195 591 3240 sint,
621 3203 780 3231 extentae
804 3194 901 3240 sint,
933 3194 1088 3243 pingues

148 3325 154 3339 ¹
175 3322 262 3350 Rom.
287 3331 315 3358 ι,
339 3326 390 3352 21).

1150 2666 1314 2702 revelata
1348 2667 1438 2703 facie
1470 2668 1625 2716 gloriam
1659 2669 1958 2718 contemplatura
1994 2668 2144 2714 dilecti,

1148 2738 1296 2773 surgam
1321 2733 1362 2761 ut
1380 2727 1544 2774 aperiam
1569 2727 1791 2762 ei.vi21}1aec
1810 2728 1867 2762 via
1883 2727 2041 2776 pulchra
2061 2736 2116 2763 est
2135 2742 2142 2763 :

1150 2797 1225 2819 non
1246 2792 1370 2833 potest
1388 2798 1455 2834 per
1470 2798 1549 2820 eam
1575 2798 1642 2834 pes
1664 2786 1832 2834 pollutus
1852 2786 2047 2831 incedere,
2078 2800 2147 2822 nec

1150 2842 1267 2891 pollui
1290 2842 1327 2878 in
1345 2855 1399 2878 ca.
1433 2844 1560 2879 Brevis
1591 2844 1648 2879 xia
1671 2859 1678 2879 ε
1707 2857 1792 2880 nam
1817 2844 1974 2880 dilectus
2005 2853 2075 2881 stat
2101 2845 2147 2881 ad

1149 2901 1286 2937 ostium
1314 2901 1526 2938 vociferans
1547 2911 1582 2938 et
1612 2903 1782 2952 pulsans,
1803 2905 1908 2952 quasi
1930 2917 2044 2940 morae
2073 2905 2146 2940 im-

1149 2961 1307 3009 patiens.
1335 2960 1458 2995 Pulsat
1475 2961 1520 2996 ad
1544 2963 1705 3006 ostium,
1728 2963 1901 3011 explorat
1930 2963 2052 2999 aditus
2069 2991 2078 3009 ,
2111 2973 2148 2999 et

1151 3019 1343 3055 ardentius
1377 3019 1536 3067 diligens
1567 3030 1834 3070 properantem
1863 3022 2045 3071 prmvenit
2073 3035 2144 3057 me.

1204 3081 1239 3114 (i.
1266 3080 1422 3112 Manum
1449 3093 1551 3114 sunm
1582 3083 1680 3115 misi!
1709 3095 1780 3128 per
1799 3079 1975 3127 juramen
1992 3109 2000 3123 ,
2035 3090 2070 3115 c!
2097 3083 2149 3115 ad

1152 3145 1291 3171 uectum
1317 3139 1393 3181 rjus
1419 3148 1549 3173 vcrilcr
1580 3153 1680 3174 meus
1712 3146 1911 3176 intremuit.
1945 3139 2042 3186 Quid
2078 3138 2147 3175 sibi

1155 3196 1235 3231 vult
1247 3195 1316 3231 lioc
1331 3196 1412 3233 loco
1427 3197 1529 3245 quod
1545 3211 1701 3248 sponsa,
1715 3212 1799 3247 quat
1815 3200 1995 3235 clauserat
2008 3197 2145 3233 ostium
