2418 3949
199 94 273 131 577

849 100 947 135 COM
953 101 986 134 M
993 100 1198 135 ENTATIO
1227 100 1294 134 EX
1322 101 1481 135 BERNA
1488 103 1599 137 RDO.

2171 106 2246 141 „378

197 173 293 208 sicut
311 170 428 208 Jacob
447 171 592 208 afficior
607 181 701 210 aestu
723 186 792 223 per
818 173 938 220 diem,
969 182 1007 211 et
1032 188 1100 224 per
1120 173 1362 223 no-²⁷⁴gibus
1395 175 1606 212 errantibus
1638 177 1758 223 vadit,
1791 178 1855 215 sed
1878 187 1963 228 post
1983 192 2134 229 grege33
2157 182 2245 230 quia

195 239 292 268 ctem
318 232 426 280 gelu,
455 244 533 268 non
559 241 614 269 est
636 233 771 270 mirum
806 233 837 270 si
865 233 1096 271 decoloravit
1126 238 1233 271 meA
1253 233 1311 270 his
1341 233 1518 271 omnibus
1553 235 1718 272 deterior
1747 237 1950 275 invenitur.
1982 239 2053 276 Sed
2083 252 2159 276 non
2190 249 2246 277 est

195 291 263 327 sol.
296 291 367 329 Sed
399 305 482 328 cum
519 300 643 329 custos
670 293 790 342 posita
818 293 855 329 in
886 293 1030 338 vineis,
1059 291 1190 330 laboro

195 351 233 387 in
255 351 397 396 alienis,
424 357 575 388 vineam
593 366 714 389 meam
732 367 804 388 non
826 355 1014 389 custodivi.
1036 352 1190 390 Custodi

197 423 277 446 eam
292 439 301 455 ,
321 419 359 446 tu
380 411 444 460 qui
461 411 624 448 custodis
650 413 783 456 Israel,
806 419 964 461 propter
989 425 1100 461 quem
1119 424 1189 448 ne-

197 469 294 517 glexi
315 482 417 516 eam,
451 479 607 519 propter
637 484 749 520 quem
783 471 995 507 decolorata
1020 484 1115 507 sum.
1145 474 1191 507 Et

197 537 239 564 ut
255 529 367 565 sciam
382 530 473 578 quid
490 530 645 566 debeam
661 531 781 567 vineae
800 543 891 567 meae
902 559 912 575 ,
931 530 1021 579 quid
1037 530 1187 575 alienae,

196 590 330 624 Indica
365 590 481 632 mihi,
514 603 534 624 o
567 603 672 637 quem
701 592 826 639 diligit
850 594 980 625 anima
1010 603 1118 634 mea,
1151 594 1187 625 in

196 651 374 693 meridie,
408 649 446 684 id
475 657 531 685 est
559 649 596 684 in
630 649 778 685 fervore
808 650 956 685 malitiae
991 657 1121 694 tantae,
1150 649 1188 685 in

194 719 271 755 quo
290 708 402 743 etiam
424 708 489 743 filii
510 708 638 744 matris
656 721 748 744 meae
768 717 1035 758 pugnaverunt
1059 716 1190 744 contra

194 779 276 812 me,
304 766 369 802 ubi
398 765 531 802 cubem
561 767 794 803 intendendo
823 768 934 812 mihi,
954 766 1018 803 ubi
1039 780 1189 816 pascam

195 826 414 862 commissos
446 826 550 862 mihi.
581 826 691 874 Quod
721 835 845 863 autem
876 827 987 873 dicit,
1018 827 1090 863 hoc
1119 835 1186 864 est.

196 887 327 921 Indica
351 886 463 930 milei,
486 885 551 922 ubi
579 885 738 922 cubante
766 899 843 931 me,
878 885 993 922 cubas
1020 899 1188 932 mecum,

195 952 232 980 et
256 953 432 994 pascente
457 958 516 981 me
536 945 656 995 pascis
683 958 852 990 mecum,
875 953 916 980 ut
937 945 1029 981 nihil
1055 954 1186 982 contra

195 1015 274 1048 me,
302 1004 361 1040 vel
391 1004 470 1041 sine
491 1013 548 1049 te,
583 1004 648 1040 sed
672 1005 799 1040 omnia
821 1004 950 1040 faciam
974 1013 1118 1050 tecum,
1148 1014 1185 1041 et

194 1070 233 1098 tu
263 1076 422 1100 mecum.
458 1068 539 1103 Hoc
566 1072 622 1100 est
647 1064 761 1113 igitur
788 1063 891 1112 quod
925 1072 1113 1113 precatur,
1142 1072 1185 1100 ut

192 1121 285 1158 sciat
315 1122 406 1171 quid
438 1131 475 1159 et
509 1122 660 1171 quando
701 1121 794 1167 sibi,
830 1122 922 1172 quid
960 1131 998 1159 et
1029 1123 1184 1172 quando

193 1179 273 1216 aliis
300 1180 446 1217 debeat.
475 1182 595 1218 Aliter
622 1197 630 1217 :
662 1181 838 1219 meridies
863 1190 919 1218 est
949 1183 1076 1219 fervor
1106 1196 1186 1219 ma—

193 1238 302 1285 litiae,
344 1239 571 1278 daemonium
616 1241 888 1288 meridianum,
929 1243 1081 1291 qnando
1118 1256 1186 1279 an-

192 1298 297 1347 gelus
321 1308 458 1337 satanae
483 1302 721 1350 transfigurat
748 1314 786 1337 se
814 1302 852 1337 in
880 1303 1053 1351 angelum
1078 1303 1183 1340 lucis.

191 1361 232 1394 In
255 1371 367 1407 quem
388 1372 435 1396 ne
461 1361 643 1407 incidam,
676 1363 808 1398 Indica
839 1361 930 1396 milei
956 1362 1017 1397 ubi
1038 1366 1184 1409 pascis,

191 1417 252 1453 ubi
285 1418 396 1454 cubas
425 1424 461 1455 in
490 1424 645 1456 meridie
662 1427 682 1456 ¹.
714 1421 834 1458 Aliter
866 1435 873 1456 ε
903 1424 1073 1468 Quatuor
1099 1429 1187 1457 sunt

192 1476 289 1523 dies,
321 1478 400 1514 duo
426 1478 539 1525 boni,
569 1489 606 1517 et
634 1480 710 1517 duo
735 1481 842 1526 mali,
876 1480 922 1516 de
942 1479 1081 1529 quibus
1098 1480 1187 1517 dicit

193 1538 361 1575 Psalmus
381 1553 387 1574 :
412 1541 581 1588 Vespere,
600 1550 637 1576 et
653 1555 785 1585 mane,
805 1551 841 1577 et
861 1543 1014 1576 meridie
1029 1541 1188 1577 narrabo

193 1606 229 1632 et
256 1599 527 1636 annuntiabm.
560 1601 707 1638 Primus
739 1601 817 1637 dies
850 1600 981 1649 incipit
1012 1613 1030 1636 a
1060 1614 1186 1647 mane,

192 1663 229 1691 et
251 1655 387 1694 desinit
417 1659 454 1694 in
482 1672 677 1709 vesperam
709 1660 829 1696 noctis
858 1667 894 1695 et
919 1660 1048 1696 mortis
1076 1668 1184 1696 aeter-

1254 292 1579 341 praetereundum,
1609 294 1710 342 quod
1731 308 1822 344 grex
1839 297 1993 334 Domini
2022 297 2141 334 tribus
2161 312 2246 335 mo-

1255 351 1312 387 dis
1343 352 1508 400 pascitur
1539 365 1559 388 a
1593 354 1824 401 pastoribus;
1872 358 2070 407 exemplo,
2105 358 2242 403 verbo,

1255 410 1438 447 oratione.
1486 413 1690 461 Exemplo,
1734 422 1865 450 contra
1901 418 2244 466 concupiscentiam

1255 469 1402 514 earnis;
1439 469 1582 516 verbo,
1617 481 1749 508 contra
1778 475 2119 523 concupiscentiam
2148 492 2244 515 ocu-

1256 528 1403 574 lorum;
1437 530 1630 575 oratione,
1664 540 1796 568 contra
1823 532 2064 572 ambitionem
2104 539 2241 574 saeculi.

1254 589 1294 623 Si
1314 592 1463 636 ignoras
1483 598 1540 632 le,
1572 603 1592 622 0
1616 592 1776 636 pulchra
1797 595 1892 626 inter
1919 598 2101 631 neulieres.
2132 600 2246 644 Quae—

1254 646 1361 682 rebat
1390 660 1526 696 sponsa
1561 661 1742 697 sponsum
1773 650 1812 684 in
1844 651 2020 698 meridie,
2056 654 2094 690 id
2127 664 2182 692 est
2209 657 2246 693 in

1255 706 1450 742 manifesta
1483 707 1564 743 luce
1600 708 1785 753 veritatis,
1817 710 1956 746 scilicet
1998 724 2043 747 ne
2078 714 2110 748 ei
2145 715 2247 752 aliud

1256 773 1471 802 occurreret
1507 779 1577 814 pro
1612 767 1685 802 alio
1721 781 1727 802 :
1769 768 1961 816 quaerebat
1992 770 2055 806 ubi
2093 773 2248 810 cubaret

1255 825 1294 861 in
1314 825 1488 870 meridie,
1509 825 1546 861 id
1574 834 1629 862 est
1649 826 1686 862 in
1707 840 1781 875 qna
1811 828 2007 865 affectione
2033 832 2247 869 meridianae

1255 884 1515 933 perfectionis,
1544 893 1586 920 ut
1610 885 1756 922 videret
1782 900 1866 935 quie
1892 889 2043 936 quando
2078 891 2248 940 eligenda

1253 952 1351 980 esset
1378 944 1547 990 affectiO,
1580 944 1645 981 ubi
1680 959 1841 995 sponsus
1871 961 1955 984 eum
1992 962 2034 985 ea
2071 950 2247 998 cubaret,

1251 1012 1288 1040 et
1308 1005 1390 1054 ipsa
1407 1018 1491 1041 cum
1510 1017 1660 1054 sponso.
1680 1006 1892 1055 Respondit
1911 1008 2036 1056 itaque
2057 1022 2217 1058 sponsus
2238 1025 2245 1046 :

1252 1065 1282 1100 Ο
1307 1063 1464 1112 pulchra
1486 1063 1584 1099 inter
1601 1064 1792 1109 mulieres,
1813 1065 1953 1101 scilicet
1974 1067 2072 1102 inter
2092 1070 2247 1105 Mariam

1251 1129 1288 1157 et
1302 1122 1485 1158 Martham
1499 1151 1508 1168 ,
1525 1122 1613 1171 quia
1630 1123 1718 1159 nolo
1736 1130 1778 1159 ut
1794 1124 1947 1160 alteram
1964 1124 2009 1161 de
2027 1126 2106 1162 istis
2121 1128 2247 1176 eligas,

1251 1180 1315 1217 sed
1346 1190 1543 1231 utramque
1573 1190 1723 1227 teneas,
1750 1184 2079 1232 contemplativam
2110 1188 2251 1224 scilicet

1252 1240 1365 1276 vitam
1386 1250 1423 1277 et
1448 1242 1627 1287 activam,
1647 1255 1669 1277 o
1694 1243 1852 1292 pulchra
1881 1243 1978 1279 inter
1999 1245 2194 1292 mulieres,
2220 1249 2250 1284 si

1252 1300 1308 1336 vis
1332 1313 1442 1348 nosse
1460 1314 1517 1337 me
1531 1329 1540 1347 ,
1562 1302 1638 1337 noli
1659 1301 1833 1350 ignorare
1852 1310 1899 1338 te.
1921 1306 2002 1339 Hoc
2017 1313 2072 1340 est
2092 1318 2252 1355 respon-

1253 1373 1333 1396 sum
1352 1361 1524 1410 Delphici
1545 1362 1732 1410 Apollinis
1753 1375 1760 1396 :
1785 1362 1911 1398 «Scito
1931 1371 1964 1399 te
1984 1363 2120 1413 ipsum.
2137 1384 2150 1397 υ
2167 1370 2251 1404 Duo

1253 1427 1340 1456 sunt
1367 1432 1450 1468 quae
1480 1433 1549 1456 nos
1574 1421 1714 1456 faciunt
1738 1421 1911 1469 ignorare
1934 1435 2002 1458 nos
2033 1423 2159 1472 ipsos,
2192 1428 2250 1463 vel

1253 1479 1366 1515 nimia
1394 1479 1440 1515 de
1466 1479 1576 1516 nobis
1606 1480 1815 1525 temeritas,
1845 1481 1904 1517 vel
1931 1481 2045 1518 nimia
2073 1484 2251 1522 humilia-

1256 1538 1366 1573 tionis
1396 1538 1586 1574 timiditas.
1613 1539 1826 1575 Secundum
1854 1540 1932 1576 hzec
1953 1540 2029 1577 duo
2055 1545 2251 1593 respondit

1255 1610 1417 1646 sponsus
1449 1611 1621 1647 sponsae,
1650 1599 1708 1635 vel
1745 1599 1790 1635 de
1822 1601 2030 1637 temeritate
2068 1614 2249 1641 revocans

1254 1669 1334 1692 eam
1357 1656 1402 1692 ad
1424 1657 1694 1702 humilitatem,
1714 1671 1782 1707 per
1797 1659 2064 1708 experientiam
2083 1663 2139 1698 sui
2162 1677 2168 1698 :
2190 1665 2248 1700 vel

192 1728 269 1761 nae,
297 1718 361 1766 qui
391 1726 446 1755 est
479 1720 633 1768 angelus
664 1720 795 1756 malus.
830 1719 1025 1757 Secundus
1055 1719 1186 1769 incipit
1207 1722 1232 1758 C
1253 1715 1299 1752 (ie
1328 1716 1522 1753 timiditate
1550 1716 1595 1753 ad
1623 1717 1911 1763 confidentiam,
1935 1732 1980 1755 ex
2008 1723 2249 1771 perceptione

191 1788 211 1812 a
240 1789 348 1813 mane
374 1778 623 1824 conditionis,
656 1788 693 1816 et
719 1779 890 1829 procedit
920 1779 957 1815 in
991 1779 1182 1816 meridiem

190 1844 227 1871 et
257 1836 443 1874 fervorem
473 1838 735 1887 perfectiouiS,
770 1851 839 1874 nec
867 1837 956 1874 inde
984 1846 1185 1874 moventur

190 1895 305 1943 pedes
324 1896 427 1945 ejus,
461 1897 525 1946 qui
546 1906 602 1934 est
620 1899 774 1947 angelus
803 1898 936 1934 bonus.
958 1898 1106 1933 Tertius
1126 1898 1186 1933 inv

189 1953 279 2003 cipit
303 1968 322 1991 a
345 1969 499 2006 vespere
525 1957 685 2006 peccati,
710 1966 747 1994 et
770 1957 940 2006 procedit
972 1957 1008 1993 in
1034 1965 1183 1993 noctem

190 2021 339 2051 aeternae
368 2016 611 2065 perditionis,
634 2017 696 2066 qui
718 2026 804 2053 sunt
831 2015 997 2066 reprobi.
1021 2019 1184 2064 Quartus

192 2072 271 2110 dies
297 2083 352 2110 est
384 2075 462 2112 dies
491 2077 641 2113 Domini
676 2077 790 2113 nostri
821 2080 908 2112 Jesu
938 2076 1096 2121 Christi,
1120 2077 1184 2124 qui

191 2132 324 2183 incipit
343 2148 362 2171 a
383 2149 540 2185 vespere
570 2136 736 2182 sabbati,
772 2145 809 2172 et
830 2136 984 2171 lucescit
1007 2136 1041 2171 in
1063 2135 1184 2184 prima

190 2191 356 2240 sabbati3
389 2195 425 2231 id
454 2205 530 2241 est,
564 2197 695 2246 incipit
715 2210 735 2232 a
757 2208 914 2245 vespere
940 2195 1080 2244 peccati
1110 2208 1183 2230 no-

189 2253 277 2298 stri,
306 2262 341 2289 et
364 2253 584 2292 brevissimo
610 2256 752 2292 timoris
781 2256 887 2305 quasi
914 2255 1034 2291 noetis
1062 2255 1183 2304 spatio

189 2312 409 2361 interjecto,
440 2315 612 2364 perducit
640 2316 734 2351 filios
756 2316 848 2352 lueis
871 2315 916 2351 ad
946 2328 1054 2351 manc
1078 2314 1181 2364 spei,

191 2380 228 2409 et
261 2373 348 2409 inde
377 2374 422 2410 ad
452 2375 644 2411 meridiem
678 2375 918 2425 perfectionis
944 2374 1119 2421 anaelieae
1148 2382 1184 2410 et

191 2433 329 2469 amoris
355 2448 362 2469 :
388 2447 456 2471 nec
485 2434 573 2471 inde
605 2448 668 2472 eos
698 2436 792 2471 ultra
827 2435 970 2484 patitur
997 2434 1178 2469 amoveri.

1250 1776 1526 1825 pt·aeteritoruin
1556 1790 1768 1813 munerum.
1796 1781 1888 1814 Duae
1912 1779 2008 1815 enim
2031 1791 2117 1816 sunt
2141 1782 2249 1831 igno-

1252 1835 1378 1871 rantiae
1397 1836 1471 1881 sui,
1496 1837 1555 1872 vel
1575 1836 1727 1885 quando
1750 1838 1852 1886 plus,
1876 1839 1931 1875 vel
1951 1840 2104 1888 quando
2125 1843 2249 1880 minus

1251 1893 1296 1930 de
1323 1908 1361 1930 se
1381 1895 1465 1943 quis
1485 1895 1640 1931 :estimat
1665 1910 1671 1930 :
1702 1905 1739 1931 et
1768 1896 1843 1932 duo
1869 1907 1955 1934 sunt
1984 1912 2067 1948 quae
2095 1900 2165 1936 hoc
2192 1903 2247 1938 ef-

1251 1953 1403 1998 ficiunt,
1427 1955 1669 2004 praesumptio
1695 1964 1730 1991 et
1757 1957 2062 2005 pusillanimitas;
2081 1960 2164 1996 duze
2184 1974 2246 1998 ve-

1251 2025 1293 2048 ro
1311 2012 1446 2048 horum
1464 2014 1665 2050 effectuum
1683 2028 1803 2051 eausae
1817 2044 1826 2060 ,
1852 2016 2048 2065 superbia,
2067 2027 2103 2054 et
2122 2020 2246 2057 minor

1250 2072 1306 2108 sui
1329 2072 1571 2120 experientia.
1599 2074 1841 2122 Expericntia
1867 2089 1956 2111 vero
1983 2077 2038 2112 sui
2058 2078 2143 2114 facit
2171 2080 2245 2115 hu-

1250 2132 1466 2177 militateui3
1495 2132 1704 2178 humilitas,
1729 2135 1783 2170 sui
1815 2136 2080 2183 cognitionem.
2108 2140 2245 2188 Repri—

1250 2203 1355 2227 mens
1383 2192 1508 2240 itaque
1533 2205 1694 2242 sponsus
1724 2195 1958 2230 temerariam
1989 2209 1995 2230 :
2027 2200 2248 2247 Praeprope-

1250 2263 1310 2295 re,
1335 2250 1479 2299 inquit,
1507 2260 1543 2287 et
1568 2253 1807 2301 impatienter
1834 2253 2022 2291 desideras
2051 2257 2246 2295 meridiem

1249 2310 1424 2359 angelica:
1446 2309 1704 2356 beatitudini53
1726 2313 1812 2361 qnia
1832 2313 1955 2362 primo
1974 2314 2041 2350 tibi
2059 2317 2244 2364 agendum

1249 2378 1303 2405 est
1325 2370 1505 2416 multum,
1524 2380 1559 2407 et
1581 2371 1826 2408 laborandum
1854 2373 1891 2408 in
1916 2376 2098 2411 matutino
2124 2378 2246 2414 virtu-

1250 2429 1307 2465 tis.
1333 2433 1372 2464 Si
1398 2430 1511 2479 igitur
1534 2437 1685 2479 ignoras
1704 2441 1759 2475 tc,
1786 2435 1958 2480 egredere
1982 2448 2001 2470 a
2023 2448 2080 2471 me
2097 2464 2106 2480 ‚
2140 2439 2196 2473 vel
2226 2453 2246 2475 a

193 2494 506 2543 Precaturitaque
527 2508 664 2544 sponsa
687 2508 770 2530 eum
788 2508 899 2543 quem
917 2493 1036 2542 diligit
1057 2493 1178 2529 anima
1200 2496 1230 2529 D
1248 2487 1349 2524 bono
1371 2491 1609 2526 conscicntia?
1632 2499 1724 2535 kuic,
1747 2500 1782 2527 et
1806 2506 1880 2527 nou
1904 2502 1976 2529 stes
1995 2508 2161 2540 mecum,
2183 2501 2250 2533 scd

192 2550 293 2598 ejus,
325 2564 398 2587 non
428 2566 534 2597 caro,
557 2554 594 2589 id
616 2563 690 2598 est,
715 2567 825 2603 quem
857 2553 1100 2602 spiritualiter
1121 2552 1181 2588 di-

191 2609 286 2657 tigit,
306 2619 348 2646 ut
368 2621 484 2660 ponat
505 2626 584 2648 eam
607 2613 643 2649 in
666 2613 822 2649 meridie
851 2613 1092 2661 perfectionis
1111 2625 1182 2648 an-

190 2669 330 2717 gelicm,
348 2679 387 2706 ut
406 2671 559 2708 liberata
579 2672 626 2708 al)
643 2672 818 2708 omnihus
836 2672 1056 2720 ignorantiae
1078 2680 1181 2707 tene-

192 2726 281 2771 bris,
295 2730 373 2765 sine
390 2732 463 2766 ulla
480 2732 776 2768 contradictione
794 2731 1040 2767 dubitationis
1056 2731 1182 2768 videre

194 2787 345 2837 incipiat
373 2791 553 2839 quidquid
578 2791 645 2828 sibi
680 2793 734 2828 vel
761 2792 861 2842 gri-gi
889 2790 1062 2840 expediat
1096 2805 1101 2825 :
1135 2805 1180 2827 ne

195 2848 315 2895 posita
346 2849 381 2884 iu
416 2850 557 2887 incerto
587 2853 721 2900 quietis
746 2853 802 2887 vel
838 2851 994 2895 laboris,
1027 2851 1181 2900 incipiat.

195 2907 317 2953 vagari
341 2917 423 2956 post
443 2922 572 2959 greges
597 2910 779 2947 sodalium
803 2911 951 2960 sponsi,
975 2910 1010 2946 id
1037 2918 1090 2945 cst
1106 2938 1115 2954 ‚
1142 2923 1180 2945 se

193 2965 225 3001 ei
252 2967 522 3015 parificantium
552 2971 607 3006 xel
633 2984 696 3006 sna
714 2971 975 3020 ‹pta‘rentinin.

245 3027 307 3063 22·
343 3030 430 3064 Post
461 3044 598 3078 greges.
635 3032 703 3079 Qui
740 3032 838 3067 enim
871 3031 916 3066 dc
954 3029 1181 3079 perfectione

191 3086 356 3122 veritatis
375 3087 452 3124 abit
481 3090 516 3125 in
541 3090 690 3127 devium
716 3091 873 3135 erroris,
902 3103 969 3126 nec
992 3102 1076 3125 cnm
1098 3102 1181 3137 gre—

243 3212 250 3224 '
271 3208 386 3239 (latnie.
407 3220 426 3243 ι,
447 3215 479 3240 6.
560 3217 569 3232 ²
594 3213 669 3242 ῐὶςειΙ4
692 3224 757 3251 ιιι,
784 3216 832 3242 13.

353 3281 440 3303 TUM.
474 3283 506 3305 V.

1247 2548 1308 2583 ab!
1327 2559 1412 2596 pou
1440 2555 1597 2597 1›‹’.»l{'gi(1
1617 2564 1784 2597 gregum,
1810 2560 1844 2586 ct
1863 2566 1975 2599 [ηιμ-ιγ’
1995 2555 2124 2589 lanios
2149 2565 2245 2600 (mic,

1247 2608 1284 2644 id
1311 2617 1365 2644 est
1385 2622 1522 2658 pravos
1543 2618 1666 2645 motus
1686 2611 1827 2655 carnis,
1854 2612 1908 2646 xel
1941 2613 2109 2661 perditos
2135 2616 2244 2651 andi-

1248 2676 1364 2711 tores,
1392 2669 1455 2716 qni
1485 2677 1696 2704 statuentur
1723 2683 1741 2704 a
1772 2670 1950 2714 sinistris,
1972 2674 2087 2716 sturm
2120 2675 2245 2710 (aive-t·-

1247 2731 1379 2762 nacula
1404 2738 1623 2775 paitommm
1655 2728 1690 2764 id
1721 2738 1792 2773 est,
1824 2739 1947 2766 scruta
1979 2733 2241 2779 magistrorum

1248 2786 1497 2837 rcprolnn'utn
1520 2787 1728 2830 doctrinas,
1758 2802 1831 2823 non
1855 2789 1889 2824 in
1916 2791 2097 2835 Ecclesia,
2120 2794 2183 2829 scd
2208 2795 2243 2830 in

1247 2847 1599 2882 conxcnticnlorutn
1627 2859 1778 2882 suornm
1809 2860 1923 2895 prata
1947 2849 2162 2888 docentium
2187 2863 2244 2889 ta-

1247 2906 1469 2942 bernaculis,
1497 2906 1607 2954 Quod
1637 2916 1759 2943 auttni
1790 2907 1900 2952 dicit,
1928 2911 2133 2956 sigma-re,
2159 2926 2244 2962 per-

1248 2967 1381 3007 mittit,
1410 2980 1483 3001 non
1515 2967 1701 3015 ptum-ipit,
1731 2968 1832 3016 qnod
1857 2969 1966 3004 etiam
2002 2983 2068 3005 nec
2092 2985 2136 3007 ex
2167 2982 2244 3008 toto

1249 3027 1466 3074 permittere
1491 3026 1652 3071 videtur,
1676 3027 1739 3063 sed
1763 3038 1912 3064 revocat
1937 3029 1982 3064 ad
2009 3029 2187 3068 lahorem.

1302 3087 1359 3122 23.
1385 3090 1582 3134 Equitum!
1601 3101 1679 3122 mco
1701 3101 1737 3123 ist
1757 3088 1921 3123 cam-,rim
1947 3091 2157 3126 l’lmr‹1‹·m.=-
2183 3107 2244 3127 ‹1³-

2044 3270 2084 3303 15»
