2418 3949
129 175 203 211 765

776 180 1057 216 TRACTATUS
1086 180 1150 214 DE
1178 180 1362 214 ORDINE
1392 182 1528 216 VITAE.

2102 185 2174 220 766

124 250 346 288 deflorando
375 253 572 303 colligere,
595 267 678 303 quae
700 263 837 292 tenerae
858 256 956 292 aetati
980 254 1168 292 eorum³⁷⁴
1182 254 1224 290 tit
1244 255 1417 304 stirpium
1443 256 1658 305 qualitatem
1673 285 1682 302 ‚
1707 269 1835 294 nonne
1855 258 1978 295 studia
1999 257 2178 296 doctrinae

127 309 325 347 videantur
345 313 553 361 specialiter
571 315 778 351 consulere.
800 318 865 352 Est
884 316 983 352 enim
1006 314 1113 358 mihi,
1135 320 1167 353 A
1182 321 1220 349 et
1239 313 1444 363 disciplinae
1474 315 1668 351 assiduitas
1699 316 1867 365 mitigare
1888 326 2046 367 possunt
2071 332 2179 368 quas-

125 368 265 414 sateor,
287 371 434 407 tristitia
454 385 585 421 magna
604 382 640 409 et
659 374 861 411 continuus
880 374 990 410 dolor
1009 385 1121 423 super

123 427 283 464 caecitate
313 429 435 466 cordis
466 444 616 477 eorum,
643 432 812 481 quicum
835 433 1046 469 didicerunt
1076 432 1116 467 in

123 486 249 523 schola
272 488 406 525 Christi
425 490 587 538 qualiter
608 490 769 527 debeant
789 500 826 527 et
848 492 937 528 vitia
955 490 1117 540 propul—

122 558 205 582 sare
217 574 226 592 ‚
244 555 280 583 et
300 549 436 585 sanctis
455 549 658 586 virtutibus
671 550 866 597 insudare,
881 551 975 587 heu!
991 549 1116 586 rebel-

120 605 232 643 lionis
254 607 386 656 spiritu
410 609 565 654 armati,
590 617 663 645 tam
684 610 866 659 praecipiti
883 611 1026 659 impetu
1046 622 1115 658 per

121 664 280 715 abrupta
300 666 476 703 vitiorum
504 677 661 704 currunt
689 669 736 704 ad
764 678 946 714 mortem,
978 677 1019 705 ut
1048 681 1113 704 eos

119 725 246 773 auriga
272 725 476 774 praesidens
503 728 607 763 nullo
632 728 738 764 freno
759 728 964 778 disciplinae
989 728 1113 763 valeat

118 783 306 820 cohibere.
330 783 518 820 Deberent
537 785 667 834 utique
686 787 724 822 in
745 787 860 823 domo
878 787 947 822 Dei
967 786 1013 822 ad
1037 786 1112 821 cul-

119 850 197 878 tum
218 842 336 878 divini
354 843 510 879 honoris
530 856 644 892 super
663 857 813 881 omnem
834 854 1007 882 ornatum
1025 853 1111 881 tan-

117 914 229 950 quam
244 915 309 938 vas
325 915 481 939 aureum
503 903 700 952 refulgere.
718 907 792 942 Cur
811 914 935 941 autem
957 904 1004 941 ab
1021 905 1111 954 ipsis

115 961 246 1010 primis
276 961 498 998 rudimentis
529 963 695 1000 infantiae
722 964 868 1001 educati
899 973 987 1001 sunt
1008 972 1111 1000 tanta

1185 371 1277 409 libet
1296 374 1528 422 aegritudinis
1547 376 1764 424 passiones?

1545 505 1721 544 CAPL'T
1750 507 1803 544 ΙΙ.

1181 616 1410 647 Verecundiam
1427 628 1492 649 esse
1507 619 1695 660 praecipuam
1715 619 1861 650 virtutem
1878 632 1945 662 quae
1965 622 2174 655 adolescentes

1318 676 1426 707 ornet,
1449 676 1480 700 et
1502 670 1555 700 ubi
1578 681 1615 701 ea
1631 670 1824 712 potissimum
1846 675 2030 705 exercenda.

1222 789 1257 824 3.
1291 787 1362 825 Sed
1385 801 1432 824 ne
1463 790 1618 838 puerilis
1641 791 1719 826 vita
1737 791 1849 827 variis
1873 792 2040 841 lapsibus
2061 795 2173 831 vitie-

1178 853 1259 892 tur,
1291 855 1442 895 oportet
1478 856 1627 884 teneros
1655 849 1800 885 animos
1826 850 1990 898 praefatis
2014 852 2174 901 diligen-

1178 913 1234 941 ter
1254 905 1467 954 mancipare
1494 906 1720 953 virtutihus,
1743 916 1929 957 quatenus
1956 908 2056 946 bona
2079 925 2173 948 con-

1176 964 1335 1000 suetudo
1362 979 1444 1001 cum
1476 974 1583 1002 aetate
1614 968 1723 1003 simul
1757 976 1948 1004 accrescat.
1982 972 2033 1005 [t
2064 970 2175 1019 igitur

115 1033 224 1066 cura,
259 1029 440 1070 tantoque
469 1021 625 1068 labore,
647 1023 717 1059 nisi
741 1032 782 1060 ut
810 1025 923 1061 fortes
950 1025 987 1061 in
1011 1024 1110 1060 bello
1130 1027 1157 1060 Β
1178 1023 1312 1060 clarius
1341 1032 1506 1074 patescat
1532 1035 1672 1074 quanta
1696 1035 1732 1062 et
1755 1027 1872 1076 qualis
1897 1028 2016 1064 virtus
2040 1030 2085 1065 sit
2103 1043 2172 1066 ve-

116 1081 224 1126 facti,
246 1090 376 1118 contra
396 1082 577 1118 mundum
599 1091 636 1119 et
656 1083 737 1132 ejus
769 1085 1109 1134 concupiscentias,

114 1148 243 1177 contra
262 1154 410 1178 carnem
432 1150 468 1178 et
487 1141 567 1190 ejus
587 1143 788 1190 desideria,
816 1153 947 1181 contra
973 1143 1108 1180 diabo-

113 1200 189 1236 lum
211 1209 248 1236 et
270 1200 350 1250 ejus
370 1202 588 1251 multiplicia
610 1211 839 1239 tentamenta
858 1204 1017 1240 viriliter
1035 1217 1106 1253 pu-

111 1261 251 1307 gnent?
284 1260 357 1298 Sed
382 1261 486 1310 quod
513 1261 776 1299 admirandum
811 1271 866 1299 est
901 1271 938 1299 et
970 1263 1104 1299 dolen-

112 1318 225 1364 dum,
256 1319 342 1369 plus
361 1320 413 1356 eis
433 1334 546 1370 quam
575 1322 718 1358 caeteris
744 1323 867 1371 gravis
893 1331 930 1358 ct
959 1332 1105 1360 austera

111 1377 261 1414 videtur
280 1377 485 1429 disciplinae
511 1381 651 1429 regula.
674 1383 798 1428 Quare
815 1381 904 1426 hoc,
927 1381 997 1418 nisi
1017 1383 1104 1431 quia

112 1437 327 1475 saecularem
365 1441 482 1490 magis
520 1440 680 1489 diligunt
711 1441 864 1477 vitam?
895 1444 1002 1478 Certe
1047 1442 1102 1478 vel

111 1496 259 1543 nullus,
280 1499 339 1534 vel
362 1512 468 1536 rarus
497 1500 597 1536 inter
623 1513 687 1536 eos
716 1501 927 1546 invenitur,
962 1502 1027 1550 qui
1058 1502 1104 1538 li-

110 1554 245 1594 benter
268 1567 448 1607 sequatur
474 1560 714 1608 antiquorum
736 1564 886 1597 Patrum
909 1561 1101 1607 instituta,

110 1624 147 1652 et
176 1615 360 1665 majorum
387 1618 501 1654 vitam
522 1618 670 1667 ‹liligat3
694 1627 757 1655 aut
777 1620 864 1668 quia
885 1619 992 1656 labor
1016 1614 1101 1657 eum

111 1682 243 1721 terret,
265 1685 328 1713 aut
353 1677 439 1726 quia
469 1678 506 1713 in
536 1677 679 1714 lubrica
699 1686 805 1714 aetate
834 1678 1023 1715 difficilior
1048 1687 1104 1716 est

109 1733 358 1781 abstinentia,
387 1745 453 1772 aut
476 1737 564 1786 quia
587 1737 698 1773 alacri
718 1737 975 1773 adolescentiae
995 1738 1103 1775 vide-

1175 1083 1371 1128 recundia,
1397 1085 1514 1133 patris
1530 1084 1720 1122 Ambrosii
1746 1099 1879 1134 magna
1906 1099 1952 1122 ex
1973 1096 2078 1136 parte
2099 1101 2172 1137 po—

1175 1155 1308 1178 namus
1337 1155 1470 1180 sensus
1489 1152 1527 1179 et
1554 1144 1671 1180 verba
1701 1158 1708 1180 :
1736 1158 1782 1180 ne
1812 1145 1841 1180 si
1868 1145 1963 1181 forte
1992 1159 2050 1181 me
2079 1160 2171 1196 par-

1172 1202 1416 1251 vipenderint
1451 1204 1605 1239 stultum
1646 1203 1960 1249 homuncionem,
1996 1217 2172 1254 magnum

1170 1261 1414 1299 Ambrosium
1433 1290 1442 1307 ,
1472 1263 1548 1299 imo
1568 1263 1606 1299 in
1630 1262 1832 1300 Ambrosio
1854 1263 2062 1309 Christum,
2095 1277 2173 1301 non

1171 1322 1333 1358 audeant
1353 1335 1544 1372 spernere.
1573 1323 1632 1359 Sic
1652 1323 1752 1360 enim
1776 1323 1838 1359 ille
1858 1323 1909 1359 ait
1927 1323 2173 1361 instruendo-

1170 1393 1253 1417 rum
1282 1395 1430 1418 morum
1461 1382 1663 1431 magister¹
1694 1397 1701 1418 :
1728 1385 1793 1418 Est
1822 1390 1949 1418 autem
1979 1382 2169 1419 bonorum

1170 1440 1449 1477 adolescentum
1490 1441 1664 1477 timorem
1703 1442 1773 1477 Dei
1806 1440 1945 1477 habere
1979 1456 1987 1477 :
2025 1442 2171 1479 deferre

1170 1499 1341 1548 patribus
1371 1501 1582 1546 honorem,
1610 1501 1816 1537 castitatem
1838 1501 1961 1546 tueri,
1995 1514 2072 1538 non
2099 1502 2169 1538 ad-

1170 1559 1342 1608 spernari
1372 1559 1644 1604 humilitatem,
1679 1559 1835 1608 diligere
1865 1560 2102 1596 clementiam
2128 1574 2170 1597 ac

1169 1618 1435 1654 verecundiam
1458 1648 1467 1664 ,
1506 1632 1590 1668 quae
1623 1627 1846 1656 ornamenta
1892 1627 1980 1655 sunt
2027 1620 2168 1657 minori

1170 1678 1279 1713 aetati.
1306 1680 1358 1714 Ut
1385 1678 1485 1714 enim
1510 1678 1548 1714 in
1575 1677 1724 1714 senibus
1752 1678 1935 1727 gravitas,
1962 1677 2168 1726 juvenibus

1169 1735 1337 1772 alacritas
1358 1751 1366 1772 :
1387 1737 1438 1772 ita
1459 1736 1496 1773 in
1518 1737 1644 1786 pueris
1670 1736 1971 1773 adolescentibus
1988 1751 2168 1775 verecun-

110 1801 171 1829 tur
189 1793 265 1830 vita
284 1793 481 1831 obscurior
500 1810 507 1832 :
530 1804 567 1832 et
591 1795 677 1832 ideo
698 1795 744 1832 ad
769 1809 811 1833 ea
830 1805 1105 1833 convertuntur
1123 1797 1150 1832 C
1169 1794 1248 1840 dia,
1271 1796 1374 1832 velut
1402 1796 1564 1845 quadam
1586 1795 1674 1832 dote
1694 1796 1981 1833 commendatur
2011 1806 2166 1835 naturae.

108 1852 254 1900 studia,
278 1867 362 1902 quae
386 1854 641 1904 plausibiliora
670 1854 910 1892 arbitrantur.
940 1860 1104 1893 Praesen-

109 1912 160 1948 tia
179 1913 321 1962 quippe
340 1914 486 1963 plures,
508 1927 620 1963 quam
642 1915 765 1951 futura
787 1916 1014 1964 praeferunt;
1038 1916 1102 1952 sed

108 1973 321 2009 meminisse
351 1972 490 2009 debent
516 1974 603 2022 quia
630 1987 706 2009 non
733 1973 1002 2022 praesentibus,
1037 1975 1103 2011 sed

107 2032 242 2068 futuris
261 2031 476 2068 militamus.
495 2032 606 2069 Unde
626 2046 702 2082 quo
719 2033 959 2082 praestantior
973 2046 1097 2079 causa,

107 2105 153 2127 eo
187 2091 299 2128 debet
322 2104 400 2129 esse
421 2105 508 2128 cura
527 2093 717 2129 attentior.
738 2093 872 2129 Infelix
891 2094 957 2142 qui
981 2094 1098 2142 legem

107 2151 193 2188 vitae
221 2159 258 2187 et
287 2151 488 2201 ‹lisciplinae
508 2151 654 2201 abjicit,
684 2160 720 2188 et
748 2151 934 2201 majorum
958 2152 1099 2201 guber-

106 2211 186 2247 nari
216 2211 428 2260 magisterio
454 2212 602 2261 refugit.
631 2215 704 2248 Iste
734 2225 826 2248 vero
858 2225 934 2248 non
965 2226 1099 2249 secun-

106 2270 195 2306 ‹lum
222 2274 360 2315 Deum,
390 2271 454 2307 scd
481 2271 686 2307 secundum
727 2283 764 2307 se
797 2271 912 2316 vivit3
945 2273 1031 2320 qui,
1067 2273 1097 2308 si

103 2330 263 2379 poterit,
289 2339 345 2367 est
369 2343 453 2366 cum
473 2330 610 2379 quibus
630 2330 732 2375 vult3
752 2331 875 2380 pergit
895 2344 970 2379 quo
989 2331 1092 2376 vult,

104 2398 141 2426 et
161 2398 342 2439 quantum
363 2390 467 2435 vult3
493 2389 588 2426 ridet
607 2397 644 2425 et
662 2388 831 2438 jocatur,
857 2389 955 2425 inter
974 2402 1092 2438 quos,

103 2458 140 2486 et
172 2449 255 2495 ubi,
288 2458 325 2486 et
358 2449 509 2499 quando
545 2450 646 2494 vult;
681 2457 873 2498 postremo
909 2449 1095 2498 quidquid

105 2507 280 2544 fratribus
302 2521 415 2545 suave
441 2517 516 2554 cst,
543 2508 728 2557 quidquid
752 2509 862 2544 tactui
889 2507 1068 2544 blandum
1086 2537 1094 2552 ‚

1168 1858 1288 1903 Quam
1321 1856 1479 1905 pulchra
1515 1856 1637 1893 virtus
1673 1856 1929 1901 verecundia,
1972 1865 2009 1893 et
2044 1858 2168 1895 suavis

1168 1914 1306 1963 gratia,
1338 1927 1422 1963 quae
1454 1927 1530 1950 non
1564 1915 1686 1951 solum
1715 1915 1753 1951 in
1781 1915 1909 1959 factis,
1949 1915 2014 1952 sed
2054 1917 2165 1953 etiam

1167 1973 1205 2008 in
1228 1973 1317 2022 ipsis
1337 1981 1526 2022 spectatur
1549 1972 1805 2019 sermonibus,
1828 1986 1875 2009 ne
1897 1973 2051 2010 modum
2072 1987 2165 2023 pro-

1167 2033 1348 2081 grediaris
1368 2032 1559 2081 loquendo
1573 2061 1582 2077 ,
1606 2046 1652 2068 ne
1673 2032 1763 2081 quid
1785 2032 2008 2069 indecorum
2039 2046 2164 2070 sermo

1166 2100 1319 2128 resonet
1350 2094 1456 2128 tuus!
1478 2092 1679 2141 Speculum
1705 2091 1805 2127 enim
1835 2091 1968 2127 mentis
1993 2092 2165 2141 plerum-

1165 2165 1237 2200 que
1258 2152 1295 2187 in
1317 2150 1442 2187 verbis
1474 2152 1643 2199 refulget.
1672 2154 1799 2199 Ipsum
1827 2163 1960 2187 sonum
1993 2152 2093 2188 vocis
2121 2153 2165 2188 li—

1164 2210 1248 2246 bret
1277 2210 1480 2255 modestia,
1512 2223 1557 2246 ne
1583 2209 1806 2258 cujusquam
1837 2209 2006 2245 offendat
2035 2223 2165 2247 aurem

1163 2282 1237 2305 vox
1266 2269 1530 2318 incomposita.
1554 2269 1725 2317 Denique
1754 2268 1790 2303 in
1814 2268 1898 2316 ipso
1920 2268 2078 2303 canendi
2098 2282 2165 2317 ge-

1162 2341 1251 2363 nere
1296 2328 1418 2377 prima
1459 2327 1654 2375 disciplina
1696 2326 1926 2362 verecundia
1963 2335 2044 2371 est;
2085 2328 2162 2364 imo

1144 2387 1271 2423 'etiam
1299 2387 1338 2422 in
1365 2387 1468 2422 omni
1493 2399 1562 2421 usu
1590 2385 1789 2434 loquendi,
1820 2392 1861 2420 ut
1890 2387 2028 2421 sensim
2060 2387 2163 2434 quis,

1161 2455 1225 2482 aut
1247 2446 1407 2495 psallere
1431 2474 1440 2490 ‚
1473 2454 1537 2481 aut
1563 2445 1705 2493 legere,
1737 2453 1802 2480 aut
1834 2452 2028 2494 postremo
2059 2446 2164 2495 loqui

1159 2507 1336 2556 incipiat,
1366 2514 1404 2542 ut
1435 2505 1651 2542 verecunda
1681 2505 1868 2554 principia
1894 2505 2164 2541 commendent

104 2567 288 2616 quidquid
318 2568 434 2604 oculis
465 2567 701 2613 delectabile,
737 2567 922 2616 quidquid
954 2568 1096 2604 caeteris
1112 2571 1144 2604 D
1160 2578 1390 2616 processum.
1410 2567 1475 2601 Est
1496 2565 1607 2600 etiam
1628 2564 1664 2600 in
1684 2565 1800 2600 oculis
1817 2563 2067 2608 verecundia3
2088 2578 2163 2613 qua

104 2626 274 2663 sensibus
299 2627 419 2663 carnis
436 2640 512 2663 suae
529 2626 762 2675 jucundum,
793 2636 941 2664 exercet
965 2641 1007 2664 ac
1035 2641 1096 2664 se-

104 2687 246 2735 quitur.
274 2687 341 2722 Ille
372 2699 462 2722 vero
493 2686 558 2734 qui
593 2685 798 2722 secundum
830 2690 951 2722 Deum
982 2687 1097 2732 vivit,

104 2759 182 2782 non
208 2745 311 2795 quod
342 2759 427 2781 eum
460 2745 661 2781 carnaliter
687 2745 862 2791 delectat,
896 2745 960 2781 sed
995 2746 1099 2794 quod

103 2805 349 2854 spiritualiter
374 2805 530 2841 aedificat
556 2805 639 2840 facit
670 2820 677 2841 :
708 2814 745 2841 et
775 2804 962 2854 quidquid
996 2806 1098 2855 cupit

104 2873 168 2901 aut
188 2865 279 2914 agit,
299 2878 373 2901 non
390 2865 469 2901 vult
487 2878 531 2900 ex
550 2878 614 2901 sua
627 2893 636 2910 ,
655 2864 719 2901 sed
737 2878 782 2901 ex
800 2865 868 2901 Dei
886 2865 1094 2910 voluntate,

105 2923 367 2972 majorumque
384 2937 538 2959 suorum
554 2923 724 2972 jussione
745 2924 962 2974 procedere.
979 2928 1097 2961 Nemo

105 2991 228 3019 tamen
250 2983 395 3032 positus
416 2983 451 3018 in
473 2982 751 3029 adolescentiae,
765 2984 823 3019 vel
843 2983 1097 3032 intemperan-

104 3042 163 3078 tiae
184 3041 350 3088 lubriffl,
373 3042 419 3077 (lc
436 3042 492 3078 sui
516 3043 762 3079 conversione
785 3042 969 3092 desperet.
988 3044 1098 3078 Olea-

103 3109 180 3138 stcr
211 3101 309 3137 enim
346 3101 455 3138 olivae
490 3101 651 3138 insertus
685 3102 816 3138 amissa
849 3101 1098 3137 aniaritiuliuc

104 3160 263 3196 eflicitur
281 3161 502 3198 fructuosus.
525 3162 562 3197 Si
583 3174 671 3211 ergo
690 3161 916 3210 agricultura
936 3173 1097 3195 couver-

155 3291 163 3305 ¹
189 3285 276 3315 ostie.
298 3285 349 3316 lib.
371 3289 399 3321 1.
415 3297 506 3328 capp.
526 3292 542 3318 ’),
558 3312 565 3323 ,
590 3291 621 3322 3.
650 3290 758 3318 17-20,
780 3304 821 3309 -—
844 3292 854 3306 ²
873 3285 988 3316 Manli.
1006 3296 1036 3318 v.
1058 3288 1111 3314 ¹18.

1165 2623 1392 2675 prohibetur
1416 2623 1507 2659 boni
1529 2623 1776 2659 adolescentis
1802 2622 1941 2672 pudica
1963 2623 2086 2658 anima
2111 2624 2165 2659 in-

1166 2684 1261 2721 tueri
1293 2692 1329 2719 et
1367 2683 1507 2731 alloqui
1543 2683 1697 2718 seminas
1715 2711 1725 2727 ,
1763 2695 1837 2717 non
1874 2689 1915 2717 ut
1950 2691 2164 2718 exsecretur

1165 2757 1318 2788 sexum,
1343 2743 1407 2778 sed
1431 2750 1471 2778 ut
1493 2741 1609 2790 fugiat
1632 2742 1776 2777 vitium.
1798 2742 2006 2777 Plurimum
2037 2750 2162 2779 autem

1164 2803 1312 2854 prolicit
1333 2802 1378 2837 ad
1401 2801 1598 2837 tuitionem
1628 2800 1805 2836 castitatis
1833 2799 2004 2836 custodia
2030 2802 2162 2836 oculo-

1164 2877 1260 2900 rum.
1305 2862 1411 2897 Multi
1445 2874 1536 2896 vero
1576 2859 1772 2908 perierunt
1811 2869 1969 2909 propter
2001 2861 2161 2908 speciem

1163 2923 1296 2959 carnis.
1324 2920 1434 2956 I‘udc
1461 2919 1648 2956 Dominus
1671 2934 1678 2955 ε
1712 2921 1786 2964 Qui
1813 2921 1951 2954 vnlmt
1973 2923 2161 2954 mulien-111

1164 2984 1216 3017 ml
1226 2982 1554 3028 concupiscemlmn
1571 2994 1654 3015 eam
1666 3007 1676 3022 ‚
1690 2993 1774 3025 jam
1793 2980 1998 3014 uzo-clamas
2013 2987 2064 3014 cst
2080 2992 2161 3014 cam

1163 3043 1199 3075 1'11
1222 3042 1329 3074 corde
1346 3054 1412 3074 sno
1430 3045 1454 3075 ².

1217 3099 1250 3135 fl.
1285 3102 1395 3134 Boua·
1424 3098 1560 3135 indolis
1586 3098 1840 3134 adolescentes
1871 3098 1905 3133 iu
1936 3098 2162 3133 monasterio

1165 3159 1349 3201 virentes,
1370 3159 1418 3194 ita
1436 3171 1473 3195 se
1494 3158 1597 3194 omni
1616 3158 1740 3194 studio
1756 3171 1906 3194 conseri
1918 3166 1979 3193 cut
1994 3187 2002 3203 ,
2020 3167 2058 3193 ut
2074 3158 2161 3195 ado-
