2418 3949
131 248 207 284 933

125 322 292 360 omnium
308 322 521 372 inspectore
535 322 720 367 cordium,
733 321 848 358 corda
864 330 1006 368 vestra3
1021 334 1109 358 con·
1121 319 1167 338 ⁴⁰⁵

883 247 948 282 DE
977 244 1207 280 PASSIONE
1237 244 1427 279 DOMINI.

2101 238 2175 275 934

1182 318 1566 367 diximus,aliquando
1581 331 1619 355 se
1636 319 1669 354 in
1686 331 1839 354 suorum
1855 316 2033 354 cordibus
2049 325 2175 352 trans-

126 381 343 418 fabulemini
362 395 446 418 cum
465 382 529 418 illo
547 381 788 418 recordantes
803 381 915 427 illius,
931 380 1113 417 effundite
1129 382 1161 416 A
1183 380 1342 428 figurare
1363 378 1536 427 dignatus
1559 378 1690 423 fuerit,
1712 385 1752 414 ut
1774 378 1921 414 tristitia
1941 377 1976 413 in
1995 376 2173 425 gaudium

125 453 239 490 super
257 454 328 478 vos
348 442 490 478 animas
511 449 674 486 vestras,
695 449 732 477 et
754 441 911 477 terrenis
931 453 1115 489 corpora-

125 500 298 550 libusque
319 501 470 546 relictis,
490 501 625 551 pennis
648 500 909 550 spiritualibus
927 500 1115 536 charitatis

124 561 323 598 elevamini
350 576 358 597 :
389 569 426 597 et
454 561 608 596 transite
644 560 682 596 in
715 561 838 596 locum
883 558 1114 596 tabernaculi

125 620 358 657 admirabilis
398 634 516 669 usque
544 620 589 656 ad
624 620 777 656 domum
808 619 899 664 Dei,
939 618 1004 655 ubi
1036 631 1114 654 non

124 681 313 730 corporis,
351 680 413 716 sed
448 679 572 715 cordis
599 679 753 716 auribus
787 678 944 715 audiatis
982 690 1114 714 vocem

125 740 439 781 exsultationis,et
452 739 696 775 confessionis
710 739 999 783 sonum‚festum
1015 737 1114 773 diem

125 799 378 840 celebrantes,
400 797 465 833 ubi
486 798 635 834 interna
664 798 923 834 consolatione
944 797 1113 841 refectae‚

124 857 352 906 quandoque
373 869 457 891 cum
478 856 657 892 articulus
677 857 907 905 tempestatis
922 865 963 892 et
981 868 1112 892 neces-

78 938 83 945 ·
125 915 260 959 sitatis,
281 914 498 951 tentationis
524 922 561 950 et
580 915 700 951 carnis
725 915 938 960 advenerit,
956 914 1116 951 coelestis

127 975 340 1012 refectionis
360 973 549 1010 recordari
570 974 732 1023 possitis,
754 983 790 1010 et
810 974 932 1011 dicere
953 990 960 1011 :
989 977 1117 1021 Quare

124 1038 234 1070 tristis
251 1047 307 1079 es,
327 1037 454 1068 anima
481 1036 594 1068 mea?
614 1042 649 1068 ec
674 1047 788 1081 quare
817 1034 1011 1069 conturbas
1030 1035 1116 1068 me?

1183 446 1441 483 convertatur;
1463 438 1490 473 si
1520 437 1669 473 interim
1702 437 1790 473 dum
1818 437 1896 473 haec
1922 437 2046 473 nescio
2076 449 2174 484 quo-

1182 498 1296 534 modo
1327 505 1506 547 aguntur,
1544 497 1676 545 aliquis
1714 497 1938 533 exteriorem
1978 496 2173 545 requirens

1182 558 1415 608 praesentiam
1431 557 1482 593 sic
1497 558 1543 593 sit
1557 557 1724 602 affectus,
1744 565 1784 592 ut
1800 566 1922 592 tamen
1942 555 1989 592 ab
2004 555 2174 592 amabilis

1180 617 1510 667 contemplationis
1526 625 1652 652 monte
1667 617 1788 665 ipsum
1805 625 1912 664 cogat
1926 615 2171 660 descendere3

1181 686 1289 728 putas
1313 678 1417 713 illum
1441 677 1550 712 talem
1571 675 1836 725 impulsionem
1860 676 2084 711 exteriorem
2102 688 2170 724 pa-

1183 738 1317 773 tienter
1341 737 1452 781 ferre,
1471 744 1508 771 et
1531 748 1606 770 non
1629 735 1744 783 magis
1761 735 1921 771 clamare
1941 748 2024 770 cum
2046 738 2172 780 Petro,

1181 799 1352 840 Domine,
1368 795 1500 830 bonum
1519 803 1569 829 est
1584 808 1648 829 nos
1663 795 1720 828 lac
1737 808 1812 829 esse
1828 799 1838 813 ²
1857 808 1863 829 :
1880 802 1914 829 et
1931 806 2013 829 cum
2040 794 2170 838 Paulo,

1181 854 1326 901 Infelix
1346 868 1412 902 ego
1429 856 1536 890 Immo
1550 882 1559 897 ‚
1581 858 1661 901 quis
1682 867 1739 887 me
1769 852 1938 887 liberabit
1957 854 2003 886 (le
2023 865 2173 900 corpore

1183 919 1309 950 moltis
1335 913 1492 958 hujus-³?
1522 915 1552 949 Ο
1582 925 1693 961 quam
1721 925 1888 947 amarum
1920 919 1974 947 est
2007 912 2077 955 eis,
2109 911 2174 959 qui

1184 974 1245 1010 tali
1262 973 1433 1009 interiori
1451 972 1654 1008 refectione
1673 971 1797 1007 satiari
1819 971 2015 1013 noverint,
2037 969 2083 1006 ad
2106 983 2175 1006 ex-

1183 1034 1323 1069 teriora
1340 1045 1470 1068 rursus
1488 1031 1624 1067 attrahi
1640 1033 1647 1066 !
1668 1031 1764 1067 Mori
1778 1030 1956 1066 videntur
1977 1029 2046 1065 sibi
2060 1057 2068 1071 ‚
2087 1030 2175 1078 quia

126 1094 243 1141 Spera
268 1097 306 1128 m
336 1096 413 1128 Deo
428 1121 438 1137 ,
463 1096 638 1140 queniam
671 1093 792 1128 adhuc
818 1093 1020 1140 confitebor
1045 1095 1112 1136 illi,
1135 1093 1163 1126 B
1183 1105 1314 1129 revera
1332 1091 1502 1141 quaedam
1522 1090 1652 1126 mortis
1670 1090 1811 1139 species
1829 1097 1883 1125 cst
1902 1103 1920 1125 a
1940 1089 2177 1138 contempla-

124 1155 291 1188 salutare
318 1154 444 1188 vultus
473 1153 547 1187 mei
572 1161 607 1187 et
632 1155 730 1188 Deus
761 1160 898 1189 meus&
930 1157 1117 1190 Memores

125 1220 244 1249 estote
273 1211 406 1261 optimi
426 1211 577 1247 Domini
596 1212 685 1258 Dei,
704 1213 966 1248 memoramini
994 1220 1031 1248 et
1047 1211 1116 1248 de—

125 1271 334 1315 lectamini,
357 1278 394 1306 et
410 1270 559 1306 deficiat
580 1271 733 1320 spiritus
753 1271 874 1307 carnis
896 1280 1027 1308 vestrae
1045 1285 1052 1306 ι
1076 1278 1117 1306 ut

126 1331 260 1380 spiritu
284 1330 401 1375 illius,
421 1330 487 1379 qui
509 1338 565 1366 est
585 1343 699 1380 super
716 1331 787 1367 mel
811 1331 947 1376 dulcis,
971 1330 1117 1366 reficia-

125 1389 231 1435 mini,
248 1396 286 1425 et
302 1388 451 1425 discatis
472 1389 705 1438 vilipendere
728 1390 935 1426 exteriores
952 1390 1120 1425 collocu-

126 1448 266 1492 tiones,
283 1455 483 1496 postquam
494 1448 692 1497 *interioris
710 1449 974 1485 collocutionis
990 1456 1120 1498 gusta-

126 1507 255 1544 veritis
285 1506 532 1543 dulcedinem.
560 1510 591 1545 O
619 1521 730 1556 quam
765 1507 906 1544 bonum
937 1516 975 1543 et
1008 1520 1121 1556 quam

123 1566 335 1615 jucundum
352 1595 360 1610 ,
382 1579 404 1601 o
425 1579 536 1615 quam
567 1565 710 1603 bonum
739 1576 776 1603 et
792 1567 1005 1616 jucundum
1036 1574 1118 1610 est,

128 1635 265 1673 tecum,
281 1639 304 1662 o
325 1625 535 1662 dulcissime
556 1630 657 1671 Jesu,
674 1626 844 1663 habitare
861 1627 898 1663 in
916 1619 1046 1671 unum,
1069 1634 1120 1662 te-

128 1699 211 1722 cum
232 1686 415 1735 colloqui,
439 1685 505 1721 tibi
527 1687 694 1722 revelare
717 1699 864 1722 causam
888 1686 1022 1722 anima:
1044 1698 1119 1721 no-

129 1754 227 1791 strae,
249 1754 397 1794 tuaeque
418 1746 687 1781 consolationis
704 1759 887 1795 responso
905 1744 1072 1794 perfrui!
1091 1746 1122 1780 O

128 1817 240 1854 qnam
279 1804 422 1841 bonum
455 1812 510 1840 est
541 1803 586 1840 ad
620 1813 654 1841 te
689 1804 960 1841 inhabitantem
1001 1805 1122 1840 lucem

1183 1153 1288 1190 tione
1307 1153 1413 1197 vitae,
1436 1164 1456 1187 a
1487 1149 1808 1198 contemplatione
1845 1148 1993 1183 candidi
2023 1151 2129 1192 Jesu,
2156 1162 2177 1184 a

1183 1211 1502 1261 contemplatione
1522 1209 1628 1246 faciei
1648 1209 1745 1244 illius
1767 1207 1956 1244 rutilantis
1984 1207 2079 1242 sicut
2100 1207 2178 1251 sol,

1182 1271 1229 1308 ad
1248 1271 1313 1307 has
1332 1269 1507 1306 tenebras
1520 1281 1650 1304 rursus
1664 1267 1774 1303 avelli
1788 1283 1796 1313 ;
1811 1274 1847 1302 et
1868 1279 1887 1302 a
1908 1265 2034 1302 Mariae
2050 1265 2179 1301 dulce-

1184 1331 1271 1367 dine
1293 1330 1338 1366 ad
1357 1328 1512 1366 Marthae
1533 1327 1782 1363 ministerium
1807 1325 1988 1361 revocari.

1237 1390 1300 1426 92.
1323 1389 1495 1426 Breviter
1523 1395 1647 1423 autem
1682 1385 1787 1430 dico,
1815 1384 1916 1433 quod
1949 1384 2180 1433 quicumque

1186 1449 1308 1485 sciunt
1329 1447 1463 1483 mentis
1481 1446 1611 1482 oculos
1628 1443 1872 1480 interioribus
1891 1444 2183 1492 contemplatio-

1188 1506 1300 1543 nibus
1320 1518 1527 1555 occupare,
1546 1513 1582 1540 et
1603 1505 1768 1553 linguam
1789 1503 1922 1539 animae
1941 1502 1987 1538 ad
2010 1502 2179 1539 divinum

1189 1566 1420 1615 colloquium
1457 1577 1643 1608 reserare,
1677 1577 1753 1599 non
1785 1563 1906 1599 solum
1946 1575 2020 1597 non
2058 1562 2182 1599 delce-

1190 1634 1316 1662 tantur
1328 1623 1578 1660 exterioribus
1592 1622 1732 1658 visibus
1748 1623 1804 1657 vel
1821 1621 2034 1670 colloquiis,
2048 1635 2180 1658 verum

1187 1685 1298 1721 etiam
1316 1684 1522 1734 plurimum
1543 1683 1756 1731 fatigantur.
1779 1683 1826 1717 Hi
1846 1694 1938 1717 vero
1955 1681 2018 1729 qui
2042 1681 2181 1717 intrin-

1189 1757 1294 1781 secus
1330 1743 1417 1779 caeci
1447 1750 1535 1778 sunt
1568 1750 1605 1777 et
1637 1741 1750 1786 muti,
1787 1749 1823 1777 et
1863 1749 1961 1776 cont«
1978 1741 2183 1789 mplatione

1190 1803 1319 1839 divina
1341 1810 1378 1838 et
1397 1800 1634 1838 orationibus
1654 1800 1802 1837 devotis
1822 1800 1994 1836 nesciunt
2013 1813 2050 1836 se
2071 1814 2183 1836 occu-

128 1863 420 1901 inaccessibilem
442 1864 536 1900 duce
566 1864 745 1901 charitate
772 1864 968 1909 accedere,
990 1864 1069 1910 cui,
1093 1863 1121 1899 si
1142 1870 1169 1905 C
1189 1876 1301 1912 pare,
1325 1862 1556 1898 exteriorum
1585 1873 1762 1897 sensuum
1793 1859 1958 1897 subsidia
1989 1868 2183 1908 quaerunt,

129 1931 273 1960 tantum
297 1922 375 1958 dux
394 1931 521 1958 nostra
545 1923 674 1968 fuerit,
700 1923 789 1960 nihil
812 1936 964 1959 manere
985 1924 1124 1972 poterit

130 1983 381 2018 inaccessum!
414 1982 527 2018 *Novit
556 1995 622 2018 cor
651 1990 780 2027 tuum,
810 1995 832 2018 o
863 1982 980 2018 dulcis
1011 1985 1120 2026 Jesu,

130 2042 319 2078 charitatis
338 2041 465 2077 lancea
486 2042 750 2089 vulneratum,
772 2042 870 2078 viam
894 2041 1012 2077 facere
1033 2040 1123 2076 eha-

131 2101 246 2146 ritati,
266 2101 325 2137 cui
345 2109 531 2150 perpetuo
548 2114 624 2137 non
645 2102 853 2138 claudetur.

183 2161 247 2197 91.
274 2160 448 2197 Accedite
468 2174 557 2210 ergo
575 2161 620 2197 ad
638 2174 722 2198 eum
742 2175 810 2212 per
827 2175 912 2198 eum
933 2160 1122 2210 gressibus

130 2219 343 2265 charitatis,
377 2228 414 2256 et
439 2220 701 2257 illuminamini
733 2235 740 2256 ε
765 2229 910 2271 gustate
943 2220 1121 2269 quoniam

131 2279 255 2316 suavis
272 2287 337 2316 est.
353 2279 481 2315 Sciunt
495 2280 656 2328 experti,
679 2289 715 2316 et
733 2279 830 2316 bene
851 2280 973 2316 sciunt
992 2279 1056 2327 qui
1076 2291 1122 2314 ex

129 2340 200 2376 alia
220 2348 326 2389 parte
346 2347 591 2388 gustaverunt
619 2338 760 2376 bonum
782 2340 851 2376 Dei
872 2339 1036 2383 donum,
1058 2338 1122 2386 qui

130 2398 332 2448 aliquando
348 2399 384 2434 in
401 2399 528 2435 cellam
548 2399 729 2435 vinariam
747 2413 767 2436 a
787 2412 876 2435 vera
890 2399 974 2436 Vite
992 2405 1120 2433 nostra

129 2467 217 2495 sunt
236 2457 455 2503 introducti,
477 2471 588 2507 quam
609 2471 776 2495 amarum
798 2467 834 2496 et
853 2471 966 2508 quam
989 2457 1121 2494 tzedio·

128 2531 211 2555 sum
232 2518 278 2554 sit
296 2530 316 2554 a
337 2517 533 2554 dulcedine
551 2519 882 2568 contemplationis
903 2518 1004 2554 illius
1021 2517 1119 2552 inte-

130 2577 220 2613 riori
242 2577 440 2626 praesentia
459 2578 639 2626 separari,
658 2587 694 2615 et
715 2579 760 2615 ad
779 2579 966 2614 exteriora
988 2589 1122 2626 corpo-

1189 1931 1227 1958 ct
1258 1921 1534 1971 longitudinem
1567 1920 1747 1969 temporis
1778 1933 1850 1968 qua
1879 1928 2104 1968 gravantur,
2129 1921 2183 1955 in-

1190 1981 1346 2018 utilibus
1369 1979 1740 2017 confabulationibus
1760 1978 1975 2028 expendere
1997 1987 2182 2027 satagunt.

1192 2039 1452 2078 Exteriorilms
1479 2040 1578 2076 enim
1607 2037 1925 2075 collocutionibus
1951 2038 2046 2073 velle
2067 2051 2182 2073 00011-

1189 2102 1284 2152 pari,
1299 2101 1444 2150 signum
1461 2100 1709 2136 certissimum
1725 2107 1779 2135 est
1791 2099 1924 2134 animae
1939 2098 2081 2142 otiosce,
2099 2110 2183 2147 qnae

1189 2162 1235 2198 ad
1256 2160 1546 2197 collocutionem
1570 2159 1736 2195 divinam
1767 2159 1867 2194 nulla
1889 2158 2041 2207 penitus
2067 2157 2185 2192 devo-

1191 2222 1293 2257 tione
1320 2220 1479 2255 levatur.
1512 2218 1687 2255 Nondum
1721 2226 1820 2254 certe
1852 2217 1897 2253 ad
1931 2216 2182 2252 summitatem

1190 2280 1255 2315 lilii
1279 2286 1555 2328 pervenerunt,
1582 2278 1646 2327 qui
1672 2278 1836 2325 linguam
1867 2288 1971 2311 51111111
2003 2288 2022 2310 11
2053 2275 2183 2311 multi-

1190 2339 1356 2389 plicitate
1376 2337 1579 2373 verborum
1609 2336 1781 2372 nesciunt
1803 2336 1880 2371 sive
1906 2335 2042 2370 nolunt
2067 2334 2185 2370 refre-

1191 2411 1309 2434 nare:
1333 2406 1513 2446 tantoque
1545 2396 1656 2432 altius
1691 2408 1729 2432 se
1766 2395 1926 2443 quisque
1963 2393 2112 2429 noverit
2145 2393 2183 2428 in

1188 2459 1372 2495 virtutum
1401 2456 1579 2506 gradibus
1615 2455 1847 2500 ascendisse,
1879 2461 2022 2502 quanto
2061 2453 2185 2488 minus

1188 2518 1362 2555 humanis
1385 2516 1583 2565 colloquiis
1610 2515 1837 2557 delectatur,
1867 2514 1933 2549 nisi
1960 2513 2053 2548 forte
2083 2511 2184 2559 ejus-

1189 2576 1292 2613 modi
1319 2576 1513 2612 hominum
1538 2575 1573 2610 111
1604 2574 1743 2623 quibus
1764 2574 1843 2622 ipse
1870 2576 1970 2609 Deus
2002 2572 2183 2620 loquitur,

130 2637 218 2672 ralia
244 2635 304 2672 vel
337 2635 523 2672 audienda
561 2638 618 2673 vel
656 2637 816 2674 videnda
851 2637 992 2674 reduci.
1026 2638 1118 2672 Cum
1138 2636 1224 2672 Det
1246 2649 1313 2685 per
1343 2648 1438 2683 quos
1468 2633 1624 2669 verbum
1659 2633 1727 2669 Dei
1758 2631 1922 2667 auditur.
1953 2631 2059 2666 Tales
2081 2631 2183 2666 enim

129 2696 229 2732 enim
248 2695 332 2739 illc,
356 2703 537 2744 quantum
561 2696 598 2732 in
623 2698 798 2746 praesenti
827 2698 879 2733 fas
902 2705 978 2741 est,
996 2695 1120 2731 honus

129 2759 258 2800 Jesus,
285 2754 479 2804 discipulis
505 2756 580 2791 suis
609 2756 853 2793 familiaribus
881 2769 1049 2791 scorsum
1074 2754 1120 2791 ab

130 2814 209 2850 aliis
228 2813 402 2849 fratribus
420 2813 456 2849 in
474 2823 601 2851 monte
618 2815 946 2864 contemplationis
962 2814 1118 2858 eductis,

130 2887 168 2910 se
188 2886 312 2909 coram
332 2873 401 2908 illis
423 2875 689 2923 transfigurare
710 2875 885 2918 voluerit,
909 2883 946 2911 et
967 2875 1001 2910 in
1021 2882 1121 2909 veste

130 2932 287 2969 candida
315 2932 524 2969 dulcedinis
551 2941 588 2969 et
623 2933 800 2970 bonitatis
832 2947 907 2971 suae
938 2946 1121 2983 apparere
1150 2978 1157 2982 .

132 2991 367 3037 mirantibus,
389 3000 424 3028 et
444 2992 561 3029 solida
583 2993 763 3030 charitate
785 2993 970 3031 inebriare
991 2993 1122 3029 volue-

133 3053 180 3089 rit
212 3065 274 3087 005
289 3080 298 3097 ,
332 3065 428 3101 qnos
463 3061 549 3089 ante
588 3054 805 3090 visitaverat
847 3067 914 3105 per
948 3054 1122 3089 timorem

129 3111 274 3160 judicii,
293 3111 369 3147 sive
389 3125 456 3161 per
478 3112 693 3149 violentiam
715 3112 921 3149 salubrium
945 3112 1123 3149 tentatio-

134 3184 245 3215 num,
263 3171 349 3219 quia
368 3184 434 3220 per
458 3171 601 3220 flagella
622 3174 721 3208 Deus
743 3184 1017 3220 nonnunquam
1036 3183 1126 3206 suo-

136 3243 217 3266 rum
239 3243 276 3267 se
296 3229 474 3267 cordibus
495 3240 736 3280 repraesentat
755 3246 761 3268 :
780 3245 864 3267 011111
895 3243 983 3279 ergo
999 3259 1007 3274 ,
1031 3229 1126 3265 sicut

185 3362 191 3376 ¹
215 3356 293 3387 psal.
314 3367 382 3386 xmi
398 3380 405 3391 ,
429 3361 458 3387 si.
502 3376 521 3379 —
545 3362 555 3378 ²
573 3357 684 3389 Matth.
701 3370 771 3388 xvu
789 3382 795 3394 ,
819 3360 880 3388 1-4.
895 3376 908 3378 ’ν
924 3375 935 3379 -

962 3355 974 3377 >³
992 3359 1083 3387 Rom.
1102 3367 1150 3385 vii
1168 3380 1174 3389 ,

1186 2708 1262 2732 non
1285 2694 1490 2730 audiuntur
1512 2700 1670 2741 propter
1691 2704 1747 2736 50,
1769 2690 1833 2725 scd
1857 2697 2014 2738 propter
2037 2692 2178 2732 Deum,

1187 2755 1251 2803 qui
1272 2762 1308 2789 et
1329 2751 1473 2788 habitat
1496 2760 1530 2787 ct
1555 2750 1723 2799 loquitur
1743 2749 1778 2784 in
1804 2749 1891 2797 ipsis
1911 2762 1917 2782 ς
1937 2756 1972 2782 et
1996 2760 2079 2782 cum
2105 2747 2184 2782 tali-

1187 2814 1258 2850 bus
1282 2812 1472 2861 loquendo
1500 2825 1518 2847 a
1545 2810 1682 2846 nostris·
1709 2822 1808 2858 smpc
1843 2807 2006 2844 Domino
2040 2819 2181 2855 coope-

1191 2881 1297 2908 rante
1319 2868 1574 2906 dubietatibus
1603 2867 1850 2916 expedimur,
1873 2880 1891 2901 a
1914 2865 2037 2915 praxis
2058 2864 2184 2900 abdu-

1189 2933 1328 2976 cimur,
1366 2938 1401 2965 et
1440 2930 1475 2965 in
1515 2929 1616 2964 bono
1657 2927 1854 2977 proposito
1896 2927 2179 2961 confirmamur.

1189 2996 1454 3028 Verumtamen
1483 2990 1518 3025 in
1551 2988 1728 3024 omnibus
1761 2986 1998 3023 discretionis
2030 2986 2184 3034 spiritus

1191 3050 1379 3100 optandus
1401 3057 1454 3084 est
1471 3058 1505 3084 et
1532 3047 1791 3098 implorandus
1809 3060 1828 3083 a
1853 3046 2029 3089 Domino,
2047 3054 2085 3081 nt
2102 3046 2184 3095 ipso

1193 3110 1382 3147 revelante
1403 3109 1582 3150 sciamus,
1600 3107 1658 3143 0111
1685 3107 1833 3156 spiritui
1861 3106 1906 3140 sit
1938 3104 2184 3148 eredendum,

1191 3171 1250 3206 cui
1269 3169 1439 3205 cordium
1460 3177 1674 3204 nostrorum
1693 3166 1917 3216 simplicium
1942 3165 1987 3201 sit
2009 3165 2186 3212 cogitatio

1193 3228 1412 3271 revelanda,
1437 3242 1455 3264 a
1481 3241 1556 3277 quo
1587 3227 1716 3264 salutis
1743 3225 1901 3263 verbum
1935 3223 2186 3263 atuliendum2,

1199 3358 1253 3386 ¹24.
