2418 3949
103 196 172 232 241

101 271 289 322 aptabitur
324 272 419 308 odor
451 270 759 307 vestimentorum
800 277 948 306 tuorum
991 268 1086 305 sicut

775 195 824 228 IN
853 194 1076 238 CANTICA,
1106 192 1268 229 SERMO
1296 196 1471 230 XXXIV.

1096 265 1142 283 115

2067 198 2142 235 ’242

1205 269 1241 304 8.
1262 269 1359 315 Quid
1378 269 1431 305 illi
1448 282 1576 306 censes
1591 269 1718 307 deesse
1734 269 1779 306 ad
1799 271 1954 320 gloriam
1967 300 1977 317 ,
2009 273 2046 309 in
2073 287 2146 323 qua

103 333 198 370 odor
216 332 362 368 thuris?
379 331 450 379 Qui
472 343 564 367 vero
585 331 711 366 omnia
726 330 801 379 agit
820 338 860 366 ut
883 329 918 365 ei
945 328 1087 378 placeat
1103 331 1135 365 A
1151 327 1230 364 haec
1255 329 1324 364 tria
1349 329 1602 379 complacent,
1632 343 1692 374 os,
1719 330 1884 375 animus,
1923 334 2044 381 opus?
2070 336 2147 368 Hoc

102 392 161 428 cui
182 404 220 428 se
238 390 413 441 probavit
429 393 509 426 Deo
522 418 532 436 ,
549 397 591 426 ut
605 389 686 439 ejus
703 397 889 426 mereatur
910 388 1088 433 favorem,

104 449 247 499 utique·
262 449 358 485 odor
396 449 705 485 vestimentorum
744 447 824 496 ejus
864 447 958 483 sicut
994 446 1089 502 oflor

105 508 236 544 thuris.
256 511 301 544 Et
325 507 474 557 quidem
501 507 612 543 thura
637 507 708 543 nisi
726 510 806 544 Deo
836 506 905 542 soli
935 517 1004 542 nec
1029 505 1089 540 of-

105 568 192 604 ferri
210 568 351 613 solent,
372 580 439 603 nec
455 566 594 603 debent
609 581 616 602 :
634 565 718 602 ideo
735 565 829 602 odor
844 564 1090 601 vestimento-

105 638 187 662 rum
209 625 289 674 ejus
315 626 409 662 sicut
427 624 523 660 odor
550 624 690 669 thuris;
710 636 793 660 cum
808 622 991 672 quidquid
1010 622 1089 658 sive

104 685 225 734 palam
239 712 249 729 ,
271 684 350 720 sive
368 684 460 719 clam
487 683 582 731 agit,
610 682 656 718 ad
686 683 987 732 impetrationem
1007 682 1090 730 pla—

103 743 259 779 cationis
275 742 387 778 refert
401 741 550 777 divinae.
568 741 670 777 Idem
686 741 855 787 videtur,
870 753 949 778 esse
964 740 1088 777 oleum

103 802 142 838 in
171 801 290 846 vasis,
321 809 358 837 et
384 800 422 836 in
448 799 680 836 vestimentis
707 799 884 845 odorem,
916 799 979 836 sed
998 798 1089 835 odo-

103 872 181 896 rem
202 859 335 896 thuris.
355 858 452 906 Quid
468 857 569 894 aliud
582 886 592 904 ,
614 870 724 906 quam
741 857 875 907 gaudia
891 858 953 894 illa
977 857 1090 907 spiri-

105 918 215 955 tualia
233 926 271 954 et
293 926 468 954 aeternam
498 917 780 953 delectationem
801 921 921 953 Deum
948 925 1090 962 exorat,

102 977 167 1026 qui
198 989 348 1014 omnem
375 977 483 1013 aliam
509 975 656 1026 abjurat
687 984 724 1012 et
754 976 913 1012 horret?
950 978 1091 1020 Sitivic‚

1153 400 1311 423 numero
1337 388 1462 424 omnia
1485 389 1755 438 comprehensa
1785 398 1894 436 sunt,
1921 390 1987 427 sed
2013 391 2146 427 ordine

1153 459 1333 483 conversa
1353 455 1453 484 sunt.
1483 446 1542 484 Ab
1567 447 1744 497 operibus
1763 449 1862 485 enim
1891 450 2142 487 inchoandum

1154 514 1226 551 est,
1245 518 1321 541 non
1339 506 1385 542 ab
1401 506 1564 554 eloquio.
1585 507 1746 543 Cornelii
1763 509 1993 545 centurionis
2022 510 2144 559 primo

1154 578 1270 614 opera
1299 573 1336 600 et
1364 565 1550 601 orationes
1579 565 1762 602 exauditae
1799 575 1913 604 sunt:
1933 568 2006 604 fide
2035 569 2150 605 corda

1154 623 1333 659 mundata
1362 631 1449 659 sunt
1476 638 1483 659 :
1516 623 1651 659 deinde
1682 636 1795 673 super
1822 626 1943 674 ipsum
1971 635 2007 662 et
2036 640 2149 676 super

1154 695 1240 719 suos
1273 682 1432 731 Spiritus
1463 682 1612 727 cecidit,
1651 690 1688 718 et
1716 691 1822 718 erant
1853 685 2048 732 loquentes
2075 687 2146 722 lin·

1152 740 1235 789 guis
1252 739 1279 775 3.
1304 740 1379 789 Ipsi
1401 740 1569 789 Apostoli
1592 749 1677 788 post
1703 742 1968 778 Ascensionem
1995 746 2147 781 Domini

1154 799 1349 837 unanimes
1376 799 1618 848 perstiterunt
1645 799 1683 834 in
1715 800 1882 836 oratione
1914 816 1920 836 :
1953 804 2148 852 eompletis

1154 857 1410 908 promissionis
1428 857 1558 893 diebus
1578 858 1709 907 repleti
1730 867 1817 894 sunt
1836 859 1975 908 Spiritu
1995 875 2002 896 :
2021 871 2149 909 postca

1155 917 1310 967 profecti
1335 916 1635 966 praedicaverunt
1659 916 1812 966 ubique.
1848 918 1973 954 Primo
1999 919 2036 955 in
2063 933 2149 956 ora-

1158 977 1258 1013 tione
1283 975 1429 1025 profusi
1457 983 1561 1021 sunt,
1590 975 1726 1012 deinde
1749 976 1889 1025 Spiritu
1909 977 2020 1013 infusi
2046 987 2151 1025 sunt,

103 1037 224 1086 inquit
248 1037 432 1082 Psalmus,
456 1031 493 1072 it'z
519 1045 554 1072 te
573 1040 700 1072 anima
729 1049 811 1071 mea
820 1063 831 1080 ,
855 1049 966 1083 qaam
989 1038 1088 1070 mul·
1107 1034 1133 1068 B
1152 1045 1188 1073 et
1213 1035 1264 1072 sic
1288 1047 1400 1083 quam
1420 1043 1660 1083 susceperant
1685 1034 1767 1070 aliis
1789 1035 1942 1083 gratiam
1968 1036 2038 1085 ipsi
2065 1050 2150 1086 pro-

102 1098 275 1144 upliciter
301 1096 367 1131 tibi
394 1109 478 1131 caro
507 1109 590 1131 mea
607 1102 615 1117 ¹
633 1098 648 1132 Ξ)
669 1095 781 1132 Vides
800 1094 839 1130 in
864 1095 922 1131 his
941 1093 1085 1138 verbis,

102 1154 294 1204 quomodo
325 1162 362 1190 et
387 1154 508 1203 ipsum
536 1155 658 1190 carnis
689 1154 951 1190 vestimentum
984 1153 1090 1203 quasi

102 1213 282 1250 orationis
310 1212 422 1249 habet
454 1213 592 1258 vicem,
624 1213 712 1249 dum
737 1216 818 1249 Deo
850 1213 951 1249 sitire
997 1212 1091 1248 dici-

104 1279 175 1308 tur.
203 1273 297 1309 Caro
316 1271 539 1308 voluntariis
563 1272 697 1308 afflicta
719 1271 943 1321 disciplinis,
964 1284 1091 1307 nonne

102 1333 222 1368 Deum
244 1330 290 1366 ad
319 1330 621 1380 propitiationem
655 1330 802 1366 flectere
831 1330 984 1366 nititur?
1008 1333 1093 1379 Ipsa

101 1388 182 1437 ejus
198 1397 353 1439 propter
370 1392 490 1425 Deum
511 1388 692 1438 supplicia
706 1417 714 1433 ,
733 1389 903 1437 quaedam
933 1388 978 1425 ad
1006 1401 1091 1425 eum

102 1447 391 1496 supplicationes
428 1455 526 1484 sunt.
560 1448 807 1496 ‘Eleemosyna
839 1447 994 1497 pauperi
1022 1446 1094 1483 mi-

101 1505 338 1542 sericorditer
373 1506 539 1556 impensa
578 1514 708 1542 exorat
737 1520 745 1542 ε
779 1505 900 1542 carnis
931 1505 1093 1555 propriae

102 1564 299 1601 delectatio
336 1565 494 1601 discrete
529 1577 715 1614 repressa,
748 1578 816 1601 cur
849 1577 924 1601 non
949 1572 986 1600 et
1007 1564 1090 1613 ipsa

103 1623 280 1660 orationis
304 1623 416 1660 habet
435 1624 606 1660 effectum
623 1626 637 1659 Ρ
655 1624 866 1673 Voluptatis
885 1623 1087 1672 repressio,

102 1681 274 1729 quaedam
305 1691 360 1718 est
392 1690 566 1718 votorum
602 1683 810 1732 expressio,
841 1690 877 1718 et
914 1681 1089 1717 desiderii

101 1738 381 1777 delectationem
401 1741 509 1777 aliam
529 1741 761 1790 suspirantis.
796 1740 984 1778 Orationis
1011 1741 1085 1777 ser·

1154 1094 1327 1131 fundunt.
1354 1093 1479 1130 Primo
1499 1093 1777 1142 exspectatione
1796 1101 1832 1130 et
1851 1093 2036 1130 desiderio
2059 1108 2150 1131 con-

1154 1154 1253 1191 versi
1282 1161 1369 1189 sunt
1397 1152 1443 1189 ad
1470 1156 1591 1189 Deum
1615 1167 1623 1188 :
1653 1153 1817 1189 secundo
1849 1152 1894 1188 ad
1924 1153 2025 1202 ipsos
2059 1154 2150 1191 sacta

1155 1222 1212 1251 est
1230 1213 1301 1249 Dei
1321 1212 1518 1249 conversio
1541 1225 1548 1246 ε
1576 1212 1685 1248 tertio
1705 1212 1774 1261 ipsi
1796 1213 1968 1248 conversi
1996 1214 2150 1250 confor-

1158 1281 1261 1309 mant
1287 1281 1324 1308 et
1353 1273 1578 1308 confirmant
1607 1272 1739 1308 fratres
1759 1284 1858 1308 suos.
1880 1272 1952 1309 Sed
1972 1272 2049 1308 sive
2069 1286 2152 1309 san-

1158 1332 1320 1367 ctitatem
1344 1330 1428 1366 vitae
1444 1358 1453 1375 ,
1483 1330 1560 1366 sive
1589 1330 1839 1366 visitationem
1861 1330 2026 1366 divinam
2042 1359 2051 1375 ,
2073 1332 2150 1368 sive

1157 1389 1264 1426 verbi
1285 1388 1533 1425 ministerium
1552 1388 1589 1424 in
1608 1389 1799 1437 Apostolis
1817 1389 2006 1435 attendas;
2023 1391 2150 1426 omnia

1159 1449 1236 1484 haec
1255 1447 1564 1484 vestimentorum
1587 1448 1704 1483 vicem
1728 1456 1878 1495 tenent,
1899 1448 1954 1484 his
1973 1448 2150 1486 omnibus

1160 1506 1280 1556 operti
1301 1514 1337 1542 et
1359 1506 1481 1542 ornati
1500 1514 1599 1541 sunt.
1620 1505 1718 1553 Quid
1739 1506 1777 1541 in
1797 1506 1870 1542 illis
1890 1506 2063 1543 relictum
2096 1516 2150 1544 est

1158 1571 1222 1600 aut
1241 1563 1405 1609 nudum,
1423 1571 1487 1599 aut
1507 1571 1690 1599 vetustate
1709 1563 1866 1612 pristina
1886 1563 2065 1610 sordens,
2086 1566 2151 1614 qui

1156 1629 1230 1657 tam
1262 1621 1395 1657 festivo
1415 1629 1452 1657 et
1472 1620 1579 1657 verbi
1605 1629 1642 1656 et
1665 1621 1817 1657 virtutis
1849 1622 1953 1658 cultu
1983 1623 2152 1672 resplen-

1154 1679 1269 1716 dent?
1288 1679 1455 1716 Eximius
1472 1680 1597 1728 itaque
1612 1680 1734 1716 cultus
1750 1680 1788 1715 iu
1804 1680 1895 1727 illis,
1918 1680 1981 1716 sed
2002 1694 2070 1718 nec
2090 1695 2151 1718 co-

1154 1739 1214 1787 pia
1235 1738 1369 1774 minor.
1392 1738 1579 1786 Quidnam
1601 1738 1679 1774 haec
1697 1738 1918 1774 vestimenta
1948 1739 2150 1776 redolent?

98 1799 194 1836 vidae
221 1799 373 1836 effectus
404 1800 443 1836 in
469 1800 552 1836 sinu
579 1800 702 1837 cordis
727 1800 887 1836 vertitur
917 1808 954 1835 et
996 1813 1086 1835 con-
1106 1804 1132 1839 C
1152 1799 1271 1846 qualis
1291 1805 1346 1834 est
1359 1797 1456 1833 odor
1471 1811 1600 1834 eorum
1614 1799 1628 1833 ?
1642 1798 1833 1846 Numquid
1850 1811 1928 1834 non
1948 1799 2043 1835 sicut
2064 1800 2150 1836 thu-

97 1857 267 1894 vertitur.
304 1859 428 1896 Thura
459 1859 497 1894 in
528 1859 724 1895 exterioris
761 1858 995 1895 abstinentiae
1020 1871 1087 1894 ve-

97 1917 273 1953 stimento
301 1910 465 1954 suaviter
494 1918 669 1965 fragrant.
693 1921 739 1954 Et
766 1917 907 1954 bonum
931 1918 1086 1953 omnino

98 1976 380 2021 vestimentum,
415 1977 566 2026 quando
597 1978 719 2014 anima
753 1990 829 2014 non
865 1986 937 2013 tam
975 1990 1085 2013 earne

97 2034 272 2079 vestitur,
300 2047 410 2083 quam
447 2036 650 2071 carnalium
680 2035 826 2084 jejunio
856 2035 1017 2084 quodam
1048 2045 1084 2072 et

97 2092 339 2140 temperantia
360 2092 606 2140 voluptatum.
627 2096 771 2128 Bonum
791 2093 945 2128 omnino
974 2094 1083 2129 vesti-

97 2158 261 2186 mentum
279 2151 508 2186 continentia
527 2151 718 2200 virginalis
736 2166 743 2187 :
763 2164 914 2188 suavem
941 2152 1083 2188 redolet

94 2216 130 2243 et
154 2209 255 2244 velut
286 2208 405 2245 thuris
434 2209 612 2255 odorem,
639 2210 698 2245 vel
727 2209 778 2245 illi
804 2223 915 2258 quem
943 2210 1081 2258 diligit,

94 2267 153 2303 vel
182 2266 251 2304 sibi
281 2280 365 2316 quae
395 2268 527 2316 diligit.
553 2269 743 2317 Quidquid
768 2282 852 2304 cum
883 2269 1083 2305 dilectione

93 2326 271 2372 offertur,
292 2340 366 2363 non
390 2336 512 2377 potest
532 2328 612 2376 ejus
631 2328 877 2365 delectatione
899 2341 972 2364 non
995 2342 1081 2377 per-

93 2385 162 2421 frui
190 2385 268 2434 ipsa
289 2399 371 2434 quae
399 2386 522 2422 offert.
543 2387 674 2424 Omnis
703 2388 801 2423 enim
824 2387 900 2423 haec
919 2387 1081 2424 dulcedo

91 2455 173 2492 quae
200 2444 422 2493 praedicatur
439 2445 475 2480 in
492 2457 556 2490 ea,
574 2445 732 2481 sentitur
759 2453 796 2481 et
825 2445 872 2481 ab
899 2446 991 2495 ipsa.
1024 2445 1081 2482 Ab

91 2503 169 2551 ipsa
192 2511 338 2548 manat,
360 2512 396 2540 et
415 2504 451 2539 in
474 2505 551 2553 ipsa
580 2513 718 2541 manet.
749 2508 792 2541 In
818 2504 923 2541 labiis
952 2505 1078 2550 savus,

90 2560 161 2597 sub
181 2561 304 2611 lingua
325 2563 415 2607 mel,
436 2571 472 2598 et
490 2564 527 2599 in
544 2564 776 2600 vestimentis
801 2563 882 2611 ejus
908 2564 1079 2600 redolen-

91 2619 140 2656 tia
171 2620 299 2658 thuris.
336 2622 509 2658 Proxima
544 2630 630 2659 sunt
667 2622 738 2672 ipsi
769 2623 941 2659 universa
983 2623 1079 2668 haee,

90 2691 249 2727 quornm
280 2687 352 2715 tam
386 2689 512 2729 gratus
546 2689 601 2717 est
634 2693 786 2726 sensus,
816 2689 852 2717 et
883 2682 1080 2730 perfruitio

89 2736 216 2774 dulcis.
245 2741 384 2783 Erunt,
416 2739 538 2788 inquit
572 2739 716 2785 David,
753 2749 791 2774 uc
825 2743 1080 2788 complaceant

88 2799 236 2845 eloquia
266 2802 339 2833 oris
368 2803 441 2833 mei
456 2826 465 2841 ‚
500 2807 535 2833 et
567 2801 756 2835 medicatio
785 2801 905 2835 cordis
938 2805 1011 2835 mei
1039 2804 1076 2835 1⁴11

89 2864 282 2902 conspectu
313 2864 373 2890 tuo
404 2863 587 2904 semper2.
631 2856 783 2893 Habetis
823 2857 883 2893 hic
920 2866 1078 2906 utraque

89 2912 167 2949 haec
183 2928 190 2948 :
209 2922 247 2949 et
265 2926 311 2949 ne
336 2914 426 2962 quid
442 2914 536 2951 desit
552 2915 598 2951 ad
616 2916 806 2952 cumulum
833 2917 979 2965 grathe,
1007 2916 1078 2953 sul)

88 2972 394 3008 vestimentorum
423 2973 608 3010 vocabulo
629 2988 785 3024 operum
810 2976 968 3024 qualitas
997 2984 1074 3011 ter-

89 3030 139 3066 tio
166 3030 246 3066 loco
267 3032 454 3080 profertur
482 3032 517 3068 in
541 3033 715 3069 medium.
742 3037 783 3070 In
813 3034 918 3070 labiis
939 3035 1076 3069 stillant

88 3088 255 3138 eloquia:
275 3089 344 3126 sub
362 3091 484 3139 lingua
503 3092 760 3128 meditationes
779 3093 918 3129 mellea»
935 3093 1073 3128 lluunt:

91 3149 391 3186 vestimentorum
408 3159 562 3187 ornatus
580 3151 700 3187 thuris
716 3151 830 3200 spirat
851 3151 1020 3187 odorem.

138 3278 146 3292 ¹
165 3273 240 3304 Psat.
259 3285 338 3311 mxu,
361 3279 388 3305 2.
407 3293 446 3297 *-
473 3281 483 3296 ²
507 3277 584 3306 l‘sal.
604 3287 702 3312 xviii,
728 3280 775 3306 th.
854 3275 944 3307 ‘Aet
967 3289 996 3307 x.

1153 1857 1228 1893 ris?
1255 1860 1348 1894 Cum
1374 1857 1526 1893 Domini
1547 1857 1743 1905 pecuniam
1766 1857 1956 1893 conservis
1975 1867 2151 1907 erogant,

1153 1928 1228 1951 non
1247 1916 1334 1951 inde
1349 1928 1464 1964 penes
1483 1928 1521 1951 se
1540 1914 1745 1963 quidquam
1764 1915 1823 1950 vel
1844 1915 1969 1951 furtim
1989 1917 2151 1953 residere

1151 1975 1249 2023 passi
1263 1983 1361 2020 sunt,
1375 1974 1465 2010 nihil
1480 1973 1566 2010 inde
1582 1973 1839 2010 fraudulenter
1859 1974 1928 2010 sibi
1949 1974 2150 2025 decerpen—

1151 2041 1204 2070 tes
1230 2049 1237 2070 :
1262 2034 1371 2069 etiam
1392 2046 1412 2068 a
1434 2031 1553 2068 laudis
1583 2044 1737 2067 munere
1760 2045 1911 2068 manum
1935 2035 2149 2079 excutiunt,

1147 2093 1273 2129 onmia
1304 2091 1502 2128 referendo
1539 2091 1585 2127 ad
1616 2091 1772 2140 gloriam
1803 2091 1884 2127 Dei.
1918 2093 2029 2138 Quasi
2065 2094 2144 2129 coeli

1148 2151 1287 2187 decoro
1314 2150 1434 2186 vestiti
1453 2158 1539 2185 sunt
1556 2150 1718 2193 lumine,
1741 2149 1806 2185 sed
1836 2150 1918 2185 coeli
1945 2161 2145 2197 enarrant,

1149 2222 1224 2245 non
1254 2221 1378 2254 suam,
1401 2208 1465 2244 sed
1497 2208 1652 2256 gloriam
1682 2208 1762 2244 Dei.
1795 2211 1880 2256 Ipse
1913 2208 1979 2244 tibi
2011 2211 2146 2247 Paulus

1148 2266 1298 2303 subtilia
1328 2275 1365 2302 et
1399 2265 1674 2302 indissolubilia
1713 2266 1884 2314 quaedam
1923 2268 2145 2305 vestimenta

1148 2325 1273 2361 verbis
1293 2325 1368 2361 suis
1384 2325 1571 2369 contexit,
1594 2333 1631 2360 et
1654 2338 1724 2374 pro
1748 2326 1952 2374 capacitate
1973 2336 2034 2363 tua
2049 2356 2057 2372 ‚
2082 2329 2144 2364 lu-

1148 2384 1259 2420 minis
1291 2392 1327 2420 et
1359 2383 1613 2432 intelligentiae
1647 2392 1795 2432 coaptat
1835 2385 2032 2431 amictum,
2066 2400 2142 2423 non

1149 2451 1273 2479 tamen
1310 2443 1348 2479 in
1384 2442 1692 2492 persuasibilibus
1727 2443 1900 2479 humauae
1949 2446 2143 2494 sapientia*

1144 2501 1292 2548 verbis,
1314 2501 1378 2538 sed
1407 2502 1444 2538 in
1471 2501 1642 2537 doctrina
1674 2501 1835 2550 Spiritus
1854 2502 1880 2538 4.
1908 2502 2000 2539 Ideo
2025 2505 2141 2540 vesti-

1098 2566 1271 2600 Dmenta
1304 2560 1442 2610 quibus
1471 2561 1528 2596 vel
1562 2561 1642 2609 ipse
1676 2561 1830 2609 tegitur,
1864 2562 1920 2597 vel
1953 2576 2037 2610 quae
2073 2563 2139 2600 tibi

1146 2621 1335 2666 contexit,
1358 2620 1509 2656 nonnisi
1539 2620 1656 2656 thuris
1689 2619 1826 2656 liabent
1846 2620 2015 2657 odorem.
2049 2626 2138 2659 Nam

1145 2681 1316 2716 affectata
1336 2679 1540 2715 verborum
1562 2680 1711 2714 lascivia
1726 2687 1763 2714 et
1783 2680 1926 2722 cultus,
1955 2681 2076 2717 inanis
2104 2690 2140 2718 et

1145 2740 1236 2775 levis
1258 2739 1385 2787 gloria¹
1407 2737 1577 2773 redolere
1596 2737 1747 2773 videtur
1777 2739 1965 2774 al'l'eetum.
1999 2743 2041 2776 Et
2074 2744 2137 2790 qui

1145 2812 1220 2834 non
1251 2799 1418 2846 leporem
1440 2797 1601 2844 eloquii,
1635 2797 1699 2833 sed
1732 2797 1893 2834 lubricas
1922 2807 1958 2834 et
1993 2800 2138 2837 fallaces

1144 2857 1418 2905 disputationes
1458 2855 1664 2891 subtilioris
1709 2864 1899 2893 sectantur
1942 2860 2105 2896 materiae

1145 2915 1233 2951 dum
1268 2929 1306 2950 se
1335 2914 1444 2950 nimis
1474 2922 1631 2963 propter
1662 2915 1811 2950 inanem
1843 2917 2007 2952 savorem
2036 2927 2136 2954 exte·

1144 2982 1286 3017 nuant,
1323 2973 1520 3021 aliquoties
1552 2973 1725 3009 intexunt
1756 2973 2017 3023 blasphemias.
2053 2980 2133 3013 Non

1143 3046 1233 3080 ergo
1257 3032 1353 3067 odor
1373 3032 1684 3068 vestimentorum
1713 3031 1899 3080 ejusmodi
1924 3035 2017 3070 sieut
2041 3022 2135 3071 odor

1146 3092 1275 3128 tliuris.
1305 3092 1457 3128 Nullum
1488 3092 1524 3127 in
1555 3093 1785 3128 vestimentis
1807 3105 1953 3141 sponsa·
1980 3095 2131 3143 excipe-

1144 3165 1182 3187 re
1213 3151 1379 3193 videtur,
1407 3151 1495 3187 dum
1529 3151 1722 3188 indefinite
1753 3153 1967 3200 pronuntiat
1995 3168 2000 3188 :
2033 3156 2133 3188 (hlut-

2126 2890 2135 2904 9

1039 3296 1048 3301 <
1088 3280 1207 3307 ¹l('.ot⁴.
1231 3289 1267 3310 ιι,
1298 3280 1333 3305 1.:
