2418 3949
153 251 250 287 1013

794 252 852 285 ET
880 247 1326 294 RESURRECTIONEM
1355 249 1544 284 DOMINI.

2101 244 2195 280 1014

151 338 224 365 tem
252 327 348 364 absit
376 327 550 377 gloriari,
581 327 652 364 nisi
672 327 711 363 in
744 339 856 363 cruce
880 326 1033 364 Domini
1066 321 1437 362 mei⁸⁰⁷liberati0nis
1457 323 1610 372 accipit,
1634 323 1707 358 hoc
1728 331 1804 368 est,
1827 331 2020 371 acceptum
2041 320 2209 358 habetet

150 391 237 424 Jesu
269 387 417 425 Christi.
440 389 540 424 Crux
562 387 679 436 gloria
706 395 768 423 tua
793 395 868 432 est,
893 399 985 422 crux
1014 386 1136 435 impe·
1157 384 1188 416 A
1205 390 1349 430 gratum
1365 410 1374 427 ,
1393 383 1535 432 primus
1550 383 1587 417 in
1607 395 1645 417 se
1662 383 1784 431 ipsum
1807 394 1958 417 manum
1981 382 2103 424 mittit,
2124 382 2207 430 pri·

151 446 248 482 rium
271 454 374 482 tuum
395 455 462 482 est.
482 450 576 483 Ecce
599 446 798 495 imperium
819 453 922 481 tuum
940 458 1054 494 super
1069 444 1139 480 hu-

151 519 295 542 merum
313 514 417 541 tuum
436 520 443 542 :
462 514 589 555 portas
604 518 752 541 crucem
772 513 887 550 tuam,
907 512 1035 554 portas
1049 516 1140 553 por-

152 572 291 600 tantem
327 573 374 601 te.
406 565 478 612 Qui
511 572 639 614 portat
670 576 819 600 crucem
854 571 955 598 tuam
968 591 977 608 ,
1016 569 1142 611 portat

151 624 308 673 gloriam
331 632 443 660 tuam.
463 624 534 671 Qui
551 623 708 672 gloriam
729 631 829 658 tuam
849 630 993 672 portat,
1015 628 1142 671 portat

155 693 202 720 te.
224 688 439 720 Portantem
458 691 581 719 autem
605 691 638 718 te
659 691 698 718 tu
719 690 846 732 portas
870 694 985 731 super
1004 681 1140 717 hume-

151 756 233 780 rum
256 752 382 787 tuum,
404 742 491 791 quia
512 742 711 791 imperium
743 750 846 778 tuum
869 753 983 790 super
1007 741 1143 776 hume-

153 815 234 838 rum
252 811 371 838 tuum.
389 805 487 850 Ergo
502 801 567 850 qui
586 809 620 837 te
634 809 800 850 portant,
817 801 1016 851 imperium
1035 808 1139 836 tuum

151 870 238 898 sunt
261 875 268 897 :
291 861 330 897 in
356 860 447 910 ipsis
467 860 565 896 enim
589 868 627 895 tu
652 873 804 909 regnas,
836 874 858 897 ο
886 860 1046 896 maxime
1065 862 1144 896 Im-

150 928 311 969 perator.
341 918 414 955 Sed
442 917 655 967 quomodo,
686 927 751 954 aut
771 932 847 967 quo
872 927 1000 968 portas
1021 918 1144 967 impe-

151 979 246 1014 rium
275 979 406 1014 tuum?
435 980 555 1026 Super
584 977 780 1014 humerum
810 986 929 1014 tuum.
959 982 1145 1015 Humerus

151 1047 235 1074 tuus
255 1038 352 1074 altus
374 1045 456 1084 est,
480 1037 659 1073 humerus
681 1046 765 1073 tuus
786 1037 892 1074 fortis
911 1046 985 1080 est,
1007 1037 1145 1073 hume-

1205 455 1288 478 mus
1312 442 1553 490 semetipsum
1578 442 1765 477 interficit.
1786 443 1939 477 Gladius
1953 469 1963 484 ,
1987 441 2127 489 inquit,
2147 454 2209 475 eo-

1206 515 1283 537 rum
1303 505 1412 536 intret
1428 506 1465 536 in
1484 502 1596 535 corda
1611 505 1771 549 ipsorum
1785 498 1812 536 ⁶.
1831 504 1907 537 Nec
1922 501 2009 536 satis
2025 508 2080 536 est
2095 500 2207 536 semel

1207 559 1379 596 occidere
1395 568 1431 595 et
1451 560 1643 608 quiescere
1663 575 1670 595 :
1688 559 1820 595 millies
1837 568 1873 595 et
1891 560 2024 596 millies
2040 559 2210 596 crudeles

1207 632 1339 656 manus
1361 619 1399 654 in
1421 632 1459 655 se
1479 627 1729 664 convertunt,
1760 626 1797 654 et
1815 619 1964 654 veloces
1985 627 2071 654 sunt
2092 619 2206 668 pedes

1206 691 1337 715 eorum
1370 677 1416 713 ad
1436 677 1710 713 effundendum
1736 677 1954 725 sanguinem
1984 690 2113 722 suum,
2139 678 2209 713 viri

1208 738 1430 786 sanguinum
1445 745 1481 773 et
1495 736 1626 773 dolosi.
1640 736 1841 783 Quomodo
1856 736 1998 773 dolosi?
2011 737 2106 784 Quia
2119 750 2209 773 con-

1209 806 1344 847 gerunt
1355 797 1537 833 cadavera
1551 804 1789 832 mortuorum
1805 796 1840 830 in
1853 795 2068 844 speluncam
2082 808 2185 832 suam
2198 825 2208 841 ,

1210 864 1247 893 et
1259 857 1440 905 operiunt
1455 868 1588 905 aggere
1608 863 1715 891 terrae
1727 882 1736 899 ,
1752 867 1797 890 ne
1815 855 1869 890 vel
1886 854 1956 903 ipsi
1972 854 2136 900 videant,
2150 855 2208 891 vel

1212 915 1259 952 ab
1274 916 1356 952 aliis
1367 915 1581 951 videantur.
1595 915 1737 951 Nolunt
1748 914 1818 963 ipsi
1839 914 1966 950 videre
1981 942 1989 958 ,
2010 927 2055 950 ne
2069 914 2209 950 horro-

1212 988 1290 1011 rem
1310 975 1369 1011 vel
1396 983 1573 1024 putorem
1597 974 1770 1022 ingerant
1795 973 1846 1009 eis
1866 973 1903 1008 in
1926 974 2055 1009 faciem
2079 974 2210 1009 morti—

1212 1034 1295 1070 cina
1326 1034 1479 1070 fetentia
1503 1048 1510 1068 :
1539 1033 1674 1069 nolunt
1702 1033 1845 1077 videri,
1870 1046 1915 1068 ne
1947 1033 2042 1068 forte
2072 1033 2208 1083 depre-

149 1111 212 1134 γης
234 1106 320 1134 tuus
341 1098 521 1147 pertingit
548 1110 666 1146 usque
687 1097 733 1134 ad
759 1098 879 1134 Patris
897 1109 1114 1134 consessum
1131 1123 1141 1141 ‚
1162 1092 1189 1126 B
1209 1093 1315 1129 hensi
1331 1101 1509 1141 tanquam
1524 1092 1689 1127 latrones
1702 1099 1739 1127 et
1752 1090 1950 1127 homicidae
1963 1091 2010 1127 ad
2022 1091 2210 1128 horrenda

148 1171 262 1208 super
277 1171 427 1195 omnem
447 1158 698 1208 principatum
717 1165 753 1194 et
770 1165 991 1207 potestatem
1009 1165 1045 1193 et
1061 1155 1140 1191 vir-

149 1226 278 1254 tutem.
308 1218 401 1254 Illuc
434 1217 580 1254 reducis
616 1230 725 1254 ovem
762 1217 1000 1254 centesimam
1019 1247 1028 1264 ,
1056 1218 1145 1255 illuc

149 1277 296 1314 reducis
316 1290 424 1314 ovem
448 1277 603 1327 Joseph.

206 1337 260 1373 14.
282 1337 385 1374 Vade
407 1336 484 1386 jam
505 1350 655 1381 secura,
680 1336 762 1372 ovis
791 1336 952 1386 Joseph,
976 1337 1144 1374 Christus

148 1405 182 1432 te
204 1405 330 1446 portat
349 1409 463 1446 super
480 1397 680 1432 humerum
706 1409 814 1432 suum
843 1411 850 1432 ε
874 1396 979 1432 fortis
998 1405 1053 1433 est
1073 1397 1144 1433 hu-

148 1468 272 1492 merus
292 1455 391 1504 ejus,
413 1455 490 1491 noli
515 1455 656 1490 timere.
680 1455 787 1491 Altus
807 1464 885 1501 est,
908 1456 984 1492 noli
1005 1456 1050 1491 ad
1069 1456 1143 1492 ima

147 1515 355 1565 respicere,
379 1514 467 1564 quia
485 1527 596 1550 nemo
624 1514 777 1551 mittens
798 1528 948 1551 manum
970 1528 1074 1551 suam
1097 1515 1141 1551 ad

146 1582 334 1619 aratrum,
371 1584 407 1610 et
440 1574 623 1624 aspiciens
652 1582 773 1619 retro,
800 1582 910 1623 aptus
941 1582 997 1610 est
1027 1587 1142 1623 regno

147 1633 216 1669 nei
231 1639 255 1669 ¹.
277 1635 396 1670 Suave
413 1632 544 1682 jugum
565 1646 679 1682 super
696 1633 793 1669 filios
813 1633 931 1670 Adam
950 1646 971 1669 a
993 1633 1053 1669 die
1072 1647 1135 1670 na-

146 1693 298 1729 tivitatis
326 1706 478 1738 eorum,
500 1705 620 1742 usque
647 1693 684 1728 in
719 1692 816 1729 diem
845 1693 1072 1729 reversionis
1103 1694 1138 1729 in

146 1760 302 1788 matrem
333 1752 516 1788 omnium.
543 1751 729 1799 Quamdiu
760 1764 841 1787 sum
875 1752 972 1787 lilius
1005 1752 1140 1788 veteris

146 1811 263 1848 Adam
280 1839 289 1856 ,
309 1824 421 1860 grave
435 1810 567 1861 jugum
590 1819 701 1860 porto
721 1825 728 1847 :
746 1810 776 1847 si
796 1823 913 1847 essem
933 1811 1030 1847 filius
1052 1811 1138 1847 novi

1210 1152 1396 1202 supplicia
1414 1151 1693 1201 pertrahantur.
1711 1150 1809 1197 Quid
1831 1159 1953 1186 autem
1976 1151 2013 1186 in
2033 1151 2210 1187 omnibus

1210 1213 1405 1263 suppliciis
1422 1220 1494 1248 tam
1516 1211 1749 1247 horrendum
1769 1223 1880 1259 quam
1905 1212 2018 1246 crux?
2044 1210 2134 1246 Ideo
2161 1212 2209 1246 ti-

1211 1281 1314 1309 ment
1330 1285 1480 1309 crucem
1500 1272 1665 1308 latrones
1677 1299 1686 1315 ,
1704 1270 1793 1319 quia
1810 1283 1901 1306 crux
1926 1270 2108 1306 scelerum
2126 1270 2209 1306 vin-

1210 1333 1283 1369 dex
1307 1341 1383 1377 est,
1407 1345 1500 1368 crux
1525 1331 1729 1381 impiorum
1753 1342 1864 1380 poena
1884 1338 1959 1374 est,
1986 1343 2078 1366 crux
2104 1343 2209 1379 aequa

1209 1392 1316 1428 lance
1330 1390 1476 1440 judicat
1491 1399 1529 1427 et
1548 1397 1765 1426 renumerat
1780 1389 1866 1424 hinc
1890 1397 2090 1434 nocentes,
2109 1390 2210 1425 illinc

1208 1450 1442 1486 innocentes.
1462 1450 1554 1487 Ideo
1580 1463 1671 1485 crux
1697 1448 1822 1498 impiis
1848 1448 2115 1493 formidolosa,
2138 1450 2209 1498 piis

1208 1519 1333 1546 autem
1358 1523 1472 1560 super
1496 1510 1623 1546 omnia
1644 1510 1743 1558 ligna
1768 1508 1930 1558 paradisi
1955 1508 2117 1557 gratiosa
2136 1517 2206 1546 est.

1207 1569 1400 1619 Numquid
1427 1569 1528 1605 enim
1559 1568 1728 1605 Christus
1753 1580 1902 1604 crucem
1926 1567 2070 1604 timuit?
2097 1581 2208 1604 num-

1207 1629 1297 1678 quid
1319 1630 1476 1666 Petrus?
1491 1627 1676 1677 numquid
1695 1626 1981 1664 AndreaSPImo
1996 1634 2032 1662 et
2050 1627 2205 1676 optavit.

1205 1687 1418 1724 Exsultavit
1432 1687 1531 1724 enim
1548 1694 1587 1722 ut
1601 1686 1701 1735 gigas
1714 1685 1759 1721 ad
1775 1685 1998 1721 currendam
2016 1685 2112 1721 viam
2123 1692 2148 1722 7.
2163 1689 2209 1722 Et

1205 1749 1406 1790 desiderio,
1426 1746 1569 1795 inquit,
1586 1746 1794 1780 desideravi
1807 1744 1874 1778 hoc
1885 1745 2030 1792 pascha
2047 1746 2207 1780 mamia-

1207 1821 1292 1842 (τυ-(3
1322 1807 1529 1850 vobiscum,
1547 1813 1747 1853 antequam
1771 1802 1937 1852 patim-⁸.
1967 1804 2208 1840 Manducavit

145 1870 284 1917 Adam,
314 1872 395 1908 leve
420 1871 552 1920 jugum
583 1878 787 1920 portarem.
820 1871 931 1918 Quod
959 1879 1014 1907 est
1045 1871 1184 1907 onusC
1208 1867 1342 1916 pascha
1372 1880 1457 1903 curn
1488 1865 1702 1915 discipulis,
1730 1863 1971 1900 manducavit
1998 1864 2136 1913 pascha
2170 1872 2207 1899 et

146 1932 280 1978 grave?
297 1930 493 1967 Talentum
516 1929 674 1979 plumbi.
698 1934 744 1967 Et
764 1930 866 1979 quod
890 1938 946 1967 est
966 1944 1062 1967 onus
1085 1931 1141 1967 le-

148 1990 218 2024 ve?
234 1992 333 2026 Crux
352 1989 501 2027 Christi.
519 1989 634 2034 Illud,
651 1989 745 2025 sicut
765 1989 944 2038 scriptum
960 1998 1034 2036 est,
1053 1990 1143 2026 sub—

147 2049 329 2098 mergitur
348 2049 385 2084 in
403 2049 509 2098 aquis
527 2047 813 2085 vehementibus
826 2055 837 2069 ²
863 2063 869 2084 :
894 2049 992 2085 istud
1017 2058 1143 2086 enatat

146 2120 260 2156 super
280 2120 408 2156 aquas.
434 2108 528 2144 Mira
551 2120 621 2143 res.
641 2107 739 2143 Nihil
762 2107 1042 2145 formidolosius
1071 2109 1141 2145 ho-

147 2165 259 2211 mini,
280 2179 390 2215 quam
412 2180 560 2203 crucem
583 2167 671 2215 pati.
691 2167 762 2203 Sed
783 2180 899 2216 quare
919 2168 1050 2204 timent
1072 2169 1141 2204 lio-

146 2226 265 2262 mines
283 2228 458 2262 crucem?
479 2227 574 2274 Quia
601 2227 765 2263 latrones
786 2235 873 2263 sunt
896 2242 902 2263 :
927 2228 956 2263 si
978 2229 1142 2265 latrones

146 2297 221 2320 uon
244 2293 391 2330 essent,
411 2298 559 2321 crucem
582 2298 657 2321 non
680 2286 865 2322 timerent.
888 2290 984 2335 Ergo
1004 2288 1068 2336 qui
1090 2288 1140 2324 ti·—

145 2352 239 2388 met,
256 2345 349 2380 latro
367 2353 435 2382 est.
455 2346 674 2392 Quomodo,
691 2347 833 2395 inquis,
850 2347 946 2383 latro
964 2349 1040 2383 est?
1060 2352 1140 2385 Au-

144 2401 182 2438 di
210 2403 411 2440 CliriStum.
440 2406 511 2439 Vos
544 2414 687 2449 autem,
719 2405 860 2453 inquit,
883 2404 1029 2452 fecistis
1058 2421 1139 2442 eam

143 2464 359 2509 speluncam
391 2465 572 2498 latronum
600 2460 623 2499 3.
652 2466 842 2511 Templum
871 2467 939 2500 Dei
971 2474 1139 2501 sanctum

144 2531 212 2565 est,
249 2524 353 2570 quod
377 2525 459 2558 ωτιῖν
487 2537 553 2558 vos
565 2525 590 2558 ⁴.
616 2523 772 2560 Faciunt
795 2537 883 2573 ergo
904 2525 1075 2561 homines
1101 2538 1140 2561 se

145 2582 247 2630 ipsos
274 2583 489 2631 speluncam
519 2584 720 2619 latronum.
742 2585 922 2632 Jugulant
948 2584 1138 2631 homines,

1209 1940 1292 1963 eum
1312 1939 1441 1977 passus
1458 1934 1533 1970 est,
1551 1923 1703 1974 quando
1721 1923 1892 1959 transivit
1910 1936 1956 1959 ex
1974 1922 2045 1958 lioc
2063 1923 2204 1959 mundo

1207 1987 1252 2022 ad
1272 1991 1429 2023 Patrem.
1452 1988 1553 2034 Ego,
1572 1984 1712 2033 inquit,
1732 1983 1848 2019 habeo
1865 1982 1980 2018 cibum
2002 1985 2207 2018 mandaca-

1209 2060 1246 2081 η’
1259 2076 1267 2091 ‚
1294 2061 1402 2094 quem
1420 2059 1485 2081 vos
1501 2050 1647 2081 nescitis
1661 2059 1671 2079 .·
1686 2057 1789 2079 metas·
1804 2043 1898 2078 cibus
1922 2052 1991 2087 esc,
2011 2042 2205 2090 alsaciam

1208 2109 1434 2141 voluntatem
1458 2107 1584 2140 Patris
1614 2109 1726 2149 ιηεῖέ),
1752 2111 1788 2139 et
1808 2103 1982 2139 voluutas
2012 2103 2130 2139 Patris
2150 2111 2206 2139 est

1209 2174 1248 2201 ut
1269 2166 1422 2201 calicem
1441 2164 1522 2213 ejus
1538 2163 1677 2200 bibam.

1265 2228 1321 2262 15.
1352 2229 1450 2274 Ergo
1477 2225 1514 2261 in
1545 2237 1656 2260 cruce
1686 2223 1927 2259 manducavit
1957 2231 1992 2258 et
2024 2222 2140 2267 bibit,
2170 2231 2207 2258 et

1208 2285 1413 2321 inebriatus
1434 2293 1490 2321 est
1509 2292 1545 2320 et
1566 2283 1767 2327 dormivit,
1784 2290 1821 2318 et
1841 2282 1919 2317 risit
1941 2281 2104 2317 verenda
2126 2280 2208 2329 ejus

1208 2344 1428 2380 maledictus
1450 2343 1578 2381 Cham.
1601 2342 1684 2379 Filii
1704 2350 1829 2377 autem
1849 2349 2080 2377 revertentes
2100 2341 2206 2377 altis-

1207 2405 1289 2440 simi
1307 2403 1455 2453 soporis
1472 2402 1690 2451 mysterium
1707 2401 1822 2450 pallio
1841 2408 2103 2437 contexerunt.
2125 2403 2205 2436 Im-

1207 2465 1305 2500 misit
1337 2464 1480 2513 quippe
1510 2464 1696 2500 Dominus
1726 2473 1902 2510 soporcm
1933 2461 1970 2496 in
1999 2459 2139 2505 Adam,
2171 2467 2207 2495 et

1207 2526 1291 2561 tulit
1314 2538 1427 2561 unam
1454 2524 1500 2560 de
1520 2523 1631 2560 costis
1655 2521 1759 2571 ejus,
1782 2529 1818 2557 et
1840 2520 2039 2556 aedilicavit
2057 2519 2091 2555 in
2121 2533 2207 2555 mu·-

1206 2585 1355 2630 lierem,
1377 2593 1414 2621 et
1431 2582 1590 2619 adduxit
1609 2595 1690 2618 eam
1711 2580 1758 2617 ad
1780 2579 1910 2617 Adam.
1933 2579 2129 2616 Manifesta
2151 2591 2207 2614 res

144 2648 182 2676 et
202 2641 352 2677 trahunt
374 2642 411 2677 in
432 2643 645 2691 speluncam
667 2656 784 2680 suam.
803 2644 914 2692 Quod
933 2644 1031 2680 enim
1058 2658 1138 2681 ma-
1158 2649 1190 2682 D
1209 2653 1282 2688 est,
1303 2644 1390 2693 quia
1419 2642 1639 2679 dormitavit
1663 2649 1699 2677 et
1719 2647 1919 2688 soporatus
1947 2647 2002 2675 est
2022 2639 2206 2683 Christus,

141 2699 204 2747 jus
229 2699 496 2746 homicidium,
514 2715 625 2750 quam
657 2710 698 2737 ut
728 2716 766 2738 sc
790 2703 911 2751 ipsum
943 2703 1141 2740 interliciat

145 2759 285 2795 homo?
315 2760 373 2795 vel
402 2760 503 2809 quod
536 2761 684 2808 gravius
712 2761 975 2808 homicidium,
1003 2776 1140 2812 corpus

144 2818 315 2854 occidere
336 2832 382 2855 an
404 2820 599 2868 spiritum?
614 2824 644 2856 0
665 2821 811 2869 quotics
830 2821 945 2857 homo
967 2822 1139 2870 spiritum

144 2878 334 2914 interficit!
357 2887 450 2928 quot
472 2879 672 2916 homicidia
693 2881 729 2916 in
753 2881 955 2931 semetipso
978 2882 1139 2930 perlicit!

144 2938 299 2984 Quoties
325 2939 537 2974 voluntarie
556 2947 655 2974 etex
680 2940 805 2976 studio
829 2949 1023 2989 peccatum
1049 2954 1140 2990 per-

144 3005 283 3046 petrat,
300 2997 390 3046 quid
413 2998 514 3033 aliud
532 3012 644 3047 quam
667 3011 704 3034 se
726 3000 847 3049 ipsum
862 2999 1033 3048 jugulat?
1047 3004 1139 3037 Om-

147 3057 202 3092 nis
222 3057 320 3092 enim
340 3058 403 3105 qui
421 3058 607 3107 acceperit
624 3059 807 3107 gladium,
827 3060 950 3108 gladio
967 3060 1138 3110 peribit?

144 3115 300 3153 Gladius
323 3117 456 3152 anima=¹
477 3126 670 3166 peccatum
693 3126 765 3163 cst,
788 3127 981 3168 peccatum
1006 3119 1140 3155 animae

147 3188 247 3211 mors
265 3183 331 3211 est.
357 3175 429 3223 Qui
452 3176 550 3212 liunt·
570 3177 733 3225 gladium
757 3191 867 3213 mauu
890 3178 1054 3227 propria:
1075 3178 1142 3214 dc-

195 3305 294 3332 'lauu
312 3314 361 3337 ix,
383 3307 436 3332 (52.
460 3321 498 3324 ψ
524 3309 533 3321 “’
554 3303 649 3333 lixod.
667 3315 720 3339 xv,
747 3307 818 3333 10.»

146 3367 264 3390 xxxvi,
292 3359 340 3385 15».
425 3362 436 3384 7
462 3356 537 3386 l‘sal.
557 3368 638 3386 xxiii
656 3381 662 3394 ,
682 3361 712 3386 t}⁴
759 3376 763 3377 ν
794 3355 806 3377 ⁸
828 3360 898 3387 Luc.
916 3369 1009 3392 xxii,
1037 3362 1114 3387 ΙΙ».>

874 3302 887 3324 ³
907 3303 1020 3334 Mauh.
1037 3315 1093 3333 xxi
1110 3327 1116 3337 ,
1140 3307 1190 3334 tlt.
1205 3323 1222 3325 --
1235 3322 1241 3324 >

1166 3365 1181 3385 t·
1202 3359 1293 3386 Joau.
1318 3368 1341 3385 ii
1356 3380 1362 3388 ,
1387 3360 1446 3389 ζΒἿ,
1469 3358 1522 3385 ᾸΗ.

1207 2714 1242 2741 et
1258 2705 1303 2740 de
1321 2705 1435 2740 latere
1453 2702 1534 2751 ejus
1549 2701 1720 2750 quotidie
1736 2701 1954 2744 aedilicatur,
1970 2708 2005 2735 et
2024 2698 2204 2747 pascitur,

1206 2772 1243 2800 et
1264 2763 1429 2799 nutritur
1448 2761 1635 2806 Ecclesia,
1653 2769 1689 2796 et
1709 2759 1908 2795 adducitur
1926 2771 1946 2794 a
1965 2757 2101 2794 linibus
2129 2767 2204 2794 ter-

1208 2837 1279 2867 rae,
1302 2831 1341 2858 ut
1362 2821 1506 2857 assistat
1534 2819 1661 2868 regina
1687 2833 1706 2854 a
1731 2818 1873 2853 dextris
1894 2817 1975 2865 ejus
2004 2817 2039 2852 iu
2069 2817 2204 2853 vestitu

1207 2882 1407 2923 ‹leaurat()‚
1434 2878 1663 2915 circumdata
1688 2877 1880 2913 varietate.
1907 2880 1947 2912 lu
1975 2889 2085 2912 cruce
2116 2889 2206 2924 crgo

1208 2941 1342 2990 pascha
1368 2938 1627 2983 manducavit,
1647 2938 1734 2986 quia
1762 2937 1930 2973 ascendit
1958 2936 1993 2971 iu
2022 2936 2204 2984 palmam,

1207 3009 1243 3036 et
1275 2999 1424 3047 collegit
1452 2999 1592 3033 fructus
1620 2996 1712 3045 ejus.
1747 2997 1834 3031 Cum
1868 2998 2053 3030 zzz-altatus
2070 2994 2203 3042 snm-0,

1208 3065 1333 3094 omnia
1359 3059 1505 3093 ltaliam
1538 3060 1591 3092 ad
1609 3063 1720 3091 mem.
1745 3060 1837 3103 Quae
1864 3055 2204 3100 ‹›1nni;1?‹:‹1=tum,

1210 3127 1366 3162 terram,
1384 3126 1420 3153 et
1444 3117 1597 3153 inst-ros.
1626 3116 1754 3152 Traxit
1781 3115 1826 3151 ad
1855 3128 1893 3151 se
1923 3118 2090 3156 Patrem,
2117 3115 2204 3163 quia

1209 3178 1351 3213 clamor
1366 3176 1448 3225 ejus
1469 3176 1639 3212 introivit
1660 3176 1695 3211 iu
1718 3183 1924 3224 conspectu
1944 3174 2022 3222 ejus
2044 3175 2078 3210 iu
2096 3188 2204 3210 aures

2089 3302 2103 3318 ⁰
2124 3300 2203 3329 l'snl.

1268 3304 1396 3333 livor.
1425 3315 1485 3338 ιιι,
1519 3305 1568 3332 17.
1602 3322 1614 3324 v
1653 3299 1665 3322 s'
1693 3301 1805 3331 nauti.
1834 3303 2004 3331 xxi1.j›''.

1603 3362 1631 3376 '⁰
1650 3354 1692 3384 ld.
1710 3366 1756 3382 ,xii
1771 3378 1777 3391 ,
1795 3358 1849 3383 25¹¹.
