2418 3949
138 237 208 275 861

815 238 1102 275 TRACTATUS
1130 238 1196 274 DE
1225 238 1516 275 CHARITATE.

2113 239 2188 276 862

136 323 174 352 et
203 314 435 364 requiescam
451 316 490 351 ¹?
517 313 610 363 Quis
634 326 694 350 me
724 321 861 351 sanctae
887 314 941 351 illi
965 311 1263 360 commu-⁴³⁵su,
1293 322 1330 350 et
1360 323 1465 352 sanet
1492 328 1574 352 eam
1593 314 1745 353 dilectio
1768 322 1854 363 tua,
1873 313 2084 366 impinguet
2106 329 2190 354 eam

134 374 241 412 nioni
285 373 497 420 adscribet,
535 373 601 410 ubi
635 372 852 422 jucunditas
896 374 1127 423 Angelorum
1145 376 1175 410 A
1195 372 1351 410 affectus
1381 382 1491 420 tuus,
1520 375 1676 424 impleat
1704 388 1786 412 eam
1817 384 1904 412 tuus
1929 388 2036 412 amor
2064 376 2188 412 melli—

135 434 412 471 transfunditur
438 435 477 470 in
503 446 656 479 omnes,
680 442 717 470 et
736 432 783 469 ab
806 433 983 470 omnibus
1002 433 1130 469 refun-

135 494 247 531 detur
273 494 312 530 in
337 498 482 539 Deum,
508 494 654 542 eritque
682 496 784 529 Deus
805 493 932 529 omnia
951 494 989 529 in
1010 491 1130 529 omni-

135 552 206 590 bus
225 559 262 599 ²,
301 562 341 590 ut
374 554 420 590 sit
453 553 531 603 ipse
559 553 742 589 universis
773 551 1013 601 diligentibus
1043 564 1130 588 eum

135 626 264 659 amor,
283 614 375 660 vita,
397 626 490 663 pax,
507 612 706 662 gaudium,
725 612 832 661 quies
847 641 856 658 ,
878 612 1044 655 claritas,
1067 623 1127 647 se·-

134 672 273 709 curitas
289 701 298 718 ,
327 681 364 709 et
393 672 588 721 jubilatio,
613 672 762 708 satietas
788 671 956 707 omnium
979 669 1128 707 deside—

134 731 299 777 riorum,
332 740 472 768 aeterna
501 740 538 767 et
566 739 825 767 consummata
852 731 979 779 gloriae
1007 729 1127 766 beati—

133 790 237 827 tudo.
254 794 387 828 Amen.

425 898 602 937 CAPUT
630 898 821 938 XXXIV.

407 997 416 1009 ι

152 1018 274 1050 Animae
291 1021 393 1050 Deum
409 1018 541 1051 amantis
554 1025 585 1051 et
602 1018 776 1050 anhelantis
791 1018 941 1050 continua
957 1017 1100 1061 suspiria.

186 1147 270 1184 103.
306 1150 348 1184 In
381 1159 543 1197 persona
570 1146 757 1195 diligentis
781 1154 818 1183 et
838 1145 1060 1196 suspirantis
1086 1154 1125 1182 et

128 1205 374 1242 desiderantis
399 1205 533 1241 animae
563 1204 654 1241 dicit
672 1206 853 1241 Jeremias
883 1219 891 1241 z
919 1207 1124 1240 Divisiones

127 1279 310 1314 aquarum
326 1267 484 1301 deduxit
494 1267 617 1300 oculus
630 1278 731 1301 meas
741 1261 766 1301 ³.
780 1268 866 1301 Duo
878 1272 966 1300 sunt
986 1277 1124 1313 genera

127 1325 432 1374 compunctionis
452 1325 733 1374 principaliter3
751 1324 839 1374 quia
857 1328 978 1361 Deum
996 1325 1124 1361 sitiens

127 1384 249 1420 anima
268 1384 373 1434 prius
390 1385 524 1421 timore
537 1384 821 1434 compungitur,
834 1392 965 1433 postea
982 1396 1122 1419 amore.

126 1444 234 1480 Prius
253 1444 351 1480 enim
371 1457 409 1480 se
426 1444 463 1479 in
479 1443 652 1491 lacrymis
668 1443 795 1479 aflicit.
812 1443 909 1489 Quia
925 1443 1014 1479 dum
1032 1443 1125 1478 mul-

127 1502 326 1539 titudinem
366 1503 550 1538 malorum
582 1515 736 1538 suorum
774 1502 931 1550 cogitat,
966 1515 1036 1550 pro
1069 1501 1126 1537 his

126 1562 274 1611 perpeti
294 1570 435 1598 aeterna
455 1562 638 1611 supplicia
659 1561 898 1611 pertimescit.
922 1563 1014 1598 Cum
1036 1573 1126 1596 vero

125 1620 240 1669 longo
269 1621 381 1657 fuerit
408 1632 570 1656 moerore
595 1619 737 1656 doloris
757 1627 1000 1668 consumpta,
1021 1632 1127 1668 quae-

126 1678 210 1715 dam
229 1678 306 1728 jam
324 1679 371 1716 de
394 1679 688 1729 praesumptione
706 1679 826 1715 veniae
852 1679 1034 1715 securitas
1054 1691 1125 1714 na-

126 1740 263 1785 scitur,
283 1748 320 1775 et
340 1739 376 1775 in
398 1752 526 1775 amore
551 1739 759 1775 coelestium
789 1737 1013 1787 gaudiorum
1039 1737 1123 1773 ani-

125 1810 208 1834 mus
243 1798 498 1834 inflammatur
530 1813 538 1834 ε
578 1806 615 1834 et
649 1810 732 1847 quae
771 1798 876 1846 prius
908 1796 1042 1842 flebat,
1077 1809 1125 1832 ne

1194 431 1313 477 fluus,
1334 441 1372 468 et
1395 432 1557 470 inebriet
1583 446 1677 470 eam.
1702 434 1788 470 Eia!
1813 447 1870 470 vae
1893 435 2027 470 animae
2052 442 2087 470 te
2110 447 2189 471 non

1194 491 1380 539 quaerenti
1403 499 1439 527 et
1460 500 1494 528 te
1516 504 1592 527 non
1615 493 1774 528 amanti!
1798 506 1854 529 vae
1878 493 1973 537 illis,
2001 493 2187 538 Domine,

1194 550 1259 598 qui
1280 549 1442 598 diligunt
1465 559 1653 587 creaturas
1674 560 1754 587 tuas
1774 565 1844 601 pro
1866 554 1920 588 te!
1944 553 2080 589 Anima
2103 565 2187 601 quae

1195 608 1379 644 mundum
1406 609 1548 658 diligit,
1573 619 1728 659 peccato
1757 612 1891 656 servit,
1916 619 1953 647 et
1982 610 2123 661 absque
2151 620 2187 648 te

1192 679 1386 716 nunquam
1408 670 1533 716 quieta
1549 696 1558 713 ,
1580 682 1701 717 neque
1722 682 1852 705 secura
1871 670 1952 705 erit.
1975 670 2085 707 Unde
2110 675 2188 708 Au-

1192 727 1391 776 gustinus:
1417 743 1431 759 «
1455 727 1589 764 Fecisti
1611 741 1688 773 me,
1714 729 1896 774 Domine,
1921 729 1968 765 ad
1995 738 2050 775 te,
2071 738 2107 766 et
2127 731 2188 766 in-

1196 802 1210 818 »
1232 786 1400 834 quietum
1422 794 1477 822 est
1505 799 1571 822 cor
1594 800 1737 832 meum,
1762 787 1882 823 donec
1916 789 2127 837 requiescat
2146 790 2186 826 in

1194 863 1210 878 »
1231 853 1276 881 te.
1304 862 1318 877 »
1340 848 1370 882 O
1401 845 1615 882 dulcissime
1639 850 1746 892 Jesu,
1775 847 1927 896 quando
1961 856 1995 884 te
2022 847 2188 884 videbo?

1192 903 1346 953 quando
1366 904 1559 953 apparebo
1583 913 1668 941 ante
1693 906 1822 942 faciem
1853 904 2006 943 tuam5?
2034 907 2187 955 quando

1191 963 1356 1000 satiabor
1374 964 1656 1012 pulchritudine
1674 973 1736 1001 tua
1749 994 1757 1010 ,
1776 965 1812 1001 in
1843 979 1954 1013 quem
1974 965 2188 1003 desiderant

1191 1024 1321 1072 Angeli
1351 1023 1626 1073 prospicere⁶?
1654 1028 1684 1062 Ο
1713 1038 1825 1073 quam
1856 1026 2024 1062 excelsus
2059 1035 2098 1062 tu
2127 1040 2188 1073 es,

1147 1082 1176 1116 B
1196 1083 1260 1132 qui
1289 1083 1472 1119 excelsior
1502 1084 1598 1119 coelo
1626 1096 1676 1120 es.
1699 1087 1745 1120 Et
1767 1092 1889 1120 tamen
1916 1085 1954 1120 in
1978 1093 2122 1121 tantum
2153 1094 2189 1122 te

1187 1142 1387 1178 humiliare
1417 1142 1591 1191 dignatus
1623 1156 1686 1188 es,
1725 1143 1828 1192 quod
1859 1144 2000 1180 animas
2026 1144 2187 1181 humiles

1187 1201 1224 1238 in
1246 1201 1501 1238 habitaculum
1525 1201 1593 1239 tibi
1613 1202 1770 1251 elegisti.
1793 1206 1890 1252 Ergo
1910 1203 2065 1239 domum
2088 1212 2187 1240 tuam

1188 1261 1297 1298 decet
1328 1262 1539 1298 sanctitudo
1556 1269 1582 1299 7.
1614 1262 1739 1311 Hujus
1771 1271 1845 1299 tam
1872 1263 2026 1311 gloriosi
2052 1271 2088 1299 et
2114 1271 2188 1300 tam

1190 1321 1316 1358 dilecti
1344 1322 1503 1371 hospitis
1528 1335 1730 1372 possumus
1757 1323 1808 1359 sic
1834 1323 2074 1359 considerare
2091 1324 2190 1360 utili-

1192 1390 1326 1427 tatem;
1358 1382 1536 1430 quoniam
1570 1382 1706 1418 mentis
1734 1396 1848 1431 quam
1877 1381 2084 1428 inhabitat,
2113 1391 2190 1419 tor-

1191 1441 1318 1490 pentia
1340 1441 1497 1487 excitat,
1514 1442 1601 1490 quia
1628 1442 1745 1490 gallus
1763 1450 1842 1487 est;
1862 1441 2031 1490 inquieta
2051 1442 2187 1488 frenat,

1192 1502 1279 1550 quia
1306 1501 1482 1549 magister
1509 1509 1587 1547 est;
1614 1500 1746 1549 frigida
1767 1501 1956 1545 accendit,
1981 1502 2069 1550 quia
2094 1502 2188 1550 ignis

1192 1569 1266 1605 est;
1294 1574 1450 1596 accensa
1479 1560 1718 1604 moderatur,
1743 1561 1830 1609 quia
1850 1569 2082 1608 unguentum
2109 1570 2185 1606 est;

1193 1620 1336 1656 emollit
1363 1619 1502 1668 rigida,
1524 1620 1612 1668 quia
1641 1619 1735 1655 ratio
1763 1628 1838 1665 est;
1859 1620 1958 1656 fluxa
1978 1620 2186 1669 restringit,

1192 1679 1280 1727 quia
1301 1678 1485 1714 medicina
1513 1686 1579 1714 est.
1605 1680 1668 1713 Est
1694 1678 1806 1726 igitur
1823 1678 2083 1723 manifestum,
2100 1679 2189 1727 quia

1191 1750 1298 1773 amor
1319 1745 1403 1773 tuus
1428 1749 1506 1772 non
1531 1744 1587 1772 est
1607 1736 1773 1780 otiosus,
1796 1737 1882 1784 quia
1901 1736 1966 1785 qui
1987 1745 2020 1772 te
2041 1736 2184 1786 diligit,

1191 1809 1267 1832 non
1297 1796 1463 1845 tepescit.
1482 1800 1539 1832 Da
1562 1795 1651 1831 mihi
1682 1795 1818 1844 igitur,
1842 1795 1985 1844 optime
2014 1799 2102 1832 Jesu
2120 1825 2129 1841 ,
2152 1804 2187 1832 te

124 1855 325 1893 duceretur
359 1856 406 1892 ad
439 1857 664 1907 supplicium
682 1885 691 1902 ,
725 1865 856 1905 postea
890 1855 1119 1892 amarissime
1140 1854 1168 1890 C
1188 1855 1363 1904 diligere,
1393 1864 1430 1891 et
1457 1855 1713 1891 indesinenter
1741 1854 1914 1891 meditari
1942 1854 1987 1891 de
2014 1863 2060 1892 te.
2085 1855 2188 1893 Odor

125 1915 207 1962 flet,
224 1916 310 1965 quia
328 1916 533 1953 incolatum
550 1929 659 1953 suum
677 1916 714 1952 in
730 1916 799 1952 hac
816 1917 892 1952 vita
913 1916 1015 1952 videt
1028 1929 1120 1964 pro-

124 1975 330 2024 longatum.
348 1978 482 2012 Nonne
507 1975 585 2012 haec
609 1984 664 2011 est
687 1976 844 2011 mutatio
861 1975 1024 2011 dexterae
1046 1978 1121 2011 Ex-

125 2034 265 2070 celsil?
293 2037 338 2070 Et
364 2042 463 2070 certe
488 2047 565 2070 non
593 2043 648 2071 est
677 2035 812 2071 mirum
833 2035 863 2071 si
884 2034 947 2070 flet
963 2043 1000 2071 et
1018 2034 1120 2070 dolet

125 2106 163 2129 se
182 2106 261 2129 esse
281 2094 316 2130 in
338 2093 409 2130 hoc
430 2094 560 2130 exsilio
575 2123 584 2140 ‚
602 2107 687 2130 cum
708 2094 987 2144 contemplatur
1003 2094 1067 2142 qui
1083 2102 1121 2129 et

125 2152 254 2201 quales
279 2152 354 2188 sint
371 2153 603 2201 Angelorum
625 2153 730 2189 chori
751 2152 1016 2202 pulcherrimi,
1038 2165 1121 2200 quae

125 2212 187 2248 illa
207 2212 364 2249 societas
387 2211 577 2248 bonorum
600 2212 827 2261 spirituum,
850 2225 931 2261 quae
945 2211 1121 2260 jucundi-

126 2278 179 2306 tas
199 2279 348 2307 aeternae
369 2271 524 2307 visionis
546 2271 615 2307 Dei
634 2285 642 2306 z
667 2279 703 2306 et
722 2279 865 2320 septem
887 2271 959 2306 alia
978 2284 1062 2319 quae
1078 2271 1120 2306 il-

124 2329 189 2366 lud
221 2329 328 2366 dulce
354 2330 571 2367 convivium
596 2331 821 2378 perficiunt,
840 2338 877 2366 et
897 2329 1048 2366 beatum
1067 2329 1120 2365 fa-

124 2389 249 2435 ciunt;
281 2402 365 2438 quae
393 2397 480 2425 sunt
511 2389 583 2425 loci
610 2389 828 2435 amoenitas,
860 2389 1118 2425 ministrorum

125 2447 304 2497 dignitas,
337 2448 580 2498 pulchritudo
614 2447 929 2485 discumbentium
947 2477 956 2494 ,
990 2449 1119 2485 multi-

125 2507 270 2556 plicitas
296 2508 524 2544 ferculorum
541 2536 550 2553 ,
570 2509 817 2544 convivarum
844 2509 1024 2545 securitas
1040 2507 1121 2557 ,ju-

126 2565 191 2602 bili
220 2566 437 2612 assiduitas,
469 2567 634 2603 convivii
660 2567 863 2604 aeternitas.
889 2567 973 2604 Istis
994 2568 1120 2603 consi·-

1189 1923 1297 1961 tuus,
1318 1915 1378 1965 pie
1406 1915 1550 1952 Christe
1574 1915 1757 1960 Domine,
1783 1923 1819 1950 et
1847 1927 1986 1964 sponse
2007 1915 2186 1952 amantis—

1187 1975 1302 2020 sime,
1323 1975 1476 2011 suscitat
1499 1983 1668 2011 mortuos
1682 2003 1690 2019 ‚
1713 1982 1817 2011 curat
1837 1982 2012 2023 aegrotos.
2036 1978 2108 2012 Fac
2127 1988 2186 2011 me

1186 2034 1318 2082 igitur,
1349 2033 1564 2070 charissime
1592 2034 1754 2070 Domine
1783 2037 1871 2070 Jesu
1906 2033 2069 2079 Christe,
2107 2034 2185 2070 haec

1185 2106 1335 2142 semper
1363 2092 1502 2129 habere
1533 2094 1570 2129 in
1601 2093 1782 2129 memoria
1811 2106 1911 2138 mea,
1937 2101 1972 2129 et
1996 2092 2187 2130 recordari

1185 2153 1447 2190 amaritudinis
1463 2153 1555 2189 aceti
1575 2162 1610 2189 et
1624 2154 1730 2197 fellis,
1751 2153 1853 2202 quod
1872 2161 1922 2198 tu,
1945 2161 2084 2189 aeterna
2101 2153 2186 2189 dul-

1186 2212 1298 2256 cedo,
1318 2225 1388 2262 pro
1411 2211 1521 2248 nobis
1539 2213 1695 2261 gustasti
1718 2213 1754 2248 in
1774 2221 1907 2248 morte.

1246 2272 1330 2309 104.
1361 2272 1638 2317 consolamini,
1655 2272 1718 2320 qui
1739 2271 1809 2307 sub
1835 2270 2032 2319 chlamyde
2052 2271 2188 2307 volun-

1187 2332 1288 2369 tariae
1318 2332 1548 2381 paupertatis
1577 2331 1799 2376 nutrimini,
1827 2330 1891 2379 qui
1917 2330 2032 2366 lectos
2061 2329 2187 2366 sericis

1188 2399 1304 2427 tectos
1338 2390 1533 2438 respuitis;
1560 2390 1650 2438 quia
1677 2388 1872 2425 vobiscum
1902 2392 2004 2425 Deus
2026 2388 2062 2423 in
2086 2401 2184 2437 pau—

1186 2457 1343 2500 pertate.
1367 2452 1450 2486 tx‘on
1473 2447 1584 2485 cubat
1605 2449 1642 2484 in
1665 2447 1807 2484 deliciis
1826 2447 2015 2496 splendidi
2035 2446 2182 2483 cubilis.

1186 2512 1270 2545 Non
1302 2508 1496 2544 invenitur
1528 2508 1567 2544 in
1601 2516 1698 2544 terra
1733 2508 1897 2544 suaviter
1925 2507 2134 2542 viventium
2156 2505 2184 2543 ⁸.

1187 2572 1282 2606 Vere
1318 2567 1474 2604 delicata
1507 2567 1639 2612 nimis,
1674 2567 1749 2603 imo
1784 2567 1884 2603 fatua
1918 2574 1955 2602 et
1987 2565 2186 2602 inhonesta

127 2625 285 2671 deratis,
322 2627 481 2676 amplius
515 2626 578 2662 flet
608 2635 645 2663 et
672 2627 774 2663 dolet
808 2635 920 2675 atque
951 2627 1119 2676 plangit,
1138 2629 1283 2664 Desset
1308 2640 1468 2675 sponsa,
1492 2639 1575 2674 quae
1604 2639 1783 2675 sponsum
1816 2639 1924 2661 suum
1955 2625 2186 2674 sapientem,

126 2686 229 2734 quod
256 2698 276 2722 e
307 2687 418 2722 tantis
444 2685 553 2722 bonis
584 2685 710 2731 deest,
737 2699 849 2735 quam
882 2686 986 2735 prius
1016 2687 1122 2722 fleret

127 2758 211 2780 cum
242 2753 382 2781 aeterna
412 2753 598 2781 tormenta
624 2753 832 2789 metueret;
863 2745 991 2793 sieque
1018 2746 1059 2780 fit
1082 2754 1122 2781 ut

128 2804 291 2853 perfecta
311 2805 553 2853 compunctio
571 2804 780 2840 formidinis
793 2832 802 2847 ,
822 2803 943 2840 trahat
960 2803 1005 2839 ad
1021 2817 1122 2839 com-

129 2863 371 2912 punctionem
401 2862 642 2899 dilectionis:
669 2876 746 2912 quo
778 2876 862 2899 cum
896 2871 1120 2912 perventum

129 2923 261 2966 fuerit,
280 2930 402 2971 potest
427 2923 586 2959 clamare
612 2936 658 2958 ex
685 2922 832 2959 ardenti
857 2922 1066 2967 desiderio,
1085 2931 1121 2958 et

129 2981 274 3027 dicere,
311 2985 402 3027 Fac,
432 2983 616 3026 Domine,
643 2995 779 3031 sponse
810 2983 857 3018 mi
890 2985 978 3018 Jesu
1012 2982 1121 3019 Chri—

129 3048 208 3085 ste,
234 3053 293 3076 me
321 3049 469 3089 gustare
491 3054 558 3090 per
583 3055 772 3087 amorem,
794 3041 896 3090 quod
913 3051 1022 3090 gusto
1053 3042 1119 3090 ali-

129 3100 352 3148 quantulum
379 3113 446 3150 per
467 3101 736 3149 cognitionem.
760 3105 871 3138 Fame
898 3102 1037 3137 amoris
1068 3101 1119 3136 tui

130 3158 280 3208 languet
298 3159 431 3196 misera
452 3160 575 3196 anima
605 3174 704 3207 mea3
733 3160 897 3197 refocilla
927 3174 1030 3204 eam,
1062 3164 1120 3196 Je-

1187 2684 1483 2733 puleherrimum
1506 2691 1541 2718 et
1562 2682 1761 2718 delicatum
1792 2682 1934 2718 videret
1956 2682 2186 2718 recumben-

1189 2752 1261 2780 tem
1278 2744 1314 2779 in
1335 2743 1416 2778 loco
1435 2742 1565 2778 humili
1581 2755 1695 2791 super
1713 2742 1838 2777 fenum
1855 2770 1864 2786 ,
1882 2750 1918 2777 et
1937 2741 2017 2790 ipso
2034 2741 2185 2777 vidente

1190 2804 1347 2853 fugeret,
1362 2815 1404 2837 ac
1421 2801 1456 2836 in
1471 2801 1554 2836 loeo
1569 2801 1798 2849 voluptuoso
1810 2813 1846 2836 se
1863 2800 2185 2847 collocaret.Quid

1189 2874 1350 2911 sponsus
1372 2869 1497 2909 posset
1517 2860 1563 2895 de
1585 2861 1646 2896 tali
1666 2861 1818 2895 eredere
1833 2888 1841 2903 ‚
1866 2860 1933 2895 nisi
1954 2860 2055 2908 quod
2074 2860 2186 2896 vellet

1189 2922 1394 2958 divortium
1426 2921 1481 2956 sui
1511 2928 1546 2955 et
1578 2921 1705 2969 sponsi
1727 2922 1919 2968 quaerere?
1938 2920 2038 2964 Noli,
2060 2920 2184 2955 anima

2086 2978 2186 3013 Mllzi

1186 3040 1380 3074 adltwr‹·1·‹.·
1413 3041 1487 3072 Deo
1515 3037 1646 3073 bonum
1676 3046 1764 3074 (κν-ιθ.
1803 3041 1845 3074 Et
1873 3051 2056 3086 nusquam
2095 3038 2185 3074 mihi

1190 2993 1294 3023 mea,
1327 2979 1602 3028 separationem
1640 2992 1831 3027 ‹puerere‚
1865 2978 1929 3014 sed
1957 2978 2048 3014 dic:

1187 3099 1304 3141 salus,
1323 3110 1508 3145 nusquam
1525 3097 1764 3145 jucunditas,
1790 3110 1911 3146 neque
1935 3098 2099 3147 perfecta
2128 3111 2186 3133 re-

1186 3157 1315 3207 quies,
1347 3157 1414 3192 nisi
1446 3157 1481 3192 in
1513 3165 1568 3202 te,
1597 3161 1684 3194 Jesu
1716 3157 1858 3193 Christe
1885 3170 2022 3209 sponse
2044 3156 2185 3193 fidelis-

181 3296 188 3309 ¹
210 3290 288 3321 Psal.
315 3301 360 3329 tv,
382 3294 413 3322 9.
434 3310 474 3314 -—
493 3298 504 3313 ²
523 3296 534 3323 1
550 3295 620 3324 Cor.
637 3305 692 3330 xv,
710 3296 763 3323 28.
785 3310 824 3315 —-
843 3290 856 3313 ³
874 3292 990 3323 'sliri-n.
1014 3303 1051 3322 ιιι
1068 3316 1075 3328 ,
1098 3295 1150 3322 48.
1169 3307 1208 3312 -
1230 3290 1243 3315 -l
1270 3289 1345 3320 l’sal.
1371 3299 1468 3317 [xxvi
1483 3312 1489 3322 ,
1519 3292 1568 3319 11.
1588 3307 1628 3311 -—
1651 3287 1662 3309 ⁵
1686 3290 1763 3320 Psal.
1784 3300 1853 3322 xm.
1871 3292 1900 3318 3.
1920 3307 1960 3310 »-
1979 3286 1993 3307 s·
2014 3291 2024 3317 l
2050 3291 2128 3317 l‘etr.
2153 3300 2183 3323 ι,

136 3346 185 3372 12.
202 3361 243 3364 -
261 3343 584 3378 vl‘sa1.x‹-u.s›.‡-
608 3343 621 3365 ⁸
636 3344 697 3376 Joh
714 3356 820 3374 xxviii
837 3370 844 3379 ,
871 3348 920 3374 13Δ
940 3363 971 3366 —
996 3351 1011 3372 9
1028 3345 1106 3375 l‘snl.
1130 3353 1219 3372 iixxu
1235 3367 1241 3376 ,
1266 3345 1319 3371 28.
