2418 3949
72 218 145 257 297

766 223 816 257 IN
844 221 1075 266 CANTICA,
1104 221 1267 258 SERMO
1294 224 1430 258 XLIII.

2049 224 2124 261 298

72 297 194 334 lumba
219 312 325 345 mea,
345 301 586 335 immaculata
606 311 701 335 mea.
722 299 834 334 Soror
852 312 956 344 mea,
978 298 1066 347 quia
1080 296 1124 315 '⁴⁵
1137 298 1202 334 tris
1215 326 1224 343 ,
1251 307 1376 336 motus
1398 308 1454 336 est
1473 300 1622 337 mentis.
1651 300 1749 338 Audi
1769 300 1931 350 denique
1949 301 2126 339 motionis

70 357 110 394 in
128 367 319 409 assumpta
343 371 454 395 carne
470 365 640 408 cognata.
661 359 846 394 Proxima
859 371 953 401 mea,
975 357 1062 406 quia
1077 358 1110 392 A
1132 357 1319 394 effectum.
1347 359 1523 407 Sequitur
1548 360 1648 396 enim
1667 374 1674 396 :
1696 362 1852 396 Surrexi
1878 370 1916 397 ut
1940 366 2123 410 aperirem

70 415 118 452 de
142 417 258 453 latere
270 446 279 463 ,
309 430 394 454 cum
412 417 451 453 in
469 429 579 453 eruce
597 416 779 453 dormiret
796 444 806 461 ‚
831 416 878 453 de
899 415 1065 453 secundo

71 476 190 513 Adam
208 480 283 514 Eva
301 491 399 515 nova
416 486 472 514 est
488 485 630 523 creata;
651 485 691 514 ut
705 490 780 514 non
793 476 871 526 jam
887 477 959 513 sint
975 476 1064 522 duo,

71 535 137 571 sed
164 549 238 573 una
263 549 362 573 car0.
388 535 446 573 Ibi
477 544 533 573 est
564 536 738 585 cognatio
772 535 970 581 naturalis,
1001 535 1062 571 hic

71 595 289 644 conjunctio
322 596 542 647 personalis.
570 595 628 633 Ibi
659 608 789 641 soror,
818 595 879 632 hic
909 607 1059 645 sponsa.

74 655 250 692 Columba
263 669 357 701 mea,
372 669 442 705 per
457 656 611 705 spiritus
624 655 777 704 gratiam
795 669 802 691 :
822 657 1062 690 immaculata

71 728 173 759 mea,
199 728 268 764 per
284 715 540 751 remissionem
568 723 605 751 et
622 714 869 764 disciplinam.
890 717 933 750 In
951 726 1062 750 carne

70 787 186 819 soror,
203 774 241 810 in
254 773 496 810 sacramentis
508 787 657 822 sponsa,
675 774 712 809 in
731 774 863 822 spiritu
882 773 1061 823 simplex,

70 836 310 869 immaculata
334 833 370 869 in
394 833 587 870 sanctitate
607 847 614 868 :
634 833 670 869 in
693 833 749 869 his
769 833 946 870 omnibus
965 847 1061 871 mea.

69 895 188 940 Aperi
217 892 320 927 milei.
343 895 421 940 Age
455 891 557 940 quod
588 892 684 940 agis,
707 892 811 940 aperi
842 891 944 928 mihi.
976 890 1058 928 Tibi

68 951 170 987 intus
191 963 293 997 sum,
326 951 390 988 sed
410 951 512 1000 aperi
539 951 629 987 mihi
663 951 701 986 in
735 951 828 997 illis,
851 951 887 987 in
920 950 1059 1000 quibus

68 1010 190 1047 adhuc
210 1011 297 1047 soris
315 1024 542 1047 commoror.
570 1011 686 1060 Aperi
705 1011 776 1047 illis
792 1039 801 1056 ,
827 1011 943 1047 invita
956 1039 966 1056 ,
996 1011 1058 1046 in-

1131 420 1274 454 dilecto.
1295 418 1433 454 Audite
1452 427 1489 455 et
1505 418 1701 468 intelligite
1717 420 1781 468 qui
1798 432 2043 469 praepropere
2063 434 2125 457 sa-

1134 477 1179 514 tis
1207 485 1245 514 et
1276 486 1455 527 proterve
1488 478 1599 515 nimis
1631 478 1678 514 ad
1706 479 1879 516 Ecclesiae
1915 480 2128 529 properatis

1130 536 1307 573 honores.
1335 540 1480 586 Sponsa
1502 537 1621 583 enim,
1642 538 1688 574 ad
1709 552 1821 587 quam
1846 539 1988 576 Cantici
2013 538 2126 587 hujus

1126 594 1384 632 blandimenta
1416 604 1638 642 cantantur,
1665 610 1816 634 morose
1847 606 1884 634 et
1903 607 2125 635 cunctanter

1127 655 1295 701 accedit,
1327 655 1439 691 etiam
1470 663 1670 704 postquam
1699 669 1737 692 sc
1769 670 1935 693 sororem
1953 686 1962 702 ‚
1990 658 2122 707 proxi-

1127 726 1225 750 mam
1240 741 1250 759 ,
1273 713 1486 750 columbam
1499 742 1508 758 ,
1526 713 1803 750 immaculatam
1823 715 1966 752 audivit
1981 716 2120 752 vocari.

1127 772 1393 822 Contemplare
1410 772 1440 809 si
1456 772 1534 808 haec
1554 773 1592 808 in
1610 780 1644 808 te
1663 773 1738 809 siut
1755 788 1762 809 :
1780 781 1817 809 et
1834 774 1862 809 si
1878 774 1974 819 sint,
1992 788 2124 810 verere

1127 844 1175 868 ne
1196 831 1353 881 perdas;
1383 831 1411 867 si
1438 844 1515 867 non
1546 839 1654 876 sunt,
1683 831 1799 880 magis
1821 844 1950 868 verere
1979 845 2026 868 ne
2047 846 2124 869 non

1127 891 1297 940 accipias.
1323 890 1486 926 Attende
1510 898 1597 940 post
1623 900 1717 939 quot
1735 898 1772 926 et
1799 890 2064 936 invitationes,
2087 901 2124 928 et

1124 950 1473 987 commendationes
1493 950 1545 986 sic
1565 949 1655 986 dicit
1673 964 1680 986 :
1703 952 1859 985 *S'urrexi
1878 959 1915 985 ιιι
1936 955 2120 998 aperirem

1123 1012 1256 1046 dilecto
1273 1024 1364 1046 meo.
1382 1013 1428 1046 Et
1443 1009 1509 1046 tibi
1528 1023 1668 1046 vanum
1687 1010 1733 1046 sit
1752 1022 1906 1059 surgere
1922 1018 2121 1059 antequam

70 1069 204 1106 troduc
222 1069 261 1105 in
277 1070 401 1106 locum
421 1069 650 1106 tabernaculi
664 1069 903 1106 admirabilis.
920 1070 1030 1106 Pulsa
1044 1098 1054 1116 ,
1077 1067 1104 1100 Β
1124 1070 1289 1113 voceris,
1322 1070 1386 1118 qui
1416 1068 1675 1105 delectationis
1697 1069 1794 1105 illius
1823 1077 1959 1105 sanctae
1987 1082 2122 1118 panem

69 1136 112 1164 ut
140 1129 328 1178 aperiatur
354 1129 421 1166 tibi
451 1134 582 1165 ostium
617 1132 790 1178 'inagnum
820 1138 856 1164 et
885 1132 1053 1174 eviclens,

70 1188 165 1223 sicut
190 1188 326 1224 Paulus
345 1187 435 1224 dicit
450 1195 457 1210 ¹
473 1217 482 1234 ,
503 1196 546 1224 ut
565 1197 689 1238 pateat
706 1188 882 1225 introitus
899 1202 1056 1238 persua-

70 1246 238 1283 sionibus
253 1247 324 1283 tuis
339 1247 383 1284 ad
399 1248 554 1284 affectus
567 1261 713 1284 eorum.
731 1251 887 1284 Penetra
899 1248 944 1284 ad
958 1249 1055 1294 illos,

70 1314 110 1342 ut
129 1306 175 1342 ad
207 1314 240 1342 te
267 1315 352 1356 post
380 1307 458 1344 haec
478 1307 706 1344 introducas.
728 1309 795 1346 Exi
817 1309 862 1345 ad
884 1309 990 1355 illos,
1016 1318 1058 1346 ut

68 1365 208 1401 intrent
230 1365 274 1402 ad
298 1374 332 1402 te
357 1367 421 1415 qui
442 1367 531 1403 foris
551 1368 747 1416 congelato
766 1368 967 1416 frigescunt
996 1370 1055 1405 af-

70 1424 180 1461 fectu.
207 1426 338 1462 Exitus
356 1426 408 1462 tui
438 1425 572 1462 damna
591 1427 751 1463 aliorum
776 1427 1057 1464 introductione

69 1483 222 1521 redime.
241 1485 339 1532 Quid
365 1485 483 1521 dicis?
499 1487 604 1521 Exai
621 1500 678 1521 me
693 1491 819 1521 [ιιηὶεα
836 1501 937 1532 mea,
965 1491 1058 1535 (suo-

69 1546 178 1578 modo
199 1546 334 1580 induar
351 1547 444 1580 illa?
457 1544 554 1591 Quid
569 1544 689 1581 dicis?
710 1548 800 1580 Lavi
814 1548 930 1594 pedes
948 1560 1057 1590 meos,

69 1606 249 1651 quomodo
271 1604 468 1652 inquinabo
489 1607 597 1640 illos?
620 1605 761 1641 Exuisti
781 1614 814 1641 te
832 1606 956 1642 tunica
977 1615 1057 1652 tua,

71 1663 196 1699 tunica
216 1664 374 1700 carnalis
402 1676 521 1709 curae,
543 1664 668 1700 tunica
692 1673 792 1701 certe
814 1666 993 1711 molesta,
1024 1674 1060 1702 et

70 1721 168 1757 forte
198 1722 353 1771 polluta.
386 1722 528 1759 Tunica
557 1730 618 1759 tua
641 1731 674 1758 te
703 1723 838 1759 exuisti
861 1739 868 1760 :
891 1737 973 1760 mea
1006 1725 1060 1760 in-

69 1779 196 1817 duere.
211 1782 319 1818 Zelus
333 1781 467 1818 domus
485 1795 576 1819 meae
598 1782 761 1818 eomedit
778 1791 812 1819 te
829 1797 836 1818 :
854 1783 939 1820 ideo
951 1783 1060 1833 juxta

68 1841 200 1876 Isaiam
221 1840 378 1878 induere
399 1841 514 1890 pallio
531 1842 596 1877 zeli
617 1848 644 1878 ².
667 1845 769 1878 Insta
783 1870 792 1887 ,
812 1855 945 1891 argue,
966 1857 1056 1893 prae—
1076 1845 1103 1880 C
1126 1861 1422 1870 “-·-“·“““““““

68 1897 170 1945 dica,
183 1898 337 1937 obsecra
350 1929 359 1945 ,
376 1910 612 1950 opportune,
633 1902 849 1950 importune
863 1900 888 1939 3.
906 1906 988 1939 Non
1005 1911 1059 1939 est

69 1959 184 2007 pedes
200 1960 390 2008 polluere,
409 1960 478 1997 liae
495 1961 669 1997 incedere
691 1962 760 1998 via.
782 1963 816 1999 Si
837 1963 918 2011 quis
938 1963 1060 1999 adhae-

70 2018 116 2054 sit
138 2018 280 2066 pulvis,
305 2019 470 2055 excutias
490 2019 592 2055 illum
618 2019 663 2056 de
692 2020 852 2070 pedibus
873 2022 955 2058 tuis.
977 2026 1060 2059 Non

70 2078 254 2126 pollutos,
273 2078 336 2114 sed
358 2079 537 2127 pulchros
553 2080 792 2116 commendat
808 2082 919 2118 Isaias
945 2083 1061 2131 pedes

71 2147 154 2171 cum
176 2135 265 2171 dicit
292 2151 298 2171 :
331 2139 450 2181 Quam
478 2139 623 2185 pulchri
646 2152 755 2186 super
780 2150 917 2175 minues
946 2143 1062 2188 pedes

69 2199 367 2230 anntcneiatztiam
395 2209 551 2243 parem,
580 2202 879 2233 asmantiamium
910 2199 1004 2235 bona
1019 2201 1059 2236 ⁴‘!

69 2255 123 2289 Ne
142 2252 350 2298 cuncteris;
372 2266 529 2302 operum
548 2267 719 2290 meorum
736 2256 908 2304 exempla
925 2265 959 2292 te
977 2271 1058 2294 mo—

68 2318 193 2347 veant.
214 2313 356 2359 Tangat
384 2323 534 2357 manus,
556 2312 584 2348 si
604 2312 791 2361 pigritaris
820 2313 867 2349 ad
887 2314 1056 2352 verbum.

69 2370 213 2407 zelotes
227 2383 296 2419 ego
309 2383 390 2406 sum
406 2386 415 2416 ;
438 2378 476 2406 tu
491 2383 643 2420 quoque
659 2384 730 2421 pro
750 2385 807 2408 me
826 2373 958 2410 zelare.
974 2374 1058 2412 Otia

70 2428 191 2466 dulcia
211 2442 370 2479 sepone,
390 2431 585 2480 paululum
616 2432 707 2468 meis
731 2432 926 2481 implicare
942 2447 1059 2483 nego-

71 2488 142 2525 tiis.
160 2489 290 2527 Omnis
310 2490 472 2526 militans
491 2493 586 2535 Deo,
607 2491 706 2537 istis,
727 2505 811 2528 cum
831 2491 1001 2540 jubetur,
1022 2506 1060 2530 se

69 2548 234 2597 implicet
251 2556 401 2597 oportet
417 2549 585 2597 negotiis.
601 2551 692 2586 Cum
711 2550 816 2587 dives
837 2564 974 2598 essem,
990 2566 1060 2602 pro

71 2606 246 2643 omnibus
266 2620 410 2657 pauper
427 2608 546 2645 sactus
572 2622 674 2656 sum;
694 2610 846 2658 aequalis
863 2614 961 2658 Deo,
983 2613 1060 2648 exi·
1076 2609 1109 2644 D

73 2665 198 2702 nanivi
235 2679 294 2702 me
325 2666 446 2716 ipsum
461 2696 469 2712 ,
501 2668 737 2706 ministrandi
774 2670 930 2707 formam
963 2672 1060 2708 acci-

74 2724 191 2773 piens.
212 2728 283 2762 Pro
303 2725 480 2762 omnibus
512 2736 685 2765 mortuus
704 2742 807 2773 sum,
840 2738 878 2766 ut
907 2732 970 2780 qui
1001 2732 1060 2768 vi·

73 2792 167 2820 vunt
183 2812 191 2828 ,
207 2782 283 2832 jam
305 2784 374 2821 sibi
397 2798 470 2821 non
489 2786 639 2830 vivant,
662 2787 726 2823 sed
749 2788 852 2824 mihi.

127 2843 163 2878 8.
187 2843 346 2880 Attentis
374 2843 508 2881 talibus
537 2845 573 2880 in
595 2845 731 2882 dilecto
759 2860 916 2896 sponsa,
943 2856 980 2885 et
1005 2849 1061 2885 his

75 2908 175 2937 mota
193 2903 373 2951 exemplis
389 2903 434 2939 ad
451 2904 700 2941 aemulandum
715 2934 724 2951 ,
740 2906 791 2942 sic
807 2907 857 2942 ait
875 2921 882 2942 ε
897 2910 1060 2943 Dilectus

75 2972 175 2994 meus
204 2962 301 2995 ιηιῖςίτ
324 2975 475 2997 manum
505 2976 608 2999 sicam
635 2978 705 3012 per
724 2964 923 3012 foramen,
950 2976 985 3002 et
1011 2970 1064 3002 ml

75 3026 210 3054 tactum
231 3024 311 3066 ejus
331 3025 518 3058 intremuit
535 3033 662 3059 venter
678 3038 788 3060 mem.
822 3029 890 3062 Per
917 3035 1059 3063 arctum

75 3079 326 3127 paupertatis,
352 3083 636 3129 persecutionis,
657 3092 694 3120 et
715 3086 845 3121 mortis
871 3086 1037 3122 foramen
1051 3115 1060 3131 ,

75 3150 231 3187 operum
247 3152 398 3176 suorum
418 3141 463 3177 ad
481 3154 538 3178 me
557 3143 756 3180 intromisit
772 3146 954 3193 exempla.
974 3148 1060 3181 lta-c

77 3209 135 3233 me
153 3205 306 3246 tangunt
323 3227 331 3243 ,
354 3200 432 3237 lizec
453 3214 511 3237 mc
527 3211 691 3239 movent.
708 3207 797 3240 Nam
815 3213 956 3241 tremor
973 3218 1060 3240 vcn-

128 3320 134 3334 ¹
156 3319 387 3353 l({ei·.xv1‚9.

422 3339 442 3342 --
461 3325 471 3341 ²
493 3319 561 3352 lsai.
581 3332 634 3350 mx
649 3346 656 3357 ,
681 3325 730 3354 17.
748 3341 790 3346 --
807 3321 820 3345 3
836 3326 863 3354 11
877 3324 957 3355 Tim.
977 3337 1023 3361 iv,
1046 3329 1074 3356 2.
1110 3348 1117 3349 ff

1123 1128 1349 1174 manducas,
1371 1136 1407 1164 et
1435 1127 1532 1164 bibis
1563 1127 1694 1164 vinum
1712 1156 1721 1173 ,
1750 1128 1796 1164 de
1823 1141 1899 1176 quo
1919 1141 2034 1178 supra
2063 1129 2123 1165 di-

1124 1188 1222 1224 citur
1250 1203 1257 1224 :
1283 1188 1492 1232 Comeclite,
1518 1192 1632 1222 antici
1651 1192 1745 1232 mei,
1769 1196 1804 1222 et
1823 1187 1955 1232 bibe‘te5
1983 1196 2017 1223 et
2042 1192 2122 1223 ine-

1123 1247 1311 1293 briamini,
1328 1247 1548 1283 charissimi.
1570 1250 1716 1283 Vanum
1730 1276 1739 1293 ,
1755 1247 1832 1283 imo
1849 1247 2057 1283 verendum
2076 1248 2122 1284 sit

1125 1306 1214 1352 tibi,
1235 1307 1306 1343 nisi
1333 1319 1417 1342 cum
1436 1306 1591 1342 invitata
1621 1306 1669 1342 sis
1683 1334 1693 1351 ,
1726 1319 1902 1355 surgere,
1925 1319 2010 1342 cum
2029 1305 2122 1341 dor-

1123 1367 1192 1403 mis
1208 1379 1384 1403 somnum
1403 1366 1550 1402 dulcem
1568 1394 1577 1410 ‚
1598 1365 1719 1402 donec
1736 1365 1803 1401 tibi
1824 1365 1922 1402 dicat
1938 1365 2095 1402 dilectus
2113 1380 2120 1401 ε

1123 1429 1240 1474 Aperi
1257 1426 1359 1461 mihi.
1377 1428 1462 1462 Non
1479 1424 1717 1471 ambitionis,
1739 1438 1815 1461 non
1840 1425 2024 1470 avaritiae,
2044 1437 2121 1460 non

1123 1484 1420 1533 inquietudinis,
1454 1497 1530 1520 non
1563 1484 1734 1520 elationis
1755 1497 1831 1520 vox
1862 1492 2014 1520 moveat
2039 1483 2122 1520 ani-

1125 1557 1250 1588 mum,
1277 1556 1354 1579 non
1371 1543 1582 1579 demulceat
1598 1541 1858 1580 blandimento
1880 1543 2014 1580 fallaci.
2037 1546 2120 1579 Istae

1128 1602 1194 1638 tibi
1214 1603 1351 1651 ignotae
1370 1603 1445 1638 sint
1473 1615 1584 1639 voces
1598 1630 1607 1647 ,
1639 1615 1715 1638 non
1747 1602 1814 1638 tibi
1830 1603 1909 1639 istae
1930 1615 2026 1651 opus
2048 1601 2120 1638 bo-

1126 1674 1216 1697 num
1237 1661 1433 1707 suadeant,
1455 1661 1519 1698 sed
1539 1669 1685 1698 tantum
1702 1661 1748 1698 ad
1765 1661 1891 1698 dilecti
1909 1662 1961 1698 tui
1987 1673 2119 1698 vocem

1125 1734 1299 1771 assurge,
1320 1722 1384 1771 qui
1404 1721 1497 1757 vivit
1513 1729 1549 1757 et
1565 1729 1718 1771 regnat,
1744 1729 1812 1757 etc.

1425 1860 1461 1869 xxx
1468 1860 1577 1870 ussum
1583 1861 1692 1870 ==s===s=
1698 1860 2119 1871 ========suss===s=======sxx===

1368 1987 1617 2043 SERMO
1662 1989 1874 2044 XLIII.

1128 2136 1224 2179 Aperi
1245 2134 1338 2171 mihi,
1365 2146 1455 2165 soror
1482 2146 1568 2174 mea,
1593 2142 1651 2166 etc.
1678 2137 1786 2180 Caput
1810 2147 1909 2166 meum
1924 2135 2051 2181 plenum
2080 2144 2122 2167 est

1175 2199 1253 2219 rore.
1277 2189 1363 2218 Esui
1381 2199 1426 2218 me
1441 2189 1567 2224 tunica,
1585 2188 1740 2231 quomodo
1755 2189 1874 2220 induar
1885 2189 1941 2220 illa
1951 2194 1967 2219 .³
1981 2197 2038 2221 etc.
2055 2193 2122 2221 Ma-

1174 2252 1245 2271 num
1276 2252 1363 2271 suam
1391 2241 1473 2271 misit
1491 2252 1552 2284 per
1566 2240 1715 2282 foramen
1730 2265 1740 2279 ‚
1768 2248 1826 2274 etc.
1852 2243 1971 2274 cantic.
1995 2254 2062 2286 cap.
2086 2255 2120 2280 v,

1170 2292 1209 2330 ἡ.
1231 2297 1299 2326 2-4.

1519 2364 1696 2378 *⁴⁹³0*

1183 2497 1214 2532 l.
1235 2497 1437 2546 Superiore
1452 2509 1627 2533 sermone
1646 2497 1746 2533 hunc
1764 2498 1888 2534 locum
1909 2498 1959 2535 ita
1981 2499 2126 2535 discus-

1128 2555 1265 2601 simus,
1285 2564 1327 2592 ut
1352 2555 1563 2593 diceremus
1579 2560 1706 2593 Jcsum
1729 2570 1876 2607 sponsae
1893 2571 1968 2594 suae
1987 2559 2125 2608 implo-

1127 2627 1227 2651 rasse
1242 2615 1374 2652 solatia
1389 2615 1569 2652 adversus
1586 2616 1775 2653 molestias
1786 2630 1917 2653 eorum
1933 2647 1942 2663 ,
1956 2618 2020 2666 qui
2039 2617 2124 2653 lidei

1127 2682 1265 2709 nostrae
1277 2675 1529 2710 sinceritatem
1543 2675 1716 2711 humanae
1729 2684 1764 2711 et
1776 2676 1929 2724 perlida.²
1943 2677 2126 2713 doctrinae

1126 2733 1342 2782 corruptela
1360 2741 1504 2768 tentant
1519 2734 1669 2770 inlicere
1683 2763 1691 2779 ,
1709 2743 1745 2770 et
1763 2734 1956 2771 subtilium
1977 2748 2127 2785 persua-

1126 2792 1274 2828 sionum
1299 2792 1544 2828 immadidare
1562 2806 1646 2829 rore
1667 2803 1871 2839 nocturno,
1892 2809 2005 2844 quem
2024 2796 2127 2845 prin-

1126 2863 1214 2900 ceps
1232 2851 1486 2896 tenebrarum,
1507 2853 1684 2902 prinecps
1701 2854 1796 2890 aeris
1814 2854 1926 2902 hujus
1938 2883 1947 2899 ‚
1967 2855 2126 2891 latenter

1126 2918 1162 2945 et
1183 2910 1317 2946 leniter
1342 2911 1508 2947 instillat.
1539 2915 1631 2948 Nam
1656 2920 1692 2948 ct
1723 2913 1797 2949 alio
1822 2914 2024 2964 Scripturze
2042 2914 2126 2950 loco

1126 2969 1310 3017 queritur,
1334 2970 1437 3018 quod
1459 2983 1564 3019 aquae
1585 2971 1854 3008 inundaverint
1879 2986 1995 3022 super
2014 2981 2128 3022 caput

1127 3041 1235 3064 suum
1250 3027 1275 3064 ⁵.
1299 3030 1386 3064 llcri
1402 3043 1490 3078 crgo
1509 3030 1684 3066 inductus
1698 3039 1752 3067 cst
1770 3045 1789 3067 a
1811 3031 1919 3068 nobis
1945 3033 2128 3069 Dominus

1126 3091 1231 3124 Jcsus
1253 3089 1441 3125 molestias
1459 3089 1601 3138 fugiens
1620 3105 1628 3135 ;
1650 3090 1759 3126 hodic
1775 3091 1975 3127 inducetur
1995 3091 2128 3140 gaudia

1128 3148 1260 3183 serens
1283 3149 1368 3185 llcri
1390 3149 1564 3185 inductus
1583 3159 1637 3186 est
1658 3151 1786 3187 solatia
1810 3152 2035 3201 implorans2
2059 3150 2126 3185 lio—

1126 3206 1199 3251 div,
1216 3221 1340 3243 secum
1358 3209 1486 3245 solatia
1502 3219 1679 3258 portans:
1700 3210 1794 3251 lieri,
1810 3212 1943 3260 plenus
1959 3209 2103 3257 injuriis
2120 3229 2127 3250 2

1153 3327 1250 3358 sisai.
1271 3341 1329 3365 ιιι,
1352 3331 1408 3359 ῗμ
1465 3328 1476 3349 f·
1496 3330 1610 3361 'thu-vn.
1634 3342 1685 3363 ιιι,
1706 3333 1756 3359 .ἰ>ἰ.
