2504 3928
314 205 384 239 795,

985 201 1267 236 TRACTATL's
1297 202 1358 234 DE
1388 201 1674 235 CllARl'l'ATE.

313 295 422 331 supra
446 280 480 315 id
507 278 608 327 quod
635 285 689 312 est
716 277 751 312 in
779 287 857 318 me·,
888 276 976 312 mihi
1005 285 1128 312 autem
1154 275 1333 312 durum''⁰

2274 203 2347 238 790

1337 276 1470 324 0(μιιιιιι
1491 275 1621 310 mortis
1639 275 1823 324 separatio
1844 288 1916 310 non
1936 275 2146 320 intercidit,
2166 278 2251 326 quia
2271 291 2346 314 nou

312 349 385 383 est,
404 339 544 374 bouum
558 365 567 380 ,
585 335 686 384 quod
705 348 780 370 non
800 334 940 377 liabeo,
963 335 1009 370 de
1028 349 1089 371 me
1109 336 1292 371 a=stimari.
1317 340 1343 371 Α
1363 334 1499 369 excidit
1517 342 1540 368 ¹.

313 397 471 434 'l'anwtsi
501 395 652 443 quidem
685 393 885 437 haberem,
916 394 1109 443 expediret
1141 395 1294 430 forsitan

314 457 497 504 ignorare.
517 457 608 490 Cum
627 466 717 489 vero
733 452 900 502 diligitur
916 452 1016 501 quod
1034 466 1110 489 non
1127 461 1202 497 cst;
1221 467 1296 489 non

312 528 439 551 ainans
464 522 498 547 et
523 526 628 548 amor
654 512 745 548 nihil
773 521 846 557 cst,
869 513 933 548 sed
960 513 1061 562 quod
1085 521 1241 549 amatur.
1267 516 1297 550 O

313 586 443 621 magna
468 573 586 608 virtus
610 571 786 617 charitas,
808 585 891 620 qua’
917 584 1028 608 vocas
1053 585 1096 608 ea
1115 586 1198 621 quae
1223 586 1296 609 non

311 641 417 676 sunt,
446 641 622 680 tanquam
646 644 687 667 ea
709 644 793 680 quse
814 640 920 676 sunt;
947 632 1057 668 simul
1081 641 1117 668 et
1144 633 1298 668 virtutes

311 701 346 728 et
363 691 451 727 vitia
471 691 639 726 omnium
666 690 702 726 in
730 691 851 727 meriti
873 691 924 727 tui
951 693 1143 727 cumulum
1172 701 1294 728 trans—

315 751 458 791 ferens,
481 748 635 784 mereris
659 748 694 783 in
717 748 894 797 singulis,
920 749 1004 798 plus
1024 762 1135 798 quam
1163 750 1298 797 singuli

312 808 406 845 sibi!
430 811 461 845 Ο
487 807 591 843 sortis
616 807 754 850 virtus,
781 820 864 856 quae
890 808 1076 844 neminem
1109 809 1295 857 spolians,

312 867 437 903 omnia
462 866 583 915 rapis3
608 866 733 901 omnia
752 866 838 902 facis
861 875 940 911 tua,
958 876 993 903 et
1015 867 1154 903 nemini
1176 868 1298 903 aufers

310 940 400 969 sua3
421 938 502 974 qua·
520 924 660 960 bonum
678 925 779 973 quod
805 926 841 961 in
862 926 935 962 alio
952 926 1074 975 diligis
1089 955 1098 971 ,
1120 935 1224 963 tuum
1244 928 1298 962 fa-

309 986 378 1021 cis!
398 988 439 1020 Et
463 983 613 1032 quidem
633 984 709 1019 lieri
730 992 850 1032 potest
869 993 909 1020 ut
929 975 1069 1021 bonum
1088 986 1189 1034 quod
1209 999 1296 1035 ope-

1415 395 1448 430 ”.).
1475 393 1572 440 Quid
1600 393 1734 428 mirum
1761 393 1790 429 si
1813 402 1932 429 morte
1959 406 2035 429 nou
2061 395 2245 440 vincitur,
2266 409 2349 444 quae

1364 454 1472 490 fortis
1498 461 1552 488 est
1585 461 1625 488 ut
1660 459 1802 497 mors⁷,
1835 453 1910 488 imo
1939 453 2070 488 fortior
2098 462 2236 498 morte,
2265 468 2350 503 quae

1364 513 1480 561 ipsam
1493 524 1643 560 quoque
1659 520 1814 547 mortem
1832 511 1924 547 mori
1941 511 2064 560 coegit
2077 512 2112 547 in
2126 520 2245 549 morte
2254 514 2351 550 Red-

1363 572 1570 620 emptoris?
1588 573 1618 606 0
1643 569 1906 618 insuperabilis
1925 570 2045 607 virtus
2067 570 2246 607 charitas!
2267 585 2350 620 quae

1365 630 1485 679 ipsum
1511 642 1662 678 quoque
1683 627 1971 678 insuperabilem
2000 630 2202 678 superasti,
2230 638 2267 666 et
2291 632 2350 667 cui

1365 690 1491 725 munia
1526 687 1693 736 subjecta
1723 697 1829 732 sunt,
1863 687 2038 724 omnibus
2069 689 2350 737 quodammodo

1365 748 1554 796 subjecisti
1577 763 1583 784 :
1603 748 1691 784 dum
1713 749 1832 784 victus
1846 761 1975 784 amore
1993 752 2090 785 Deus
2104 776 2113 792 ‚
2139 748 2351 786 humiliavit

1365 808 1625 856 semetipsum,
1657 807 1812 843 formam
1840 806 1935 843 servi
1963 807 2150 856 accipiens
2175 808 2207 852 ³,
2234 808 2351 844 factus

1366 880 1437 902 nou
1460 865 1698 902 solummodo
1719 866 1852 908 homo,
1874 866 1938 902 sed
1962 865 2209 915 opprobrium
2228 867 2351 903 homi-

1364 939 1452 961 num
1476 934 1510 961 et
1531 924 1692 973 abjectio
1715 924 1836 973 plebis
1858 925 1882 959 ·³.
1914 928 2069 973 Propter
2090 925 2239 961 nimiam
2261 926 2351 961 cha-

1365 985 1508 1020 ritatem
1533 997 1605 1032 qua
1632 983 1762 1020 dilexit
1788 997 1855 1019 nos
1880 982 1907 1027 ⁵,
1937 984 2130 1019 continere
2154 984 2249 1020 ultra
2276 997 2350 1020 non

312 1045 403 1080 raris
419 1044 552 1079 frustra
568 1056 675 1091 agas:
696 1051 735 1078 ut
751 1051 874 1080 autem
895 1044 1029 1080 frustra
1046 1057 1115 1093 ego
1133 1044 1296 1093 diligam,
1318 1043 1344 1076 B
1365 1044 1488 1093 potuit
1509 1043 1545 1079 in
1568 1043 1621 1078 ira
1642 1056 1706 1079 sua
1739 1042 2012 1079 misericordias
2042 1055 2126 1078 suas
2149 1041 2177 1088 ⁶,
2203 1044 2351 1092 quomi-

311 1103 388 1139 lieri
407 1116 479 1138 non
502 1110 623 1151 potest
638 1102 806 1138 omnino.

686 1231 860 1270 CAPUT
892 1231 922 1269 Ι.

615 1348 659 1374 De
674 1344 854 1375 fortitudine
872 1344 996 1374 amoris.

367 1459 396 1493 1.
419 1461 471 1493 En
499 1456 544 1492 ad
565 1468 715 1491 manum
744 1463 799 1491 est
826 1454 1006 1490 fortitudo
1029 1455 1166 1490 amoris
1185 1467 1297 1503 quam

306 1517 527 1565 qumi-imus,
559 1515 616 1550 cui
648 1514 818 1549 resistere
847 1526 957 1549 nemo
987 1521 1042 1548 est
1070 1513 1134 1561 qui
1166 1513 1293 1562 possit.

306 1575 439 1611 Omnia
458 1573 525 1610 sibi
543 1572 712 1621 subjicit,
732 1572 859 1607 omnia
875 1571 952 1608 suis
968 1570 1199 1621 profectibus
1214 1584 1296 1608 ser-

307 1635 384 1670 vire
412 1633 523 1682 cogit.
556 1633 731 1668 Inimicos
760 1631 921 1667 amando
950 1639 1122 1680 superat,
1156 1639 1193 1667 et
1225 1630 1296 1667 sibi

306 1693 446 1729 amicos
459 1691 570 1728 efficit
584 1692 641 1727 vel
661 1691 813 1726 invitos.
833 1694 923 1726 Nam
939 1691 1007 1726 etsi
1024 1689 1159 1726 habeat
1175 1703 1295 1726 aemu-

308 1753 383 1796 los,
407 1752 576 1788 inimicos
598 1751 754 1786 omnino
779 1763 853 1786 non
878 1749 1000 1786 habet.
1019 1750 1168 1786 Nullum
1195 1750 1294 1785 enim

1364 1116 1434 1138 nus
1462 1103 1633 1138 dilectam
1663 1101 1824 1138 animam
1846 1115 1948 1137 suam
1971 1101 2130 1138 inimicis
2145 1110 2353 1151 exponeret

1366 1175 1435 1211 pro
1464 1162 1591 1198 amicis
1619 1161 1714 1207 suis,
1743 1169 1784 1196 ut
1811 1161 1939 1196 mortis
1963 1161 2131 1197 timorem
2158 1161 2296 1210 pariter
2317 1170 2353 1197 et

1368 1222 1534 1269 vigorem
1563 1221 1709 1256 tolleret
1736 1220 1782 1256 ab
1815 1221 1940 1257 amieis
1970 1221 2056 1257 suis.
2091 1224 2135 1257 Et
2163 1221 2191 1256 si
2224 1228 2353 1256 contra

1365 1283 1484 1316 Deum
1508 1281 1612 1316 fortis
1630 1280 1697 1315 fuit
1711 1309 1720 1325 ,
1738 1288 1878 1328 quanto
1897 1280 2011 1328 magis
2026 1280 2204 1316 adversus
2226 1280 2350 1315 homi-

1366 1350 1431 1374 nes
1447 1337 1688 1386 praevalebit?
1706 1339 1800 1373 }linc
1816 1346 1952 1374 extunc
1973 1338 2031 1374 illa
2050 1338 2212 1374 fidelium
2234 1338 2352 1374 intre—

1365 1397 1453 1445 pida
1477 1396 1686 1432 constantia
1713 1396 1857 1441 cordis,
1878 1410 1952 1445 qua
1979 1397 2162 1446 supplicia
2182 1406 2351 1433 contem-

1365 1464 1519 1498 nentes,
1546 1464 1582 1491 et
1612 1463 1767 1491 mortem
1794 1456 1994 1500 calcantes,
2024 1457 2097 1491 laeti
2123 1469 2190 1505 per
2215 1457 2354 1493 medias

1367 1516 1498 1551 mortis
1513 1515 1636 1551 fauces
1648 1514 1693 1550 ad
1712 1515 1867 1563 patriam
1882 1523 2134 1550 revertuntur.
2152 1515 2353 1551 'Morientes

1363 1575 1570 1619 exsultant,
1591 1581 1627 1610 et
1647 1574 1825 1609 insultant
1845 1574 1968 1620 morti,
1989 1573 2152 1611 dicentes
2176 1588 2183 1609 :
2208 1574 2273 1610 Ubi
2290 1584 2357 1618 cst,

1363 1648 1482 1678 mors,
1512 1637 1679 1669 stimulus
1705 1642 1786 1668 tmcs
1803 1635 1841 1669 7?
1868 1637 1948 1670 Jam
1974 1647 2050 1669 non
2074 1634 2266 1679 stimulus,
2289 1634 2353 1671 sed

1357 1692 1523 1742 jubilus,
1548 1693 1636 1728 dum
1664 1704 1731 1741 per
1754 1692 1917 1728 medium
1940 1692 1993 1728 tui
2010 1693 2125 1728 latum
2151 1693 2354 1742 laetumque

1361 1752 1527 1796 exitum,
1558 1752 1655 1787 viam
1689 1751 1821 1800 pandis
1856 1751 1902 1786 ad
1933 1764 2103 1799 regnum.
2133 1752 2235 1789 Facit
2265 1765 2354 1802 ergo

305 1812 498 1848 inimicum
521 1810 657 1846 habere
678 1818 821 1859 potest,
845 1809 910 1858 qui
931 1809 1022 1845 nulli
1042 1809 1148 1844 novit
1167 1808 1296 1844 inimi-
1315 1808 1342 1844 C
1363 1811 1544 1855 charitas,
1572 1819 1613 1846 ut
1634 1824 1703 1859 pro
1730 1811 1810 1860 ipso
1832 1819 1869 1847 et
1888 1811 1924 1846 in
1952 1811 2035 1860 ipso
2057 1811 2150 1847 mori
2176 1824 2250 1848 non
2274 1824 2356 1848 me-

306 1870 393 1906 cari.
416 1870 516 1907 Sicut
541 1869 640 1905 enim
664 1868 826 1904 amicitia
848 1868 999 1904 nonnisi
1018 1868 1180 1904 duorum
1202 1868 1298 1903 ami-

305 1942 434 1965 corum
459 1937 514 1964 cst
537 1942 544 1963 :
569 1929 620 1964 sic
642 1927 834 1963 inimicitia
859 1927 1009 1963 nonnisi
1032 1927 1193 1962 duorum
1224 1926 1299 1962 ini-

308 1988 504 2024 micorum.
519 1987 591 2034 Qui
608 1987 707 2022 enim
727 1986 806 2021 odit
822 1986 1039 2034 diligentem
1054 1998 1112 2031 se,
1130 1998 1205 2021 non
1227 1994 1298 2021 tam

307 2046 481 2082 inimicus
497 2045 678 2082 dicendus
693 2053 771 2087 est,
791 2057 901 2093 quam
919 2043 1081 2092 iniquus.
1099 2044 1184 2081 Sola
1200 2044 1299 2080 enim

306 2106 466 2141 charitas
492 2113 567 2150 cst,
588 2117 672 2153 quae
699 2104 735 2139 in
758 2103 926 2140 adversis
943 2116 1017 2139 non
1044 2102 1191 2147 delicit,
1213 2103 1300 2151 quia

310 2164 455 2213 patiens
483 2171 539 2199 est
564 2178 570 2198 :
599 2175 681 2211 quae
710 2162 869 2210 injurias
895 2175 971 2197 non
993 2162 1184 2210 rependit,
1212 2162 1300 2210 quia

307 2222 469 2271 benigna
495 2231 550 2258 est
575 2237 582 2257 :
606 2234 717 2269 quam
737 2221 892 2257 felicitas
912 2221 1031 2257 aliena
1053 2234 1128 2257 non
1145 2222 1298 2267 cruciat,

307 2281 394 2328 quia
411 2293 485 2315 non
501 2280 696 2315 aemulatur
717 2293 723 2313 :
743 2292 855 2327 quam
871 2280 1096 2315 conscientia
1110 2280 1206 2315 mala
1222 2293 1297 2316 non

309 2340 454 2387 pungit,
472 2339 559 2387 quia
579 2351 652 2374 non
673 2338 747 2385 agit
766 2350 961 2386 perperam
978 2353 984 2373 :
1004 2351 1087 2386 quae
1102 2338 1138 2373 in
1156 2339 1299 2375 honore

309 2410 382 2432 non
408 2397 624 2439 extollitur,
652 2396 739 2444 quia
762 2408 836 2431 non
862 2396 1013 2431 inflatur
1034 2410 1040 2430 :
1064 2409 1148 2444 quae
1168 2396 1204 2431 in
1228 2396 1298 2432 ab·

303 2455 470 2503 jectione
493 2468 568 2491 non
594 2454 858 2499 confunditur,
885 2455 1067 2503 quianon
1094 2463 1150 2490 est
1176 2455 1298 2491 ambi-

309 2515 400 2550 tiosa
428 2528 434 2548 :
463 2526 574 2562 quam
598 2513 783 2562 cupiditas
807 2526 882 2548 non
907 2521 1089 2558 coarctat,
1114 2514 1200 2562 quia
1223 2527 1297 2549 non

1365 1877 1490 1914 uiant,
1509 1869 1573 1905 sed
1590 1869 1783 1915 affectent,
1799 1882 1820 1905 a
1836 1882 1911 1918 quo
1938 1870 1988 1905 sic
2008 1870 2123 1906 amari
2139 1883 2177 1906 se
2196 1870 2326 1906 vident
2342 1898 2352 1915 ,

1365 1936 1405 1964 ut
1425 1942 1471 1964 ne
1493 1937 1730 1964 morerentur
1751 1929 1845 1978 ipsi,
1873 1937 1992 1965 morte
2011 1929 2222 1978 turpissima
2243 1930 2356 1965 vellet

1365 1986 1619 2023 condemnari.
1642 1986 1879 2023 Admirantes
1898 1987 1998 2023 enim
2024 1995 2062 2023 et
2088 1988 2355 2037 amplectentes

1365 2047 1403 2082 in
1424 2046 1572 2084 Christo
1602 2046 1705 2082 illum
1731 2046 1869 2082 amoris
1889 2059 2102 2091 excessum,
2131 2059 2152 2082 a
2171 2060 2246 2095 quo
2263 2059 2355 2095 pro-

1366 2106 1489 2155 posito
1518 2105 1589 2141 sibi
1620 2104 1756 2154 gaudio
1785 2105 1960 2141 sustinuit
1991 2118 2137 2141 crucem
2154 2133 2164 2150 ,
2195 2105 2356 2142 humana

1366 2165 1588 2202 confusione
1605 2171 1818 2213 contempta
1836 2162 1864 2208 ⁸,
1884 2164 2167 2200 confunduntur
2183 2177 2258 2201 non
2275 2164 2357 2200 red-

1365 2225 1453 2261 dere
1474 2224 1591 2260 vicem
1612 2238 1620 2260 :
1640 2232 1752 2272 atque
1767 2222 1950 2272 passionis
1969 2224 2048 2271 ejus
2066 2222 2236 2259 ludibriis
2250 2223 2355 2272 quasi

1364 2282 1589 2332 quibusdam
1616 2282 1752 2318 aculeis
1768 2282 1930 2326 incitati,
1951 2282 2121 2317 feruntur
2139 2282 2296 2318 effrenes
2316 2283 2354 2318 in

1364 2341 1502 2377 amoris
1524 2339 1699 2388 abyssum
1725 2347 1762 2375 et
1779 2339 2011 2388 profundum
2027 2339 2216 2375 eharitatis
2231 2367 2241 2384 ,
2262 2340 2354 2376 illud

1365 2399 1520 2434 omnino
1536 2407 1573 2434 et
1593 2397 1832 2434 solummodo
1848 2397 2106 2445 quaeritantes,
2133 2399 2237 2442 Quid
2251 2404 2356 2434 retri-

1364 2456 1471 2491 buam
1487 2459 1644 2490 Domino
1655 2469 1726 2503 pro
1742 2455 1910 2490 omnibus
1927 2469 2011 2503 qtae
2029 2454 2193 2490 retrIbuit
2207 2457 2296 2491 milti
2310 2463 2325 2486 9
2339 2458 2354 2492 Ρ

1365 2523 1400 2550 et
1412 2514 1571 2563 quadam
1586 2522 1731 2550 sensata
1745 2523 1780 2549 ct
1792 2523 1916 2550 sancta
1931 2515 2074 2551 insania
2090 2515 2222 2551 mentis
2240 2523 2356 2551 trans-

309 2573 443 2620 qua‘rit
468 2585 552 2620 quae
580 2584 645 2608 sua
671 2580 758 2607 sunt
783 2587 790 2607 ε
817 2585 929 2620 quam
954 2573 1192 2609 contumeliae
1221 2587 1297 2609 non
1316 2576 1347 2609 D
1366 2574 1451 2619 lati,
1473 2587 1603 2622 parum
1627 2586 1751 2609 amare
1770 2586 1809 2609 se
1833 2582 2009 2622 reputant
2025 2575 2075 2609 sic
2091 2575 2215 2610 amati.
2237 2575 2356 2611 Vehe-

309 2638 537 2679 prowicant,
566 2630 652 2678 quia
682 2642 757 2664 non
786 2630 949 2665 irritatur
976 2644 982 2665 z
1006 2644 1116 2678 quam
1143 2631 1300 2668 sinistrae

305 2689 536 2738 suspiciones
557 2703 631 2724 non
660 2689 817 2734 soedant,
841 2689 929 2737 quia
953 2703 1029 2725 non
1052 2691 1188 2740 cogitat
1213 2705 1293 2727 ma-

304 2748 380 2783 lum
399 2761 533 2797 :quam
550 2748 669 2784 aliena
686 2748 779 2783 mala
797 2761 872 2783 non
890 2748 1096 2795 laetilicant‚
1115 2750 1201 2798 quia
1218 2763 1293 2786 non

303 2807 439 2854 gaudet
458 2819 571 2855 super
588 2807 788 2855 iniquitate
808 2822 815 2843 :
838 2820 948 2855 quam
968 2820 1114 2844 errores
1131 2821 1206 2844 non
1227 2822 1294 2845 οεο-

304 2876 411 2910 cant,
435 2868 521 2915 quia
541 2866 751 2915 congaudet
775 2867 924 2903 veritati
948 2882 955 2903 z
982 2880 1093 2916 quam
1120 2881 1293 2917 persecu-

306 2926 426 2961 tiones
442 2939 516 2961 non
538 2926 713 2973 frangunt
728 2954 737 2970 ,
757 2926 844 2974 quia
863 2927 989 2962 omnia
1006 2928 1138 2963 suffert
1160 2942 1166 2962 :
1186 2941 1296 2976 quam

305 2984 461 3032 perfidia
483 2997 556 3019 non
576 2984 749 3028 indurat,
770 2985 856 3032 quia
875 2985 1002 3020 onmia
1019 2985 1136 3021 credit
1158 3001 1165 3021 :
1187 2999 1297 3035 quam

305 3043 516 3091 desperatio
545 3056 619 3077 non
651 3042 849 3087 absorbet,
879 3043 965 3092 quia
994 3044 1119 3080 onmia
1142 3053 1296 3093 sperat:

356 3180 362 3194 ¹
387 3176 483 3204 icor,
508 3184 585 3207 xm.
612 3176 672 3203 '1-8.

1366 2646 1470 2668 mens
1491 2632 1632 2681 quippe
1654 2633 1708 2668 vis
1727 2632 1864 2668 amoris
1884 2633 2028 2669 ratione
2048 2645 2123 2669 non
2148 2634 2356 2683 compesci—

1362 2700 1434 2735 tur,
1449 2691 1535 2739 quia
1550 2699 1641 2727 teste
1652 2692 1849 2740 Apostolo‚
1863 2692 2118 2741 supereminet
2131 2693 2293 2729 scientiae
2305 2699 2352 2728 ¹⁰:

1360 2751 1552 2799 majestate
1573 2763 1648 2785 non
1681 2759 1861 2795 terretur,
1884 2751 1970 2798 quia
1992 2751 2087 2787 foras
2113 2752 2225 2788 mittit
2246 2752 2356 2788 timo-

1360 2823 1436 2845 rem
1454 2816 1478 2831 ¹¹
1506 2824 1512 2845 :
1536 2810 1691 2845 miseriis
1713 2823 1787 2845 non
1813 2810 2044 2859 reprimitur,
2067 2811 2154 2859 quia
2186 2811 2223 2846 in
2255 2810 2358 2847 infir-

1359 2868 1485 2903 mitate
1504 2867 1695 2916 perficitur
1721 2874 1762 2903 ¹².
1779 2871 1936 2904 Prorsus
1953 2868 2071 2904 virtus
2090 2869 2330 2917 omnipotens
2343 2896 2354 2914 ‚

1364 2940 1447 2975 quae
1465 2927 1561 2975 ipsas
1577 2927 1742 2961 miserias
1758 2926 1841 2961 facit
1856 2935 2027 2975 potentes
2039 2955 2047 2971 ,
2066 2927 2154 2962 dum
2171 2928 2358 2962 convertit

1365 2986 1402 3021 in
1423 2985 1672 3033 adjutorium,
1697 2998 1779 3033 quae
1799 2993 1924 3033 parata
1949 2994 2036 3021 sunt
2057 2986 2102 3021 ad
2128 2985 2352 3021 nocendum.

1366 3047 1447 3091 Qua
1467 3044 1608 3080 suffulti
1636 3043 1752 3079 sancti
1779 3044 1914 3079 milites
1939 3044 2094 3089 Christi,
2122 3044 2299 3093 impavidi
2320 3052 2357 3080 et

718 3192 722 3194 ἡ
759 3179 768 3193 ²
786 3173 904 3203 (Iantic.
922 3184 980 3203 νιιι
997 3199 1003 3207 ,
1026 3179 1056 3204 ὓ.
1075 3193 1115 3198 —-
1144 3172 1307 3216 3ΡΙιίΙίρῙι.
1326 3186 1371 3210 ιι,
1389 3177 1406 3205 8
1422 3198 1429 3210 ,
1449 3177 1478 3204 7.
1494 3191 1534 3196 -
1553 3173 1566 3199 ⁴⁵
1585 3174 1661 3204 Psal.
1678 3185 1758 3211 xxi,
1776 3177 1807 3205 7.
1825 3192 1865 3196 —
1888 3171 1901 3194 ⁵
1922 3173 2036 3215 thcs.
2054 3184 2096 3210 ιι,
2122 3177 2151 3206 sa.
2173 3191 2212 3195 —
2232 3171 2247 3193 6
2273 3173 2352 3204 Psal.

307 3237 404 3255 [xxxi
421 3250 427 3261 ,
452 3230 498 3255 10.
523 3244 561 3247 ——
582 3229 784 3258 71(:‹›r.xv,
809 3231 861 3255 jus».
884 3245 919 3248 ⁷-
935 3226 1060 3256 ⁸11vbr.
1082 3238 1151 3261 xii,
1171 3231 1201 3256 9..
1218 3245 1259 3249 ——
1278 3234 1293 3256 9
1308 3228 1386 3257 l’sal.
1404 3238 1478 3262 cxv,
1499 3230 1548 3256 12.
1566 3245 1605 3248 ——
1627 3232 1654 3245 ¹⁰
1671 3225 2028 3266 Epli‹·s.111,19.-r·¹
2054 3229 2355 3257 1Jonu.=v‚18.-—

306 3284 332 3298 ¹¹
357 3281 380 3307 ll
400 3281 470 3308 (lor.
492 3282 616 3313 x=1,'l.
