2504 3928
378 104 444 140 :391

1148 117 1435 153 (illihl‘llll-{R'l'l
1469 121 1662 156 Anamis

2348 125 2423 159 392

385 181 575 218 minantur
605 185 640 219 iu
675 184 830 232 gaudiis.
865 188 943 222 &oli
977 188 1122 225 dulciau
1153 191 1303 229 differre
1335 195 1370 230 iu
1386 190 1501 230 '”³illa
1524 203 1582 231 tua
1605 196 1712 231 toties
1732 196 1903 245 replicata
1919 194 2101 241 declarat,
2124 205 2157 232 et
2177 196 2334 248 detergit
2351 212 2371 235 a
2391 207 2424 236 te

386 254 524 277 :mnum
540 258 546 278 :
564 244 662 287 noli,
680 258 763 292 qua·
781 259 818 280 se
839 246 901 281 tibi
925 247 1022 283 ultro
1044 249 1195 297 ingerit,
1211 252 1371 288 obsiste-
1392 240 1418 272 Α
1438 253 1548 301 lepra·
1568 254 1678 302 liujus
1694 254 1853 290 colorem
1872 253 1982 289 ninus
2000 254 2070 289 late
2094 267 2316 304 respersum.
2340 260 2423 294 Du—

387 313 425 333 rc
445 302 581 346 gratiae.
602 306 662 337 Na·
681 304 766 339 mihi
788 305 816 340 si
836 305 933 341 illam
949 308 1150 345 excluseris
1167 325 1185 346 a
1207 319 1370 361 tequam

386 359 510 393 iuveni
527 373 641 407 penes
659 370 705 397 tc.
723 367 885 411 Sequere
901 366 1010 402 alacri
1027 376 1062 402 ct
1080 368 1240 418 impigro
1256 372 1370 419 pede,

385 429 460 463 quo
483 426 515 452 te
541 420 660 467 prima
683 420 764 468 ejus
785 432 919 459 x'ocant
940 423 1204 464 blandimenta.
1226 431 1371 466 jussisti

386 483 424 509 ut
445 476 629 514 mitterem
650 479 695 515 ad
717 488 768 524 te,
790 490 901 530 atque
923 484 1061 520 utimum
1086 484 1134 521 ibi
1153 486 1369 532 inveniaris,

383 532 447 569 ubi
474 535 652 586 dereliqui
681 548 736 584 te;
759 541 794 576 in
817 541 904 590 ipsis
919 571 927 587 ,
951 542 1052 588 dico,
1069 543 1215 592 januis,
1237 556 1273 583 ct
1296 548 1370 583 fere

382 592 418 627 in
443 593 568 631 limine
584 624 592 638 ‚
607 596 837 647 jamjamque
852 601 1039 637 exiturmu
1056 603 1100 637 de
1115 606 1371 641 couversatio-

384 664 429 687 ne
449 655 628 691 saeculari.
650 658 684 693 Si
706 657 771 693 tibi
799 660 834 694 in
865 660 991 708 aliquo
1015 664 1244 699 necessarius
1265 665 1369 700 vidc—

383 710 474 757 bor,
494 721 612 750 totum
641 729 698 751 mc
728 718 964 766 impendam,
985 721 1071 768 quia
1099 730 1215 758 totum
1238 723 1367 759 debeo.

384 773 618 809 l'raesentiam
649 777 784 823 magis,
816 791 927 825 quam
956 780 1150 828 epistolam
1179 792 1367 831 exspecto.

382 830 480 866 Vale.

1438 325 1499 347 rus
1520 326 1589 362 ego
1615 322 1650 348 ct
1676 313 1919 357 inhumanus,
1938 320 1974 348 et
1995 326 2078 348 cum
2102 313 2138 349 in
2167 315 2319 363 reliquis
2346 315 2424 351 for-

1438 384 1561 406 mosus
1579 371 1670 415 sim,
1695 379 1733 406 ut
1753 371 1823 420 ipsi
1849 371 1975 415 aiunt,
1998 371 2187 420 denigrata
2213 381 2267 409 est
2294 373 2331 409 in
2360 374 2427 410 hac

1438 437 1539 477 parte
1562 442 1673 478 super
1692 428 1873 465 carbones
1895 429 2002 465 facies
2019 439 2163 474 nostra,
2181 432 2281 479 quod
2297 446 2424 481 eroga-

1438 501 1476 523 re
1502 502 1575 523 non
1604 489 1689 523 nori
1705 516 1714 532 ,
1744 488 1812 523 nisi
1838 501 1919 536 qua:
1942 491 2120 526 consuevi
2151 503 2292 540 rogare.
2315 491 2427 529 Oblo-

1436 555 1598 594 quantur
1613 555 1792 595 quaritum
1812 547 2018 592 volucrium
2035 548 2310 598 improbitatem
2323 564 2426 587 suam

1435 606 1626 641 avaritiam
1645 614 1806 642 nostram
1827 606 1978 651 faciant,
1998 615 2033 643 et
2051 607 2096 643 de
2114 608 2267 645 mollitie
2284 622 2349 645 sua
2363 623 2427 645 cu-

1437 664 1525 699 dant
1555 665 1644 700 milii
1674 665 1862 700 dutitiam.
1885 668 1960 714 Ego
1985 666 2134 714 quidem
2163 668 2268 716 posui
2298 669 2425 705 faciem

1437 736 1553 758 meam
1577 732 1615 758 ut
1636 732 1776 772 petram
1800 723 2053 770 durissimam;
2075 734 2111 762 ct
2127 727 2315 763 confracto
2339 728 2425 763 illo-

1437 795 1516 817 rum
1536 783 1687 828 malleo,
1701 796 1808 832 spero
1820 784 1997 831 quoniam
2014 797 2087 820 non
2101 785 2318 822 confundar.
2336 791 2428 824 Fue-

1437 841 1504 876 rim
1524 842 1647 878 minus
1662 842 1870 877 etminiunis
1883 870 1893 886 ,
1914 843 2044 879 fuerim
2064 845 2248 890 tenacior;
2268 844 2428 882 libenter

1437 900 1506 935 lioc.
1519 914 1576 936 me
1589 914 1694 936 nawo
1706 901 1911 937 decolorari
1925 902 2040 937 sinam
2055 917 2060 937 :
2077 903 2281 940 dummodo
2293 916 2426 953 panem

379 958 1371 979 ......................................................................
1390 960 1415 993 B
1436 959 1595 995 [iliorum
1617 972 1747 1005 canes,
1770 960 1846 995 imo
1866 960 1988 996 catelli
2007 960 2066 996 isti
2087 960 2232 997 delicati
2250 970 2286 998 et
2303 963 2426 1000 tenelli

621 1071 984 1128 EPISTULA
1032 1075 1130 1129 ΙΙΙ.

549 1214 600 1234 ΑΙ)
647 1215 692 1235 1111
712 1215 850 1237 xanu
895 1218 1204 1241 (attitlskLth.

381 1315 570 1347 Deliortatur
594 1330 662 1349 eum
683 1330 700 1349 a
728 1321 898 1361 periculosa
919 1323 1108 1363 profectione
1130 1325 1159 1354 in
1183 1326 1320 1358 curiam.
1343 1333 1371 1358 et

401 1368 491 1398 aliam
506 1371 670 1409 quamdam
691 1372 880 1413 spiritualem
900 1375 1122 1415 prosectionem
1140 1377 1346 1408 commendat.

378 1479 522 1515 Dilecto
550 1481 653 1517 fratri
674 1486 918 1528 (haim-:mim
951 1486 1065 1521 frater
1083 1488 1126 1523 G.
1150 1487 1305 1523 salutem
1332 1488 1367 1523 in

786 1545 959 1580 Domino.

434 1659 464 1693 l.
487 1660 830 1698 l)csider.¹1tissinuts
857 1663 968 1699 frater
995 1673 1123 1701 noster
1150 1669 1194 1702 R.
1218 1665 1367 1701 abunde

375 1730 442 1751 suo
461 1731 529 1753 nos
543 1719 764 1756 exhilaravit
780 1722 942 1758 adventu
960 1738 966 1758 :
981 1731 1016 1758 et
1032 1725 1200 1760 nuntiata
1218 1725 1362 1760 incolu-
1380 1726 1406 1759 C

375 1777 501 1812 mitate
520 1787 641 1814 vesu-a
653 1807 661 1823 ,
676 1780 812 1827 gaudio
834 1781 1006 1817 uberiore
1025 1783 1210 1831 perfudit,
1227 1784 1364 1819 saluta-

374 1835 485 1870 tionis
501 1835 682 1885 obsequia
699 1838 901 1886 deportans
914 1868 922 1884 ,
937 1842 1172 1888 repostulans
1189 1842 1364 1889 suffragia

374 1893 602 1930 orationum.
626 1896 776 1932 Utinam
801 1898 990 1946 copiosius
1016 1900 1126 1935 solito
1154 1900 1198 1936 ad
1228 1913 1365 1936 munus

372 1952 469 1987 istud
487 1966 618 1990 manus
635 1964 760 1991 nostra
773 1957 949 2002 sufficiat,
968 1966 1004 1993 et
1019 1967 1122 1995 tanto
1137 1960 1283 2008 plenius
1299 1959 1364 1995 al)-

372 2011 534 2057 solvam,
553 2021 695 2061 quanto
711 2027 864 2063 parcere
882 2015 989 2052 nobis
1006 2017 1041 2052 in
1063 2018 1214 2066 reliquis
1235 2018 1365 2054 decre-

372 2071 468 2105 visti.
487 2071 623 2107 Audivi
645 2074 782 2109 etenim
809 2082 842 2109 te
861 2076 947 2111 satis
967 2075 1101 2112 crebro
1121 2077 1364 2126 repetitisque

371 2129 494 2165 verbis
514 2131 633 2178 plenis
651 2132 919 2180 significantem
944 2135 1175 2183 frequentius
1196 2136 1364 2184 ingessis-

370 2203 408 2225 se
422 2219 430 2234 ‚
449 2192 638 2228 orationes
656 2201 695 2228 ut
718 2192 782 2228 tibi
802 2193 996 2229 sollicitius
1017 2194 1295 2242 impenderem,
1317 2195 1363 2230 de

371 2257 505 2285 caetero
531 2252 608 2286 fore
628 2263 685 2285 me
706 2263 892 2286 securum.
910 2252 1090 2287 Praeclare
1103 2280 1111 2295 ‚
1133 2253 1256 2296 frater,
1278 2265 1361 2287 om—

372 2308 481 2353 nino,
511 2317 546 2344 et
574 2317 615 2344 ut
643 2310 792 2345 virtutis
817 2310 938 2345 virum
968 2311 1085 2346 decet.
1117 2311 1214 2358 Quid
1236 2312 1361 2347 enim?

371 2367 522 2403 aliudne
544 2368 716 2416 estquod
739 2369 795 2404 vel
817 2369 1014 2417 quisquam
1038 2368 1214 2405 libentius
1232 2382 1361 2417 rogare

373 2426 523 2471 ‹l‹·1›eat,
539 2427 595 2462 vel
612 2427 818 2463 monachus
835 2428 1005 2464 licentius
1019 2429 1163 2477 possit?
1177 2427 1361 2464 Erubesce

1437 1031 1510 1054 non
1537 1019 1754 1063 comedant,
1782 1031 1849 1055 nec
1874 1019 2003 1055 sordes
2031 1032 2237 1069 pauperum
2267 1021 2426 1066 Christi,

1435 1089 1684 1126 supervacuas
1707 1077 1865 1113 aliorum
1893 1077 2094 1115 munditias
2121 1078 2278 1124 saciant;
2308 1092 2429 1128 neque

1435 1136 1482 1172 de
1499 1136 1667 1186 rugiente
1686 1137 1807 1173 fratris
1828 1146 1958 1173 ventre
1974 1150 2110 1174 vanum
2132 1138 2223 1174 mihi
2239 1151 2375 1175 nomen
2392 1148 2428 1175 et

1438 1195 1547 1232 falsos
1565 1195 1785 1244 conquiram
1807 1196 1965 1233 favores.

1491 1255 1526 1290 2.
1549 1255 1620 1291 Sed
1647 1268 1704 1291 me
1726 1255 1874 1291 iuterim
1896 1256 2034 1292 omisso
2054 1256 2100 1292 ad
2125 1265 2159 1293 te
2182 1265 2221 1293 ut
2243 1265 2424 1301 revertar,

1437 1326 1768 1362 commoneamque
1785 1315 1925 1362 aliquid
1943 1328 1962 1350 a
1980 1314 2088 1351 nobis
2107 1328 2186 1352 esse
2202 1316 2426 1365 petendum;

1437 1373 1623 1409 orationes
1657 1381 1695 1408 tu
1726 1375 1945 1422 postulasti,
1973 1387 2042 1423 ego
2071 1388 2117 1410 ex
2144 1374 2350 1411 abundanti
2380 1376 2426 1411 ad

1436 1430 1735 1467 exhortationem
1760 1445 1816 1467 me
1843 1441 1971 1478 verto;
1994 1433 2150 1469 aemulor
2172 1433 2271 1470 enim
2298 1442 2332 1470 te
2357 1434 2426 1470 Dei

1435 1490 1684 1526 aemulatione.
1699 1491 1828 1526 Timeo
1844 1499 1965 1527 autem
1980 1504 2025 1527 ne
2038 1500 2328 1541 corrumpantur
2341 1505 2426 1529 sen—

1436 1561 1497 1583 sus
1528 1549 1580 1584 tui
1610 1561 1630 1584 a
1659 1548 1891 1598 simplicitate
1922 1562 2005 1598 quae
2034 1558 2089 1585 est
2114 1549 2152 1586 in
2181 1549 2327 1587 Christo
2350 1565 2357 1586 :
2380 1563 2426 1586 ne

1435 1607 1617 1643 incassum
1646 1620 1713 1655 pro
1743 1615 1776 1642 tc
1804 1621 1931 1656 preces
1952 1607 2216 1653 effundantur,
2238 1607 2302 1656 qui
2329 1608 2426 1644 ultro

1435 1665 1650 1715 prorumpis
1671 1665 1717 1701 ad
1737 1678 1880 1711 casum;
1903 1666 2112 1714 frustraque
2136 1665 2286 1702 liberari
2309 1674 2343 1702 te
2364 1680 2427 1702 ro-

1429 1738 1511 1771 ges,
1529 1724 1574 1760 ad
1591 1725 1763 1773 laqueum
1785 1725 1956 1761 consulto
1976 1725 2163 1761 festinans.
2183 1725 2422 1762 Profecturus

1429 1797 1490 1827 es,
1516 1792 1556 1819 ut
1581 1783 1713 1827 audio,
1744 1783 1789 1818 ad
1818 1784 1981 1828 curiam,
2009 1797 2129 1832 eoque
2158 1784 2418 1832 profecturus,

1431 1842 1494 1878 ubi
1515 1842 1736 1891 impeditum
1766 1843 1811 1878 iri
1839 1851 1873 1878 te
1903 1843 2117 1891 suspicaris.
2145 1845 2297 1878 Veteres
2316 1842 2422 1879 vadis

1430 1916 1514 1938 cum
1533 1906 1636 1938 Duce
1653 1914 1834 1938 renovare
1851 1901 2141 1937 necessitudines
2153 1929 2161 1945 ,
2174 1901 2330 1950 sepulta,
2347 1901 2422 1936 imo

1431 1961 1551 2011 sopita
1577 1961 1754 1998 suscitare
1781 1960 1984 2005 desideria,
1999 1960 2105 2008 juxta
2136 1959 2233 1995 illam
2252 1959 2298 1995 de
2321 1968 2421 1995 stru—

1433 2020 1562 2056 thione
1579 2019 1794 2070 parabolam
1809 2047 1817 2063 ‚
1840 2031 2069 2068 compressas
2085 2019 2147 2055 diu
2167 2027 2202 2054 et
2221 2018 2421 2068 complica-

1432 2086 1484 2114 tas
1502 2079 1540 2113 in
1560 2080 1674 2114 altum
1700 2079 1776 2114 alas
1799 2087 2018 2122 erecturus,
2045 2090 2128 2113 cum
2151 2085 2297 2126 tempus
2313 2090 2419 2113 acce-

1431 2135 1530 2183 peris
1543 2142 1565 2171 ¹.
1580 2135 1650 2172 Sed
1668 2144 1704 2171 et
1719 2136 1862 2171 ciconia
1877 2143 1911 2170 et
1926 2134 2088 2171 hirundo
2106 2134 2330 2171 visitationis
2346 2146 2420 2169 suae

1429 2193 1526 2229 ‹liem
1543 2201 1796 2242 cognoscunt²
1812 2222 1821 2237 ,
1839 2207 1923 2229 cum
1940 2206 2028 2229 aura
2042 2193 2199 2242 coeperit
2216 2193 2306 2229 flare
2322 2194 2419 2242 tepi-

1428 2252 1522 2288 dior.
1547 2253 1740 2289 Manifeste
1757 2251 1802 2288 ad
1823 2261 1856 2288 te
1875 2253 2022 2299 loquor,
2039 2264 2121 2299 quae
2140 2251 2200 2286 alii
2218 2251 2254 2286 in
2273 2251 2419 2287 occulto

1429 2311 1581 2346 forsitan
1607 2312 1814 2359 loquuntur
1839 2310 1884 2346 dc
1916 2319 1962 2346 te.
1986 2310 2041 2346 Ad
2067 2310 2204 2345 curiam
2232 2309 2359 2354 vadis,
2383 2318 2420 2346 et

1427 2370 1559 2419 ignoro
1585 2383 1630 2406 an
1659 2378 1826 2406 x'ocatus.
1852 2369 1950 2417 Quid
1986 2369 2058 2404 illic
2090 2377 2212 2404 tamen
2247 2369 2420 2404 acturus?

1427 2429 1559 2466 animae
1582 2438 1653 2465 tuae
1677 2443 1804 2465 curam
1823 2442 1907 2465 cum
1930 2431 2033 2465 Duce
2055 2427 2418 2472 communicaturus;

373 2484 417 2519 ad
441 2486 692 2533 quorumdam
719 2486 1012 2534 impudentiam,
1032 2487 1096 2535 qui
1121 2501 1203 2522 cum
1233 2489 1359 2523 omnia
1380 2494 1408 2527 D
1426 2497 1538 2525 aestus
1553 2489 1677 2525 cordis
1692 2489 1745 2525 tui
1761 2487 1841 2536 ejus
1861 2488 2144 2536 refrigeraturus
2162 2486 2419 2535 alloquio?1ta

373 2557 524 2592 sperare
554 2543 736 2590 debcant,
773 2546 977 2581 necessaria
1005 2546 1176 2594 quidem,
1205 2560 1224 2581 a
1255 2555 1360 2595 patre

374 2603 589 2639 monasterii
602 2618 611 2648 3
624 2603 867 2639 emendicatis
884 2604 1146 2653 undecumque
1162 2605 1360 2653 suffragiis,

375 2661 528 2697 subtiles
547 2661 725 2710 quasdam
750 2670 786 2697 et
811 2663 1013 2711 exquisitas
1038 2663 1174 2699 exinde
1200 2664 1359 2712 pellicu-

373 2720 425 2755 las
448 2729 684 2769 comparant,
703 2729 966 2769 portentuosas
989 2730 1109 2758 vestes
1133 2731 1169 2758 ct
1194 2723 1358 2771 peregri-

373 2791 417 2813 na
441 2779 611 2828 palliola,
637 2787 845 2828 caeteraque
865 2793 949 2829 quae
970 2793 1190 2817 enumerare
1206 2781 1358 2829 longum

373 2846 441 2880 cst,
462 2839 497 2873 in
517 2837 715 2883 odoribus,
731 2839 920 2875 coloribus
933 2869 941 2885 ‚
958 2839 1172 2889 saporibus,
1187 2841 1360 2888 volupta-

373 2897 417 2931 tis
439 2897 688 2941 irritamenta,
714 2898 962 2934 instrumenta
982 2900 1155 2935 vanitatis
1173 2914 1179 2934 :
1200 2899 1361 2948 denique

373 2968 467 3003 quos
485 2963 692 3003 temperare
709 2965 929 3005 oportuerat
946 2957 991 2993 ab
1014 2959 1068 2994 his
1087 2971 1170 3006 quoe
1186 2972 1359 2994 concessa

373 3022 457 3048 sunt
476 3013 576 3057 usui;
591 3015 752 3048 ostentui
772 3015 1011 3063 impudenter
1025 3017 1205 3053 inservire
1220 3016 1357 3052 videas.

374 3076 491 3118 Quem
521 3085 665 3107 naevum
695 3073 802 3118 longe
829 3074 955 3109 alu-sse
983 3075 1149 3110 moribus
1175 3076 1263 3120 tuis,
1286 3090 1356 3111 vox

422 3209 425 3219 ¹
445 3202 505 3231 4ΙΗΙ)
523 3213 621 3230 xxxix
638 3206 773 3237 ‚18.--
796 3208 806 3222 ⁷
822 3205 936 3232 Jcreni.
961 3215 1020 3231 vm
1037 3228 1043 3239 ‚

1070 3207 1096 3234 7.
1115 3222 1154 3226 -—
1176 3204 1188 3224 ⁵
1208 3205 1319 3235 Manli.
1339 3217 1428 3238 xxix,
1453 3210 1500 3236 1¹2.
1520 3225 1560 3229 -—
1582 3207 1594 3233 -1
1612 3209 1691 3236 Osce
1706 3217 1750 3241 γι,
1778 3207 1804 3234 1.

1428 2548 1612 2592 fortassis,
1634 2547 1698 2583 sed
1721 2560 1766 2583 eo
1789 2547 1944 2596 frigore,
1965 2546 2010 2582 de
2030 2558 2106 2594 quo
2126 2545 2304 2594 scriptum
2328 2554 2384 2581 est
2407 2558 2413 2580 :

1426 2605 1646 2655 quliigescet
1673 2608 1835 2641 charitas
1863 2603 2097 2641 tnultm-1m13.
2133 2603 2230 2640 Audi
2255 2602 2418 2652 denique

1426 2664 1639 2713 hujusmodi
1656 2663 1944 2714 exprobrantem
1962 2663 2183 2713 prophetam
2205 2677 2212 2698 ε
2239 2659 2417 2708 Quidfa-

1425 2728 1520 2757 cmm
1548 2723 1630 2768 tibi,
1654 2723 1864 2770 Ephraim?
1890 2724 1982 2769 quid
2002 2720 2151 2768 faciam
2179 2719 2264 2764 abi,
2287 2721 2418 2755 luda?

1424 2784 1449 2816 J
1451 2786 1572 2817 ustitia
1588 2790 1710 2817 vestra
1725 2786 1834 2829 quasi
1847 2781 1960 2817 nubes
1978 2784 2173 2824 matutitza,
2189 2788 2222 2815 et
2237 2783 2343 2828 quasi
2359 2792 2416 2814 ros

1427 2853 1536 2875 mane
1552 2840 1841 2888 pertransiens-5.
1863 2840 2043 2877 Matutina
2061 2839 2170 2888 plane
2183 2866 2193 2883 ,
2213 2837 2330 2886 magis
2343 2849 2414 2873 au-

1429 2907 1501 2934 tem
1522 2907 1782 2934 momentanea
1806 2914 1814 2934 :
1835 2911 1919 2934 cum
1939 2898 2038 2934 enim
2059 2897 2121 2933 vix
2137 2895 2269 2946 spiritu
2289 2907 2415 2944 coepe-

1428 2959 1519 3003 rint,
1538 2971 1625 2994 mox
1649 2970 1759 2994 carne
1789 2965 2111 2993 consummantur.
2142 2955 2247 2992 Tales
2277 2955 2415 2991 multos

1429 3018 1602 3053 tolerasse
1619 3029 1658 3053 se
1677 3016 1847 3065 queritur
1865 3029 2024 3065 sponsus
2042 3016 2078 3051 in
2097 3014 2277 3052 Canticis:
2298 3014 2415 3061 Caput

1426 3091 1543 3111 meum
1567 3081 1717 3123 plenam
1749 3085 1799 3110 ese
1826 3088 1924 3117 rore,
1955 3083 1989 3109 ct
2017 3077 2180 3109 cincinni
2203 3077 2275 3108 mei
2301 3076 2413 3120 gultis

1949 3211 1960 3223 ··
1985 3203 2068 3233 Alias
2079 3227 2086 3239 ,
2106 3201 2210 3231 dubia.
