2418 3949
207 254 302 291 1073

791 252 1074 288 TRACTATUS
1103 251 1166 286 DE
1197 251 1353 286 STATL*
1383 251 1652 286 VIRTL'TUM.

2154 247 2245 284 1074

200 330 248 375 li,
276 337 314 366 et
334 341 411 365 non
437 327 588 378 praefert
617 340 655 364 se
685 327 796 364 etiam
831 327 1004 363 minoi-ia.
1033 327 1106 363 Sed
1131 324 1315 362 illa⁵³⁸est
1343 325 1521 374 simplex,
1547 339 1616 362 nec
1646 324 1819 362 laudibus
1844 324 2040 361 hominum
2069 323 2252 360 effertur:

199 402 284 438 quae
303 388 491 425 sufficiens
510 395 584 432 est,
603 395 703 424 recte
722 386 883 436 genitrix
900 386 1082 422 virtutum
1103 385 1193 422 dici·
1208 384 1239 417 A
1257 384 1328 420 alia
1356 393 1412 421 est
1438 385 1639 422 virtutibus
1659 385 1794 430 ditata,
1819 398 1886 421 nec
1914 393 2037 421 tamen
2063 382 2110 420 ab
2130 383 2254 419 homi-

199 456 276 493 tur,
296 461 371 498 qua
398 447 513 484 homo
540 446 672 496 incipit
701 445 919 496 poenitendo
947 454 1099 495 peccata
1126 457 1193 482 sua

199 507 393 552 confiteri,
413 515 451 543 et
469 505 630 543 subdere
651 518 689 542 se
709 504 855 554 majori.
878 505 1078 541 Humilitas
1100 517 1192 541 vero

199 565 396 602 abundans
417 574 454 602 et
474 564 802 615 superabundans,
819 573 857 601 et
877 564 1052 600 nutriunt
1069 564 1193 601 virtu-

202 633 276 672 tes,
299 634 338 662 et
364 625 584 662 custodiunt
614 632 650 660 et
671 625 863 674 ampliant.
889 627 1040 674 Septem
1072 623 1195 660 modis

198 684 473 722 diversificatur
493 684 697 720 humilitas.
726 687 792 720 Est
813 684 912 720 enim
941 683 1132 720 humilitas
1155 683 1194 719 in

198 743 437 794 depositione
448 743 712 792 temporalium
723 743 1017 793 possessionum.
1027 745 1196 791 Sequun-

199 810 262 839 tur
272 803 354 839 aliae
368 815 433 838 sex
445 830 455 847 ,
471 801 555 838 duae
571 802 610 838 in
626 814 739 847 voce,
759 801 842 838 duae
856 802 895 838 in
913 813 1093 851 corpore,
1111 801 1195 837 duae

198 861 236 898 in
255 860 381 898 corde.
404 864 498 897 Duae
523 860 561 896 in
591 873 682 896 voce
695 888 705 906 ‚
727 861 816 909 quia
835 869 871 897 et
890 861 1045 898 humilis
1063 868 1196 897 contra

196 920 355 958 verbum
374 920 619 969 impatientiae
638 920 812 969 pacifice,
831 930 868 957 et
882 930 1014 958 contra
1035 919 1192 957 verbum

193 978 383 1029 jactantiae
404 979 574 1029 loquitur
591 979 797 1017 humiliter.
827 984 920 1018 Duae
949 981 988 1017 in
1009 993 1193 1030 corpore,

194 1039 284 1088 quia
302 1046 341 1075 et
357 1038 481 1075 vilitas
506 1038 620 1075 estin
648 1037 801 1084 habitu,
825 1047 862 1075 et
887 1039 1125 1076 mortificatio
1153 1039 1193 1074 in

195 1110 318 1136 carne.
340 1101 434 1134 Duae
453 1098 494 1134 in
522 1097 654 1143 corde,
674 1098 762 1147 quia
781 1107 818 1134 et
842 1112 1044 1136 commune
1064 1098 1191 1135 consi·
1214 1096 1240 1129 Β

195 1156 286 1194 lium
314 1157 504 1207 praeponit
530 1157 687 1207 proprio
702 1172 714 1203 3
747 1166 785 1194 et
813 1159 967 1207 propria
998 1159 1192 1195 voluntate

194 1216 422 1266 postposita,
441 1217 596 1253 alterius
612 1229 651 1252 se
671 1216 823 1265 subjicit
839 1217 1012 1266 imperio.

247 1275 284 1313 5.
305 1276 508 1313 Humilitas
525 1276 632 1325 quasi
650 1275 822 1325 quaedam
843 1276 952 1312 fovea
971 1284 1028 1313 est
1043 1275 1191 1313 subter-

194 1347 328 1381 ranea,
347 1335 385 1371 in
408 1348 482 1384 qua
503 1335 700 1372 thesaurus
719 1335 904 1372 virtutum
926 1336 1109 1372 tutissime
1129 1348 1191 1372 re-

193 1393 383 1440 conditur,
406 1393 471 1431 ubi
497 1408 567 1431 nec
598 1395 821 1444 praedonum
853 1396 1031 1432 violentia
1060 1395 1190 1440 irruit,

194 1465 264 1490 nec
283 1453 383 1491 fures
401 1454 589 1491 effodiunt
604 1463 641 1491 et
659 1455 842 1491 furantur.
863 1459 927 1492 Est
943 1456 1052 1491 etiam
1073 1455 1192 1491 humi-

193 1511 277 1549 litas
307 1513 464 1562 clypeus
494 1513 792 1562 impenetrabilis
805 1542 814 1559 ,
852 1528 928 1564 quo
958 1514 1194 1564 protegimur

194 1570 457 1620 spiritualiter3
473 1572 618 1621 gladius
635 1573 853 1610 indeficiens
868 1587 915 1610 ex
937 1582 1093 1624 utraque
1111 1587 1195 1623 par-

195 1637 231 1666 te
253 1629 391 1667 feriens
408 1645 416 1667 :
432 1632 521 1680 quia
539 1640 577 1668 et
597 1633 763 1669 exterior
781 1633 972 1671 humilitas
989 1633 1193 1670 exteriores

193 1689 367 1726 inimicos
385 1689 586 1727 salubriter
599 1693 763 1741 percutit
780 1701 822 1729 ut
842 1693 1068 1742 poeniteant,
1085 1701 1122 1729 et
1135 1693 1193 1729 in-

195 1747 310 1785 terior
328 1748 516 1786 humilitas
535 1749 742 1787 invisibiles
756 1751 927 1788 inimicos
944 1752 1091 1788 fortiter
1107 1765 1194 1801 per-

193 1806 306 1852 cutit,
324 1815 367 1843 ut
382 1807 473 1843 nihil
489 1809 690 1857 proficiant
703 1837 712 1855 ‚
729 1810 805 1847 imo
824 1819 866 1847 ut
882 1810 1068 1847 deficiant.
1083 1811 1193 1848 Unde

1257 443 1368 480 nibus
1385 444 1569 481 honorata
1589 453 1645 481 est
1666 460 1673 481 :
1692 446 1762 481 alia
1782 444 1828 481 ab
1850 443 2067 481 hominibus
2086 443 2253 479 honora-

1259 511 1315 549 ta,
1348 517 1417 540 nec
1441 513 1563 541 tamen
1586 505 1790 541 virtutibus
1810 505 1936 541 ditata.
1957 504 2024 541 Ille
2043 503 2250 552 simplicem

1257 564 1395 601 dicitur
1419 564 1559 602 habere
1576 565 1824 602 humilitatem
1837 594 1845 610 ‚
1868 566 1933 614 qui
1952 577 2022 600 nec
2041 564 2141 600 vitiis
2163 562 2253 599 sub-

1254 622 1376 672 jacet,
1398 637 1468 661 nec
1494 625 1675 661 virtutum
1698 626 1806 674 copia
1827 625 1980 661 fulcitur
1999 623 2101 660 unde
2123 634 2256 672 super—

1260 681 1357 728 biat,
1375 695 1444 719 nec
1463 684 1501 719 in
1518 683 1574 719 his
1589 696 1673 732 quae
1692 684 1883 733 praevalet,
1905 684 2014 719 alicui
2031 696 2069 719 se
2088 682 2253 731 praefert.

1261 743 1354 778 Cum
1376 754 1466 778 vero
1485 742 1676 779 humilitas
1697 742 1743 779 ab
1762 741 1980 779 hominibus
2002 742 2061 777 vel
2086 741 2253 776 honora-

1263 807 1338 845 tur,
1361 801 1419 837 vel
1444 800 1666 850 despicitur,
1688 802 1852 850 graviter
1871 802 2114 850 impugnatur
2138 812 2145 833 ε
2167 798 2256 847 quia

1260 867 1298 895 et
1312 859 1393 896 laus
1410 859 1595 907 humana,
1615 862 1787 909 quamvis
1805 874 1879 896 non
1898 867 2109 908 quaeratur,
2128 866 2251 894 tamen

1260 917 1385 955 oblata
1417 919 1596 966 delectat;
1629 929 1665 957 et
1695 920 1945 970 vituperium,
1966 918 2138 968 quamvis
2167 929 2252 953 eum

1260 978 1364 1015 deest
1382 979 1612 1029 quandoque
1629 993 1705 1016 non
1724 980 1918 1024 timeatur,
1939 987 2062 1014 tamen
2084 989 2167 1013 cum
2185 975 2255 1012 ad-

1260 1046 1313 1074 est
1333 1038 1507 1074 vulnerat
1524 1038 1795 1087 improvidum.

1314 1098 1351 1133 8.
1375 1098 1682 1134 Praetereundum
1711 1107 1834 1134 autem
1866 1110 1942 1133 non
1968 1096 2130 1139 testimo,
2152 1091 2256 1142 quod

1258 1156 1479 1193 humilitatis
1499 1157 1618 1193 virtus
1647 1156 1733 1193 ideo
1762 1157 1860 1192 inter
1880 1156 1968 1191 alias
1996 1154 2155 1189 virtutes
2174 1151 2234 1187 exi

1258 1216 1331 1252 mia
1354 1215 1511 1261 dicitur,
1531 1216 1620 1265 quia
1642 1216 1738 1252 hanc
1764 1216 1802 1252 in
1831 1228 1869 1251 se
1892 1214 2025 1250 unicus
2051 1212 2119 1248 Dei
2139 1211 2254 1247 Filius

1258 1276 1303 1312 ad
1334 1277 1550 1326 exemplum
1581 1275 1691 1313 nobis
1717 1276 1878 1312 maxime
1905 1272 2095 1317 exhibuit,
2116 1280 2152 1308 et
2187 1283 2253 1319 per

1257 1336 1354 1373 hanc
1375 1337 1549 1373 virtutem
1571 1350 1704 1373 omncs
1720 1336 1843 1386 laquei
1863 1333 2103 1372 multiformis
2122 1330 2255 1381 prodi-

1259 1396 1351 1432 toris
1379 1396 1626 1432 declinantur.
1659 1399 1750 1434 Cum
1780 1396 1881 1432 enim
1910 1393 2098 1431 Antonius
2124 1401 2256 1426 omnes

1259 1455 1397 1491 inimici
1424 1456 1578 1504 laqueos
1603 1464 1734 1492 contra
1763 1468 1802 1491 sc
1830 1454 1976 1490 rideret
2001 1460 2198 1494 extensos,
2219 1456 2256 1484 et

1259 1514 1481 1551 admirando
1509 1523 1697 1563 quaereret
1720 1515 1804 1564 quis
1831 1526 1895 1550 eos
1926 1512 2086 1549 evadere
2110 1515 2255 1559 posset,

1260 1574 1385 1610 divina
1407 1587 1498 1621 voce
1520 1587 1741 1624 responsum
1763 1583 1819 1611 est
1838 1574 1871 1610 ei
1889 1574 1942 1610 sic
1960 1588 1967 1608 :
1984 1589 1996 1602 «
2021 1571 2107 1609 Sola
2127 1568 2253 1605 humi-

1260 1652 1274 1666 »
1289 1633 1372 1670 litas
1386 1640 1407 1668 ¹.
1423 1650 1437 1665 υ
1453 1634 1630 1682 Quisquis
1647 1642 1770 1670 autem
1787 1646 1845 1678 es,
1857 1633 1920 1682 qui
1937 1632 2015 1669 sine
2031 1630 2170 1666 virtute
2184 1628 2255 1663 hu-

1260 1693 1426 1729 militatis
1456 1694 1614 1729 virtutes
1645 1706 1871 1743 congregas,
1895 1693 1947 1729 sic
1976 1704 2014 1728 es
2042 1698 2084 1726 ut
2102 1689 2166 1725 ille
2188 1687 2252 1736 qui

1259 1753 1453 1802 pulverem
1475 1753 1510 1789 iu
1532 1761 1646 1789 vento
1665 1761 1803 1802 portat.
1823 1753 1858 1789 Si
1876 1760 1998 1788 autem
2016 1750 2072 1786 vis
2092 1747 2251 1786 sublime

1260 1812 1407 1848 virtutis
1426 1812 1625 1848 ostendere
1638 1841 1646 1857 ,
1667 1813 1744 1848 noli
1761 1811 1920 1848 sublime
1937 1822 2067 1859 sapere
2084 1821 2091 1843 :
2110 1816 2147 1844 et
2164 1815 2251 1843 tunc

194 1873 232 1902 et
251 1874 352 1903 recte
378 1866 568 1904 humilitas
595 1868 719 1905 cordis
746 1882 876 1906 murus
900 1870 1037 1906 dicitur
1061 1879 1193 1907 contra
1214 1868 1240 1903 C
1261 1871 1352 1907 illud
1387 1871 1490 1920 quod
1519 1872 1655 1920 egeris,
1693 1885 1772 1908 csse
1805 1868 2032 1907 monstrabis
2059 1867 2251 1904 excelsius.

193 1924 394 1964 invisibilia
427 1935 679 1974 tentamenta3
709 1937 746 1965 et
776 1929 965 1967 humilitas
997 1930 1192 1980 corporis,

193 1986 428 2023 antemurale
456 1995 590 2024 contra
609 1988 798 2024 exteriora
819 1989 1101 2038 impedimenta.
1126 1989 1193 2025 Di-

194 2043 294 2081 citur
311 2045 422 2082 etiam
445 2045 635 2083 humilitas
665 2048 778 2085 turris
803 2049 1033 2086 fortitudinis
1055 2063 1075 2085 a
1102 2048 1192 2085 facie

194 2103 338 2141 inimici
349 2119 360 2151 ;
371 2104 462 2154 quia
476 2106 796 2154 quemadmodum
815 2107 927 2143 turris
944 2108 982 2144 in
997 2108 1121 2157 aliqua
1137 2108 1192 2143 ci—

194 2163 309 2201 vitate
327 2172 384 2201 est
398 2165 644 2215 pulchritudo
663 2175 700 2202 et
717 2167 992 2204 munimentum
1012 2168 1189 2212 civitatis,

193 2222 247 2260 sic
275 2222 467 2261 humilitas
496 2233 551 2262 est
576 2225 821 2274 pulchritudo
847 2235 884 2262 et
912 2227 1189 2263 munimentum

194 2281 332 2320 cordis·

247 2343 284 2380 6.
310 2345 376 2380 Est
395 2344 505 2381 etiam
529 2344 672 2381 inutilis
696 2344 905 2390 humilitas,
923 2358 998 2393 qua
1018 2345 1135 2382 homo
1154 2355 1192 2383 et

193 2399 242 2438 ab
260 2414 377 2452 opere
398 2415 438 2440 se
457 2403 631 2450 retrahit,
655 2411 692 2440 et
713 2403 782 2440 sub
802 2404 952 2440 silentio
974 2404 1191 2451 abscondit,

193 2461 282 2511 quia
303 2462 409 2500 timet
434 2463 632 2510 vilescere,
653 2463 683 2500 si
706 2463 803 2500 forte
832 2463 902 2500 sibi
930 2463 1132 2513 objiciatur
1154 2464 1192 2500 id

194 2520 297 2557 unde
325 2522 554 2559 conscientia
580 2522 724 2558 metuit.
752 2525 816 2558 Est
845 2531 881 2559 et
901 2523 972 2559 alia
1003 2523 1193 2560 humilitas

194 2591 273 2616 non
293 2579 480 2618 aedificans
493 2609 503 2626 ,
525 2581 590 2618 scd
610 2581 828 2627 destruens,
847 2594 931 2617 cum
951 2582 1086 2630 aliquis
1107 2582 1192 2619 loco

1259 1930 1342 1967 Noli
1361 1939 1396 1966 te
1414 1939 1545 1979 putare
1566 1931 1770 1980 quidquam
1793 1931 1920 1967 secisse
1941 1942 2025 1966 cum
2048 1927 2199 1971 feceris,
2218 1933 2254 1961 ct

1258 1990 1474 2039 plenissime
1495 1999 1626 2026 cuncta
1648 1990 1779 2026 fecisti.
1801 1989 1886 2027 Noli
1907 1998 2057 2025 tuorum
2082 1999 2253 2023 corrum-

1258 2063 1348 2099 pere
1362 2050 1504 2086 fructus
1517 2049 1702 2086 laborum.
1720 2050 1803 2087 Noli
1818 2062 1967 2086 cursum
1980 2049 2017 2084 in
2036 2049 2147 2084 inane
2162 2046 2253 2081 diri·—

1258 2122 1363 2158 gere,
1388 2122 1434 2145 ne
1454 2118 1540 2159 post
1559 2110 1660 2146 mille
1682 2110 1859 2146 circuitus
1877 2107 2086 2145 mercedem
2116 2105 2254 2142 laboris

1257 2169 1416 2205 amittas.
1434 2170 1470 2206 Si
1483 2169 1582 2205 enim
1604 2169 1834 2205 laudandum
1851 2178 1883 2205 te
1898 2181 1978 2204 csse
1997 2165 2155 2210 dixeris,
2169 2164 2253 2199 cul-

1258 2228 1392 2278 pahilis
1411 2229 1567 2265 effectus
1587 2242 1643 2275 cs,
1665 2229 1809 2265 etiamsi
1832 2229 1954 2264 fueras
1973 2235 2058 2263 ante
2087 2222 2258 2261 laudabi-

1258 2289 1302 2325 lis
1323 2304 1331 2325 :
1354 2290 1383 2325 si
1407 2302 1498 2326 vero
1521 2290 1688 2326 inutilem
1716 2302 1796 2326 csse
1826 2298 1861 2325 te
1888 2287 2053 2332 fatearis,
2077 2286 2193 2321 factus
2217 2296 2256 2320 cs

1259 2348 1378 2393 utilis,
1399 2348 1428 2384 si
1451 2348 1572 2385 fueras
1592 2350 1702 2385 etiam
1724 2357 1810 2385 ante
1827 2347 2035 2398 culpabilis.

1311 2409 1345 2445 9.
1369 2412 1529 2458 Propter
1548 2409 1651 2458 quod
1675 2409 1927 2446 necessarium
1955 2415 2009 2443 est
2034 2405 2079 2442 ad
2100 2404 2255 2441 humili·

1259 2475 1371 2503 tatem
1392 2468 1689 2504 conservandam
1704 2497 1713 2513 ,
1731 2468 1761 2505 si
1777 2468 1900 2512 adest,
1921 2467 1979 2502 vet
2001 2465 2047 2502 ad
2071 2477 2151 2501 eam
2174 2462 2251 2499 adi-

1257 2527 1494 2577 piscendam,
1524 2528 1553 2564 si
1583 2527 1706 2573 deest,
1737 2536 1777 2564 ut
1812 2527 2010 2576 diligenter
2040 2522 2255 2561 consideres

1258 2598 1335 2622 non
1356 2585 1457 2622 bona
1480 2595 1563 2626 tua.
1585 2587 1648 2623 sed
1671 2588 1765 2623 mala
1784 2595 1857 2622 tam
1882 2586 2029 2622 occulta
2049 2596 2160 2633 quam
2181 2596 2253 2632 pu-

194 2639 254 2676 vel
279 2648 449 2690 tempore
476 2654 553 2677 non
577 2654 746 2690 congruo
775 2641 885 2678 dictis
913 2643 972 2678 vel
994 2643 1098 2679 factis
1117 2643 1191 2679 im·
1211 2644 1374 2691 Dblica3
1409 2646 1580 2683 attendas
1609 2647 1720 2683 ctiam
1753 2647 1913 2683 aliorum
1947 2658 2023 2681 non
2055 2644 2150 2680 mala
2190 2641 2253 2678 sed

194 2698 389 2736 moderate
414 2711 454 2736 se
479 2699 627 2748 dejicit,
658 2700 730 2736 illis
749 2700 860 2736 etiam
882 2701 1111 2750 quandoque
1131 2702 1192 2738 in-

195 2757 387 2795 tuentibus
421 2758 485 2807 qui
529 2759 660 2795 leviter
696 2758 1011 2796 scandalizantur.
1051 2763 1114 2796 Est
1154 2769 1192 2797 et

194 2817 386 2854 humilitas
405 2818 578 2855 simulata
599 2818 909 2868 hypocritarum,
936 2820 1000 2868 qui
1030 2820 1192 2869 speciem

194 2878 417 2916 humilitatis
449 2880 691 2929 praetendunt
722 2881 759 2916 in
795 2879 944 2926 habitu,
982 2881 1028 2917 de
1062 2881 1191 2918 eadem

194 2940 319 2989 specie
339 2949 489 2977 ostensa
509 2939 789 2991 superbientc53
811 2949 847 2977 et
871 2955 956 2977 cum
978 2942 1016 2978 in
1041 2943 1190 2979 occulto

193 2999 320 3037 cordis
338 2999 578 3050 superbiant,
595 3009 681 3037 ante
696 3001 827 3037 oculos
842 3001 1038 3037 hominum
1057 3002 1189 3038 volunt

195 3057 313 3095 videri
333 3059 514 3106 humiles,
528 3060 659 3097 dolose
672 3069 844 3110 agentes,
867 3061 1190 3110 quemadmodum

194 3118 337 3156 aurifex
367 3119 540 3165 dolosus,
566 3120 594 3157 si
621 3121 803 3157 annulum
830 3130 1050 3171 argenteum
1072 3121 1190 3157 deau-

195 3185 318 3215 ratum
337 3177 478 3215 vendat
497 3192 568 3229 pro
590 3181 732 3216 annulo
750 3194 879 3217 aureo.

249 3238 283 3273 7.
306 3237 517 3274 Notandum
551 3248 674 3276 autem
702 3248 754 3275 est
788 3241 873 3288 quia
905 3239 1093 3275 humilitas
1122 3239 1188 3275 alia

247 3371 253 3384 ¹
279 3367 312 3394 ln
329 3364 406 3394 xm*
425 3367 559 3396 l'atrum.

1225 3381 1228 3386 “
1260 3370 1344 3396 'Hcs'
1369 3372 1454 3395 littu-
1472 3366 1618 3397 1lil·tttlt¹·.
1699 3368 1711 3384 ¹*
1734 3370 1785 3395 l'u

1257 2705 1384 2741 bona:
1407 2714 1443 2741 ct
1465 2707 1493 2741 si
1515 2706 1744 2755 quandoque
1765 2719 1840 2741 non
1863 2712 2047 2754 apparent
2065 2704 2103 2739 in
2126 2701 2253 2751 publi-

1258 2778 1323 2809 c0,
1346 2764 1500 2800 sortasse
1524 2765 1640 2800 latent
1672 2765 1710 2800 in
1739 2765 1913 2807 occulto,
1937 2762 2041 2812 quod
2071 2763 2173 2811 pium
2197 2769 2252 2796 cst

1260 2824 1452 2872 suspicari.
1472 2824 1531 2859 Sic
1555 2825 1594 2859 lit
1615 2824 1767 2869 utiliter,
1789 2832 1829 2859 ut
1859 2823 2096 2872 temetipsum
2124 2821 2253 2870 ‹lepri-

1260 2883 1416 2928 niu-ndo,
1438 2883 1552 2919 alium
1571 2883 1711 2919 exaltes
1733 2898 1739 2918 :
1761 2883 1855 2919 sicut
1876 2896 1895 2918 c
1913 2881 2102 2918 contrario
2122 2893 2254 2928 super-

1259 2942 1327 2978 bus
1349 2942 1449 2978 bona
1477 2956 1543 2978 sua
1564 2942 1815 2987 attendendo,
1835 2943 1862 2978 si
1884 2956 1958 2991 qua
1986 2949 2093 2985 sunt,
2117 2949 2154 2976 ct
2177 2953 2254 2975 uon

1258 3002 1351 3037 mala
1374 3014 1458 3049 quae
1487 3002 1603 3038 multa
1633 3011 1741 3048 sunt,
1760 3001 1990 3038 attendendo
2019 3001 2129 3037 ctiam
2160 2999 2254 3035 mala

1256 3060 1415 3096 aliorum
1443 3069 1480 3096 ct
1506 3073 1579 3096 non
1604 3061 1724 3106 hona,
1753 3069 1789 3097 ct
1817 3061 1910 3096 alios
1935 3059 2134 3109 deprimit,
2153 3067 2187 3094 ct
2214 3071 2252 3093 sc

1258 3120 1380 3168 ipsum
1392 3121 1540 3156 exaltat.
1552 3121 1662 3157 [nde
1676 3120 1882 3157 neccssaria
1894 3119 2063 3155 nobisest
2081 3118 2253 3168 qua-dam

1257 3178 1684 3227 praeteritarumoblivio
1698 3180 1877 3216 virtutum
1896 3194 1901 3215 :
1918 3178 2019 3228 quod
2031 3176 2106 3213 ¹’sie
2121 3178 2236 3212 intelli

1258 3252 1325 3286 go,
1343 3246 1380 3272 ut
1404 3251 1596 3286 nunquam
1615 3238 1773 3286 alicujus
1796 3253 1807 3273 x
1822 3240 1941 3275 irtutis
1961 3238 2240 3273 methim-tinnis

1800 3382 1833 3394 „.
1863 3366 1974 3395 mhi-a
2003 3378 2025 3394 ‘a
2047 3378 2059 3393 's
