2418 3949
91 225 165 262 345

89 301 281 351 myrrham
301 298 611 350 incorruptionis,
631 305 799 334 aromata
808 296 986 333 veritatis.
1006 297 1079 332 Co-
1096 294 1123 312 '⁷

847 221 1128 257 TRACTATUS
1156 220 1381 256 ASCETICI.

1128 294 1268 331 ⁰unum
1280 295 1463 332 omnium.
1480 297 1512 333 Ο
1532 308 1643 344 quam
1661 294 1805 332 bonum
1818 303 1855 331 et
1873 307 1984 344 quam
2000 294 2139 345 jucun-

2064 219 2139 256 346

89 361 278 412 gnoscetis
293 361 515 406 veritatem3
537 357 602 395 sed
622 370 707 394 cum
725 369 793 393 vos
814 368 895 392 mea
913 354 1086 391 docuerit
1100 357 1131 390 A
1148 353 1239 390 dum
1274 354 1444 391 habitare
1458 382 1469 400 ,
1508 355 1661 403 inquam
1677 383 1687 400 ,
1722 355 1760 390 in
1789 367 1906 391 unum
1925 367 1934 391 :
1965 363 2002 391 et
2021 354 2073 391 ibi
2100 356 2136 392 in

90 421 234 457 unctio.
264 422 342 457 Vos
372 431 456 455 cum
492 416 697 466 unguentis
726 414 888 460 venitis,
915 412 982 451 sed
1012 425 1082 462 ego

91 478 162 515 alia
184 477 328 524 habeo,
351 490 435 527 quae
465 489 534 513 vos
558 475 729 521 nescitis,
749 481 940 524 unguenta
964 484 1082 516 nova,

92 537 170 574 imo
189 546 226 573 et
246 546 372 573 vetera
397 550 405 572 :
425 536 553 573 omnia
575 535 675 571 enim
696 546 794 570 nova
815 540 853 569 et
869 540 997 568 vetera
1018 544 1084 566 co-

92 595 262 632 acervavi
290 595 393 631 mihi.
428 598 577 633 Futurae
605 593 745 630 etenim
774 592 812 628 in
844 590 977 627 mundi
1006 590 1082 626 fine

92 654 377 691 resurrectionis
403 654 443 689 in
475 666 533 689 me
558 652 637 702 jam
670 651 903 702 pullularunt
931 649 1036 685 initia
1069 662 1079 684 ε

92 721 130 748 et
149 712 310 761 antiquae
345 711 442 747 illius
468 719 618 747 aeternae
654 709 830 746 claritatis
866 713 1083 758 perseverat

91 771 223 822 gloria.
244 770 434 820 Siquidem
456 769 670 806 clarificavit
696 761 755 804 ine
777 772 886 805 Pater
914 767 1081 803 claritate

92 842 204 879 quam
220 829 357 876 habui,
371 828 591 878 priusquam
608 827 772 864 mundus
787 828 905 863 fieret.

143 889 181 926 3.
225 890 342 933 Vere,
377 887 561 934 Domine,
595 887 740 936 optima
775 886 853 922 haec
890 892 1083 934 unguenta

91 956 199 995 sunt,
219 955 257 984 et
275 947 323 984 ad
342 959 518 997 sponsam
533 945 719 995 tuamjam
735 946 889 982 illorum
908 943 1089 994 pervenit(

91 1006 304 1057 fragrantia.
321 1006 434 1044 Unde
451 1013 488 1042 et
509 1005 599 1042 dicit
620 1007 741 1042 :Ecce
759 1005 983 1040 odordilectc'
999 1005 1084 1046 mei,

89 1070 183 1102 sicut
199 1067 293 1102 odor
311 1069 393 1115 agri
403 1067 508 1114 pleni
529 1071 555 1101 ¹.
588 1065 762 1114 Denique
776 1076 853 1113 quo
876 1072 914 1099 tu
937 1073 1080 1112 praece-

91 1125 170 1172 dis,
198 1125 260 1162 illa
286 1123 526 1174 subsequitur
549 1137 556 1160 :
580 1124 632 1161 sic
658 1124 796 1160 etenim
821 1123 935 1167 dicit,
960 1121 1080 1156 Tralze

93 1198 152 1220 me
167 1193 252 1233 post
271 1193 322 1228 te,
347 1188 384 1220 in
410 1185 521 1220 odore
540 1192 804 1232 unguentorum
828 1191 971 1218 tuorum
997 1193 1081 1216 cur-

91 1255 212 1279 remus
227 1248 259 1278 ².
275 1245 308 1280 Ο
328 1241 436 1278 beata
459 1250 649 1291 tempora,
670 1254 756 1278 cum
775 1240 822 1277 de
838 1253 877 1278 se
896 1239 990 1276 illud
1007 1237 1081 1274 dici

91 1301 244 1338 audient
266 1314 274 1337 :
297 1302 370 1348 Qui
391 1309 474 1337 sunt
496 1301 582 1345 isti,
603 1304 666 1349 qui
683 1308 723 1336 ut
745 1299 858 1335 nubes
885 1301 1018 1335 volant
1037 1296 1078 1332 3?

91 1363 199 1397 Nunc
218 1359 370 1410 spiritus
398 1367 454 1396 est
484 1366 708 1408 promptus,
744 1358 809 1394 sed
832 1371 920 1394 caro
938 1364 994 1393 est
1019 1355 1081 1405 pi—

90 1419 220 1468 grior:
245 1419 346 1455 vires
367 1418 527 1454 infirmae
545 1427 677 1454 votum
704 1431 780 1454 non
804 1425 966 1467 aequant.
990 1419 1084 1453 Pro-

90 1486 220 1528 pterea
237 1478 342 1514 trahe
358 1491 417 1513 me
429 1485 517 1526 post
535 1485 569 1512 te
580 1504 593 1522 ,
618 1481 657 1513 in
675 1478 786 1512 odore
807 1485 867 1512 tuo
884 1488 1082 1512 curremus.

91 1540 220 1574 Bonus
245 1545 301 1574 est
327 1549 478 1579 cursus,
510 1535 574 1572 sed
609 1543 748 1572 tractus
784 1536 984 1572 efficacior.
1012 1537 1084 1570 Ex-

91 1604 219 1645 specta
240 1603 447 1632 morantem
461 1623 471 1640 ‚
495 1594 599 1630 trahe
616 1595 818 1631 volentem.
841 1596 996 1631 Curram
1016 1593 1085 1630 de-

91 1655 237 1700 votius,
259 1654 288 1690 si
312 1666 458 1690 mecum
480 1653 689 1689 cucurreris
705 1667 716 1699 ;
735 1665 930 1689 curramus
949 1652 1081 1696 simul,

93 1721 133 1749 tu
160 1713 197 1749 In
228 1713 453 1762 unguentis,
484 1725 554 1762 ego
583 1712 619 1748 in
649 1711 778 1748 odore.
808 1712 911 1750 Felix
940 1712 1082 1756 anima,

91 1784 176 1821 quae
194 1780 280 1821 post
294 1771 460 1808 laborem
473 1770 551 1820 jam
570 1771 606 1807 in
624 1771 826 1821 unguentis
847 1771 1014 1816 laetatur3
1043 1769 1080 1806 in

91 1844 203 1880 quam
224 1831 449 1881 cognitionis
471 1839 508 1866 et
528 1830 740 1866 dilectionis
763 1839 833 1866 tuae
853 1843 890 1866 se
922 1829 1083 1866 effundit
1102 1836 1129 1872 C
1147 1830 1312 1865 ctionem
1348 1843 1356 1865 :

92 1889 221 1925 unctio
244 1902 252 1923 :
285 1888 400 1937 inagis
419 1897 542 1924 autem
567 1888 788 1937 assumpsit,
813 1897 850 1924 et
885 1887 1081 1924 absorbuit

92 1945 130 1981 in
146 1958 184 1982 se
204 1946 410 1995 voluptatis
439 1953 586 1981 torrens
600 1974 609 1990 ‚
631 1954 667 1981 et
686 1945 888 1981 multitudo
910 1945 1079 1982 dulcedi—

93 2004 163 2041 nis.
183 2007 294 2041 Beate
312 2017 400 2040 sane
422 2003 762 2053 absconditur‚qui
775 2004 825 2040 ibi
845 2004 1076 2049 reconditur,

92 2063 336 2112 consepultus
360 2076 445 2099 cum
475 2063 646 2108 Christo,
681 2064 757 2099 imo
784 2064 822 2100 in
846 2064 1018 2110 Christo;
1045 2071 1081 2099 et

92 2129 148 2157 cst
161 2149 172 2166 ,
193 2122 289 2158 sicut
314 2121 473 2170 legitur,
502 2125 706 2170 sepulcrum
734 2123 812 2168 ejus
831 2123 1054 2170 gloriosun1⁴⁷
1071 2137 1080 2168 3

90 2181 295 2228 gloriosum
317 2181 447 2228 plane,
466 2180 573 2227 cujus
585 2179 711 2225 saccus
728 2187 781 2213 est
798 2184 835 2213 in
854 2192 951 2228 pace
968 2183 1080 2222 locus,

90 2247 126 2273 et
143 2238 323 2274 hahitatio
343 2243 382 2272 1‘n
416 2238 501 2272 Sion
525 2236 549 2271 ⁵.
570 2236 626 2273 Ibi
643 2236 707 2284 qui
729 2244 837 2281 sunt,
864 2244 899 2271 te
917 2244 1081 2271 contem-

90 2295 244 2344 plantur
262 2295 299 2331 in
319 2295 483 2344 specula.
503 2298 593 2331 Nam
613 2306 682 2329 nos
710 2294 800 2343 quid
829 2294 898 2330 nisi
921 2294 959 2329 in
991 2306 1079 2342 spe-

90 2355 176 2391 culo
189 2383 198 2400 ‚
218 2354 255 2390 in
272 2354 424 2403 speculo
446 2362 700 2390 creaturarum
713 2382 722 2398 ‚
745 2362 782 2389 et
799 2353 1078 2402 Scripturarum

89 2413 285 2463 aenigmate
300 2415 315 2449 ?
330 2416 406 2450 Nos
421 2413 457 2448 in
477 2412 623 2462 figuris,
645 2420 680 2448 et
695 2410 988 2448 obscuritatibus
1011 2423 1018 2444 :
1040 2410 1077 2445 in

88 2472 247 2508 veritate
283 2480 321 2506 et
344 2472 554 2508 sinceritate
586 2472 652 2508 illi.
682 2475 823 2508 Vacant
862 2478 898 2506 et
931 2470 1078 2514 vident,

90 2537 190 2566 stant
207 2537 244 2565 et
264 2529 490 2574 auscultant,
521 2538 557 2565 et
579 2529 715 2578 gaudio
736 2529 899 2578 gaudent
921 2536 1079 2577 propter

1148 416 1284 450 unum!
1313 413 1369 450 Ibi
1384 414 1484 450 enim
1499 415 1686 451 Dominus
1705 414 1879 461 mandat,
1900 422 1937 451 et
1957 422 2104 450 emanat
2123 428 2131 449 :

1148 474 1301 510 mandat
1335 483 1484 523 aperte,
1521 482 1670 511 emanat
1709 474 1858 511 abunde
1874 488 1885 520 3
1912 483 1949 511 et
1974 473 2136 510 ubertim

1148 533 1308 570 effundit
1346 533 1646 570 benedictionem
1661 561 1671 579 ,
1717 542 1753 570 et
1788 534 1904 570 vitam
1946 546 2066 583 usque
2100 534 2138 569 in

1149 593 1340 628 saeculum.

1200 650 1237 686 4.
1261 653 1324 687 Vae
1338 650 1427 686 mihi
1441 648 1545 698 quod
1559 662 1634 685 non
1649 650 1804 686 effundo
1825 651 1934 699 plene
1955 650 2057 699 quod
2074 659 2138 688 ut-

1147 722 1308 758 cumque
1327 709 1447 757 capio.
1460 711 1523 744 Vae
1542 707 1588 743 ab
1608 708 1779 744 ariditate
1795 710 1979 746 sermonis
1993 739 2003 755 ,
2021 710 2137 759 magis

1146 779 1238 803 vero
1260 779 1281 802 a
1300 778 1492 803 sensuum.
1520 768 1597 801 Nec
1617 766 1715 801 enim
1738 766 1915 802 satisfacit
1933 768 1993 803 vel
2017 780 2139 805 sermo

1145 825 1310 871 affectui,
1333 825 1393 861 vel
1411 824 1566 860 affectus
1584 823 1670 860 fidei
1685 838 1692 859 z
1707 824 1772 860 sed
1790 837 1857 860 nec
1877 825 1968 861 fides
1989 826 2137 873 sufficit,

1148 899 1231 934 quae
1247 897 1325 921 non
1345 885 1457 934 plene
1483 885 1614 920 reficit.
1632 883 1873 928 satiabimur,
1898 884 2040 933 inquit,
2059 899 2138 921 cum

1149 948 1496 994 apparueritglort'a
1509 954 1573 979 τιια
1582 942 1609 979 ⁶.
1620 947 1713 982 Cum
1724 957 1813 993 ergo
1825 945 1970 980 venerit
1980 946 2138 994 species,

1149 1004 1267 1042 abibit
1277 1005 1418 1041 esuries
1429 1032 1439 1049 ,
1449 1004 1590 1041 esuries
1604 1017 1721 1054 egena
1733 1033 1742 1049 ‚
1758 1017 1835 1040 non
1851 1004 1991 1040 esuries
2005 1005 2136 1053 plena:

1098 1066 1126 1099 B
1145 1064 1287 1101 esuries
1312 1063 1466 1112 jejuna,
1488 1076 1565 1099 non
1589 1064 1730 1099 esuries
1751 1062 1904 1100 refecta.
1927 1066 2031 1099 Bona
2054 1064 2142 1112 qui-

1147 1123 1232 1159 dem
1250 1123 1406 1160 refectio
1422 1135 1506 1171 quae
1520 1122 1708 1159 fastidium
1726 1130 1897 1166 evacuat,
1919 1122 2066 1158 exacuit
2080 1122 2142 1158 de-

1145 1182 1326 1219 siderium
1347 1194 1356 1218 :
1377 1180 1479 1218 bona
1501 1181 1660 1218 aviditas
1675 1210 1685 1226 ,
1717 1194 1830 1229 quam
1857 1181 2008 1217 satietas
2027 1180 2137 1229 parit.

1151 1241 1228 1286 Qui
1243 1242 1355 1276 edum
1365 1253 1437 1283 me,
1459 1239 1582 1288 inquit
1595 1267 1605 1285 ‚
1619 1239 1740 1274 adhuc
1755 1243 1916 1274 esurient
1932 1245 1959 1274 7.
1976 1237 2075 1286 Quid
2087 1246 2143 1274 est

1145 1299 1316 1348 epulari,
1340 1298 1411 1335 nisi
1441 1298 1720 1348 contemplari?
1739 1300 1949 1346 Epulentur
1972 1302 2069 1343 justi
2101 1302 2140 1332 ι’νι

1147 1367 1344 1407 conspecta
1371 1359 1444 1394 Dei
1459 1357 1493 1402 ⁸,
1527 1357 1564 1394 id
1600 1366 1674 1404 est,
1706 1356 1975 1407 conspiciendo
2003 1359 2140 1394 Deum.

1149 1417 1249 1464 Quid
1270 1425 1325 1453 est
1344 1425 1468 1453 autem
1489 1416 1633 1453 esurire
1647 1445 1656 1462 ,
1684 1416 1755 1453 nisi
1776 1429 1926 1466 semper
1939 1428 2108 1465 quaerere
2125 1417 2140 1452 Ρ

1154 1477 1321 1522 Quoerite
1350 1479 1547 1512 Dominum
1584 1485 1620 1512 et
1652 1476 1928 1522 confirmamini
1954 1490 1965 1510 :
1984 1478 2143 1523 quaerite

1141 1532 1282 1581 faciem
1305 1540 1384 1580 esus
1402 1547 1551 1583 semper
1562 1541 1590 1571 ⁹.
1617 1535 1781 1582 Quaerite
1801 1546 1950 1583 semper
1981 1534 2111 1570 faciem
2129 1561 2140 1579 ‚

1150 1595 1215 1644 qui
1234 1594 1370 1630 videtis
1389 1593 1480 1630 facie
1498 1593 1543 1630 ad
1568 1593 1696 1630 faciem
1720 1608 1728 1630 :
1759 1607 1827 1630 nos
1849 1594 1913 1642 qui
1941 1605 2070 1630 sumus
2101 1593 2140 1629 in

1150 1666 1332 1703 corpore,
1371 1653 1461 1702 quid
1496 1652 1567 1690 nisi
1612 1653 1821 1703 posteriora
1859 1653 2141 1702 conspicimus?

1154 1713 1188 1747 T
1184 1712 1274 1748 rahe
1293 1725 1358 1747 nos
1371 1721 1460 1760 pose
1490 1721 1534 1748 te.
1565 1711 1685 1749 Trahe
1711 1724 1780 1748 nos
1801 1711 1846 1748 de
1871 1711 2074 1761 posteriori
2095 1710 2142 1747 ad

1150 1770 1277 1807 faciem
1296 1799 1305 1816 ,
1338 1771 1384 1807 de
1405 1770 1476 1807 fide
1497 1770 1543 1806 ad
1564 1771 1726 1820 speciem
1740 1798 1750 1816 ‚
1777 1770 1823 1807 de
1851 1770 1970 1807 odore
1988 1769 2034 1807 ad
2063 1782 2141 1806 un-

1387 1842 1472 1865 nam
1509 1842 1577 1877 per
1607 1829 1718 1865 fidem
1751 1828 2008 1873 ambulamus,
2038 1836 2074 1864 et
2104 1828 2140 1864 in

1146 1889 1264 1925 odore
1283 1889 1482 1925 currimus.
1502 1889 1642 1925 Felices
1658 1889 1722 1937 qui
1741 1889 1792 1924 sic
1812 1895 2082 1932 cucurrerunt,
2099 1895 2143 1923 ut

1140 1947 1219 1996 jam
1249 1946 1625 1997 comprehenderint,
1668 1959 1735 1982 nec
1770 1946 1909 1982 liabent
1935 1946 2032 1982 ultra
2064 1958 2141 1994 quo

1146 2015 1314 2050 currant,
1336 2006 1400 2042 sed
1421 2006 1460 2042 in
1476 2006 1633 2042 veritate
1647 2013 1747 2041 stant
1765 2033 1775 2049 ‚
1797 2013 1833 2040 et
1854 2018 1929 2040 non
1948 2005 2138 2049 vacillant,

1147 2065 1375 2102 omnimodis
1411 2065 1550 2114 perfusi
1594 2065 1794 2114 unguentis
1829 2064 2138 2110 immortalitatis,

1147 2124 1534 2173 immutabilitatisque
1551 2123 1708 2160 delibuti
1729 2124 1894 2172 myrrha.
1920 2123 1974 2160 Ibi
2005 2132 2038 2160 te
2059 2124 2141 2161 lau-

1148 2182 1238 2216 dant
1253 2191 1356 2216 tanto
1372 2182 1537 2225 uberius,
1553 2190 1696 2228 quanto
1710 2181 1874 2216 liberius.
1894 2183 2140 2229 Cognoscetis‚

1145 2238 1291 2286 inquit,
1323 2243 1541 2280 veritatem,
1573 2247 1608 2273 et
1636 2243 1773 2273 veritas
1801 2239 1969 2274 liberabit
1998 2252 2064 2275 vos
2093 2246 2136 2275 ¹⁰.

1146 2300 1245 2345 Ergo
1267 2296 1313 2332 ad
1335 2309 1531 2332 coruscum
1554 2296 1722 2332 veritatis
1739 2297 1943 2346 disparebit
1964 2298 2108 2334 vanitas
2129 2312 2137 2334 :

1146 2355 1300 2390 vanitati
1322 2355 1421 2390 enini
1443 2363 1613 2389 creatura
1633 2355 1747 2389 servit
1769 2368 1844 2390 non
1865 2356 1997 2392 volens
2016 2362 2042 2377 ¹¹
2077 2369 2085 2392 t
2105 2365 2142 2392 et

1144 2425 1256 2461 grave
1275 2412 1531 2461 corruptionis
1551 2411 1684 2461 jugum
1715 2413 1983 2461 computrescit
2005 2426 2023 2449 a
2052 2414 2141 2450 facie

1144 2471 1217 2507 olei
1234 2477 1277 2516 ¹²,
1294 2470 1340 2507 ab
1353 2471 1542 2506 affluentia
1559 2470 1754 2520 unguenti.
1772 2473 1944 2506 Mensura
1957 2472 2056 2507 cuim
2077 2471 2142 2507 bo-

1144 2543 1190 2566 na
1203 2558 1212 2575 ,
1230 2538 1266 2566 et
1283 2530 1451 2567 conferta
1467 2559 1475 2575 ‚
1492 2538 1528 2565 et
1543 2530 1779 2579 superfluens
1797 2529 1948 2566 dabitur
1965 2531 2001 2566 in
2019 2532 2140 2567 sinuni

91 2600 223 2624 vocem
250 2587 401 2636 sponsi,
427 2595 463 2623 et
486 2596 642 2637 propter
679 2588 808 2623 faciem
830 2588 971 2637 sponsi.
993 2590 1075 2624 Vox
1093 2595 1125 2628 D
1143 2598 1308 2626 vestrum
1327 2589 1368 2626 ¹3.
1407 2593 1488 2634 Tu,
1512 2589 1694 2633 Domine,
1722 2588 1829 2625 dabis
1845 2617 1855 2634 ,
1881 2598 1917 2624 et
1952 2598 1985 2625 te
2020 2591 2139 2640 ipsum

95 2646 196 2682 enim
209 2645 290 2695 ejus
306 2647 430 2683 suavis
450 2654 486 2682 et
503 2647 638 2682 decora
658 2647 766 2682 facies
786 2660 793 2681 ε
813 2645 1076 2696 ideoqucjnge

94 2704 318 2742 desiderium
331 2734 341 2750 ,
362 2705 543 2741 indefessa
561 2706 728 2742 alacritas
743 2733 752 2749 ,
778 2705 814 2740 in
837 2713 909 2740 tam
928 2717 1079 2741 suavem

96 2762 263 2800 auditum
285 2772 321 2800 ct
339 2764 548 2800 contuitum
578 2763 860 2813 superextendit
881 2764 1081 2813 participes

95 2823 278 2871 unguenti
303 2835 312 2859 z
337 2823 460 2859 oleum
486 2823 583 2859 enini
604 2823 764 2859 effusum
786 2823 822 2858 in
851 2823 921 2858 illis
942 2836 1080 2859 nomen

97 2890 215 2918 tuum.
229 2882 361 2919 Oleum
375 2881 480 2930 jure;
495 2895 630 2918 nomen
646 2882 743 2918 enim
762 2890 864 2918 tuum
883 2890 919 2917 et
932 2882 1079 2927 notitia,

96 2940 160 2976 lux
181 2948 236 2977 est
259 2948 295 2976 et
324 2941 447 2977 taetitia
471 2954 478 2975 ε
503 2941 627 2977 laetitia
647 2941 801 2990 profusa
817 2969 826 2985 ‚
848 2940 973 2976 laetitia
1005 2940 1080 2976 dis-

96 2999 176 3035 susa
199 2999 235 3035 in
253 2999 386 3046 eorde3
408 3013 482 3036 non
500 3000 621 3037 adhuc
641 3000 899 3046 credentium,
926 3000 990 3036 sed
1006 3000 1083 3049 jani

95 3058 366 3095 contuentium.
392 3060 475 3095 Non
506 3067 561 3096 est
591 3057 643 3096 ibi
671 3072 738 3095 cor
765 3067 802 3094 et
823 3071 907 3103 cor,
929 3058 994 3095 sed
1020 3072 1086 3095 cor

145 3207 154 3222 ¹
175 3204 256 3234 Gen.
281 3215 395 3240 xxvii,
422 3207 476 3235 27.
494 3223 535 3228 —-
556 3209 567 3224 ²
585 3204 703 3235 Cantic.
725 3216 756 3240 ι,
775 3208 805 3235 3.
832 3223 874 3226 -
901 3202 914 3226 ³
932 3203 1000 3234 lsai.
1026 3215 1084 3240 rx,
1105 3207 1136 3234 8.
1160 3222 1201 3225 —
1225 3203 1237 3229 ⁴
1260 3203 1304 3233 Id.
1331 3214 1384 3239 xi,
1413 3208 1464 3235 10.
1485 3221 1523 3226 --
1549 3203 1561 3225 ⁵
1584 3205 1661 3235 Psal.
1688 3217 1785 3239 [xxv.
1811 3209 1840 3235 53.

103 3258 154 3286 15.
172 3273 213 3279 -—
236 3262 250 3286 7
273 3257 365 3287 Eccli.
389 3268 482 3295 xxiv,
507 3260 559 3288 29.
577 3276 617 3280 —-—
640 3258 995 3297 ⁸1‘sal.1.xv11,2‘a.—
1022 3263 1037 3286 9
1066 3256 1144 3288 Psal.
1167 3268 1232 3290 civ,
1255 3259 1283 3287 fc.
1303 3275 1339 3279 -—
1366 3263 1394 3277 ¹⁰
1409 3260 1601 3290 Joaii.r1u‚
1625 3261 1679 3287 13¹2.

106 3313 133 3327 ¹²
158 3307 224 3337 lsai.
242 3318 281 3343 x,
300 3307 546 3340 27.—=³12uc.
569 3321 620 3348 vi,
642 3311 697 3358 28.

1143 2648 1252 2685 nobis
1269 2648 1374 2684 dabis
1397 2662 1403 2683 ε
1423 2661 1509 2697 pars
1525 2649 1624 2683 enini
1649 2662 1728 2683 inca
1748 2649 1942 2684 Dominus.
1961 2649 2032 2684 Sed
2050 2649 2141 2698 quid

1147 2708 1316 2755 estquod
1336 2709 1370 2743 in
1391 2721 1562 2743 mensura
1584 2716 1617 2742 tc
1644 2707 1782 2750 donas,
1799 2707 1864 2755 qui
1884 2708 1962 2755 ipsc
1984 2721 2141 2757 magnus

1148 2776 1184 2803 ct
1211 2768 1415 2803 innncnsus
1443 2769 1510 2803 cs?
1539 2770 1634 2802 Nuni
1671 2781 1738 2816 pro
1763 2768 1905 2802 vasculi
1938 2769 2141 2816 capacitate

1149 2826 1315 2861 infundis
1339 2834 1374 2861 et
1400 2826 1523 2860 olcuni
1545 2826 1558 2859 Ρ
1583 2825 1680 2872 Quid
1702 2838 1791 2873 crgo
1808 2833 1861 2860 cst
1882 2826 1984 2874 quod
2006 2840 2141 2876 supcr—

1150 2886 1326 2921 ilucntcin
1342 2884 1455 2919 diris?
1472 2890 1527 2921 An
1543 2885 1629 2932 quia
1644 2885 1728 2933 plus
1743 2884 1905 2920 ell'undis
1921 2898 2030 2933 quani
2044 2886 2143 2935 capi-

1151 2946 1262 2980 inus?
1282 2957 1404 2992 ncquc
1431 2944 1529 2979 enini
1544 2973 1552 2989 ,
1575 2944 1602 2980 si
1621 2944 1723 2980 ouini
1745 2945 1826 2979 nisu
1854 2944 1899 2980 ad
1917 2945 2140 2994 capiendum

1153 3010 1187 3038 tc
1228 3015 1297 3038 nos
1326 3002 1584 3046 extendimus,
1613 3011 1732 3038 totum
1766 3003 2137 3052 comprehendimus.

1152 3064 1290 3097 Potens
1314 3069 1368 3096 cst
1387 3065 1485 3097 Deus
1503 3061 1622 3098 facere
1639 3075 1752 3111 supra
1779 3061 1815 3097 id
1834 3062 1936 3110 quod
1959 3063 2119 3111 petimus
2133 3094 2141 3106 ,

1936 3203 1950 3225 ⁶
1970 3205 2046 3235 l‘sat.
2069 3217 2122 3235 xvi
2140 3230 2147 3239 ,

1767 3264 1791 3279 ¹¹
1820 3261 1909 3288 Rom.
1938 3269 2017 3293 iiii,
2039 3261 2119 3287 ‘’o„
