2504 3928
310 141 374 176 ‘023
1028 142 1055 175 G
1065 141 1260 176 [100le
1290 141 1628 175 ‹littt't'tisttlmsts

306 229 374 264 pro
399 218 570 252 ‹lexim-a*
594 230 618 257 ι,
639 225 674 250 vt
707 214 885 263 quamdiu
916 214 1021 258 licet,
1051 214 1310 252 devotissime*

2267 140 2337 176 425·

1316 214 1470 261 m'gnum
1490 215 1595 251 vobis
1615 214 1704 257 erit,
1731 227 1795 248 nec
1815 213 1943 249 inutili·
1961 213 2140 262 posteris,
2160 214 2189 248 si
2212 215 2292 262 pie,
2313 215 2342 250 si

308 277 406 311 intus
428 289 557 312 vacare
575 284 699 311 amant
723 274 892 309 charitati
912 274 1209 323 contemplandae
1230 287 1294 309 vc·
1312 279 1340 312 A
1361 274 1505 310 sortiter
1525 282 1561 309 et
1579 286 1646 309 vos
1664 272 1879 316 tenueritis,
1898 281 1934 307 et
1954 272 2023 320 ipsi
2043 272 2080 307 in
2100 270 2208 308 vobis
2226 272 2343 308 tideli-

308 333 425 370 ritatis
447 349 453 369 :
477 343 511 369 et
540 347 622 369 cum
651 333 851 368 necessitas
885 341 1010 376 vocat,
1035 333 1092 368 vel
1128 333 1292 368 osticium

308 392 436 434 trabit,
471 393 747 441 promptissime
785 405 823 426 se
862 392 960 427 foras
990 399 1180 436 mutuant,
1217 404 1291 427 non

307 450 415 494 dant,
443 464 512 499 pro
533 452 686 487 veritate
712 450 959 499 adimplendae
981 450 1178 486 charitatis.
1197 453 1293 486 Cave

306 510 415 544 etiam
432 537 440 549 ,
464 524 570 546 serve
588 511 654 546 Dei
670 538 679 554 ,
703 523 793 546 cave
814 523 859 545 ne
878 522 1137 558 quoscumque
1159 509 1291 544 imitari

306 581 380 603 non
407 569 484 611 vis,
507 568 683 605 damnare
712 569 882 604 vidvuris.
911 569 1002 604 Volo
1032 568 1101 603 boc
1125 567 1235 604 facias
1256 568 1291 603 in

305 627 526 673 :egritudine
549 636 630 671 tua,
652 627 855 676 quodcum
885 628 1101 664 sanissimus
1123 635 1218 663 esset
1237 627 1290 662 sa·

305 684 423 720 ciebat
439 686 502 733 qui
526 685 670 722 dicebat
695 701 700 721 :
725 689 830 721 l'vm't
852 689 956 721 jesus
981 688 1141 721 (Vir-titus
1156 699 1291 733 pecca-

305 752 396 778 tores
418 747 534 779 salvos
554 746 698 791 jur-(we,
728 758 879 792 quornm
906 749 1049 792 primns
1076 759 1142 792 ego
1174 750 1290 779 ,ιιιηι’.

304 805 430 851 Neque
452 804 550 839 enim
569 804 637 839 lioc
654 803 800 839 dict-bat
818 805 952 840 Paulus
971 803 1172 839 mentiendi
1195 816 1292 852 pra:—

303 862 517 910 cipitationc
532 891 540 907 ‚
561 863 624 898 sed
646 863 851 898 aestimandi
868 864 1076 899 affectiomn
1100 862 1170 910 Qui
1192 862 1291 898 enim

302 921 462 968 perfecte
477 921 726 956 examinando
747 921 989 970 semetipsum
1008 921 1177 968 intelligit
1192 948 1201 964 ,
1225 933 1292 955 suo

1360 342 1415 369 ter
1439 334 1630 369 imitentur
1649 331 1750 381 quod
1779 331 1928 367 interim
1961 331 2101 367 tenetis.
2134 335 2179 368 Et
2204 332 2233 368 si
2253 332 2342 381 quid

1358 391 1478 427 adbuc
1493 391 1600 427 aliter
1615 403 1744 439 sapere
1760 389 1992 438 oportuerit,
2014 398 2051 425 et
2067 389 2137 426 hoc
2156 393 2255 426 Deus
2274 404 2343 426 vo-

1359 449 1414 485 bis
1436 449 1624 486 revelabit.
1647 449 1754 485 Salva
1782 449 1880 484 enim
1911 460 1979 496 per
2012 448 2139 483 onmia
2169 448 2344 485 Cartusiae

1359 509 1485 545 debita
1519 509 1730 552 sanctitate,
1761 516 1798 543 et
1828 520 1913 543 cum
1942 507 2045 543 omni
2069 507 2176 543 laude
2206 507 2344 558 praedi-

1359 568 1475 603 canda
1501 568 1729 612 reverentia,
1755 567 1870 602 multa
1898 567 1934 602 in
1964 567 2108 615 Alpinis
2129 567 2200 603 illis
2221 567 2343 604 horri-

1358 627 1413 662 dis
1429 635 1463 662 et
1482 627 1668 662 continuis
1687 624 1889 674 frigoribus
1909 626 2115 662 necessaria
2132 635 2240 671 sunt,
2261 639 2345 675 quae

1359 686 1536 733 frugalem
1562 686 1842 730 sufficientiam,
1865 693 1901 720 et
1918 685 2165 721 voluntariam
2188 698 2345 735 pauper-

1360 753 1470 780 tatem
1502 744 1748 790 sectantibus,
1778 745 1815 780 in
1845 744 1900 779 his
1927 744 2105 780 duntaxat
2128 743 2344 792 regionibus

1359 816 1434 839 non
1455 803 1549 839 adeo
1571 804 1775 839 necessaria
1791 802 1977 838 videntur.

1413 865 1447 898 8.
1484 863 1694 911 Intelligitis
1719 875 1801 911 quae
1834 861 1917 897 dico
1947 876 1953 897 :
1983 861 2084 898 dabit
2111 862 2209 897 enim
2238 862 2345 899 vobis

1361 923 1544 958 Dominus
1562 922 1804 958 intellectum.
1827 920 1982 959 Gaudeo
1999 921 2152 956 enimin
2170 920 2293 968 vobis,
2309 930 2345 957 et

305 987 456 1027 peccato
485 980 624 1016 nullius
656 987 846 1028 peccatum
876 993 942 1028 par
974 993 1052 1015 esse
1087 979 1291 1024 existimat,
1312 981 1338 1013 B
1359 983 1440 1017 lieet
1469 982 1602 1017 absens
1635 994 1818 1030 corpore,
1851 979 1914 1015 sed
1944 993 2106 1028 p1·a¹sens
2134 981 2286 1030 spiritu,
2311 989 2345 1017 et

303 1038 403 1086 quod
432 1052 505 1074 non
533 1039 626 1074 sieut
657 1052 764 1074 suum
794 1039 979 1087 intelligit.
1011 1039 1105 1074 Nolo
1133 1052 1222 1086 ergo
1252 1046 1291 1073 ut

300 1110 484 1146 nusquam
521 1098 713 1134 arbitreris
748 1098 868 1134 lucere
905 1099 1020 1134 solem
1053 1110 1290 1134 communem

301 1157 374 1193 diei
398 1158 464 1193 nisi
495 1158 531 1193 in
560 1158 650 1193 cella
677 1166 758 1200 tua,
797 1170 981 1206 nusquam
1011 1169 1090 1193 esse
1116 1169 1289 1193 serenum

301 1217 370 1253 nisi
392 1230 506 1265 penes
524 1225 576 1261 te,
595 1229 778 1265 nusquam
797 1216 944 1264 operari
961 1216 1116 1263 gratiam
1135 1216 1202 1251 Dei
1220 1215 1290 1251 nisi

302 1276 338 1311 in
365 1275 591 1311 conscientia
622 1284 694 1311 tua.
730 1280 785 1311 An
813 1275 1066 1310 solitariorum
1088 1277 1188 1309 Deus
1215 1281 1292 1309 tan—

300 1336 402 1368 tum?
424 1337 503 1369 Imo
519 1341 555 1368 et
573 1333 754 1368 omnium.
782 1332 980 1368 Miseretur
997 1331 1096 1367 enim
1121 1330 1288 1379 omnium

299 1394 420 1434 Deus,
437 1399 472 1427 et
491 1391 582 1426 nihil
611 1390 690 1426 odit
719 1403 849 1426 eorum
882 1402 965 1438 quae
993 1389 1114 1425 fecit3.
1138 1389 1236 1425 Malo
1256 1397 1289 1424 te

299 1449 460 1498 cogitare
485 1447 625 1497 ubique
654 1461 732 1485 esse
759 1461 932 1485 serenum
955 1448 1025 1484 nisi
1046 1461 1160 1497 penes
1182 1456 1235 1492 te,
1254 1456 1290 1484 et

298 1508 406 1556 pejus
427 1508 472 1544 de
492 1516 544 1551 te,
563 1521 674 1556 quam
701 1508 746 1544 de
772 1508 898 1556 aliquo
919 1508 1142 1544 existimare.

651 1639 825 1677 CAPUT
857 1640 930 1677 ΙΙΙ.

339 1747 445 1777 Virtus
466 1747 618 1777 ferventer
635 1746 764 1777 colenda
790 1747 820 1776 in
845 1752 1037 1788 posterorum
1060 1746 1249 1787 exemplum.

349 1868 383 1902 7.
413 1868 503 1902 Cum
531 1867 665 1902 timore
696 1867 820 1915 potius
856 1874 890 1901 et
930 1875 1094 1901 tremore
1128 1873 1289 1901 vestram

296 1925 463 1974 ipsorum
497 1925 652 1962 salutem
687 1925 913 1974 operamini.
950 1928 1026 1961 Nec
1057 1925 1185 1974 quales
1218 1924 1292 1960 sint

295 1985 375 2028 alii,
397 1983 460 2019 scd
484 1985 612 2032 quales
629 1998 674 2019 ex
696 1983 806 2019 vobis
830 1984 940 2029 siant,
959 1992 1141 2032 quantum
1172 1983 1209 2019 in
1229 1997 1292 2019 vo-

296 2040 352 2076 bis
381 2051 453 2086 est,
485 2042 668 2090 cogitate,
705 2055 781 2077 non
813 2042 1053 2078 solummodo
1084 2042 1147 2090 qui
1178 2042 1292 2078 modo

296 2108 406 2143 sunt,
427 2100 490 2135 scd
508 2109 544 2135 ct
562 2101 625 2148 qui
645 2108 730 2149 post
752 2101 866 2136 futuri
888 2109 994 2144 sunt,
1024 2112 1120 2148 quos
1142 2101 1178 2135 in
1199 2113 1291 2149 pro-

299 2159 422 2206 posito
446 2167 574 2194 sancto
593 2159 678 2195 estis
696 2158 861 2195 habituri
880 2159 1096 2194 imitatores.
1118 2162 1171 2195 Ex
1185 2158 1292 2194 vobis

300 2217 420 2261 enim,
439 2230 484 2252 ex
505 2226 632 2253 vestro
654 2218 831 2266 exemplo
847 2246 855 2261 ‚
877 2226 913 2254 et
933 2226 1054 2253 vestra
1075 2219 1293 2254 auctoritate

301 2276 340 2311 in
376 2276 529 2324 regione
560 2276 628 2311 bac
659 2277 822 2325 pendere
858 2277 969 2313 babet
995 2285 1071 2312 tota
1098 2277 1295 2325 posteritas

305 2334 417 2382 liujus
437 2335 549 2370 vestri
576 2335 726 2380 Ordinis
753 2336 880 2371 sancti.
907 2339 982 2372 Vos
1010 2336 1046 2371 in
1074 2349 1118 2371 eo
1144 2344 1290 2384 patres,

304 2406 370 2429 vos
388 2394 424 2429 in
444 2406 488 2429 eo
510 2394 741 2430 institutores
754 2408 837 2430 cum
858 2394 983 2430 debita
1003 2395 1222 2431 imitationis
1240 2408 1293 2430 re-

304 2453 469 2488 verentia
491 2452 774 2502 appellabimini
797 2468 815 2489 a
841 2453 1117 2490 successoribus
1147 2454 1290 2490 vestris.

1351 2391 1458 2439 facie
1478 2395 1530 2427 ml
1545 2392 1688 2439 ⁸faciem

1359 1041 1490 1077 videns
1510 1040 1688 1077 Ordinem
1713 1048 1875 1076 vestrum
1892 1067 1902 1084 ‚
1933 1038 1997 1075 sed
2025 1039 2210 1075 fervorem
2237 1040 2346 1090 spiri-

1360 1108 1436 1145 tus,
1458 1099 1521 1136 sed
1545 1099 1810 1135 abundantiam
1834 1099 1954 1147 paciS,
1989 1098 2051 1134 sed
2078 1098 2231 1146 gratiam
2258 1099 2346 1136 sim-

1358 1158 1550 1207 plicitatis,
1580 1159 1616 1194 in
1649 1159 1845 1207 proposito
1876 1157 2055 1206 rigorem,
2081 1158 2118 1193 in
2147 1157 2346 1195 dilectione

1359 1225 1488 1253 mutua
1505 1218 1622 1266 ipsam
1639 1217 1754 1253 sancti
1771 1216 1930 1266 Spiritus
1951 1216 2169 1253 suavitatem
2181 1245 2190 1262 ,
2211 1225 2246 1253 et
2262 1217 2345 1267 ple·

1356 1288 1441 1311 nam
1474 1271 1627 1312 omnino
1653 1277 1689 1312 in
1722 1276 2007 1312 conversatione
2027 1285 2149 1313 vestra
2187 1276 2344 1314 formam

1356 1335 1526 1383 pietatis,
1557 1336 1593 1370 in
1621 1335 1878 1371 recordatione
1903 1336 2127 1372 Montis-Dei
2151 1343 2250 1372 totus
2276 1349 2344 1372 ex-

1356 1393 1469 1438 sulto,
1485 1401 1522 1429 et
1537 1393 1719 1442 primitias
1736 1393 1853 1429 sancti
1870 1393 2040 1442 Spiritus,
2062 1402 2097 1430 et
2111 1394 2246 1444 pignus
2265 1407 2346 1443 gra-

1357 1452 1414 1487 tiae
1444 1452 1481 1487 in
1511 1465 1576 1501 spe
1607 1452 1807 1488 crescentis
1830 1451 1868 1487 in
1899 1465 1944 1488 eo
1971 1453 2161 1501 religionis
2188 1452 2347 1490 devotus

1358 1510 1488 1548 adoro.
1515 1514 1606 1548 Nam
1627 1519 1664 1547 et
1681 1511 1802 1560 ipsum
1823 1511 2049 1548 Montis-Dei
2076 1525 2212 1549 nomen
2236 1512 2346 1550 bonae

1359 1570 1436 1619 spei
1467 1571 1617 1620 praefert
1648 1583 1782 1614 omen3
1805 1570 1963 1615 scilicet,
1989 1570 2092 1619 quod
2119 1571 2214 1607 sicut
2243 1572 2347 1608 Psal—

1357 1630 1463 1666 mista
1490 1630 1577 1666 dicit
1602 1630 1648 1666 de
1677 1638 1803 1665 monte
1823 1630 1914 1674 Dei,
1943 1629 2154 1666 habitatura
2177 1631 2224 1666 sit
2244 1631 2280 1666 in
2301 1643 2346 1666 eo

1354 1694 1543 1736 generatio
1574 1693 1814 1736 quoereneinm
1853 1691 2068 1732 Dominum,
2101 1691 2344 1736 quaerentium

1310 1746 1492 1793 CsncIem
1512 1750 1583 1782 Dei
1602 1747 1738 1790 Jac0l1,·
1761 1752 1933 1782 innocens
1951 1746 2132 1790 manibus,
2156 1756 2189 1782 el
2209 1749 2344 1782 mundo

1357 1808 1466 1841 eorde
1480 1820 1492 1849 ,·
1512 1811 1576 1853 qni
1593 1820 1664 1841 nan
1685 1809 1828 1852 accepit
1845 1809 1880 1839 in
1897 1818 1997 1840 vnno
2016 1809 2182 1841 animam
2198 1819 2303 1841 suam
2317 1807 2344 1842 ⁴.

1357 1868 1441 1913 Ipsa
1461 1873 1515 1900 est
1531 1865 1628 1900 enim
1647 1865 1829 1913 professio
1844 1870 1857 1885 ’Ἰ
1881 1872 2021 1909 vestra,
2042 1877 2210 1912 quaerere
2226 1868 2347 1901 Deum

1357 1923 1493 1969 Jacob,
1512 1936 1587 1959 non
1603 1924 1793 1959 communi
1812 1923 2008 1959 hominum
2030 1936 2152 1969 more,
2171 1922 2234 1959 sed
2249 1936 2349 1972 quae-

1358 1996 1440 2019 rere
1473 1983 1601 2018 faciem
1635 1983 1721 2027 Dei,
1745 1996 1857 2031 quam
1878 1982 1973 2018 vidit
1997 1981 2113 2018 Jacob
2139 1982 2204 2031 qui
2225 1982 2317 2018 dixit
2339 1995 2346 2017 :

1363 2044 1447 2076 Vidi
1467 2044 1664 2076 Dominum
1678 2039 1786 2087 sncie
1807 2043 1861 2076 ml
1876 2040 2041 2088 faciem,
2065 2050 2099 2077 et
2119 2044 2220 2076 salva
2238 2040 2348 2089 sacta

1358 2111 1410 2135 est
1428 2105 1557 2136 anima
1577 2114 1658 2136 mea
1678 2099 1703 2136 ⁵.
1726 2101 1869 2138 Faciem
1888 2100 1986 2136 enim
2011 2100 2099 2146 Dei,
2128 2100 2199 2136 hoc
2215 2109 2269 2137 est
2289 2114 2350 2136 eo-

1358 2160 1564 2208 gnitionem
1583 2159 1681 2208 ejus,
1697 2173 1864 2209 quaerere
1876 2187 1884 2203 ‚
1902 2159 1992 2195 facie
2007 2160 2052 2195 ad
2071 2159 2198 2195 faciem
2210 2188 2219 2205 ,
2236 2172 2346 2208 quam

1361 2218 1452 2253 vidit
1471 2217 1602 2262 Jacob,
1622 2218 1667 2253 de
1683 2231 1756 2266 qua
1773 2219 1882 2253 etiam
1903 2217 1997 2253 dixit
2013 2219 2229 2267 Apostolus,
2251 2220 2349 2253 Tum·

1360 2290 1574 2324 cognoscam
1602 2281 1697 2311 slent
1723 2286 1757 2311 et
1776 2281 1935 2324 cognitus
1958 2290 2035 2311 sum
2052 2290 2062 2310 .·
2080 2286 2113 2312 et
2134 2290 2231 2312 nnnc
2247 2279 2350 2312 vitle-

1358 2348 1435 2369 mus
1462 2348 1533 2381 pm·
1563 2338 1744 2381 syn‘culmn
1788 2339 1826 2369 in
1858 2339 2058 2383 (enigmate
2069 2349 2081 2378 ;
2113 2344 2196 2370 tune
2226 2345 2348 2371 antem

1709 2392 1745 2437 6;
1774 2392 1979 2428 videbimus
2001 2406 2083 2428 enne
2104 2397 2211 2428 sicuti
2231 2401 2281 2429 ese
2302 2400 2316 2423 7
2337 2405 2344 2427 :

1361 2453 1455 2489 banc
1481 2453 1516 2488 in
1542 2453 1609 2489 bac
1630 2453 1703 2488 vita
1724 2466 1872 2501 semper
1894 2465 2063 2501 quaerere
2082 2465 2149 2501 per
2165 2453 2350 2489 iunocen-

300 2510 491 2560 Quidquid
516 2525 535 2547 a
557 2511 662 2547 vobis
683 2521 880 2558 statutum,
903 2512 1084 2561 quidquid
1106 2511 1211 2549 vobis
1233 2521 1288 2548 tc-
1310 2517 1341 2550 D
1359 2513 1445 2548 tiam
1479 2526 1655 2548 manuum
1690 2521 1725 2548 et
1747 2511 1967 2548 munditiam
1988 2511 2113 2548 cordis
2137 2512 2215 2561 ipsa
2241 2511 2351 2548 docet.

303 2571 480 2606 uentibus
497 2580 531 2607 et
550 2572 784 2608 servantibus
801 2573 836 2607 in
856 2572 1164 2608 consuetudinem
1185 2572 1295 2607 suerit

303 2630 521 2675 admissum,
539 2630 680 2679 absque
699 2632 801 2667 omni
825 2631 1088 2667 retractatione
1105 2645 1123 2667 a
1137 2631 1296 2681 posteris

303 2690 433 2724 vestris
450 2689 651 2724 tenendum
669 2690 737 2725 erit
755 2698 790 2725 ct
808 2689 1031 2725 servandum
1045 2719 1054 2734 ,
1073 2702 1140 2725 nec
1158 2690 1209 2725 sas
1224 2689 1293 2725 erit

297 2746 438 2795 aliquid
461 2747 664 2782 immutari.
696 2747 752 2783 Sic
774 2748 871 2782 enim
894 2747 940 2783 de
964 2746 1071 2783 vobis
1097 2747 1167 2783 erit
1192 2746 1291 2796 apud

299 2817 362 2839 eos
376 2832 384 2847 ‚
408 2805 501 2840 sicut
519 2805 564 2840 de
583 2805 953 2841 inconnnutabilibus
975 2805 1117 2854 legibus
1137 2819 1292 2842 summae

298 2870 334 2897 et
353 2870 499 2897 reternae
526 2863 690 2898 veritatis
710 2872 763 2899 cst
790 2864 889 2912 apud
915 2878 1004 2910 nos,
1025 2878 1117 2913 quas
1135 2865 1291 2901 scrutari

298 2920 473 2957 omnibus
489 2922 643 2970 expedit
660 2931 696 2957 et
712 2923 824 2967 scire,
843 2936 917 2959 non
936 2933 1060 2960 autem
1080 2925 1164 2961 licet
1182 2925 1292 2960 alicui

299 2979 520 3028 dijudicare.
550 2984 629 3016 Deo
657 2989 779 3017 autem
811 2983 965 3029 gratias,
988 2983 1074 3031 quia
1101 2996 1167 3020 nec
1201 2983 1293 3020 indi—

1355 2577 1500 2620 piet(1s;
1520 2585 1622 2621 quae,
1646 2572 1741 2608 sieut
1767 2571 1856 2607 dicit
1874 2571 1968 2616 Job,
1997 2574 2110 2606 calcus
2142 2573 2213 2606 Dei
2238 2580 2291 2606 est
2316 2569 2345 2606 ⁸.

1362 2635 1480 2678 Quam
1499 2631 1562 2679 qui
1586 2644 1659 2666 non
1682 2630 1815 2675 babet,
1845 2635 1881 2665 in
1899 2644 1998 2665 vano
2019 2634 2162 2677 accepit
2182 2633 2348 2664 animam

1360 2704 1486 2732 ,vunnu
1517 2690 1587 2725 boc
1607 2698 1684 2735 est,
1707 2691 1841 2726 frustra
1871 2690 1985 2733 vivit,
2006 2689 2062 2725 vel
2086 2689 2242 2725 omnino
2271 2700 2347 2724 non

1358 2749 1451 2784 vivit
1467 2778 1475 2794 ,
1506 2748 1594 2784 dum
1621 2762 1694 2784 non
1729 2749 1819 2784 vivit
1849 2762 1891 2784 ea
1913 2748 2006 2793 vita,
2031 2756 2189 2797 propter
2213 2741 2361 2796 quam,-

1360 2818 1400 2845 ut
1421 2809 1456 2844 in
1478 2821 1519 2843 ca
1544 2809 1702 2853 viveret,
1730 2809 1874 2857 accepit
1893 2808 2054 2844 animam
2074 2820 2189 2844 suam.

350 3110 356 3123 ¹
380 3103 482 3134 Judic.
502 3114 551 3140 ιιι,
572 3107 620 3134 15.
635 3122 674 3125 -
695 3108 731 3134 ²1
750 3105 829 3136 Tim.
848 3118 875 3142 ι,
904 3110 953 3136 15.
966 3125 1008 3128 -
1026 3105 1037 3127 ³
1052 3109 1124 3149 Sap.
1142 3119 1196 3144 xi,
1220 3111 1274 3139 25.
1288 3126 1330 3131 —
1352 3108 1456 3139 tpsat.
1472 3120 1570 3146 xxiii,
1592 3113 1631 3145 6,
1652 3111 1680 3140 fi.
1696 3129 1734 3133 -
1752 3107 1764 3129 '³
1780 3111 1859 3140 Gen.
1873 3121 1980 3145 xxxii,
1997 3111 2050 3141 30.
2067 3127 2106 3132 —
2127 3107 2168 3139 61
2185 3110 2255 3141 Cor.
2272 3119 2346 3145 xm,

303 3159 353 3185 1'2..
371 3173 408 3177 —-
425 3157 575 3186 71J0an.
593 3167 643 3194 ιιι,
662 3160 690 3186 2.
708 3177 749 3180 -
769 3157 781 3178 ⁸
796 3158 858 3189 Job
875 3169 997 3196 xxviii,
1020 3162 1060 3189 28
1076 3184 1082 3195 ,
1100 3160 1185 3200 juxta
1206 3162 1305 3190 Lxx.

346 3219 356 3228 '¹
381 3214 480 3249 Alia&
497 3213 662 3257 profusio,
683 3216 706 3252 J‘
