2418 3949
168 249 266 285 1069
757 250 1040 286 TRACTATUS
1068 251 1133 285 DF„
1162 251 1316 285 STATU
1344 251 1613 287 VIRTUTUM.
2117 253 2212 288 1070

162 339 286 362 eorum
325 339 398 362 non
427 330 721 375 exstinguetur¹.
752 331 864 365 Fetor
896 327 990 363 adeo
1030 323 1458 375 gravis⁵⁵⁰daemonibus
1488 340 1554 363 sua
1583 327 1741 363 crimina
1768 327 1872 364 fateri
1900 328 2149 376 cogentibus:
2175 338 2213 364 nt

163 384 210 420 de
233 384 317 433 igne
341 385 511 431 exhalat,
529 386 691 434 quinon
709 387 833 423 minus
847 385 983 422 ardore
997 385 1150 421 cruciat.
1168 387 1198 419 Α
1219 384 1284 433 qui
1317 384 1470 421 suerunt
1499 386 1558 422 hie
1588 386 1772 422 malorum
1806 387 2037 433 incentores,
2067 387 2115 423 ibi
2145 402 2213 424 eo·

164 443 276 479 Unde
295 443 394 480 idem
412 444 524 481 Isaias
536 473 546 491 ,
564 447 648 481 Erit
670 459 738 494 pro
758 450 858 481 ςιιανί
888 443 1126 492 octorefetor2
1144 458 1152 480 :

161 509 200 538 et
217 503 398 549 Psalmus²
415 507 528 552 Ignis,
543 505 708 552 sulphur,
725 509 877 554 spiritus
886 506 1151 552 procellarum,

158 576 252 609 pars
275 565 404 598 calicis
420 577 543 599 eorum
559 562 585 599 3.
607 563 789 613 Spiritum
806 563 1058 613 procellarum
1082 575 1153 598 vo—

164 629 224 656 cat
243 621 518 659 exhalationem
545 623 637 659 sumi
666 631 703 658 et
729 623 875 668 fetoris,
905 635 989 671 qnae
1009 621 1153 671 spirant

162 679 211 716 ab
231 681 315 730 igne
337 681 374 717 in
396 682 632 718 vehementia
654 681 701 718 ad
726 683 843 718 instar
860 681 1046 731 procellae.
1066 681 1151 717 Fla-

164 740 269 789 gellis
293 749 469 790 tanquam
494 742 636 778 malleis
655 741 884 778 incessanter
906 740 1113 783 feriuntur,
1133 752 1154 775 a

1222 443 1393 479 rumdem
1414 445 1488 480 sint
1508 453 1683 481 tortores.
1706 446 1804 481 Hine
1824 446 2000 482 Salomon
2023 461 2030 482 :
2053 448 2213 495 I’rwpa—

1220 512 1305 538 rata
1323 513 1412 539 sunt
1428 504 1651 539 derisoribus
1672 514 1854 540 tormenta
1869 506 1895 541 ⁴'.
1917 506 2083 541 Dilatant
2114 506 2213 542 enim

1219 561 1409 599 daemones
1429 576 1496 599 ora
1512 575 1578 599 sua
1596 576 1710 613 super
1726 564 1882 600 miseros
1901 564 1939 600 in
1958 565 2140 600 cachinno
2159 565 2213 600 di-

1219 629 1347 657 centes
1376 635 1383 656 :
1411 624 1542 670 Euge,
1570 636 1680 671 euge,
1709 625 1885 659 viderunt
1918 626 2016 659 oculi
2044 628 2159 659 nmen·
2175 623 2212 669 5,

1219 679 1307 728 quia
1336 681 1570 718 consortium
1602 682 1848 731 neglexerunt
1873 695 2009 719 novem
2034 683 2212 720 ordinum

1219 739 1464 788 Angelorum.

886 1070 1508 1147 TRACTATUS

334 1298 535 1408 DE
622 1296 1118 1410 STATU
1199 1295 2049 1408 VIRTUTUM.

224 1743 304 1780 Hoc
343 1742 591 1794 Opusculum
622 1755 749 1793 nuper
774 1741 925 1781 editum
952 1741 1066 1780 nobis
1093 1742 1274 1780 exhibuit
1307 1740 1547 1779 bibliotheca
1578 1740 1803 1778 monasterii
1839 1738 2037 1777 Laetiensis
2066 1739 2223 1777 Ordinis

168 1806 211 1844 S.
234 1805 432 1844 Benedicti
459 1806 630 1844 dioecesis
658 1806 963 1854 Cameracensis,
995 1820 1041 1845 ex
1072 1816 1226 1845 vetusto
1252 1806 1404 1854 codice,
1430 1820 1523 1845 cum
1548 1805 1619 1843 hae
1652 1805 1901 1855 inscriptione
1924 1821 1931 1841 :
1960 1824 1975 1837 α
2003 1804 2223 1842 Bernardns

172 1889 189 1904 υ
214 1870 355 1918 abbas,
383 1870 432 1909 de
459 1870 573 1910 Statu
596 1873 842 1910 virtutum.»
866 1870 957 1909 Non
984 1880 1042 1910 est
1068 1880 1201 1910 tamen
1230 1872 1270 1910 S.
1303 1870 1512 1919 Bernardi,
1542 1870 1607 1908 sed
1635 1868 1839 1918 cujusdam
1871 1868 2108 1906 Benedictini
2125 1899 2133 1915 ,
2165 1871 2224 1906 uti

167 1935 364 1988 colligitur
384 1950 430 1975 ex
447 1950 559 1975 num.
581 1936 641 1974 14.
666 1936 938 1987 Compositum
960 1945 1016 1975 est
1036 1938 1075 1974 in
1097 1939 1263 1989 gratiam
1284 1937 1557 1982 Novitiorum,
1580 1950 1621 1973 ac
1644 1936 1682 1972 in
1705 1944 1781 1972 tres
1800 1943 1926 1985 partes
1946 1948 2015 1971 seu
2038 1936 2223 1972 sectiones

167 2000 396 2040 distinctum
418 2018 427 2040 ε
451 2015 623 2053 quarum
645 2003 773 2053 prima
794 2010 850 2040 est
870 2000 918 2040 de
942 2001 1195 2047 Humilitate;
1221 2002 1414 2050 secunda,
1439 2001 1486 2040 de
1505 2000 1758 2045 Obedientia;
1785 1999 1919 2046 tertia,
1942 1998 1990 2036 dc
2009 1998 2220 2036 Cliaritatc.

802 2179 1219 2202 ——49
1234 2184 1239 2185 ⁷

522 2322 818 2361 PRAEFATIO.

1182 2331 1210 2364 B
1232 2336 1330 2373 tum,
1348 2334 1385 2363 et
1405 2325 1570 2362 hominis
1591 2323 1781 2360 humilitas
1802 2335 1876 2358 non
1895 2320 1941 2357 ab
1963 2321 2113 2356 bomine
2128 2350 2136 2364 ,
2162 2322 2224 2356 scd

1231 2387 1429 2423 desursum
1458 2393 1536 2429 est,
1559 2383 1605 2420 ab
1633 2382 1714 2432 ejus
1742 2381 1951 2417 bumilitate
1979 2380 2224 2428 incipi-nnus,

224 2444 314 2494 Ejus
331 2444 536 2494 inspirante
549 2443 666 2493 gratia
679 2472 689 2488 ,
707 2445 772 2493 qui
787 2443 851 2481 ubi
868 2445 948 2481 vult
962 2453 999 2481 et
1012 2445 1166 2493 quando

173 2505 255 2541 vult
279 2504 414 2554 spirat,
437 2511 474 2540 et
496 2503 638 2552 linguas
658 2503 858 2540 infantium
879 2505 965 2540 facit
984 2504 1164 2550 disertas,

173 2564 261 2599 volo
273 2591 283 2609 ,
298 2563 326 2599 si
342 2563 502 2612 possim,
516 2562 562 2599 de
572 2563 755 2599 virtutum
771 2571 869 2599 statu
887 2563 1056 2599 variabili
1067 2576 1169 2612 quae-

1232 2445 1296 2495 qui
1316 2445 1389 2481 ait:
1407 2447 1545 2480 Discite
1562 2458 1584 2478 α
1609 2456 1665 2477 mc
1685 2446 1774 2490 quia
1801 2444 1900 2474 mitis
1928 2452 2005 2474 sum
2025 2448 2059 2474 ct
2082 2440 2226 2474 lmmilm

1233 2508 1342 2541 corde
1349 2504 1376 2541 ⁴⁵.

1233 2629 2230 2646 ιιιιιιιιιιιιιιιιιιιιιιιιιιιιιιιιιιιιιιιιιιιιιιιιιιιιιιιιιιιιιιιιιιιιι

174 2623 259 2658 dam
277 2635 361 2671 quae
375 2621 534 2670 legendo
553 2623 695 2671 reperi,
713 2622 883 2671 quaedam
901 2636 985 2672 quae
1001 2636 1019 2659 a
1039 2623 1169 2659 docto-

175 2681 280 2718 ribus
307 2681 398 2717 meis
426 2681 571 2727 audivi,
596 2681 756 2731 simplici
780 2695 954 2718 sermone
975 2683 1167 2731 colligere,

174 2739 414 2790 adjungendo
429 2740 539 2776 etiam
560 2740 589 2776 si
608 2753 682 2789 qua
703 2740 796 2776 sorte
813 2741 1067 2786 occurrerint,
1086 2755 1169 2790 quae

176 2800 262 2836 lidei
284 2813 361 2835 non
382 2807 614 2849 repugnent,
629 2807 667 2835 et
683 2799 828 2835 ratione
845 2799 1086 2836 roborentur.
1103 2804 1172 2837 Pa-

176 2859 334 2896 racletus
356 2871 446 2907 ergo
469 2858 534 2907 qui
560 2858 763 2907 aspirando
785 2859 986 2908 praevenst,
1005 2872 1073 2908 per
1091 2872 1173 2895 om-

177 2919 238 2955 nia
261 2917 525 2967 subsequatur,
549 2931 615 2954 cor
637 2917 807 2962 irradiet,
830 2917 990 2955 obscura
1012 2927 1172 2965 reseret,

177 2978 376 3014 efficaciam
394 2985 546 3027 praestet
559 3005 568 3023 ,
588 2977 633 3014 ad
653 2978 809 3027 gloriam
828 2991 952 3024 suam,
969 2977 1015 3014 ad
1038 2978 1172 3014 utilita-

180 3046 252 3074 tem
277 3049 418 3082 meam,
441 3036 488 3072 ad
518 3036 727 3086 profectum
753 3037 991 3073 Novitioruin
1007 3064 1016 3081 ‚
1039 3037 1104 3086 qui
1127 3036 1173 3073 de

179 3104 307 3132 monte
335 3094 522 3145 superbiae
550 3095 588 3131 in
616 3096 824 3132 convallem
854 3096 1079 3145 plorationis
1105 3095 1173 3131 de·
1191 3102 1218 3136 C

178 3155 427 3199 scenderunt,
450 3155 514 3204 qui
534 3154 571 3191 in
592 3155 671 3204 lege
692 3155 845 3191 Domini
868 3155 1096 3191 meditantur
1111 3154 1170 3190 die

178 3228 219 3249 ac
243 3221 365 3249 nocte.
387 3213 459 3250 Sed
478 3213 565 3263 quia
586 3213 775 3250 humilitas
794 3222 850 3250 est
869 3214 1030 3262 genitrix
1052 3213 1171 3248 virtu-

1495 2738 1675 2792 PARS
1720 2734 1971 2789 PRIMA.

1579 2880 1627 2904 DF.
1656 2879 1897 2903 lll‘MlLlTATF..

1656 2989 1814 3002 *0010*-
1824 2992 1828 2994 -

1298 3092 1327 3128 1.
1357 3090 1524 3128 Christus
1555 3090 1665 3138 igitur
1694 3101 1779 3124 cuin
1805 3087 1842 3123 in
1872 3089 1990 3124 fornia
2018 3088 2082 3123 Dei
2114 3095 2231 3123 esset,

1238 3165 1314 3187 non
1351 3150 1518 3199 rapinam
1552 3149 1754 3185 arbitratus
1790 3156 1843 3183 est
1874 3160 1953 3183 csse
1987 3163 2024 3181 se
2055 3146 2233 3193 :innuli-in

1238 3215 1340 3256 Deo,
1363 3210 1427 3246 scd
1454 3209 1697 3259 semetipsum
1718 3208 1886 3244 cxinunix
1901 3210 1938 3250 n,
1962 3207 2116 3241 lerinam
2137 3205 2232 3239 *ersi

232 3359 239 3372 ¹
263 3352 331 3382 bul·
353 3363 449 3390 ¹¹⁸V¹s
472 3355 525 3384 23·
545 3371 585 3375 ‘—
604 3353 754 3390 'ld-1¹¹,
779 3355 831 3384 22·
855 3371 891 3375 ’--
1532 3369 1543 3371 s
1570 3358 1581 3370 ³
1606 3349 1919 3379 1‘›=11.xx1v.221.-
1942 3345 2082 3375 ‘'M-ndi.
2106 3355 2158 3373 xi.
2184 3346 2235 3371 Ἠ),

914 3352 926 3373 ³
944 3352 1021 3382 l'sal.
1037 3363 1057 3382 x
1071 3376 1078 3390 ‚
1099 3353 1128 3381 7.
1147 3370 1184 3374 -—-
1210 3354 1322 3382 διίυν.
1340 3362 1414 3383 ns.
1438 3354 1489 3380 Ἠ).
