2504 3928
321 236 415 270 1133

314 369 447 409 bellam
468 367 555 415 qnia
581 365 768 414 lapidatur
790 365 825 399 in
849 364 1025 413 lapidato,

366 430 400 461 Γ).
436 430 516 462 Non
537 424 734 460 mediocris
749 432 882 472 stupor
901 424 1060 459 involvit
1081 437 1158 468 me,
1177 433 1301 460 utrum

313 486 525 536 primitivus
556 484 624 519 llos
657 492 861 531 martyrum
886 483 1005 518 oeulis
1034 484 1226 532 corporeis
1255 496 1302 519 au

316 543 551 592 incorporeis
579 544 644 578 ista
685 542 931 591 pet·spi.=xet·it.
964 542 1116 578 Grande
1151 542 1302 591 quidem

317 603 538 638 miraculum
574 601 602 636 si
639 601 789 635 mentali
830 601 965 636 intuitu
999 600 1234 636 stellantibus
1267 615 1305 635 se

316 661 496 696 immersit
529 659 695 702 arcanis,
735 659 763 693 si
801 658 1065 694 mnmlicordes
1096 659 1194 694 oculi
1231 667 1304 694 tam

316 720 521 755 solemnem
557 716 790 765 inspexerint
813 717 1010 752 visionem.
1033 717 1141 764 Quod
1170 718 1197 753 si
1220 731 1305 753 cor-

317 778 531 828 poralibus;
566 784 708 811 eertum
748 784 803 811 est
834 776 933 812 hune
969 789 1082 812 omne
1110 777 1303 812 hominum

319 850 437 888 genus
465 835 709 885 disparilitate
733 835 859 883 gratia!
883 835 1125 884 praevolasse,
1146 843 1183 870 et
1208 848 1304 884 pen-

322 898 377 932 nis
408 896 491 932 fidei
512 903 547 931 et
574 895 756 930 virtutum
788 893 1010 943 incorporea
1031 895 1222 943 corporeis
1238 923 1247 938 ,
1270 903 1306 929 et

320 957 348 992 si
374 969 449 990 non
478 952 832 1003 compi-elwndisse,
855 953 1147 1002 apprehendisse
1170 961 1303 989 tamen.

317 1015 414 1051 Nihil
445 1013 566 1049 audeo
598 1020 735 1048 temere
770 1011 949 1057 delinire,
980 1013 1037 1048 vel
1070 1026 1114 1048 ex
1147 1012 1310 1062 abrupto

957 234 1000 266 tx
1034 234 1179 268 1·‘t·:s'1‘o
1206 234 1242 267 S.
1270 233 1507 266 S'l'lil’llANl
1538 231 1713 267 sEttMO.

312 323 392 344 esse
420 316 585 357 putetur.
623 309 700 341 Stat
730 318 813 340 cuni
847 313 989 348 stante,
1020 319 1103 341 enm
1141 306 1301 341 bellante
1317 304 1351 320 ‘⁷¹

2256 230 2348 266 llst't

1354 304 1519 339 ‘servm-i.
1549 306 1597 340 I‘t
1627 311 1779 355 integer,
1807 307 1947 355 inquit,
1984 312 2114 341 1:111'11111
2144 316 2179 341 ee
2206 311 2352 354 spiritus

1326 371 1353 402 Α
1374 372 1408 397 1¹!
1433 376 1562 410 cuipas
1590 368 1627 398 in
1644 366 1704 399 die
1725 367 1871 400 Domini
1891 370 1969 399 sim·
1987 367 2136 412 quercla
2155 363 2352 400 sae·i·v‹·1111·⁵.

1369 426 1399 459 O
1415 430 1552 470 quanta
1570 423 1706 471 pietas,
1721 432 1884 472 ‹piantus
1897 424 2117 469 affectus,et
2136 423 2354 459 ardentissi-

1371 494 1438 516 ma·
1456 481 1644 517 charitatis
1665 483 1870 532 integritas!
1896 486 2006 519 Recte
2025 483 2191 530 martyrii
2224 483 2354 518 florem

1371 541 1438 575 iste
1456 539 1524 575 sibi
1546 541 1811 588 praevindicat,
1832 542 1958 589 inquo
1979 541 2184 577 similitudo
2205 540 2354 576 Domini

1372 598 1568 647 pendentis
1586 599 1619 634 in
1643 599 2187 636 crucemirabilibusformulis
2207 608 2261 635 est
2282 599 2354 635 im-

1373 671 1509 707 pressa.
1536 661 1575 693 In
1603 658 1703 707 ligno
1728 660 1826 694 enim
1854 659 1970 708 spinis
1993 667 2213 702 coronatus,
2232 659 2358 694 lancea

1372 718 1590 761 confossus;
1613 718 1712 753 cruci
1740 719 1892 762 aflixus,
1920 719 2126 755 dissimulat
2147 718 2249 753 illum
2271 717 2357 753 uni-

1371 790 1454 811 cum
1481 776 1670 820 dolorem,
1698 786 1734 813 et
1765 776 2000 813 obliviscitur
2031 777 2163 813 mortis
2192 776 2324 812 vicinae
2347 790 2355 811 ε

1372 848 1511 870 novum
1533 835 1815 871 introducturus
1831 837 2067 885 exemplum,
2092 835 2212 884 aperit
2232 833 2357 870 latitu—

1371 893 1496 928 dinem
1517 893 1723 939 cliaritatis,
1752 903 1787 930 et
1819 895 1997 943 apertiori
2026 907 2160 943 campo
2181 893 2360 929 terminos

1373 952 1516 988 traditae
1535 953 1624 1001 legis
1650 953 1960 1002 atuplilicat‚jam
1983 967 2057 989 non
2074 953 2195 989 solum
2219 952 2360 989 amicus

1376 1011 1525 1055 amicis,
1544 1011 1607 1046 sed
1640 1012 1775 1054 velint,
1797 1012 1939 1055 nolint,
1964 1012 2104 1048 amicus
2127 1011 2266 1060 pariter
2293 1010 2360 1045 ini-

318 1073 553 1122 pra¹cipitare
582 1070 803 1107 sententiam
819 1098 829 1114 ‚
871 1084 955 1106 cum
988 1071 1167 1107 finitivam
1198 1084 1311 1120 super
1328 1077 1355 1109 B
1377 1071 1492 1106 micis.
1515 1073 1639 1114 Pater,
1659 1071 1777 1119 inquit
1793 1100 1801 1116 ,
1816 1076 1962 1119 ignosce
1977 1073 2072 1114 illis,
2091 1074 2175 1118 quia
2195 1074 2364 1104 nesciunt

319 1131 534 1179 hujusmodi
558 1130 720 1178 regulam
737 1142 794 1165 me
812 1129 943 1177 legisse
962 1143 1036 1165 non
1061 1130 1307 1166 meminerim.

320 1191 494 1226 Securius
516 1198 638 1225 tamen
667 1202 805 1237 sequor
836 1191 1078 1238 Apostolum,
1113 1190 1188 1225 imo
1223 1190 1308 1238 Spi-

320 1251 429 1287 ritum
454 1250 521 1286 Dei
543 1250 579 1284 in
599 1249 801 1298 Apostolo,
817 1249 881 1297 qui
905 1262 989 1285 cnm
1012 1263 1156 1285 summa
1176 1248 1310 1285 verbo—

319 1322 400 1344 rum
423 1308 594 1344 libertate
620 1307 735 1355 magis
757 1321 896 1343 secui-ze
923 1307 1172 1355 ambiguitati,
1197 1320 1307 1355 qumn

318 1368 537 1416 periculosa*
566 1366 774 1401 definitioni
806 1366 874 1401 ista
895 1366 1097 1401 committit
1127 1380 1134 1400 τ
1161 1369 1241 1400 Sive
1271 1370 1308 1400 iu

317 1439 488 1472 corpore,
533 1424 676 1472 inquit,
711 1429 783 1458 sim:
822 1433 929 1458 cnara
974 1437 1127 1471 eorpus,
1162 1428 1306 1466 nescii),

317 1488 415 1519 Deus
433 1488 496 1518 seit
512 1489 534 1518 ¹.
548 1483 768 1518 Exclamant
789 1482 912 1517 statim
926 1482 1088 1518 clamore
1111 1481 1280 1518 horribili
1296 1511 1305 1527 ,

317 1544 512 1580 continuent
530 1555 638 1578 aures
652 1554 756 1585 suas,
778 1550 815 1577 et
834 1554 895 1577 eas
915 1541 1118 1577 obstruunt
1141 1541 1306 1586 veritati,

317 1600 647 1651 impewmfiii-iim!
667 1604 896 1635 unammiter
911 1604 947 1635 iu
972 1614 1076 1644 cuin,
1101 1600 1183 1635 facti
1201 1599 1308 1635 amici

316 1663 354 1698 in
380 1670 500 1698 morte
522 1661 620 1696 illius
642 1675 649 1696 :
671 1669 707 1696 ce
731 1664 918 1705 (jicientes
945 1673 1027 1695 eum
1048 1668 1156 1695 extra
1177 1663 1308 1694 civita-

317 1731 387 1756 tem
409 1719 650 1768 lapidabam.
671 1717 828 1766 Ejicitur
842 1721 984 1766 Martyr
998 1726 1102 1754 extra
1122 1717 1310 1753 civitatem

319 1781 564 1829 sanguinum,
597 1778 636 1814 in
677 1791 750 1827 qua
790 1777 894 1827 prius
928 1776 1072 1825 justitia
1104 1776 1306 1820 habitavit,

321 1853 419 1875 nunc
451 1847 575 1874 autem
600 1836 801 1873 homicidia
824 1852 831 1872 :

324 1902 510 1945 Quoniam
528 1900 611 1933 vidi
628 1900 860 1943 iiiifsuilalem
879 1905 915 1930 et
931 1899 1255 1930 contradictionem
1273 1900 1311 1929 ite

319 1963 475 1993 rivium».
513 1960 599 1993 llaec
629 1964 684 1991 est
713 1955 861 1999 civitas,
893 1968 1004 2003 quam
1041 1957 1104 1989 die
1133 1968 1178 1989 ac
1208 1962 1314 1989 'torte

318 2019 525 2053 circmmlnt
552 2019 746 2062 iniquitas,
779 2023 814 2048 ct
844 2014 951 2049 labor
972 2016 1009 2048 ιή
1029 2016 1148 2049 medio
1173 2014 1249 2058 (jus
1279 2021 1313 2048 et

319 2078 499 2122 injustitia
513 2081 538 2111 ².
561 2074 696 2111 Civitas
717 2073 907 2108 castellum
930 2072 1145 2121 despective
1164 2080 1310 2115 vocata,

319 2136 422 2185 quod
453 2144 583 2171 contra
604 2133 805 2182 Apostolos
825 2141 861 2169 et
882 2133 1150 2182 Apostolorum
1177 2131 1313 2168 Domi-

320 2208 409 2231 num
441 2193 649 2229 durissimis
681 2191 910 2227 infidelitatis
949 2190 1119 2227 vectibus
1146 2199 1202 2227 est
1234 2203 1313 2225 mu-

318 2256 451 2291 nitum.
482 2257 594 2290 Extra
627 2259 773 2300 portam
801 2251 962 2286 civitatis
978 2249 1091 2298 liujus
1108 2262 1237 2300 passus
1257 2257 1313 2285 est

319 2314 524 2356 Dominus,
556 2319 661 2347 extra
692 2322 772 2344 eam
808 2309 996 2358 lapidatur
1025 2322 1155 2344 servus
1184 2308 1313 2344 exiens

321 2372 366 2407 ad
394 2384 478 2405 eum
504 2378 609 2405 extra
630 2377 747 2403 eastra
762 2395 771 2411 ,
795 2376 830 2402 et
852 2375 1008 2415 portans
1032 2367 1311 2402 similitudinem

323 2428 540 2477 improperii
568 2426 660 2474 ejus.
693 2430 944 2474 Deponuntur
969 2425 1190 2461 vestimenta
1217 2437 1314 2460 mar—

323 2488 414 2535 tyris
442 2486 486 2521 ad
510 2485 624 2534 pedes
647 2483 919 2532 persecutoris,
939 2483 1002 2531 qui
1023 2491 1162 2518 attactu
1188 2496 1313 2518 sacra-

322 2560 404 2582 rum
434 2545 622 2588 vestium,
646 2552 682 2579 et
709 2541 943 2578 orationibus
973 2541 1162 2591 lapidandi
1194 2543 1315 2577 fuerat

323 2603 613 2640 convertendus.

376 2668 412 2699 (3.
445 2665 493 2698 Et
521 2661 762 2710 lapidabant,
793 2661 930 2709 inquit,
962 2661 1187 2708 Stephanum
1216 2661 1314 2694 iswa-

324 2732 466 2757 cimtem
497 2731 530 2755 et
558 2723 734 2755 dicentem
754 2733 764 2753 .·
786 2723 944 2754 Domine
962 2722 1067 2762 Jescc,
1091 2724 1217 2766 accipe
1233 2723 1313 2765 spi-

325 2787 432 2816 ritum
457 2794 590 2815 navum.
607 2782 773 2815 Currunt
798 2778 850 2813 illi
871 2778 916 2813 ad
938 2777 1102 2827 lapides,
1125 2786 1161 2813 et
1187 2778 1249 2813 ille
1268 2777 1314 2813 ad

323 2853 465 2890 preces.
496 2837 655 2887 Lapides
683 2837 845 2886 lapidem
869 2837 1103 2885 percutiunt,
1127 2836 1191 2872 sed
1221 2836 1316 2885 lapi-

324 2900 407 2934 dem
432 2898 664 2939 molliorem,
686 2896 732 2931 de
755 2909 831 2943 quo
850 2895 932 2931 lluit
954 2896 1079 2931 oleum
1103 2895 1311 2940 charitatis,

325 2966 360 2994 et
400 2957 556 2992 tinnitus
596 2955 767 2991 redditur
799 2955 959 3003 pietatis.
1009 2958 1166 2990 Domine
1203 2956 1313 2997 lesu,

326 3017 465 3064 inquit,
496 3030 540 3049 m:
570 3024 712 3049 statuas
750 3016 821 3047 illis
851 3015 917 3048 lim·
954 3024 1162 3062 peccatam.
1195 3018 1317 3063 Rogat

326 3075 515 3122 suscipere
533 3074 704 3121 spiritum
732 3085 838 3107 suum
856 3101 865 3115 ,
896 3073 1069 3122 spiritum
1105 3074 1254 3121 utique,
1281 3082 1317 3109 ct

326 3141 515 3168 sanctum:
536 3132 638 3166 illum
655 3144 766 3179 quem
789 3131 979 3178 signanter
995 3131 1100 3179 quasi
1125 3131 1315 3180 quoddam

325 3192 555 3239 signaculum
587 3190 789 3239 Apostolus
807 3190 844 3225 in
867 3190 1017 3225 homine
1038 3191 1205 3240 praecipit
1226 3204 1318 3227 con-

376 3322 382 3336 ¹
404 3319 515 3347 ll(,or.
538 3319 657 3352 x11,2,
678 3321 704 3346 ά.
729 3334 763 3337 *-

790 3320 800 3335 ²
821 3315 896 3345 psat,
921 3326 984 3346 ms,
1014 3318 1071 3352 to,
1098 3320 1146 3346 11.
1169 3335 1203 3338 ψ-
1230 3315 1267 3346 ςΙ
1293 3316 1392 3347 l‘hess.
1418 3329 1448 3353 x,
1475 3321 1527 3347 23.
1547 3336 1572 3339 —--

1375 1128 1625 1176 qtiiilfiu·iunt
1640 1131 1666 1164 ³¹.
1694 1133 1776 1166 Non
1805 1130 1928 1179 potuit
1949 1143 2028 1166 esse
2050 1129 2223 1165 inefficax
2243 1126 2365 1163 oratio

1375 1188 1569 1224 morientis
1593 1203 1599 1224 :
1627 1189 1725 1225 unde
1741 1197 1777 1225 et
1794 1189 2030 1225 inimicorum
2054 1187 2300 1225 numerositas
2316 1186 2362 1222 ad

1375 1260 1572 1283 numerum
1598 1249 1801 1284 amicorum
1827 1249 2007 1284 transivit.

1430 1306 1465 1341 7.
1498 1305 1589 1342 Vide
1602 1319 1712 1354 quam
1732 1315 1832 1342 recto
1853 1320 1964 1343 eursu
1981 1306 2188 1355 Stephanus
2204 1304 2270 1341 etsi
2287 1316 2361 1339 non

1374 1372 1516 1411 aequat,
1551 1365 1720 1412 sequitur
1755 1373 1877 1400 tamen
1914 1366 2218 1414 Redemptorem.
2255 1362 2363 1399 Volat

1374 1435 1548 1458 saxorum
1568 1422 1706 1469 imber,
1724 1432 1760 1459 et
1785 1424 1994 1461 fortissimis
2012 1423 2225 1460 invidorum
2244 1422 2363 1457 mani-

1374 1479 1444 1516 bus
1472 1481 1550 1516 loca
1573 1482 1772 1518 vulnerum
1805 1482 2044 1531 duplicantur
2065 1496 2072 1517 :
2095 1481 2159 1518 sed
2181 1481 2364 1530 patienter

1373 1539 1515 1588 patitur
1535 1548 1736 1576 coronatus
1767 1549 1917 1584 noster,
1955 1540 2000 1576 de
2033 1552 2173 1576 corona
2201 1538 2366 1575 nominis

1374 1598 1419 1634 ad
1443 1611 1621 1634 (eoronam
1646 1599 1835 1647 regiminis
1855 1599 2146 1635 transferendus.
2168 1597 2291 1634 Nescit
2310 1596 2365 1632 af-

1377 1657 1512 1693 fectum
1532 1658 1673 1703 carnis,
1691 1665 1727 1693 et
1748 1658 1878 1694 mortis
1896 1658 2025 1694 horam
2046 1658 2202 1707 ignorat.
2220 1659 2264 1693 Et
2279 1655 2368 1691 vide

1377 1716 1468 1765 quid
1494 1716 1677 1753 deliberet
1695 1717 1917 1753 faciendum.
1936 1719 2092 1760 Positis,
2115 1717 2186 1760 ait,
2213 1714 2365 1764 genibus

1375 1778 1547 1811 clamavit
1567 1790 1655 1811 voce
1675 1789 1810 1824 magna
1831 1790 1841 1810 .·
1864 1778 2035 1822 Domine,
2056 1790 2103 1812 ne
2129 1784 2271 1811 statuas
2293 1777 2366 1809 illis

855 1836 901 1872 de
920 1850 994 1885 qua
1028 1836 1117 1872 dicit
1141 1844 1308 1879 sanctus,
1333 1838 1359 1872 C
1376 1836 1441 1870 hoc
1452 1845 1656 1882 peecatum.
1681 1836 1823 1873 Clamat
1841 1849 1934 1872 voce
1955 1849 2086 1885 magna
2099 1864 2108 1881 ,
2130 1835 2216 1884 quia
2234 1847 2366 1882 magna

1378 1894 1507 1943 utique
1524 1894 1713 1930 charitate.
1746 1896 1880 1930 Positis
1907 1895 2086 1943 gendum,
2103 1895 2189 1943 quia
2216 1906 2303 1929 vera
2331 1900 2367 1929 et

1377 1954 1510 1989 humili
1527 1954 1765 2002 simplicitate
1782 1967 1851 2003 pro
1865 1966 1904 1991 se
1921 1967 2032 1990 orans
2049 1961 2120 1989 stat
2136 1961 2174 1988 et
2190 1952 2366 2001 erigitur,

1377 2026 1448 2063 pro
1463 2013 1716 2062 lapidantibus
1743 2013 1858 2049 flectit
1874 2026 2006 2063 genua.
2027 2013 2119 2060 Quis
2134 2011 2279 2048 audivit
2299 2024 2368 2049 un-

1379 2086 1490 2121 quam
1510 2073 1604 2109 tale?
1624 2081 1660 2108 et
1679 2073 1764 2122 quis
1784 2072 1876 2108 vidit
1896 2073 1982 2109 huic
2002 2072 2144 2108 simile?
2158 2071 2244 2108 Plus
2265 2069 2368 2106 dolet

1378 2131 1687 2181 persequentium
1713 2139 1929 2180 peccatum,
1953 2144 2064 2180 quam
2086 2143 2152 2167 sua
2173 2129 2330 2165 vulnera
2358 2143 2365 2164 ε

1378 2190 1529 2226 illorum
1562 2190 1822 2239 iniquitatem,
1851 2203 1963 2239 quam
1989 2203 2092 2226 suam
2125 2196 2297 2224 mortem.
2324 2189 2370 2222 Ee

1378 2264 1457 2284 cum
1478 2250 1544 2284 lioc
1562 2251 1735 2292 dixisset,
1757 2249 1973 2284 obdormivit
2002 2253 2040 2283 iu
2073 2251 2246 2283 Domino.
2264 2245 2368 2283 Felix

1378 2320 1532 2344 somnus
1564 2321 1648 2343 cum
1683 2308 1832 2356 requie,
1862 2307 2011 2356 requies
2039 2319 2123 2342 cum
2154 2305 2367 2352 voluptate,

1382 2367 1555 2415 voluptas
1574 2380 1657 2402 cum
1679 2367 1864 2410 satietate,
1887 2366 2034 2402 satietas
2051 2377 2136 2400 cum
2156 2362 2368 2406 securitate,

1381 2425 1557 2460 securitas
1576 2438 1658 2459 eum
1679 2424 1896 2459 aeternitate.
1920 2423 2166 2466 obdormivit,
2184 2421 2320 2469 inquit,
2332 2424 2368 2455 in

1381 2485 1562 2525 Domino,
1595 2481 1797 2531 absorptus
1823 2482 1860 2517 in
1891 2481 2067 2517 claritatis
2099 2479 2300 2528 abyssum,
2333 2487 2370 2515 ct

1381 2542 1479 2577 inter
1507 2542 1575 2578 Dei
1607 2542 1661 2577 sui
1698 2541 1848 2577 brachia
1882 2541 2129 2590 requiescens.
2161 2538 2322 2577 Sedebat
2349 2552 2370 2575 a

1332 2605 1364 2637 D
1385 2600 1527 2636 dextris
1546 2601 1615 2636 Dei
1636 2601 1818 2636 Dominus
1835 2604 1961 2645 jesus,
1983 2601 2046 2635 sed
2073 2599 2197 2648 primo
2212 2598 2370 2646 Martyri

1381 2668 1587 2707 martyrum
1615 2667 1737 2709 caput.
1770 2660 1948 2695 Recolitis
1974 2659 2076 2707 quod
2106 2659 2168 2694 illa
2198 2657 2370 2694 Ecclesiae

1382 2718 1505 2766 lingua
1533 2718 1803 2768 (Augustinum
1839 2717 1996 2767 loquor)
2030 2717 2076 2754 de
2107 2717 2179 2754 hoc
2207 2720 2371 2765 Martyre

1381 2778 1556 2823 senserit,
1589 2791 1702 2827 quem
1736 2786 1820 2826 post
1848 2786 2006 2814 mortem
2035 2785 2177 2826 septem
2202 2784 2371 2812 mortuos

1381 2837 1512 2873 asserit
1546 2837 1755 2873 suscitasse.
1783 2837 1845 2873 Eia
1866 2850 1957 2882 vos,
1987 2837 2051 2885 qni
2076 2835 2215 2872 levitali
2237 2834 2370 2870 ordine

1381 2897 1630 2945 praefulgetis,
1651 2905 1797 2932 cantate
1827 2896 1915 2932 huic
1943 2896 2128 2932 canticum
2150 2907 2289 2931 novum
2305 2921 2314 2938 ‚
2334 2901 2372 2929 et

1383 2963 1494 2991 tanta}
1515 2956 1705 2992 festivitati
1729 2956 1868 2992 festivis
1883 2954 2037 2991 vocibus
2057 2954 2265 2990 inclamate.
2279 2955 2372 2989 For-

1383 3015 1487 3051 tassis
1518 3015 1805 3051 concinentibus
1836 3015 1947 3051 etiam
1980 3022 2151 3063 suggeret
2188 3013 2234 3048 de
2262 3010 2372 3047 vobis

1384 3074 1549 3109 Domino
1570 3087 1637 3109 suo
1662 3073 1781 3122 judici
1811 3083 1959 3119 vestro,
1988 3087 2034 3109 ne
2053 3080 2188 3109 statuat
2208 3072 2278 3107 illis
2300 3071 2371 3107 ali—

1383 3132 1472 3180 quid
1492 3131 1538 3167 ad
1559 3141 1750 3181 peceatum
1764 3162 1772 3176 ‚
1795 3133 1857 3181 qui
1887 3140 1942 3169 est
1962 3135 2063 3168 Deus
2091 3130 2313 3168 benedictus
2332 3129 2371 3166 iu

1384 3191 1531 3227 saecula.
1550 3194 1680 3227 Amen.

1605 3317 1706 3347 Mate.
1725 3327 1833 3352 xxiii,
1858 3318 1910 3347 32.
