2418 3949
138 235 237 273 1249

790 240 855 274 DE
883 239 1056 275 VERBIS
1083 239 1261 275 DOMINI
1289 241 1338 275 ΙΝ
1368 241 1531 277 COENA.

133 313 383 350 chritudinem
411 313 468 351 sol
495 321 532 350 et
553 313 643 350 luna
671 314 867 351 mirantur.
889 318 964 352 Iste
984 315 1065 352 talis
1079 327 1122 352 ac
1133 314 1162 332 ⁰⁵

2080 240 2180 277 1250

1169 315 1355 353 ‘³vivificat
1383 326 1566 354 mortuos.
1597 316 1687 353 Mihi
1719 329 1823 353 meus
1855 317 2006 354 auditor
2040 318 2178 361 credat,

134 380 259 410 tantus
279 373 374 409 dixit
396 373 586 423 discipulis
611 374 709 420 suis,
742 382 779 411 et
803 388 871 424 per
890 387 954 411 eos
981 375 1125 412 cunctis
1141 376 1173 408 A
1189 375 1265 412 imo
1286 376 1377 412 mihi
1398 376 1525 413 credat
1552 377 1670 413 crucis
1688 385 1846 422 amator,
1865 377 1941 426 jam
1964 391 2038 413 nou
2069 377 2180 413 lfede-

135 431 308 468 fidelibus
327 432 404 468 suis
431 446 439 467 :

132 494 171 525 in
189 490 305 526 vobis.
322 494 353 528 O
380 502 492 539 quam
514 503 649 539 magna
677 490 906 528 sublimitas!
928 505 950 528 o
981 505 1123 541 magnae

132 547 374 585 sublimitatis
393 550 613 585 auctoritas!
635 545 823 586 hominem
845 549 1015 587 habitare
1037 564 1123 588 cum

130 609 282 657 Angelis
297 636 306 653 ,
338 617 477 645 terram
504 617 540 645 et
563 610 758 658 pulverem
777 610 914 648 elevari
930 611 969 646 in
997 611 1124 655 coelos,

130 668 322 704 hominem
345 668 425 704 tolli
441 668 487 704 de
510 677 675 705 stercore
694 669 953 718 jumentorum
968 699 978 715 ,
1000 679 1037 707 et
1056 684 1123 720 ag-

130 727 275 776 gregari
289 726 448 764 coetibus
463 729 692 776 Angelorum
707 731 714 764 !
733 729 809 765 imo
825 738 1031 766 creaturam
1049 743 1124 766 ma-

133 798 224 822 nere
240 786 278 822 in
297 788 472 824 Creatore
485 814 494 830 ,
516 786 697 823 facturam
717 787 754 822 in
776 791 950 832 Factore‚
974 788 1124 825 redem-

131 852 239 894 ptum
274 845 313 881 in
351 844 627 894 Redemptore,
667 859 817 882 servum
858 847 896 883 in
931 848 1096 884 Domino
1111 876 1121 893 ,

128 911 364 954 peccatorem
392 904 430 940 in
458 907 588 950 Just0,
612 904 749 941 sactum
764 919 811 942 ex
831 906 921 942 limo
938 907 974 942 in
993 919 1038 942 eo
1058 907 1122 955 qui

128 963 256 1000 omnia
272 963 358 1000 facit
376 976 422 1000 ex
450 963 589 1009 nihilo;
613 965 870 1002 transitorium
890 966 928 1002 in
945 969 1122 1011 AEterno,

130 1023 308 1060 miserum
323 1023 361 1059 in
378 1035 524 1060 summe
541 1027 676 1070 Beato,
694 1024 772 1060 imo
791 1025 830 1060 in
847 1037 892 1060 eo
912 1025 976 1074 qui
994 1026 1122 1060 omni—

466 434 621 468 chmele
640 438 678 468 in
699 446 778 476 me,
809 441 844 468 et
875 447 940 482 ego
970 433 1123 469 manebo

1192 442 1252 470 tur
1270 447 1290 470 a
1311 444 1434 470 morte
1452 436 1634 480 secunda,
1666 436 1695 472 si
1716 436 1751 471 in
1776 436 1842 472 hac
1870 438 1944 472 vita
1965 450 2052 473 usus
2071 437 2181 472 suerit

1189 493 1253 528 tali
1272 493 1470 529 medicina.
1496 497 1577 530 Hoc
1604 503 1659 530 est
1684 495 1777 530 illud
1807 496 1947 543 lignum
1980 496 2181 545 propheti-

1189 565 1274 588 cum
1289 581 1299 598 ,
1331 553 1433 601 quod
1466 562 1521 589 est
1556 554 1653 589 inter
1687 553 1883 602 juncturas
1913 555 2177 599 aediliciorum3

1189 611 1276 660 quia
1291 611 1370 660 ipsa
1386 624 1479 647 crux
1493 612 1655 659 gloriosa
1669 620 1805 648 terram
1821 613 2052 661 conglutinat
2067 613 2178 657 coelo,

1189 669 1381 705 hominem
1409 671 1601 706 consociat
1627 672 1781 719 angelo,
1810 681 1846 707 et
1874 681 2108 720 peccatorem
2128 671 2181 708 sic

1190 730 1403 765 reconciliat
1420 733 1518 773 Deo,
1542 738 1583 766 ut
1608 731 1687 779 ipse
1709 734 1809 766 Deus
1827 744 1978 768 manere
2005 732 2181 780 dignetur

1188 789 1225 825 in
1245 802 1308 835 eo,
1336 797 1373 825 et
1394 789 1473 839 ipse
1498 803 1650 826 manere
1673 799 1860 826 mereatur
1881 792 1917 826 in
1938 795 2017 827 Deo
2043 804 2124 828 suo.
2149 794 2180 828 O

1188 861 1375 885 summum
1399 849 1602 899 tripudium
1618 878 1627 894 ,
1647 863 1668 886 o
1688 850 1895 899 tripudians
1912 851 2107 900 gaudium,
2123 850 2182 899 ju-

1189 907 1312 943 cunda
1332 908 1473 953 laetitia,
1495 908 1760 957 etjucunditas
1780 911 1875 953 laeta,
1895 910 2085 946 hominem
2101 922 2180 946 ma—

1190 979 1280 1002 nere
1298 967 1338 1003 in
1358 971 1456 1013 Deo,
1478 976 1515 1004 et
1534 972 1652 1004 Deum
1669 969 1706 1004 in
1724 969 1878 1005 homine
1893 997 1901 1013 ,
1925 970 1962 1005 in
1985 969 2180 1018 redempto

1188 1025 1481 1076 Redemptorem
1497 1056 1506 1072 ‚
1535 1036 1571 1063 et
1589 1028 1628 1063 in
1646 1028 1901 1077 Redemptore
1920 1028 2154 1078 redemptum
2172 1031 2179 1063 !

131 1094 182 1118 no
202 1081 290 1118 beat
313 1081 442 1127 beata,
459 1091 496 1119 et
513 1091 648 1119 cuncta
667 1083 874 1120 sanctificat
892 1091 1019 1120 sancta
1033 1112 1043 1130 ,
1061 1084 1126 1133 qui
1142 1085 1170 1118 B
1188 1086 1245 1122 Ad
1266 1086 1360 1122 hanc
1379 1099 1535 1123 summae
1557 1086 1804 1135 jucunditatis
1825 1087 1988 1123 lzetitiam
2003 1116 2012 1132 ,
2041 1100 2181 1136 perpe-

128 1149 186 1178 est
197 1142 334 1179 veritas
361 1150 399 1179 et
423 1144 500 1180 vita
521 1151 558 1179 et
578 1143 698 1192 gloria
719 1143 968 1192 sempiterna3
989 1143 1124 1191 gaudi·

130 1214 194 1237 um
211 1202 344 1238 mundi
356 1201 594 1250 ,jucunditas
612 1202 712 1248 coeli,
731 1202 892 1239 dulcedo
909 1203 1072 1252 paradisi
1089 1211 1125 1239 et

128 1259 239 1298 beata
271 1262 477 1308 aeternitas,
508 1270 546 1298 et
579 1270 718 1298 aeterna
750 1262 925 1308 felicitas,
958 1263 1124 1300 Christus

128 1320 270 1356 scilicet
293 1322 480 1358 Dominus
497 1324 620 1359 Jesus!

181 1379 219 1416 3.
240 1382 272 1417 O
292 1380 388 1417 mira
415 1389 453 1417 et
471 1381 695 1418 inexhausta
718 1379 889 1417 bonitas!
913 1395 935 1417 o
954 1381 1124 1418 inaudita

129 1445 167 1474 et
200 1438 472 1476 inaestirnabilis
502 1440 637 1490 pietas!
665 1440 750 1489 quis
773 1453 959 1489 unquam,
993 1441 1124 1478 fratres

130 1499 229 1545 mei,
248 1500 355 1549 quis,
382 1500 612 1538 dilectissimi
635 1502 726 1547 mei,
744 1502 988 1538 amantissimi
1022 1502 1092 1539 mei
1110 1530 1119 1547 ,

130 1560 304 1595 conservi
338 1559 431 1604 mei,
461 1560 560 1596 servi
593 1560 746 1597 Domini
776 1563 865 1597 Jesu
897 1561 1055 1606 Christi,
1086 1569 1123 1597 et

130 1625 286 1667 propter
311 1618 434 1668 ipsum
467 1619 611 1656 domini
644 1620 740 1665 mei,
770 1621 909 1670 poterit
938 1620 1126 1670 explicare

129 1687 327 1723 sermone,
360 1685 425 1714 aut
452 1679 538 1715 stilo
562 1692 719 1716 exarare
742 1688 778 1716 et
798 1679 968 1729 graphio,
986 1688 1128 1729 quanta

130 1735 268 1785 pietate
286 1745 416 1774 auctor
435 1738 583 1788 pietatis
596 1738 802 1784 redundet,
821 1747 961 1788 quanta
980 1740 1127 1789 largita-

131 1802 167 1831 te
187 1794 365 1834 bonitatis
384 1797 463 1848 ipse
478 1806 610 1834 auctor
630 1797 840 1834 exuberet?
854 1798 946 1835 Mihi
968 1798 1123 1843 credite,

1192 1144 1330 1180 tuitatis
1356 1145 1551 1181 laetissimae
1575 1146 1730 1194 gloriam
1747 1173 1756 1190 ,
1785 1145 1864 1195 ipse
1887 1146 2015 1193 gloriae
2035 1154 2180 1190 auctor,

1190 1203 1434 1241 beatitudinis
1461 1204 1584 1249 dator,
1618 1205 1717 1240 salus
1745 1213 1882 1240 :eterna
1899 1232 1908 1248 ‚
1945 1204 2021 1240 vita
2048 1203 2182 1248 beata,

1190 1264 1279 1300 felix
1296 1264 1502 1309 aeternitas‚
1526 1277 1656 1299 secura
1674 1263 1946 1312 tranquillitas,
1974 1271 2072 1298 totus
2097 1262 2185 1298 dul-

1189 1324 1240 1359 cis
1253 1351 1262 1368 ‚
1286 1331 1386 1359 totus
1411 1322 1681 1368 desiderabilis,
1698 1323 1834 1359 invitat
1852 1323 2052 1372 Apostolos
2075 1335 2183 1366 suos,

1186 1382 1338 1432 instigat
1358 1382 1560 1418 monachos
1580 1395 1680 1427 suos,
1696 1390 1870 1418 cunctum
1887 1382 2071 1431 populum
2087 1381 2187 1417 chri—

1188 1443 1347 1480 stianum
1369 1455 1481 1479 omne
1496 1442 1694 1492 collegium
1714 1450 1897 1487 sanctum,
1918 1442 1970 1478 eis
1987 1441 2186 1477 blandiens

1188 1510 1300 1551 atque
1337 1501 1555 1538 demulcens
1572 1530 1581 1547 ,
1617 1502 1814 1538 consolans
1859 1510 1896 1536 et
1943 1501 2159 1537 confortans
2175 1530 2185 1546 ,

1187 1561 1342 1598 hortans
1362 1570 1398 1598 et
1418 1561 1545 1598 dicens
1569 1575 1575 1596 :

1192 1620 1257 1656 bis.
1285 1624 1331 1657 Et
1361 1629 1415 1657 est
1436 1633 1566 1657 sensus
1596 1624 1700 1657 :Vos
1730 1621 1795 1669 qui
1816 1620 1947 1656 mundi
1976 1620 2086 1663 estis,
2120 1620 2186 1669 qui

1193 1680 1260 1716 loti
1276 1681 1382 1724 estis,
1401 1680 1462 1729 qui
1483 1680 1703 1717 sanctificati
1720 1680 1806 1715 estis
1826 1692 1894 1728 per
1911 1679 2076 1714 canalem
2095 1679 2187 1727 lapi-

1192 1740 1303 1776 deum
1320 1769 1328 1785 ‚
1359 1753 1428 1790 per
1449 1740 1629 1790 Baptisini
1654 1748 1929 1776 sacramentum
1946 1767 1955 1783 ,
1983 1752 2049 1787 per
2063 1739 2187 1774 virtu-

1193 1807 1272 1834 tum
1291 1798 1495 1835 triclinium
1511 1826 1520 1843 ,
1543 1811 1612 1848 per
1640 1798 1849 1834 dilectionis
1871 1797 2121 1846 praeconium,
2148 1797 2188 1832 in

1597 1563 1752 1596 *Manere
1770 1566 1807 1595 in
1828 1574 1904 1604 me,
1930 1569 1965 1595 et
1979 1574 2043 1608 ego
2061 1565 2098 1595 ise
2118 1574 2186 1595 vo-

131 1854 278 1902 fratres,
300 1856 331 1894 si
352 1870 484 1894 omnes
503 1857 676 1894 homines
696 1858 908 1894 niterentur
927 1866 964 1894 et
979 1859 1125 1908 Angeli,
1147 1858 1173 1894 C
1193 1872 1253 1895 me
1281 1859 1391 1904 estis;
1421 1858 1488 1895 sed
1511 1871 1603 1907 rogo
1626 1866 1667 1894 ut
1690 1859 1724 1894 in
1756 1870 1814 1893 me
1838 1870 1987 1893 manere
2006 1856 2186 1893 debeatis.

130 1914 244 1952 fomis
272 1923 381 1953 tantae
406 1917 555 1967 pietatis
574 1930 652 1954 non
670 1925 826 1967 possent
843 1917 994 1954 haurire
1016 1918 1126 1956 vobis

131 1975 242 2012 etiam
259 1989 372 2013 unam
395 1977 588 2014 minimam
614 1986 777 2027 guttam,
805 1977 935 2015 habito
953 1988 1126 2029 respectu

131 2034 178 2071 ad
207 2036 326 2084 ipsam
344 2036 614 2074 abundantiam
645 2038 806 2088 pietatis.
839 2041 928 2075 Haec
952 2047 1032 2085 est,
1064 2040 1126 2076 in-

130 2107 243 2144 quam
258 2123 268 2140 ,
305 2096 479 2133 maximae
517 2097 749 2134 immensitas
784 2098 953 2146 pietatis,
993 2099 1127 2148 ingens

131 2154 335 2193 eminentia
371 2156 568 2203 bonitatis3
609 2157 713 2208 quod
753 2160 909 2195 Creator
955 2159 1126 2196 omnium

131 2218 235 2252 Deus
254 2228 293 2252 se
312 2216 435 2266 ipsum
453 2217 682 2262 exinanivit,
701 2217 859 2254 formam
880 2218 977 2254 servi
997 2231 1128 2255 susce-

133 2274 206 2323 pit,
222 2275 260 2311 in
277 2276 523 2313 similitudine
543 2277 740 2314 hominum
765 2277 883 2314 factus
898 2307 906 2323 ‚
932 2286 969 2314 et
996 2277 1126 2315 habitu

131 2332 308 2371 inventus
332 2343 374 2371 ut
402 2335 517 2372 homo
545 2350 552 2371 :
574 2349 730 2373 manens
755 2340 858 2373 Deus
882 2337 921 2373 in
950 2337 1125 2385 homine,

132 2400 174 2428 ut
204 2392 318 2430 homo
349 2403 520 2431 maneret
543 2395 581 2431 in
609 2398 714 2440 Deo;
745 2395 820 2431 vita
840 2404 1000 2432 mortem
1018 2409 1125 2433 assu·

131 2464 256 2498 mens,
289 2461 330 2489 ut
360 2453 432 2490 sibi
463 2466 565 2490 mors
597 2462 805 2491 assumeret
821 2454 948 2491 vitam.
971 2456 1124 2493 Utinam

131 2509 244 2560 hujus
269 2511 500 2550 abundantia
523 2514 671 2564 pietatis
689 2514 741 2551 sic
758 2514 939 2563 fragraret
957 2515 1126 2564 quotidie

132 2569 170 2605 in
192 2570 347 2607 naribus
363 2573 520 2617 nostris,
545 2581 586 2609 ut
606 2573 644 2609 in
663 2573 821 2610 veritate
848 2573 975 2610 dicere
1000 2587 1129 2624 posse-

1192 1919 1227 1956 Si
1244 1918 1281 1954 in
1303 1931 1362 1954 me
1381 1918 1609 1963 manseritis,
1631 1926 1669 1954 et
1688 1930 1757 1966 ego
1775 1916 1936 1953 manebo
1956 1916 1996 1952 in
2015 1914 2134 1952 vobis.
2151 1917 2188 1953 Si

1193 1977 1230 2013 in
1251 1990 1311 2013 me
1332 1977 1544 2014 manseritis
1559 1977 1597 2013 in
1618 1977 1691 2013 isto
1707 1975 1814 2012 brevi
1839 1984 2029 2025 tempore;
2056 1988 2188 2011 mane-

1192 2035 1242 2072 bo
1270 2035 1468 2073 vobiscum
1500 2036 1538 2072 in
1572 2035 1792 2072 aeternitate.
1814 2035 1884 2083 Qui
1913 2042 2039 2070 manet
2070 2035 2107 2070 in
2128 2047 2188 2071 me

1191 2108 1260 2145 per
1281 2094 1552 2132 exhibitionem
1574 2095 1785 2131 dilectionis
1800 2124 1808 2140 ‚
1827 2103 1864 2131 et
1881 2106 1949 2143 ego
1968 2092 2128 2129 manebo
2148 2093 2189 2129 in

1191 2169 1237 2192 eo
1266 2168 1335 2206 per
1359 2156 1558 2206 praemium
1591 2164 1738 2193 aeternae
1769 2155 1964 2191 felicitatis.
1993 2157 2070 2203 Ego
2101 2154 2189 2190 dili-

1192 2223 1319 2265 gentes
1350 2229 1410 2252 me
1440 2215 1575 2265 diligo,
1605 2224 1642 2251 et
1670 2215 1735 2264 qui
1757 2228 1815 2251 me
1844 2213 2045 2250 dilexerint
2064 2214 2098 2250 in
2120 2213 2189 2249 liae

1192 2276 1287 2321 vita,
1304 2289 1362 2312 me
1378 2275 1573 2312 invenient
1591 2283 1676 2325 post
1693 2275 1787 2310 hanc
1808 2273 1944 2319 vitam3
1965 2281 2006 2308 ut
2023 2272 2088 2308 ubi
2104 2285 2188 2309 sum

1193 2348 1283 2385 ego,
1305 2343 1342 2371 et
1370 2335 1424 2371 illi
1444 2335 1517 2371 sint
1537 2347 1698 2371 mecum.
1720 2333 1793 2381 Qui
1813 2346 1872 2368 me
1896 2345 1971 2368 non
1992 2331 2189 2377 dilexerit,

1192 2395 1325 2445 procul
1339 2393 1456 2430 dubio
1473 2407 1549 2430 non
1567 2394 1736 2429 inveniet
1756 2406 1814 2428 me
1836 2391 1881 2428 ad
1897 2392 2110 2441 praemium,
2126 2391 2191 2428 sed

1192 2454 1360 2491 inveniet
1379 2467 1438 2490 me
1471 2453 1518 2490 ad
1543 2453 1783 2502 supplicium.
1803 2455 1879 2487 Vos
1905 2459 2028 2487 autem
2043 2479 2052 2495 ‚
2076 2450 2191 2487 disci-

1192 2514 1269 2564 puli
1291 2514 1381 2559 mei,
1399 2513 1506 2550 amici
1527 2513 1618 2559 mei,
1641 2513 1677 2549 in
1701 2525 1782 2548 mea
1802 2510 2002 2547 dilectione
2017 2519 2189 2547 manete:

1193 2587 1269 2610 non
1288 2587 1354 2610 vos
1382 2582 1519 2610 terreat
1543 2586 1634 2609 meae
1656 2571 1896 2608 humanitatis
1917 2570 2056 2620 passm,
2072 2570 2191 2606 crucis

134 2641 217 2665 mus
237 2643 320 2666 cum
339 2643 478 2680 sponsa
495 2632 533 2667 in
555 2633 718 2669 Canticis
738 2647 745 2668 ε
767 2633 999 2670 Fasciculum
1020 2647 1126 2682 myr-
1148 2637 1180 2670 D
1198 2633 1394 2681 suspensio
1408 2661 1417 2676 ,
1446 2641 1632 2668 tormenta
1657 2631 1872 2667 carnificum
1885 2658 1894 2673 ,
1914 2629 2030 2664 crucis
2047 2629 2191 2678 suppli-

133 2688 210 2725 rhae
224 2689 349 2726 dilecti
361 2703 510 2740 semper
522 2705 635 2741 supra
647 2705 771 2728 meum
788 2701 917 2742 pectus
928 2692 1088 2741 portabo
1103 2699 1126 2729 ¹.

139 2751 170 2786 Ο
185 2748 303 2785 dulcis
323 2750 488 2787 sarcina!
504 2764 526 2787 0
546 2752 633 2787 felix
651 2751 851 2788 medicina!

185 2808 222 2845 4.
238 2811 327 2846 Haec
341 2811 486 2847 sarcina
499 2840 508 2856 ‚
528 2810 660 2847 fratres
678 2811 770 2855 mei,
788 2824 881 2847 crux
897 2811 978 2860 ipsa
997 2809 1124 2856 beata,

132 2867 273 2905 scilicet
304 2869 429 2919 passio
447 2870 603 2916 Christi,
627 2869 796 2919 bajulum
814 2883 922 2907 suum
944 2883 1019 2906 non
1037 2883 1125 2919 gra—

133 2935 218 2973 vat,
239 2927 304 2964 sed
323 2929 421 2965 levat
439 2943 446 2964 :
464 2943 540 2966 non
563 2929 754 2979 deprimit,
771 2929 835 2966 sed
856 2930 1002 2966 extollit
1021 2944 1027 2964 :
1049 2943 1124 2966 non

133 2995 306 3036 quassat,
339 2988 403 3025 sed
432 2989 563 3038 erigit,
596 2998 633 3026 et
661 2997 787 3039 portat
810 2997 1041 3039 portantem,
1062 2989 1126 3025 ubi

133 3046 303 3084 Christus
322 3056 376 3084 est
393 3049 428 3085 in
450 3049 569 3098 gloria
590 3050 720 3086 Patris.
742 3052 830 3086 Haec
851 3058 923 3095 est,
955 3050 1127 3098 inquam,

133 3106 348 3144 dulcissima
369 3108 553 3145 medicina
569 3137 578 3154 ,
597 3123 680 3158 quae
702 3108 875 3146 morbum
896 3123 1046 3145 omnem
1065 3123 1127 3145 ex-

133 3166 258 3215 pellit,
282 3168 381 3204 vires
406 3177 518 3218 atque
536 3169 692 3205 virtutes
714 3182 789 3205 non
818 3168 970 3205 habenti
997 3169 1126 3217 acqui—

136 3226 205 3272 rit;
226 3240 310 3276 quae
331 3240 406 3265 non
428 3230 547 3266 solum
577 3238 681 3266 sanat
710 3238 892 3279 aegrotos,
924 3229 987 3266 scd
1016 3229 1126 3266 etiam

186 3357 193 3371 ¹
213 3351 329 3384 salitio.
346 3363 375 3389 ι,
398 3357 448 3384 12.

293 3425 383 3448 Tou.
416 3425 448 3447 V.

1193 2692 1305 2736 cium,
1324 2704 1392 2727 nec
1411 2704 1501 2727 meze
1515 2691 1703 2740 depositio
1718 2689 1852 2732 caruis,
1872 2701 1939 2724 uec
1956 2688 2189 2723 mausoleum

1195 2763 1286 2786 mea?
1308 2750 1553 2785 mortalitatis.
1575 2754 1617 2785 ln
1639 2748 1746 2784 vobis
1769 2748 1858 2783 lides
1880 2747 2017 2782 invicta
2039 2760 2190 2795 perma-

1194 2818 1301 2853 neat,
1338 2822 1423 2858 spes
1455 2809 1531 2858 ipsa
1554 2821 1627 2844 nou
1659 2809 1851 2855 langueat,
1882 2806 1928 2841 de
1949 2819 2007 2841 me
2040 2806 2124 2855 igne
2153 2806 2188 2840 iu

1192 2868 1300 2905 vobis
1330 2868 1489 2904 charitas
1520 2868 1757 2904 llanuuescat.
1787 2867 1941 2900 Mam-11·
1973 2871 2010 2900 m
2040 2879 2095 2899 me
2123 2878 2190 2914 per

1193 2929 1325 2973 fidem,
1348 2941 1450 2978 spem
1472 2936 1507 2964 ct
1529 2928 1743 2964 charitatem
1773 2941 1779 2962 :
1803 2937 1837 2961 rt
1870 2940 1935 2973 ego
1967 2925 2122 2959 mam-lm
2150 2930 2188 2960 sn

1194 2989 1298 3025 vobis
1323 3002 1390 3038 per
1412 2989 1573 3030 fructum
1603 2988 1711 3032 fidei,
1745 2987 1822 3037 spei
1851 2994 1885 3021 et
1920 2985 2119 3021 charitatis.
2145 2988 2187 3021 lit

1194 3050 1223 3085 si
1259 3049 1295 3084 iu
1328 3061 1385 3084 mc
1418 3061 1493 3084 uon
1520 3047 1752 3091 manseritis;
1785 3059 1852 3083 nec
1880 3058 1948 3095 ego
1968 3043 2129 3081 manebo
2151 3045 2186 3079 iu

1196 3107 1315 3144 vobis..

1246 3170 1281 3203 5.
1303 3166 1483 3212 Audistis,
1505 3167 1733 3211 charissimi,
1757 3166 1847 3215 quid
1867 3166 1946 3214 ipsa
1971 3163 2114 3199 Veritas
2132 3162 2189 3198 di-

1194 3228 1264 3273 ‹·it;
1295 3241 1380 3277 quae
1413 3228 1560 3264 mentiri
1594 3241 1668 3263 nou
1702 3234 1846 3276 potest,
1876 3238 1959 3273 qua·
1993 3236 2185 3271 nunquam

1993 3410 2034 3441 tt)
