2418 3949
230 214 300 250 841

904 211 1186 248 TRACTATUS
1215 210 1280 245 DF.
1310 210 1491 245 CltARl's
1494 212 1555 245 AT
1560 211 1598 244 E.

2198 205 2272 240 5⁷32

294 291 353 327 72.
374 289 472 327 Illud
498 297 620 325 autem
636 289 716 338 jugi
742 289 918 325 memoria
942 297 1087 332 teneas,
1111 283 1413 334 quod⁴'³diligit.
1437 285 1539 320 Licet
1560 284 1658 320 enim
1680 297 1784 319 amor
1805 282 2038 319 diffundatur
2057 284 2094 318 in
2121 282 2268 331 plures;

227 358 368 400 quanto
394 349 629 386 differentius
648 357 704 384 est
726 348 1031 398 praeeminentior
1054 343 1214 382 essentia
1233 345 1262 377 A
1283 350 1405 378 tamen
1427 343 1534 379 estin
1557 342 1710 391 singulis
1727 351 1848 387 totus,
1873 351 1913 378 ut
1932 354 2063 378 omnes
2086 342 2194 378 unice
2214 341 2270 377 di-

226 409 308 458 ejus
324 408 518 457 fragilitate
534 407 694 444 humana
707 435 716 452 ,
737 415 840 443 tanto
857 406 1009 444 suavius
1019 413 1055 441 et
1068 406 1215 441 incom-

228 466 445 518 parabiliter
463 466 610 503 dulcius
632 475 668 502 et
687 464 943 504 delectabilius
962 464 1082 513 diligit
1105 471 1215 511 atque

228 520 415 576 diligitur,
449 539 560 575 quam
588 526 761 574 angelus,
791 539 903 574 quam
932 525 1047 561 homo
1059 551 1069 568 ‚
1100 535 1213 571 quam

226 599 375 629 aurum,
392 598 502 634 quam
517 593 711 635 argentum
723 614 732 629 ,
750 598 815 622 seu
832 585 924 634 lapis
936 584 1138 634 pretiosus,
1155 581 1214 617 vel

226 645 403 689 charitas,
423 644 482 680 vel
502 643 666 689 libertas,
687 644 745 679 vel
765 655 1011 692 quaecumque
1027 641 1111 686 alia,
1129 640 1215 689 qui-

226 706 297 742 bus
318 705 431 742 corda
449 704 643 740 hominum
664 703 935 740 distrahuntur.
960 705 1034 739 Nec
1050 709 1085 737 te
1102 699 1149 736 ab
1165 711 1211 736 eo

227 764 350 801 minus
372 763 474 812 diligi
495 762 644 806 eredas,
666 763 695 798 si
715 761 939 811 quibusdam
960 759 1213 798 animantibus

226 831 335 859 terrae
375 830 494 858 tecum
517 821 656 870 pariter
678 819 902 857 beneficium
923 820 1011 856 solis
1034 827 1072 856 et
1090 819 1209 862 lunae,

225 889 262 917 et
271 889 402 917 caetera
415 880 543 930 gratiae
557 892 632 916 suae
647 879 746 916 dona
760 879 1211 916 c01nmunicat.Nimirum

223 952 470 989 quaecumque
489 939 562 978 illis
576 939 714 976 donata
729 948 832 985 sunt,
851 947 1008 989 propter
1025 947 1059 975 te
1076 938 1213 974 donata

225 1012 300 1035 non
316 997 475 1035 dubites.
493 1001 544 1035 Ut
558 998 658 1034 enim
674 997 740 1034 tibi
751 998 1098 1034 serviantuniversa
1109 1025 1118 1041 ,
1132 997 1212 1047 ipsa

224 1056 270 1093 de
281 1055 408 1092 divina
422 1055 588 1092 bonitate
598 1055 804 1092 necessaria
817 1054 887 1091 sibi
899 1055 998 1092 bona
1010 1055 1210 1105 recipiunt,
1234 1051 1259 1084 Β

224 1117 304 1153 sine
321 1115 458 1165 quibus
475 1128 555 1153 esse
574 1123 638 1152 aut
650 1115 791 1152 servire
812 1128 888 1151 non
905 1123 1075 1164 possunt.
1095 1117 1214 1151 Num-

225 1175 316 1224 quid
334 1175 421 1212 ideo
442 1175 591 1212 videtur
613 1175 711 1211 circa
730 1182 766 1213 te
785 1174 934 1211 dilectio
956 1175 1074 1224 ipsius
1090 1175 1215 1210 inten-

225 1235 323 1278 sior,
351 1234 382 1270 si
409 1234 476 1270 tibi
504 1235 574 1271 soli
599 1235 726 1270 omnia
754 1235 974 1271 contulisset
989 1235 1004 1269 Ρ
1032 1233 1215 1282 numquid

225 1292 371 1329 beatior
382 1305 501 1338 esses,
513 1295 543 1331 si
558 1294 635 1331 sola
653 1293 840 1331 habitares
853 1295 893 1331 in
908 1293 1072 1340 mundo,
1085 1302 1121 1330 et
1135 1306 1218 1329 om—

227 1351 289 1387 nia
305 1364 388 1400 quae
399 1351 437 1388 in
453 1365 499 1389 eo
515 1355 622 1398 sunt,
640 1353 721 1390 sine
733 1353 811 1390 ullo
826 1352 972 1389 socialis
986 1353 1071 1388 vitae
1086 1352 1218 1389 solatio

226 1411 469 1460 possideres?
493 1414 539 1448 Et
558 1412 588 1448 si
611 1411 720 1448 etiam
742 1411 789 1448 de
811 1411 993 1448 malorum
1018 1410 1218 1447 hominum

226 1470 403 1506 societate
419 1471 583 1508 causaris
596 1498 606 1516 ‚
625 1471 718 1508 scias
733 1471 864 1520 procul
881 1469 1011 1515 dubio,
1028 1469 1132 1519 quod
1152 1469 1219 1506 sic-

227 1537 270 1565 ut
287 1529 352 1566 tibi
373 1538 410 1566 et
429 1530 535 1566 malis
559 1529 778 1567 hominibus
807 1537 940 1566 caetera
961 1529 1145 1572 serviunt,
1167 1528 1219 1565 sic

228 1589 412 1625 malorum
423 1590 620 1637 hominum
631 1591 746 1626 vitam
760 1590 842 1626 sacit
853 1589 980 1625 divina
991 1588 1219 1638 dispensatio

227 1648 265 1684 in
282 1656 386 1684 tuum
405 1650 563 1686 militare
578 1649 800 1699 profectum.
818 1649 1001 1685 Malorum
1035 1648 1218 1696 siquidem

227 1708 452 1744 societatehi
467 1709 530 1758 qui
546 1708 635 1745 boni
650 1717 755 1754 sunt,
772 1708 809 1744 in
827 1707 959 1744 melius
975 1716 1217 1744 exercentur:

227 1767 414 1804 docentur
432 1776 469 1804 et
481 1768 656 1805 affectare
674 1769 833 1805 virtutes
845 1796 854 1813 ,
873 1775 910 1803 et
927 1767 997 1803 alia
1015 1765 1114 1802 dona
1130 1766 1218 1812 Dei,

1281 401 1422 451 ligens,
1449 402 1496 438 ab
1516 401 1692 438 omnibus
1719 402 1828 438 unice
1852 401 2036 451 diligatur.
2063 404 2269 450 Propterea

1280 459 1340 497 hic
1360 470 1414 497 est
1436 473 1542 497 amor
1563 461 1711 505 unicus,
1734 473 1810 496 non
1834 459 2026 509 privatus;
2046 460 2166 506 solus,
2190 471 2267 495 non

1280 520 1482 565 solitarius;
1501 519 1728 564 communis,
1749 532 1826 555 non
1843 518 2004 564 divisus;
2026 531 2094 555 nee
2110 531 2179 554 usu
2197 518 2267 554 de·

1280 578 1428 624 ficiens,
1449 591 1517 615 nec
1541 586 1733 626 tempore,
1756 585 1818 613 aut
1835 578 2122 626 participatione
2143 578 2267 614 decre-

1280 647 1397 674 scenS.
1423 641 1579 687 Repone
1597 636 1711 685 igitur
1730 635 1768 671 in
1791 635 1966 672 thesauro
1991 637 2202 682 memoriae,
2229 645 2267 673 et

1278 697 1400 734 recole
1424 696 1652 732 incessanter
1667 707 1751 743 quae
1776 694 1843 730 tibi
1859 708 1879 730 a
1896 699 1976 731 Deo
2001 695 2138 732 donata
2158 704 2267 741 sunt;

1277 766 1318 794 ut
1342 769 1408 793 nec
1428 755 1474 791 de
1505 754 1663 804 acceptis
1685 766 1906 802 praesumas,
1930 767 1998 790 nec
2019 767 2183 804 unquam
2206 768 2267 790 su-

1277 829 1346 866 per
1359 814 1520 863 acceptis
1537 812 1617 861 ejus
1636 812 1826 848 beneficiis
1846 812 1881 847 in
1899 813 2100 862 gratiarum
2120 814 2266 850 actione

1277 877 1470 912 lentescas.

1596 988 1770 1026 CAPUT
1799 988 1951 1027 XXIII.

1279 1119 1429 1147 Amorem
1450 1114 1508 1145 Dei
1527 1114 1558 1144 in
1579 1122 1636 1143 uos
1651 1110 1823 1142 mirabilem
1843 1109 1979 1141 vicissim
2000 1120 2017 1140 a
2039 1110 2129 1141 nobis
2148 1112 2271 1152 exigere

1536 1164 1784 1196 ardentissimam
1802 1162 2011 1194 dilectionem.

1341 1295 1401 1332 74.
1420 1298 1571 1343 Quanto
1586 1292 1894 1343 praeeminentior
1907 1299 1963 1328 est
1977 1289 2208 1327 humanitate
2221 1290 2277 1326 di-

1283 1355 1442 1398 vinitas,
1468 1362 1572 1390 tanto
1595 1365 1702 1388 amor
1728 1351 1884 1388 Domini
1909 1350 2134 1394 Salvatoris‚
2163 1363 2276 1398 quem

1284 1412 1398 1450 habet
1425 1412 1472 1449 ad
1496 1425 1588 1456 nos,
1616 1423 1744 1447 amore
1765 1411 1830 1446 illo
1852 1422 1966 1458 quem
1989 1408 2172 1445 habemus
2191 1421 2278 1458 erga

1285 1473 1390 1509 illum
1415 1472 1475 1508 vel
1495 1471 1542 1508 ad
1567 1470 1785 1520 proximum
1800 1497 1810 1513 ‚
1832 1468 1980 1505 dulcior
2004 1476 2082 1513 est,
2109 1468 2276 1514 firmior,

1284 1540 1396 1581 atque
1435 1529 1681 1580 profundior,
1724 1527 1949 1572 violentior,
1985 1525 2275 1576 penetrabilior,

1285 1590 1602 1641 compassibilior,
1627 1588 1852 1631 ferventior,
1875 1595 1987 1635 atque
2007 1586 2167 1623 suavior.
2186 1590 2277 1623 Om—

1285 1665 1352 1688 nes
1376 1659 1565 1687 maternos
1587 1649 1767 1693 affectus,
1796 1659 1928 1683 omnes
1956 1645 2111 1682 fratrum
2137 1645 2277 1694 conju-

1284 1723 1448 1761 gumque
1468 1720 1692 1753 consensus,
1712 1707 1773 1743 illa
1793 1706 1944 1742 dilectio
1966 1717 2079 1754 quam
2102 1703 2214 1741 habet
2232 1705 2277 1741 ad

1286 1784 1355 1808 nos
1370 1799 1379 1816 ,
1409 1767 1661 1806 inaestimabili
1696 1766 1874 1802 charitate
1909 1763 2152 1800 transcendit.
2191 1763 2278 1813 Ipse

228 1825 367 1875 quibus
385 1827 455 1876 ipsi
479 1835 628 1873 carent,
649 1836 686 1863 et
704 1840 788 1876 quae
802 1827 913 1875 longe
931 1825 1086 1861 meliora
1107 1833 1216 1869 sunt,
1239 1829 1266 1865 C
1285 1838 1452 1879 paternae
1476 1827 1631 1877 gratiam
1646 1824 1806 1860 lenitatis
1827 1823 2042 1872 exprimens
2060 1823 2098 1858 in
2123 1823 2279 1873 seipso,

227 1898 339 1934 quam
356 1886 483 1923 omnia
496 1900 579 1936 quae
599 1900 684 1924 cum
702 1886 850 1936 injustis
863 1884 1080 1922 hominibus
1097 1885 1220 1935 possi—

228 1944 378 1982 dentur.

299 2004 358 2040 73.
391 2006 565 2055 Denique
597 2019 682 2043 cum
717 2006 869 2042 videant
897 2005 1013 2041 malos
1044 2018 1152 2041 ruere
1180 2005 1219 2041 in

229 2062 418 2100 interitum
431 2092 440 2110 ,
469 2065 515 2102 de
539 2079 613 2102 suae
640 2066 769 2102 salutis
788 2065 1068 2114 exspectatione
1085 2063 1219 2100 crescit

227 2133 359 2157 eorum
376 2123 532 2160 affectus
548 2123 585 2160 in
606 2128 726 2161 Deum
740 2153 749 2169 ‚
767 2132 803 2160 et
823 2123 870 2159 de
889 2123 1025 2159 divinis
1045 2122 1216 2159 muneri-

230 2179 318 2227 bus,
345 2195 507 2231 quorum
532 2197 617 2220 cum
643 2184 768 2233 impiis
787 2184 891 2220 nulla
909 2191 964 2220 est
982 2181 1216 2226 communio,

227 2241 398 2288 sequitur
411 2241 584 2279 devotior
595 2241 778 2279 exhibitio
790 2243 1004 2291 gratiarum.
1021 2245 1112 2279 Cum
1127 2253 1217 2289 ergo

226 2299 354 2336 omnia
380 2300 447 2338 tibi
467 2310 721 2351 cooperantur
740 2301 778 2338 in
796 2301 958 2346 bonum,
982 2309 1023 2336 ut
1043 2300 1131 2336 mali
1150 2298 1216 2335 tibi

225 2359 405 2396 exercitio
417 2388 427 2405 ,
447 2369 484 2397 ct
502 2360 593 2397 honi
611 2360 676 2397 tibi
694 2361 825 2397 solatio
843 2361 952 2406 liant3
970 2372 1046 2396 non
1066 2366 1216 2408 reputes

226 2423 262 2453 te
282 2418 406 2456 minus
425 2420 544 2470 diligi,
564 2420 653 2470 quia
668 2420 907 2470 singulariter
932 2427 967 2456 te
991 2431 1067 2454 non
1090 2426 1189 2454 amat
1206 2431 1213 2453 :

225 2477 289 2524 qui
303 2486 424 2516 tamen
439 2480 599 2529 quadam
615 2481 752 2517 amoris
765 2479 1022 2530 singularitate
1036 2486 1070 2515 te
1079 2478 1213 2528 diligit,

226 2535 316 2573 dum
342 2546 380 2575 et
399 2537 541 2586 bonos,
562 2548 599 2576 et
618 2540 735 2576 malos
756 2539 793 2576 in
819 2551 927 2575 usum
952 2546 1025 2574 tuae
1044 2536 1215 2574 utilitatis

1287 1888 1435 1925 fidelem
1457 1887 1617 1923 animam
1633 1884 1838 1933 alloquitur
1858 1882 1999 1926 dicens,
2021 1884 2165 1917 Amodo
2185 1896 2279 1918 voca

1279 1958 1362 1992 γῇε,
1385 1950 1501 1983 Pater
1515 1958 1616 1982 meus
1636 1958 1672 1980 es
1692 1953 1749 1987 tn,
1773 1946 1852 1978 dux
1875 1946 2103 1990 ve'lgiuitatis
2129 1955 2224 1977 mete
2239 1951 2278 1978 tu

1285 2022 1322 2044 es
1338 2022 1349 2042 :
1368 2015 1406 2043 et
1424 2006 1534 2050 illud,
1552 2006 1702 2040 Patrem
1724 2001 1874 2038 vocabis
1891 2015 1971 2044 me,
1992 2009 2124 2048 etpost
2142 2014 2200 2035 me
2217 2005 2278 2036 in-

1281 2069 1390 2116 gredi
1403 2079 1475 2100 non
1489 2062 1646 2099 cessabis
1660 2069 1682 2098 ¹.
1695 2065 1780 2111 Ipse
1791 2069 1959 2096 materna
1971 2072 2038 2095 nos
2050 2059 2279 2108 benignitate

1284 2124 1540 2176 praeveniens,
1559 2122 1892 2168 Quemadmodum,
1907 2118 2042 2167 inquit,
2061 2127 2180 2153 mater
2194 2131 2278 2153 con-

1283 2183 1538 2230 solaturfilios
1558 2195 1642 2216 sans
1659 2195 1671 2224 ,·
1694 2185 1745 2215 ita
1766 2189 1803 2215 et
1821 2192 1887 2227 ego
1908 2176 2125 2213 consolabor
2146 2191 2211 2213 vos
2229 2184 2240 2197 ²
2266 2192 2272 2212 :

1283 2254 1319 2282 et
1331 2256 1494 2287 rursum,
1510 2243 1658 2288 Ntcmqu
1665 2243 1706 2275 id
1708 2247 1832 2288 potest
1843 2248 1965 2273 mater
1975 2236 2157 2284 Infantem
2170 2250 2275 2272 suum

1283 2305 1464 2346 oblivisci,
1490 2311 1531 2337 ut
1548 2314 1620 2335 mm
1639 2298 1939 2344 ntisereaturfilii
1956 2299 2050 2331 uteri
2069 2300 2127 2330 sui
2139 2297 2159 2329 Ρ
2179 2297 2229 2330 Et
2244 2301 2276 2331 si

1281 2368 1347 2400 illa
1365 2363 1478 2399 oblita
1490 2359 1623 2408 suerit,
1647 2373 1712 2407 ego
1734 2367 1858 2393 tamen
1876 2370 1949 2392 non
1966 2355 2161 2391 obliviscar
2177 2360 2230 2390 mi
2250 2356 2274 2392 ³,

1280 2423 1411 2473 Ipsein
1424 2434 1462 2458 se
1475 2419 1629 2457 modum
1647 2419 1822 2454 sraternae
1837 2415 2052 2452 dilectionis
2067 2427 2274 2459 assumens,

1281 2482 1414 2518 animae
1432 2479 1532 2516 fideli
1547 2478 1597 2514 sie
1614 2476 1782 2526 loquitur
1801 2490 1807 2511 :
1831 2477 1962 2510 Hortus
1980 2476 2188 2516 conclusm,
2209 2475 2272 2514 ait,

1279 2554 1382 2576 soror
1399 2552 1500 2583 mea,
1515 2536 1685 2586 sponsffl.
1708 2535 1858 2573 Amicus
1874 2541 1929 2570 est
1941 2560 1950 2577 ‚
1970 2533 2059 2568 dum
2076 2532 2174 2568 lideli
2190 2535 2275 2568 ani-

225 2595 394 2634 insseetit.
417 2601 587 2648 Cumque
607 2600 689 2650 ipso
706 2598 791 2647 jure
815 2607 852 2635 et
872 2597 999 2635 debito
1023 2597 1212 2635 charitatis
1232 2600 1262 2633 D
1281 2614 1349 2637 mae
1366 2600 1468 2642 dicit,
1490 2597 1653 2633 Pulchra
1670 2609 1725 2638 es,
1741 2599 1957 2629 amicamea
1970 2591 1983 2613 ⁵
1997 2600 2055 2628 :et
2070 2592 2150 2641 ipsa
2164 2592 2211 2628 dc
2228 2593 2273 2628 il·-

226 2655 321 2692 velis
346 2663 467 2693 tecum
500 2670 631 2694 omnes
663 2658 754 2694 alios
784 2666 934 2694 aeternae
970 2655 1214 2693 beatitudinis

226 2726 307 2750 csse
326 2716 547 2766 participes,
568 2725 631 2753 tua
650 2716 750 2752 bona
770 2716 945 2753 voluntas
965 2715 1109 2751 bonum
1125 2715 1215 2751 alie-

226 2785 316 2810 num
353 2774 420 2811 tibi
457 2776 653 2825 proprium
687 2777 770 2812 facit
794 2804 803 2820 ,
838 2784 875 2812 et
907 2775 1024 2812 sancti
1055 2774 1216 2823 Spiritus

225 2835 510 2881 communione,
528 2835 759 2871 beatitudine
774 2834 942 2871 omnium
954 2861 963 2878 ‚
982 2834 1214 2883 singulorum

225 2891 419 2930 beatitudo
438 2895 624 2931 accrescit.
642 2895 698 2932 Fit
712 2894 825 2943 igitur
839 2907 944 2930 amor
956 2907 1000 2930 ex
1017 2894 1095 2943 ipsa
1108 2907 1215 2929 com-

224 2954 404 2990 munione
425 2954 641 3003 singularis,
659 2954 747 2990 dum
770 2954 860 2990 nihil
878 2967 922 2990 ex
942 2954 1105 3003 plurium
1124 2966 1210 3002 par-

224 3011 440 3060 ticipatione
459 3013 654 3057 minuitur,
673 3021 708 3049 et
729 3013 885 3049 ‹lifl'usus
906 3013 940 3049 in
962 3026 1093 3048 omncs
1111 3021 1211 3048 totus

226 3069 261 3104 in
284 3069 439 3119 singulis
459 3072 655 3120 reperitur.
679 3075 729 3108 Tc
751 3073 873 3120 itaque
897 3072 1134 3120 singulariter
1153 3071 1209 3106 ‹li-

225 3128 301 3177 ligit
315 3157 324 3174 ,
345 3129 409 3178 qui
428 3131 518 3167 nihil
540 3131 618 3168 sine
643 3139 675 3168 te
701 3131 881 3180 diligens,
911 3132 980 3167 alia
1001 3140 1155 3181 propter
1175 3140 1208 3166 tc

273 3260 280 3274 ¹
302 3257 418 3285 Jerrm.
438 3266 490 3290 ιιι.
509 3260 525 3287 4
542 3281 549 3292 .
572 3263 622 3288 1¹).
641 3276 677 3279 -——
706 3265 716 3278 ²
741 3259 806 3288 lsai.
827 3269 899 3286 ικνι
917 3281 924 3292 ,
950 3262 998 3287 1.;.

229 3310 276 3334 Μ’».
304 3323 337 3328 ——
357 3313 370 3337 7
393 3308 459 3338 lsai.
473 3319 539 3338 mu
556 3333 562 3346 ‚
582 3313 609 3340 5.
630 3327 666 3332 --
684 3309 697 3329 ⁸
716 3310 848 3351 Philipp.
867 3322 888 3338 ιι
907 3333 912 3346 ,
934 3314 962 3340 ξι.

1086 3257 1156 3286 5ld.
1176 3268 1272 3288 xmx,
1297 3261 1344 3285 la.

999 3327 1019 3329 ⁴
1041 3315 1055 3337 9
1073 3308 1185 3339 Manli.
1207 3320 1273 3340 Mi.
1301 3312 1357 3341 ι’),
1380 3314 1432 3335 ³⁰.

1282 2660 1332 2704 lo,
1343 2662 1442 2694 Talis
1457 2666 1521 2701 est,
1540 2654 1675 2703 inquit,
1691 2655 1844 2688 dilectus
1860 2664 1975 2693 meus,
1988 2659 2022 2685 et
2038 2655 2116 2697 ipse
2133 2656 2274 2686 anneus

1281 2732 1381 2754 meus
1397 2716 1423 2752 ⁶.
1441 2720 1608 2765 Sponsus
1627 2721 1681 2749 est
1701 2724 1785 2748 cum
1804 2711 1850 2746 de
1867 2710 1930 2745 illo
1945 2709 2081 2745 dicitur
2098 2723 2107 2744 :
2128 2710 2274 2745 Gaude—

1281 2777 1498 2824 bt't.=p‹›11s1c.s·
1519 2783 1842 2820 .v11pe¹1·.=p0nsam‚
1861 2778 1896 2803 ec
1918 2766 2093 2815 gaudebit
2111 2781 2223 2815 super
2240 2778 2275 2804 tc

1282 2839 1382 2871 Dem-
1398 2840 1518 2869 uuas-7.
1537 2835 1617 2868 1100
1635 2842 1725 2875 crgo
1747 2828 1952 2864 sentiamus
1973 2825 2009 2861 in
2041 2825 2150 2861 nobis
2169 2827 2271 2875 quod

1280 2896 1316 2931 in
1338 2894 1484 2931 Christo
1501 2895 1587 2927 Jesu
1601 2889 1629 2933 ³¹,
1645 2889 1709 2937 qui
1730 2886 1936 2923 extendens
1957 2897 2088 2920 manus
2106 2885 2140 2920 in
2158 2884 2270 2921 disci·-

1279 2955 1388 3004 pulos
1411 2965 1498 2988 suos
1521 2958 1628 2986 vocat
1655 2961 1718 2985 eos
1746 2948 1897 2990 fratres,
1922 2953 1957 2981 et
1979 2944 2080 2994 quod
2107 2946 2267 2994 amplius

1277 3023 1344 3057 cst,
1366 3022 1527 3062 patrem,
1545 3018 1582 3046 et
1596 3017 1772 3052 matrem,
1786 3015 1822 3042 ct
1840 3018 2008 3042 sororem
2027 3016 2178 3040 omnent
2200 3006 2266 3041 sci·

1277 3073 1359 3108 licet
1377 3071 1439 3119 qui
1463 3077 1588 3105 sancte
1604 3075 1639 3103 ct
1662 3066 1871 3107 humiliter,
1893 3065 1955 3113 qui
1977 3071 2075 3098 caste
2095 3072 2130 3098 ct
2152 3064 2265 3099 socia-

1276 3132 1370 3174 liter,
1391 3128 1472 3177 ejus
1492 3136 1554 3164 aut
1572 3125 1733 3176 proximi
1755 3124 1878 3160 feccrit
1903 3123 2134 3158 voluntatem
2151 3130 2164 3144 ⁰

1427 3255 1701 3288 tttaiitic.1x,t')..
1731 3270 1759 3272 --
1786 3249 1798 3272 5
1826 3250 1870 3280 ΙιΙ.
1899 3261 1928 3282 ι.
1961 3253 1996 3277 lt
2037 3265 2078 3268 ῆ-
2103 3246 2116 3266 ⁶
2145 3246 2190 3276 hl.
2213 3258 2248 3278 v,
