2504 3928
240 219 282 255 51
1031 213 1318 248 (HLLtsssstsstt'tt
1351 214 1545 248 Antm't‘ts
2230 214 2280 250 52

239 295 336 330 xoris
352 293 446 328 cibo.
472 295 561 328 Esca
588 290 688 337 ejus,
716 303 798 324 esea
823 289 949 324 electa.
975 289 1124 325 Deliciae
1144 289 1225 337 ejus
1245 287 1273 303 '⁰

239 361 322 388 sunt
348 361 468 388 tecum
499 364 577 385 esse
608 349 783 384 dilectum
805 361 926 383 suum.
954 351 1035 385 Nou
1058 348 1197 384 invidet
1215 376 1224 391 ‚
1245 352 1271 384 Λ
1294 364 2281 374 ----------------------------------------------------------------------

241 425 316 447 non
338 412 488 446 zelatur.
517 409 696 444 Dilectum
719 419 826 441 suum
857 407 1024 442 omnium
1051 407 1128 442 vult
1150 420 1228 442 esse

240 471 429 507 dilectum.
464 467 551 504 Ideo
582 465 681 515 apud
709 478 838 501 omnes
858 466 989 514 quaerit
1008 493 1016 509 ,
1051 474 1091 501 ut
1124 466 1226 502 illum

238 528 338 577 apud
364 539 494 563 onmes
522 534 584 561 aut
611 525 797 569 inveniat,
828 532 892 560 aut
920 524 1062 560 invitet.
1086 526 1227 572 Quaerit

239 587 337 622 enim
362 585 459 634 apud
492 585 575 619 illos
597 587 746 627 Jesum,
776 596 938 632 quorum
973 584 1106 632 quaerit
1138 597 1227 632 pro-

240 646 374 681 fectum
395 644 431 679 in
450 643 542 692 ipso.
564 643 704 689 Qua‘rit
722 655 790 690 per
810 643 911 679 vicos
925 651 961 678 et
982 643 1140 691 plateas,
1162 644 1226 680 sed

239 715 314 738 non
338 702 374 737 iu
397 700 573 736 omnibus
593 700 762 736 invenire
787 708 921 749 potest.
955 704 1135 745 Quam-ivi,
1168 701 1226 736 in-

239 761 346 810 quit,
368 769 402 796 ct
421 773 494 795 non
516 763 635 794 iuveni
651 762 769 794 illum.
788 759 923 796 Paulus
944 759 1112 795 omnium
1133 760 1228 795 sitie—

241 819 305 856 bat
330 819 486 855 salutem
504 846 512 862 ‚
541 818 577 853 in
604 817 809 854 visceribus
839 818 1008 854 omnium
1041 818 1227 855 Christum

239 878 410 914 invenire
430 876 622 926 cupiebat,
640 889 770 912 omnes
790 877 945 926 cupiens
967 877 1003 912 iu
1026 876 1229 913 visceribus

240 937 387 975 Christi.
420 936 491 973 Sed
523 936 621 972 enim
651 935 737 971 audi
771 935 861 984 quid
889 935 1002 981 dicit,
1036 935 1230 984 quomodo

240 997 422 1047 quosdam
438 996 620 1045 deplorat.
639 998 846 1039 Neminem,
865 996 983 1044 inquit
995 1024 1005 1040 ‚
1019 999 1228 1031 unanimem

243 1057 371 1093 liabeo.
400 1058 535 1091 Omnes
555 1070 638 1103 quw
653 1069 717 1090 sua
733 1064 817 1090 seme
839 1064 1029 1103 quamam,
1051 1068 1123 1089 nou
1146 1068 1232 1102 qme

239 1118 326 1152 lesu
356 1116 490 1151 Christi
511 1122 534 1151 ¹.
570 1119 680 1151 Putas
711 1114 813 1163 quod
843 1114 943 1163 apud
978 1127 1042 1149 eos
1071 1113 1230 1149 inveniri

240 1175 408 1213 Christus
441 1182 578 1223 queat,
607 1174 669 1222 qui
692 1173 814 1222 ipsum
846 1182 886 1210 ut
912 1173 1124 1218 inveniant,
1154 1185 1230 1209 non

240 1235 444 1283 quaerunt?
465 1236 510 1269 Et
534 1233 670 1269 multos
690 1232 840 1281 quidem
866 1233 918 1268 sie
937 1240 1148 1281 quaerentes
1173 1245 1234 1267 re—

241 1293 364 1342 peries
379 1292 478 1329 aliud
492 1300 628 1341 praeter
642 1292 784 1341 ipsum,
799 1292 862 1328 sed
881 1300 1002 1328 tamen
1019 1305 1084 1341 per
1099 1291 1231 1340 ipsum.

241 1354 438 1388 Tractatur
468 1351 503 1386 in
526 1350 711 1394 consiliis,
743 1350 972 1400 disceptatur
1001 1351 1038 1386 in
1057 1349 1232 1398 judiciis;

243 1411 282 1448 in
306 1411 442 1447 scholis
457 1410 690 1459 disputatur,
709 1418 880 1446 cantatur
898 1410 934 1445 in
956 1409 1132 1446 ecclesiis.
1156 1413 1233 1447 Re-

242 1470 371 1519 ligiosa
403 1478 489 1506 sunt
521 1470 598 1505 lnee
618 1468 766 1517 negotia
789 1468 882 1504 :sed
912 1468 1006 1504 vade
1037 1468 1083 1504 ad
1112 1469 1232 1504 exitus

243 1542 440 1578 aquarum,
454 1536 489 1564 et
504 1528 648 1577 pensita
661 1528 744 1576 quis
755 1528 964 1576 generalior
975 1528 1131 1563 istorum
1149 1528 1233 1563 finis

241 1598 298 1626 est
316 1602 487 1638 operum.
516 1587 608 1624 Vide
633 1588 662 1623 si
689 1600 763 1623 non
785 1599 852 1636 per
872 1587 950 1622 lifrc
972 1586 1098 1622 omnia
1124 1598 1231 1634 quae-

242 1648 326 1685 dam
347 1655 592 1684 exerceantur
611 1646 853 1682 mercimonia
874 1645 919 1680 de
939 1646 1098 1682 Christo.
1117 1648 1231 1692 Quae-

242 1716 369 1744 stuosa
395 1719 452 1742 res
475 1718 612 1742 nomen
634 1713 689 1741 est
716 1705 862 1740 Christi.
887 1704 942 1740 Nil
974 1704 1145 1752 pensius,
1180 1703 1230 1738 nil

242 1766 419 1815 optatius.
439 1765 540 1802 Felix
564 1772 685 1799 tamen
709 1763 773 1811 qui
798 1762 959 1797 nominis
980 1761 1090 1809 liujus
1110 1762 1229 1797 virtu-

245 1835 318 1862 tem
339 1833 513 1861 sectatur.
538 1823 648 1872 Apud
672 1822 755 1858 illos
776 1830 967 1865 tractetur,
990 1821 1233 1870 disceptetur,

244 1885 457 1934 disputetur
476 1895 589 1931 super
609 1882 679 1917 hoc
700 1881 864 1916 nomine.
896 1879 1012 1916 Nobis
1040 1880 1127 1915 satis
1155 1887 1231 1923 est,

243 1944 271 1981 si
289 1944 426 1980 nostris
442 1943 476 1978 in
494 1941 663 1977 claustris
680 1940 809 1975 saltem
824 1939 1029 1975 adametur.
1043 1942 1234 1986 Nusquam

243 2001 490 2040 commoditas
524 1999 644 2048 major
673 2014 681 2035 :
713 1998 874 2046 ideoque
910 1996 1030 2045 major
1063 1997 1235 2032 confusio

243 2075 450 2110 nusquam,
470 2061 499 2096 si
523 2071 637 2108 penes
657 2071 725 2094 nos
746 2070 821 2093 non
841 2057 1032 2093 invenitur
1054 2056 1234 2093 Christus.

244 2123 328 2157 Non
354 2118 545 2154 invenitur
566 2117 685 2152 forma
712 2115 890 2163 justitiae‚
911 2115 940 2150 si
970 2114 1117 2163 piorum
1140 2127 1236 2163 ope-

245 2192 327 2215 rum
350 2190 426 2214 non
446 2185 500 2212 est
520 2176 678 2212 intentio
699 2187 805 2224 pura.
824 2177 916 2210 Nam
942 2173 1020 2223 ipsa
1040 2173 1166 2209 laetitia
1183 2181 1238 2209 est

244 2237 380 2273 mentis
404 2234 574 2284 quaedam
597 2234 723 2269 divina
742 2233 932 2276 alacritas,
957 2245 1039 2281 quae
1057 2232 1102 2268 de
1123 2233 1239 2281 ipsius

243 2295 442 2345 praesentia
458 2292 604 2341 concipi
622 2292 736 2336 solet,
752 2299 789 2327 et
802 2304 912 2340 quam
935 2303 1022 2326 vere
1042 2303 1239 2340 possumus

245 2353 480 2403 praesentiam
509 2352 624 2400 ipsius
656 2349 904 2398 interpretari.
930 2352 1040 2394 Haec,
1064 2350 1238 2398 inquam,

245 2413 405 2450 coelestis
428 2420 464 2447 et
485 2410 669 2447 excedens
688 2409 850 2453 affectio,
873 2422 947 2444 non
968 2417 1022 2445 est
1044 2422 1102 2445 res
1126 2409 1240 2444 facilis

246 2481 283 2509 et
313 2471 449 2521 passim
485 2469 608 2506 obvia.
648 2472 752 2505 llanc
784 2469 971 2518 praecipue
1006 2481 1167 2517 sponsa,
1199 2475 1241 2504 ut

246 2539 354 2581 puto,
378 2530 566 2578 designat,
586 2529 712 2564 dicens
731 2543 738 2564 :
766 2530 943 2573 Quaesivi,
969 2536 1004 2562 ec
1017 2541 1090 2563 non
1111 2530 1232 2563 inveni

1594 489 1845 546 SERMO
1905 491 1993 544 vl.

1378 633 1459 660 Num
1479 643 1566 674 quem
1587 630 1691 673 diligit
1710 631 1814 661 anima
1829 641 1896 660 mea
1918 629 2062 661 vidistis!
2081 633 2198 661 (laune.

1665 694 1731 726 rap.
1753 695 1802 719 ιιι,
1819 679 1857 718 j.
1877 686 1909 713 3.

1681 810 1872 824 ——QOBOQ—
1881 816 1893 818 ⁷-

1353 936 1382 971 l.
1413 939 1558 984 Sponsa
1587 948 1729 971 moram
1761 936 1797 971 in
1827 935 2032 984 quaerendo
2059 936 2220 985 patitur,
2249 945 2286 972 et

1295 993 1495 1041 quamdam
1517 995 1568 1030 illi
1588 995 1817 1031 difficultatis
1834 994 2006 1035 umbram
2030 1008 2190 1044 sponsus
2213 995 2284 1031 ol)-

1252 1051 1279 1085 B
1298 1051 1437 1098 tendit,
1466 1054 1612 1103 copiam
1634 1054 1690 1090 sui
1724 1067 1799 1089 non
1822 1054 1943 1090 statim
1976 1054 2185 1103 indulgens.
2217 1054 2287 1091 Illa

1299 1119 1421 1148 tamen
1437 1141 1446 1157 ,
1469 1114 1612 1149 calente
1634 1113 1782 1157 studio,
1804 1113 2039 1149 sedulitatem
2066 1113 2285 1158 continuat,

1297 1171 1488 1218 querelam
1509 1171 1712 1220 ingeminat
1729 1186 1737 1208 ε
1755 1173 1839 1207 Non
1861 1176 1982 1206 iuveni
1996 1174 2110 1207 illum.
2128 1174 2288 1217 Fratres,

1298 1229 1327 1265 si
1348 1229 1523 1266 sedulitas
1544 1229 1803 1276 submovetur,
1829 1230 1968 1266 desidia
1987 1229 2139 1279 qutmdo
2158 1229 2288 1270 admit—

1300 1290 1422 1324 tetur?
1450 1289 1486 1326 Si
1521 1302 1597 1324 non
1619 1288 1763 1325 invenit
1795 1300 1920 1334 alitor,
1941 1288 2093 1337 quando
2124 1288 2290 1325 inveniet

1299 1355 1420 1396 tepor,
1441 1348 1593 1396 quando
1609 1349 1739 1385 raritas
1753 1348 1908 1394 orandi,
1929 1347 2081 1397 quando
2098 1348 2289 1384 remissio?

1298 1406 1395 1453 Quid
1430 1420 1519 1455 ergo
1557 1421 1657 1444 nunc
1693 1416 1824 1444 contra
1863 1407 2052 1444 raritatem
2087 1407 2220 1443 orandi
2253 1415 2291 1443 et

1299 1465 1554 1502 remissionem
1584 1467 1682 1503 inter
1704 1480 1771 1503 vos
1792 1466 1973 1516 disputo?
2001 1469 2083 1503 Non
2107 1473 2162 1502 est
2194 1478 2290 1515 opus

1298 1523 1479 1560 medelam
1509 1525 1686 1562 adhibere
1720 1524 1854 1561 morbo
1882 1538 1957 1574 quo
1989 1537 2064 1560 non
2099 1523 2288 1560 laboratis.

1297 1584 1496 1632 Peregrina
1518 1593 1605 1620 sunt
1626 1598 1644 1621 a
1661 1584 1767 1620 vobis
1784 1585 1860 1620 liaec
1878 1585 1978 1620 vitia.
1997 1584 2088 1632 Quis
2105 1584 2204 1620 enim
2225 1596 2288 1619 ve-

1296 1651 1412 1678 strum
1426 1672 1435 1688 ‚
1453 1644 1516 1692 qui
1535 1657 1610 1680 non
1629 1645 1675 1680 sit
1690 1653 1727 1680 et
1749 1645 1925 1692 frequens
1941 1652 1978 1679 et
1995 1644 2142 1679 fervens
2155 1643 2191 1678 in
2211 1656 2291 1678 ora-

1297 1703 1426 1738 tione?
1449 1706 1492 1739 Et
1513 1704 1541 1739 si
1571 1712 1704 1752 torpor
1725 1702 1850 1748 abest,
1876 1703 2001 1738 videte
2033 1715 2079 1738 ne
2102 1715 2170 1738 vos
2193 1701 2290 1738 dila-

1297 1762 1409 1797 tionis
1432 1762 1539 1798 taedia
1557 1763 1784 1811 defatigent,
1811 1771 1847 1799 et
1875 1762 2082 1811 infringant
2108 1761 2291 1798 desideria

1253 1820 1280 1854 C
1298 1829 1435 1857 vestra.
1458 1820 1670 1870 Utrobique
1689 1830 1812 1858 reatus
1828 1829 1903 1866 est,
1920 1821 1948 1857 si
1970 1822 2015 1857 sit
2031 1821 2154 1857 anima
2171 1829 2292 1856 vestra

1300 1879 1358 1914 vel
1385 1879 1421 1913 in
1455 1879 1710 1928 postulatione
1742 1880 1920 1923 remissa,
1953 1880 2010 1915 vel
2033 1880 2068 1915 in
2097 1887 2292 1928 exspecta-

1302 1938 1403 1973 tione
1431 1938 1619 1974 deficiens.
1638 1941 1793 1987 Sponsae
1813 1938 1996 1974 desideria
2016 1937 2122 1974 audis
2146 1938 2256 1973 dilata
2281 1951 2289 1973 :

1301 2003 1337 2030 et
1356 2003 1392 2030 tu
1409 1995 1455 2032 ad
1477 1997 1639 2045 primum
1659 1996 1841 2033 orationis
1860 2005 1931 2032 tuae
1948 1997 2095 2045 pulsum
2109 2024 2118 2040 ,
2138 1996 2294 2045 inspira-

1303 2054 1414 2089 tionis
1432 2053 1568 2091 divinae
1586 2054 1737 2091 delicias
1763 2054 1828 2091 tibi
1848 2068 1921 2091 non
1939 2055 2092 2091 affluere
2114 2055 2294 2104 querulus

1303 2113 1493 2149 causaris?
1508 2117 1615 2150 Nunc
1629 2114 1797 2163 coepisti,
1815 2122 1850 2150 et
1869 2122 1941 2150 tam
1960 2114 2034 2150 cito
2054 2128 2074 2150 a
2089 2114 2294 2150 directione

1304 2185 1370 2208 sua
1399 2180 1483 2208 tuus
1507 2172 1723 2221 infringitur
1745 2173 1922 2222 spiritus?
1942 2172 2039 2220 Quid
2060 2173 2089 2209 si
2111 2171 2177 2209 tibi
2203 2173 2294 2210 illud

1305 2232 1351 2268 de
1379 2232 1580 2281 Evangelio
1609 2232 1888 2282 improperetur
1914 2247 1921 2267 :
1951 2235 2006 2268 Sic
2035 2246 2108 2268 non
2139 2237 2296 2280 potuisti

1305 2305 1380 2326 ιιηα
1401 2291 1491 2326 liora
1523 2294 1685 2339 vigilare
1717 2304 1856 2326 mecum
1882 2291 1924 2325 ²?
1956 2291 2110 2339 Vigilate
2140 2303 2230 2338 ergo
2259 2298 2296 2326 et

1306 2358 1432 2396 orate,
1451 2350 1538 2398 quia
1555 2349 1703 2386 nescitis
1722 2363 1797 2398 qua
1812 2349 1903 2385 liora
1924 2349 2079 2386 dilectus
2099 2357 2221 2386 vester
2233 2349 2296 2386 ad-

1306 2409 1442 2445 veniat.
1471 2409 1643 2446 Pertinax
1673 2409 1794 2445 oratio
1821 2409 1998 2458 pertingit
2019 2408 2065 2444 ad
2095 2409 2218 2444 linem.
2251 2412 2297 2445 Et

1305 2468 1334 2504 si
1356 2468 1421 2504 tibi
1446 2468 1484 2504 in
1516 2468 1632 2504 initiis
1651 2468 1747 2504 sicea
1771 2475 1807 2503 et
1833 2467 1935 2503 velut
1967 2480 2076 2503 saxea
2099 2466 2296 2514 videatur;

1305 2527 1430 2564 oleum
1453 2536 1575 2563 tamen
1597 2526 1798 2575 gratiarum
1821 2526 1943 2563 elicies
1960 2526 2006 2562 de
2027 2527 2097 2563 hoc
2117 2540 2207 2563 saxo
2226 2527 2297 2563 du-

247 2594 348 2625 illum
369 2602 478 2637 quem
497 2591 618 2637 diligit
639 2591 768 2623 areima
788 2600 883 2631 mea,
902 2586 1088 2624 Christum
1107 2591 1234 2624 Jesum
1254 2588 1287 2622 D
1305 2587 1621 2633 rissi1n0,tantum
1636 2586 1665 2622 si
1680 2598 1896 2635 perseveres
1908 2614 1918 2631 ,
1932 2586 1959 2622 si
1977 2593 2011 2622 te
2029 2586 2178 2634 longior
2192 2599 2298 2622 mora

246 2649 311 2698 qui
331 2648 421 2684 vivit
439 2656 476 2683 et
495 2654 624 2696 regnat
644 2646 679 2682 in
695 2645 827 2682 saecula
841 2645 1074 2682 saeculorum.
1096 2650 1227 2683 Amen.

306 3302 311 3314 ¹
336 3294 467 3337 l'lnlipp.
489 3306 510 3324 Η
528 3319 534 3329 ,
560 3299 621 3331 120,
647 3297 696 3323 21.
727 3312 735 3315 -
780 3300 788 3314 '¹
809 3293 916 3322 unul..
935 3305 1028 3327 xxxi,
1060 3297 1105 3323 in,

1306 2659 1382 2683 non
1405 2646 1611 2691 dissolvat,
1639 2645 1669 2682 si
1700 2657 1777 2681 non
1811 2643 1990 2680 dilatione
2021 2652 2083 2680 tua
2105 2653 2192 2680 vota
2216 2645 2298 2681 len-

1306 2714 1456 2742 tescant.
1479 2706 1632 2742 Molesta
1655 2705 1765 2754 plane
1785 2703 1923 2740 amanti
1949 2703 2078 2740 dilatio
2106 2718 2114 2739 :
2137 2703 2201 2739 sed
2230 2717 2294 2740 so-

1304 2765 1381 2800 lent
1405 2772 1594 2813 protracta
1615 2763 1798 2800 desideria
1819 2762 1979 2812 amplius
1995 2776 2174 2799 crescere.
2195 2763 2294 2810 Quid

1303 2823 1411 2859 vobis
1440 2832 1530 2860 nota
1561 2823 1718 2872 ingero?
1742 2823 1897 2860 Vexatio
1927 2821 2056 2858 erebra
2079 2822 2160 2871 ipsa
2190 2821 2298 2858 vobis

1303 2881 1413 2930 liujus
1434 2882 1486 2918 rei
1507 2882 1610 2918 dabit
1631 2883 1880 2927 intellectum,
1907 2881 1982 2917 imo
2001 2880 2078 2929 jam
2098 2880 2220 2926 dedit,
2237 2879 2295 2916 id-

1308 2954 1382 2990 que
1410 2942 1636 2990 frequenter.
1659 2940 1801 2978 Crebro
1833 2954 1900 2976 vos
1922 2941 2145 2977 exercitatos
2173 2939 2298 2976 inveni

1309 3000 1345 3035 in
1366 2999 1582 3047 hujusmodi
1602 2999 1745 3036 studiis.
1765 3003 1848 3037 Non
1880 3013 2030 3048 possum
2053 3000 2203 3048 gloriari
2231 2999 2298 3035 lios

1310 3073 1367 3095 me
1387 3059 1558 3107 genuisse
1591 3060 1745 3095 affectus
1771 3059 1807 3094 in
1842 3058 1948 3094 vobis
1970 3073 1977 3094 :
2001 3058 2144 3106 ,gaudeo
2175 3066 2296 3094 tamen

1309 3117 1495 3154 invenisse
1519 3131 1585 3153 vos
1605 3118 1640 3153 in
1664 3117 1751 3154 istis.
1783 3121 1827 3153 Et
1846 3117 1875 3153 si
1903 3130 1979 3152 non
2010 3117 2086 3152 lia-e
2118 3116 2153 3152 in
2188 3116 2295 3152 vobis

1308 3176 1428 3212 studia
1452 3177 1626 3222 formavi,
1653 3176 1791 3212 utinam
1815 3176 1850 3211 in
1882 3176 1952 3212 illis
1975 3175 2100 3211 fovere
2118 3188 2183 3211 vos
2205 3189 2295 3224 pos*-

2500 2100 2504 2111 1

2500 2154 2504 2164 4

2500 2217 2504 2255 Ξ

2499 2269 2504 2276 ι

2501 2348 2504 2361 t

2502 2410 2504 2418 A
