2418 3949
132 219 204 255 877

876 221 939 256 DE
969 220 1205 257 PASSIONE
1234 220 1423 258 DOMINI.

2104 222 2179 259 878

131 296 217 332 culo
239 295 470 332 confusionis
495 295 660 333 addixit?
686 300 778 333 Ecce
801 297 923 347 operit
947 296 1118 334 confusio
1130 295 1177 314 ⁴³⁵
1191 296 1351 334 ferocius
1378 297 1540 342 caeteris,
1573 297 1676 347 quod
1710 311 1786 336 non
1819 300 1940 336 solum
1973 312 2151 336 manuum
2168 327 2177 345 ,

129 364 243 405 caput
263 365 388 401 tuum,
410 365 447 392 et
472 357 600 392 faciem
622 365 722 393 tuam
743 356 954 393 amabilem.
974 356 1118 405 Ingeri-
1134 361 1163 393 A
1183 355 1400 406 pedumque
1428 358 1747 395 sanctissimorum
1777 372 1997 409 compagem
2031 359 2178 405 divisit,

133 424 194 451 tur
216 415 282 452 tibi
305 430 326 452 a
344 416 586 466 generatione
607 429 722 466 prava
742 425 779 453 et
800 416 1025 453 amaricante
1047 414 1119 450 ho-

132 488 203 511 nor
219 475 422 512 derisorius
443 476 479 511 in
500 489 639 512 corona
660 492 667 513 :
689 475 755 512 sed
776 475 969 525 spinarum
985 473 1122 510 aculeis

133 535 368 571 contendunt
391 536 428 571 in
459 544 494 572 te
520 535 629 571 dolor
651 543 687 571 et
710 535 894 571 confusio.
924 533 1057 570 Nescio
1082 533 1122 568 in

134 603 221 631 utro
238 596 354 645 magis
372 596 554 645 puniaris.
578 596 725 632 Corona
746 594 990 638 derisionem;
1006 592 1123 642 spinae

134 655 310 703 ingerunt
327 654 582 705 punctionem.
597 656 844 703 Egredimini‚
853 654 958 700 filioe
976 654 1077 695 Sion,
1090 661 1126 687 et

136 716 261 750 videte
275 727 395 763 regem
411 715 645 750 Salomonem
663 719 700 749 in
720 715 953 756 dilala-mate,
975 725 1048 760 quo
1062 725 1125 746 co-

136 778 275 809 ronavit
307 787 388 809 eum
418 783 538 809 mater
566 779 644 820 ejus
675 779 713 810 ἱη
745 775 804 808 die
831 775 1125 820 desponsationis

135 839 235 880 ejtcs,
253 842 289 868 ec
307 837 345 868 in
361 835 422 868 die
437 836 585 869 laetite'oe
600 835 719 868 cordis
736 838 818 880 ejus
829 839 853 868 ¹.
874 835 1125 879 Quaecumque

134 900 257 927 autem
287 891 412 928 anima
439 892 640 928 confitetur
663 905 701 928 se
734 892 846 927 filiam
873 891 986 935 Sion,
1003 889 1041 926 id
1072 898 1127 926 est

135 949 307 986 Ecclesiae
319 977 328 992 ,
349 949 564 999 egrediatur
579 963 599 986 a
615 950 714 987 curis
734 949 975 986 saecularibus
987 978 997 994 ,
1020 962 1041 985 a
1060 961 1127 985 co-

135 1008 378 1058 gitationibus
396 1010 524 1055 vanis3
546 1018 583 1046 et
605 1009 730 1046 videat
748 1022 817 1059 per
836 1007 1129 1057 contemplatio-

1185 428 1319 451 verum
1339 416 1450 452 etiam
1472 416 1570 452 illam
1593 418 1831 466 purissimam
1851 418 2014 454 animam
2031 431 2051 454 a
2069 431 2180 454 mun-

1188 474 1342 512 dissimo
1355 476 1526 525 corporis
1537 476 1702 525 hospitio
1715 478 1914 527 separavit.
1930 481 2037 515 Nunc
2047 479 2158 514 etiam
2169 507 2179 523 ,

1189 548 1211 571 o
1238 536 1321 571 tiliae
1348 536 1461 582 Sion,
1490 536 1731 585 egredimini,
1763 545 1800 573 et
1826 537 1950 574 videte
1982 538 2180 587 pacificum

1189 602 1382 640 nostrum,
1404 603 1634 645 pugnantem
1660 608 1731 644 pro
1761 595 1932 633 libertate
1961 605 2110 641 nostra,
2143 597 2181 632 in

1189 653 1289 690 bello
1311 653 1546 690 occumbere.
1571 654 1702 691 Videte
1724 656 1810 691 vitae
1832 664 1970 692 nostrae
1989 665 2180 693 auctorem

1189 727 1260 763 pro
1280 713 1390 750 nobis
1410 714 1496 750 vitae
1515 713 1651 762 januas
1677 714 1856 760 introire,
1877 723 1919 751 ut
1938 728 2007 752 nos
2026 716 2072 752 ad
2096 716 2182 752 vitae

1188 773 1288 810 viam
1310 781 1472 809 revocet.
1493 772 1625 810 Videte
1646 773 1795 810 vincula
1815 774 2032 819 durissima,
2056 775 2183 812 clavos

1192 833 1352 877 ferreos,
1374 832 1488 882 pedes
1508 841 1545 868 et
1565 845 1697 869 manus
1710 862 1718 878 ,
1733 846 1818 881 quae
1834 833 1991 869 salutem
2017 843 2181 870 nostram

1192 890 1448 941 operabantur
1473 892 1510 928 in
1538 891 1662 928 medio
1690 900 1818 938 terrae,
1841 891 2042 929 crudeliter
2067 906 2185 942 pene—

1193 959 1304 988 trare.
1330 950 1462 988 Videte
1486 951 1629 1001 lignum
1654 951 1775 988 crucis
1803 952 1957 989 missum
1984 953 2023 989 in
2047 966 2183 1002 panem

1193 1018 1363 1046 nostrum
1376 1039 1386 1056 ,
1401 1023 1536 1060 panem
1552 1010 1872 1054 candidissimum,
1891 1024 2025 1060 panem
2043 1011 2184 1049 delica—

137 1081 221 1105 nem
241 1070 376 1106 mentis
390 1082 514 1119 regem
532 1070 791 1113 Salomonem,
814 1069 852 1105 id
868 1077 924 1105 est
939 1068 1126 1106 Christum
1147 1071 1174 1105 B
1195 1077 1296 1114 tum,
1319 1081 1455 1118 panem
1476 1068 1706 1117 Angelorum
1720 1097 1730 1113 ,
1750 1069 1815 1117 qui
1835 1068 1881 1105 de
1903 1069 1998 1106 coelo
2027 1069 2186 1106 descen-

135 1132 285 1174 Jesum,
312 1129 377 1178 qui
400 1137 455 1165 est
478 1141 551 1178 pax
578 1136 723 1174 nostra,
747 1128 944 1165 destruens
968 1127 1129 1163 inimici-

136 1189 224 1234 tias,
244 1189 497 1238 amicitiasque
522 1188 731 1226 reformans
749 1188 847 1225 inter
866 1191 987 1225 Deum
1003 1195 1041 1224 et
1056 1187 1127 1223 ho-

138 1248 291 1285 minem.

194 1308 251 1345 15.
275 1307 368 1345 Vide
387 1307 508 1353 hunc,
527 1320 550 1344 o
570 1307 658 1344 felix
680 1307 822 1353 anima,
841 1306 880 1343 in
901 1305 1128 1351 diademate,

137 1381 213 1417 quo
232 1368 432 1404 coronavit
449 1380 535 1404 eum
556 1375 675 1403 mater
692 1365 774 1415 ejus
788 1394 798 1412 ,
817 1369 1013 1415 Synagoga
1028 1365 1132 1401 vide-

139 1428 226 1464 licet
258 1427 366 1477 plebs
394 1427 627 1465 Judaeorum.
650 1430 681 1464 O
712 1434 831 1462 mater
862 1427 1004 1462 amara!
1034 1425 1133 1472 Quid

139 1487 308 1537 peccavit
324 1487 384 1524 hic
404 1487 527 1523 bonus
547 1486 646 1522 lilius
663 1494 749 1522 tuus
762 1512 772 1528 ‚
793 1493 832 1521 ut
851 1484 1009 1520 vinculis
1022 1485 1132 1520 etiam

139 1547 352 1583 vinciatur?
381 1547 450 1583 Hic
472 1554 528 1582 est
552 1546 616 1594 qui
643 1544 755 1582 solvit
781 1543 1038 1594 compeditos,
1069 1543 1134 1592 qui

140 1607 262 1644 erexit
283 1607 413 1652 elisos,
434 1605 641 1654 suscipiens
661 1604 846 1649 advenas,
871 1603 1052 1652 pupillos,
1074 1603 1133 1638 vi—

141 1666 309 1716 duasque
323 1666 522 1702 consolans
535 1680 544 1710 ;
558 1673 595 1701 et
608 1667 743 1700 meruit
756 1663 965 1699 vinculari?
980 1665 1134 1699 Hancne

141 1725 463 1770 dotem‚haeccine
484 1721 709 1760 munuscula
726 1723 977 1772 nuptiisillius
993 1723 1135 1771 impen-

141 1786 221 1821 dis?
249 1785 338 1822 Dies
362 1784 462 1820 enim
488 1783 791 1833 desponsationis
825 1782 943 1828 illius,
963 1781 1042 1819 dies
1066 1782 1136 1818 ista

1194 1128 1267 1173 dit,
1286 1136 1328 1164 ut
1345 1140 1384 1164 se
1404 1126 1515 1164 nobis
1541 1127 1646 1163 daret
1667 1127 1705 1163 in
1726 1126 1850 1163 cibum
1864 1157 1872 1172 ‚
1896 1136 1934 1164 et
1955 1129 2096 1165 animas
2117 1143 2187 1165 no-

1194 1196 1304 1234 stras,
1319 1188 1500 1224 continuo
1517 1185 1705 1235 subjectas
1720 1185 1856 1231 labori,
1870 1187 2071 1237 semetipso
2085 1216 2093 1232 ,
2111 1202 2188 1225 non

1194 1247 1319 1284 alieno
1335 1246 1420 1284 cibo
1435 1247 1625 1292 reliceret;
1638 1254 1676 1283 et
1694 1259 1732 1283 se
1753 1246 1862 1283 nobis
1883 1246 2165 1297 incorporando
2181 1278 2190 1294 ,
2236 1283 2238 1290 ,

1196 1319 1273 1343 non
1288 1319 1326 1343 se
1343 1307 1380 1342 in
1396 1314 1564 1342 nostram
1581 1319 1750 1350 earnem,
1767 1305 1832 1342 sed
1847 1319 1914 1343 nos
1931 1306 1970 1342 in
1989 1319 2097 1343 suum
2114 1309 2191 1358 spi-

1198 1367 1311 1402 ritum
1334 1366 1566 1402 reformaret.
1589 1364 1721 1403 Videte
1739 1365 1934 1414 quomodo
1951 1364 2076 1414 justus
2094 1367 2190 1416 liga-

1200 1434 1282 1471 tur,
1297 1424 1492 1474 quomodo
1513 1437 1598 1461 cum
1622 1424 1762 1473 iniquis
1782 1424 1983 1474 deputatus
2002 1434 2058 1462 est
2075 1426 2191 1463 liber-

1200 1485 1318 1522 rimus
1340 1493 1377 1521 et
1399 1485 1562 1534 optimus
1590 1496 1752 1533 sponsus
1777 1493 1914 1521 noster.
1936 1486 2097 1522 Moritur
2116 1486 2193 1523 vita

1200 1551 1348 1588 nostra,
1380 1555 1457 1579 non
1489 1554 1561 1592 pro
1592 1542 1668 1578 suis
1694 1541 1999 1588 necessitatibus,
2028 1544 2093 1580 sed
2121 1558 2191 1594 pro

1199 1602 1349 1639 nostris.
1367 1605 1460 1638 Date
1482 1602 1730 1649 laerymarum
1752 1600 1907 1637 flumina
1927 1602 1964 1637 in
1984 1603 2096 1639 tantis
2114 1604 2193 1639 vin-

1200 1662 1293 1698 culis
1322 1661 1517 1706 morienti,
1545 1661 1634 1710 quia
1662 1669 1699 1696 et
1725 1661 1805 1710 ipse
1831 1661 1936 1710 prior
1967 1662 2193 1711 lacrymatus

1199 1730 1266 1758 est.
1286 1725 1442 1767 Vacate,
1459 1729 1496 1757 et
1515 1720 1639 1756 videte
1658 1733 1770 1769 quam
1791 1734 1934 1767 amara,
1954 1735 2067 1771 quam
2092 1724 2192 1772 turpi

1201 1789 1322 1817 morte
1353 1780 1639 1818 condemnetur.
1667 1780 1834 1818 Sustinet
1860 1781 1959 1817 enim
1985 1782 2126 1828 adhuc,
2157 1792 2194 1819 et

140 1853 211 1888 est,
227 1844 306 1881 dies
319 1843 590 1892 indignationis
605 1841 913 1892 etblasphemiae,
929 1841 1007 1878 dies
1021 1841 1139 1878 tribu·
1155 1844 1182 1878 C
1199 1841 1397 1890 diligenter
1422 1840 1656 1882 considerat,
1678 1841 1706 1876 si
1728 1841 1812 1889 quis
1827 1841 1873 1877 sit
1890 1841 1954 1890 qui
1975 1842 2084 1878 simul
2102 1856 2194 1879 con—

139 1904 292 1942 lationis
310 1912 347 1940 et
362 1903 518 1940 miseriae
530 1931 539 1948 ‚
557 1902 635 1939 dies
651 1902 903 1952 percussionis
916 1910 954 1938 et
969 1901 1131 1946 doloris,

142 1963 222 2000 dies
246 1963 483 1999 vinculorum
506 1970 543 1998 et
563 1962 693 1998 mortis
706 1990 715 2007 ,
737 1962 816 1997 dies
833 1961 1135 2011 desponsationis

142 2023 243 2059 illius
260 2031 330 2059 est.
362 2026 441 2058 Hac
464 2022 574 2058 arrha
588 2050 598 2068 ,
618 2035 640 2057 o
667 2021 789 2058 tidelis
815 2022 957 2066 anima,
975 2033 1136 2070 sponsus

145 2091 231 2118 tuus
250 2083 437 2132 pretiosus
456 2081 695 2118 subarrliarit
722 2090 778 2126 te;
799 2089 837 2118 et
856 2081 935 2131 ipse
960 2089 1136 2129 tanquam

143 2154 307 2191 sponsus
331 2141 443 2178 hodie
462 2149 664 2177 coronatus
686 2140 881 2190 processit.
910 2142 1135 2184 Coronatus,

143 2202 280 2250 inquit,
303 2214 378 2238 non
399 2214 513 2245 auro,
536 2214 610 2237 non
632 2201 809 2249 gemmis,
826 2199 889 2236 sed
907 2199 1036 2248 spinis.
1062 2203 1137 2236 Nec

142 2260 261 2297 defuit
273 2274 441 2310 purpura
453 2260 564 2297 vestis
577 2260 764 2296 irrisoriae.
781 2258 1023 2308 Chlamydem
1035 2260 1135 2295 enim

140 2320 355 2356 coccineam
373 2318 704 2356 circumdederunt
722 2318 769 2365 ei,
786 2318 956 2367 quamvis
975 2318 1052 2367 ipse
1071 2330 1136 2354 ve—

143 2387 235 2416 stem
264 2379 436 2428 corporis
464 2378 542 2423 sui,
575 2377 766 2427 sanguinis
794 2377 850 2414 sui
880 2377 1136 2427 pretiosissimi

142 2439 325 2476 effusione
358 2439 478 2475 multo
506 2436 669 2474 nobilius
698 2437 934 2487 purpuravit.
965 2440 1138 2486 Purpura

141 2499 244 2536 enim
278 2512 355 2536 non
383 2499 469 2548 plus
494 2511 605 2548 quam
639 2496 696 2534 bis
726 2497 911 2546 tingitur:
937 2497 1016 2547 ipse
1044 2509 1136 2532 vero

144 2571 352 2608 purpuram
385 2558 556 2607 corporis
587 2558 643 2594 sui
683 2570 759 2593 non
797 2557 919 2593 solum
952 2555 1009 2593 bis
1023 2585 1033 2603 ,
1072 2556 1136 2592 sed

1200 1901 1387 1946 tristetur;
1410 1900 1439 1937 si
1463 1912 1574 1949 quem
1602 1899 1768 1935 inveniat
1789 1899 1855 1948 qui
1881 1901 2071 1950 sanguinis
2095 1902 2195 1938 rivos

1200 1959 1406 2009 abstergat,
1423 1967 1460 1996 et
1477 1959 1523 1995 de
1543 1972 1653 1994 cruce
1671 1958 1886 2007 depositum
1908 1960 2047 1996 munda
2066 1960 2195 1997 sindo-

1202 2034 1249 2057 ne
1277 2033 1355 2056 non
1387 2019 1522 2069 panni,
1545 2018 1609 2055 sed
1639 2017 1764 2055 cordis
1792 2019 1985 2064 involvat,
2009 2028 2045 2056 et
2077 2020 2192 2066 flens,

1203 2094 1287 2117 cum
1322 2079 1441 2116 beatis
1469 2077 1690 2115 mulieribus
1722 2078 1900 2116 flentibus
1931 2079 1978 2116 ad
2009 2081 2194 2118 tumulum

1202 2148 1466 2190 prosequatur.

1260 2200 1316 2236 17.
1341 2202 1598 2246 Quaecumque
1624 2197 1748 2234 anima
1770 2197 1898 2234 fecerit
1924 2198 2004 2234 liaec
2027 2199 2194 2244 assidue,

1203 2272 1314 2308 spero
1328 2259 1440 2294 etiam
1458 2257 1560 2306 quod
1578 2257 1763 2293 laetissime
1777 2258 2064 2295 resurrectionis
2077 2271 2194 2307 quan-

1201 2317 1327 2366 doque
1348 2325 1537 2353 mereatur
1557 2316 1694 2365 gaudio
1716 2316 1888 2352 recreari.
1917 2318 1957 2352 Si
1975 2321 2073 2353 enim
2095 2332 2196 2353 com-

1196 2381 1382 2425 patimur,
1401 2385 1436 2411 ec
1451 2374 1796 2424 cwlregnabi1711152.
1817 2375 1928 2423 Quod
1944 2374 2041 2412 bene
2061 2389 2199 2426 sponsa

1202 2436 1238 2471 in
1263 2436 1416 2473 Cantico
1433 2434 1572 2471 amoris
1589 2434 1772 2480 ostendit,
1795 2435 2048 2483 praemittens,
2069 2439 2201 2472 Fasci-

1202 2498 1306 2530 culus
1336 2494 1499 2541 myrrhae
1525 2496 1682 2530 dilectus
1706 2507 1807 2529 meus
1834 2495 1923 2530 milti
1933 2509 1947 2539 ,·
1969 2499 2066 2532 inter
2089 2496 2201 2532 ubera

1203 2568 1286 2590 mea
1307 2553 1594 2590 commorabitur
1608 2568 1619 2588 :
1638 2562 1675 2590 et
1700 2552 1916 2603 subjungit,
1931 2557 2066 2591 Botrus
2089 2558 2202 2605 Cypri

144 2619 256 2654 etiam
279 2619 389 2655 tertio
408 2618 614 2666 sanguineo
637 2625 805 2653 torrente
826 2616 1017 2666 pertinxit.
1040 2619 1134 2653 Ecce
1150 2621 1183 2655 D
1205 2617 1361 2650 dilectas
1374 2628 1475 2649 meus
1487 2611 1609 2649 1111'J1i3.
1624 2613 1724 2661 Quid
1737 2623 1792 2650 est
1805 2614 2201 2664 sasciculusmyrrhae?

145 2689 307 2726 sponsus
328 2685 432 2722 tuus,
452 2690 475 2712 o
496 2688 655 2725 sponsa,
679 2674 889 2711 rubricatur
915 2674 952 2710 in
979 2673 1139 2719 sudore,

146 2737 185 2772 in
212 2736 482 2786 flagellatione,
508 2735 545 2771 in
577 2734 831 2771 crucifixione.
864 2734 975 2770 Eleva
1004 2734 1140 2770 mentis

147 2796 300 2838 oculos,
318 2804 354 2831 et
371 2795 456 2831 vide
473 2795 502 2831 si
527 2794 651 2831 tunica
671 2794 799 2843 sponsi
827 2794 879 2830 tui
905 2793 980 2829 liaec
1003 2793 1070 2839 sit,
1092 2806 1138 2829 an

150 2867 240 2891 non.
253 2858 345 2891 Ecce
358 2855 432 2891 sera
445 2854 603 2904 pessima
614 2853 879 2890 condemnavit
891 2853 1008 2889 lilium
1022 2861 1140 2899 tuum,

150 2915 301 2950 fratrem
317 2923 421 2950 tuum
433 2942 442 2960 ‚
456 2926 637 2963 sponsum
655 2921 772 2949 tuum.
786 2913 876 2960 Quis
891 2912 951 2948 liic
963 2913 1138 2961 gemitus,

152 2975 409 3022 lacrymasque
439 2973 655 3009 contineat?
686 2972 770 3021 quis
798 2972 857 3008 liic
887 2984 962 3008 non
993 2971 1144 3007 doleat?

151 3034 238 3082 quia
255 3033 284 3069 si
304 3042 360 3070 est
377 3033 478 3082 pium
500 3032 662 3081 gaudere
683 3045 753 3081 pro
771 3035 858 3068 Jesu
871 3059 880 3076 ,
897 3031 945 3068 ita
965 3040 1019 3068 est
1041 3031 1144 3080 pium

154 3094 243 3129 {lere
259 3093 361 3142 pium
378 3097 521 3130 Jesum.

212 3155 267 3189 115.
289 3154 494 3203 Septimum
514 3152 705 3188 vinculum
726 3151 793 3187 suit
806 3179 815 3195 ‚
833 3165 910 3199 quo
928 3151 1061 3198 ligatus
1077 3149 1145 3185 suit

155 3215 190 3249 in
226 3226 357 3257 cruce,
385 3213 558 3248 terreum.
587 3212 668 3249 Fuit
697 3212 767 3247 lioc
803 3211 994 3247 vinculum
1025 3210 1144 3245 inulto

1203 2674 1358 2723 Myrrha
1377 2686 1501 2710 amara
1522 2673 1811 2709 amaritudinem
1839 2674 2024 2722 passionis
2056 2675 2200 2724 signifi-

1206 2742 1265 2770 cat
1286 2733 1507 2769 :fasciculus
1535 2745 1624 2768 vero
1649 2731 1966 2769 coaulunationem
1997 2734 2200 2771 multarum

1206 2793 1421 2843 passionum
1452 2791 1629 2827 ostendit.
1666 2792 1721 2828 Fit
1743 2804 1834 2841 ergo
1866 2804 2027 2841 sponsus
2054 2806 2203 2843 sponsae

1207 2866 1283 2889 suae
1314 2852 1509 2888 fasciculus
1537 2851 1721 2899 myrrhae,
1742 2850 1896 2900 quando
1922 2851 2043 2900 ipsum
2071 2854 2202 2890 multi—

1208 2911 1368 2961 plicibus
1395 2910 1571 2946 al‘l'ectum
1597 2908 1744 2958 injuriis
1769 2909 1814 2946 ad
1839 2919 2002 2946 mentem
2028 2910 2172 2948 reducit
2195 2928 2202 2949 :

1210 2983 1371 3019 (piarum
1409 2967 1581 3018 quaedam
1606 2967 1682 3017 jam
1712 2977 1964 3016 enumeratae3
1999 2970 2080 3006 aliae
2114 2984 2204 3008 vero

1211 3027 1478 3064 enumcraudae
1495 3036 1594 3064 sunt.
1608 3032 1700 3076 Quae
1716 3037 1803 3065 sunt
1820 3037 1943 3065 autem
1960 3028 2076 3066 ubera
2093 3044 2205 3080 spon-

1211 3102 1281 3133 sae,
1304 3092 1401 3124 inter
1420 3100 1504 3136 quae
1529 3088 1634 3124 illum
1664 3097 1986 3125 commoraturum
2017 3091 2206 3127 affirmat?

1212 3151 1296 3184 Duo
1333 3147 1448 3184 ubera
1480 3160 1649 3196 sponsa»,
1675 3149 1906 3198 prosperitas
1932 3159 1968 3185 et
1997 3149 2202 3186 adversitas

1212 3216 1310 3244 sunt.
1338 3207 1402 3243 llis
1428 3215 1603 3257 tanquam
1626 3207 1806 3245 uberibus
1827 3209 2004 3253 nutritur,
2026 3209 2114 3246 dum
2137 3210 2206 3246 atl-

206 3345 212 3359 ¹
231 3337 349 3369 (latnie.
375 3349 411 3368 ιιι
427 3360 436 3378 ,
457 3342 506 3369 ΙΙ,
524 3356 561 3360 -
581 3343 591 3358 ²
612 3340 639 3368 11
656 3338 736 3369 sim.
754 3349 778 3368 ιι
795 3361 801 3373 ,
829 3341 879 3368 12.
902 3354 941 3358 -—
960 3335 972 3356 ³
988 3339 1105 3367 (lautis.
1125 3347 1155 3373 ι,
1181 3338 1236 3370 Γ),
1267 3339 1315 3364 113.
