2418 3949
89 98 159 136 193

751 99 801 133 IN
830 97 1061 139 CANTICA,
1093 97 1255 131 SERMO
1286 96 1457 130 XXVIII.

2062 94 2072 129 1
2083 95 2129 130 94

84 174 215 222 habet,
239 182 276 211 et
295 174 385 211 dum
401 174 463 211 alii
482 173 582 210 aliud
596 172 778 220 succedit,
793 172 1076 223 quodammodo
1097 170 1128 188 ⁹⁰
1143 172 1242 207 enim
1272 171 1335 218 qui
1363 169 1531 205 esuriunt
1551 176 1587 204 et
1616 169 1744 204 sitiunt
1765 166 2006 215 liliajustitiae
2021 197 2030 214 ,
2060 170 2134 206 lilia

85 232 284 270 abscondit
303 242 340 270 et
363 231 566 270 obumbrat
585 231 689 281 quod
708 232 898 282 praecedit.
917 235 998 269 Hoc
1013 243 1074 267 er·
1093 231 1124 265 A
1144 230 1320 267 castitatis
1334 256 1343 274 ,
1379 228 1549 265 omnium
1579 228 1654 264 lilia
1682 228 1899 278 gratiarum.
1924 227 1963 265 'si
1991 229 2132 265 esurire

86 305 134 342 go
156 300 212 329 est
231 292 335 342 quod
355 292 465 337 dicit,
494 294 609 327 donec
632 296 775 340 aspiret
790 293 889 336 (lies,
913 300 948 327 et
964 292 1076 326 incli-

83 361 217 388 nentur
239 352 400 397 umbroe;
425 352 462 388 id
489 361 566 397 est,
596 351 718 388 donec
747 351 886 400 aspiret
911 350 1011 396 dies,
1041 357 1078 385 et

82 411 218 461 plenus
247 411 498 460 sempiternus
523 410 717 456 meridies,
744 410 808 459 qui
826 408 978 446 umbras
994 421 1077 444 om—

84 483 150 507 nes
167 471 360 507 annihilet.
393 472 469 517 Qui
487 480 714 518 pascuntur,
744 469 889 518 inquit,
918 472 955 504 in
988 469 1077 504 liliis

83 531 199 566 donec
227 534 366 578 aspiret
389 531 483 574 dies,
504 539 539 564 et
564 530 790 564 inclinentur
815 526 979 570 umbroe;
1004 525 1077 562 hoc

83 597 151 635 est,
169 589 233 638 qui
247 588 436 638 sapientiae
457 587 697 624 oblectantur
712 595 749 623 et
760 594 966 636 pascuntur
983 584 1076 621 odo-

83 660 148 693 re,
175 646 297 683 donec
316 646 396 696 ipse
424 645 517 682 lucis
537 653 686 681 aeternae
711 644 854 681 candor
871 644 1074 680 illucescat.

83 710 300 754 Utrumque
329 703 617 742 commendatur
646 703 685 739 in
718 703 828 749 liliis,
858 702 1011 748 candor,
1041 710 1078 738 et

84 766 192 804 odor.
216 768 264 802 Et
295 763 392 801 odor
420 763 573 813 quidem
605 761 696 811 quid
724 762 825 798 aliud
858 762 930 798 nisi
959 761 1077 811 gratia

84 825 171 862 fidei
185 840 196 872 ;
217 832 255 861 et
274 823 429 870 candor,
462 822 535 860 nisi
559 822 677 872 gloria
706 822 871 871 speciei?
895 825 939 858 In
965 829 1076 858 nocte

85 884 181 922 odor
208 884 383 929 sentitur,
406 882 471 920 sed
493 882 634 919 candor
659 894 737 918 non
758 881 938 927 cernitur,
956 880 1076 917 donec

1142 288 1292 325 beatum
1308 317 1317 334 ,
1344 288 1464 323 multo
1484 287 1599 337 magis
1625 287 1723 323 inter
1748 287 1823 323 lilia
1849 287 1962 336 pasci.
1984 289 2032 322 Et
2051 287 2132 337 ipsa

1142 348 1324 384 virtutum
1355 347 1494 383 esuries
1529 347 1666 396 pascit,
1701 355 1738 382 et
1772 345 1932 383 delectat
1964 346 2131 383 aviditas.

1142 408 1247 446 Odor
1283 406 1402 453 cibat,
1433 406 1499 443 sed
1529 406 1698 442 nondum
1721 407 1840 442 satiat.
1865 406 2132 442 Satiaborcum

1141 472 1361 516 apparuerit
1374 469 1493 515 gloria
1513 475 1575 500 tua
1596 472 1621 501 ¹.
1640 465 1811 513 Denique
1831 466 1995 515 ipsarum
2010 467 2135 502 virtu-

1143 535 1243 571 tum,
1268 534 1308 561 ut
1335 526 1386 561 sic
1416 524 1559 569 dicam,
1586 524 1704 571 gloria
1727 525 1816 560 latet
1842 525 1977 561 adhuc.
1998 529 2134 562 Totum

1141 585 1246 634 quod
1262 584 1350 621 inde
1371 584 1500 620 hauris
1526 583 1564 619 in
1593 582 1712 618 odore
1729 591 1795 619 est.
1818 584 2036 621 Occultatur
2056 586 2135 622 sor-

1141 657 1225 691 ma,
1259 644 1323 681 sed
1356 644 1493 680 samam
1523 641 1709 678 audimus.
1734 643 1873 678 Tenuis
1909 643 2059 692 quidem
2095 645 2135 681 in

1141 704 1259 749 fama,
1279 703 1318 739 in
1339 703 1463 748 fumo,
1484 701 1523 737 in
1546 699 1663 736 odore
1682 699 1808 747 cibus,
1831 701 1950 737 dulcis
1964 730 1973 746 ‚
1995 703 2059 738 sed
2086 712 2136 739 te-

1141 763 1239 800 nuis.
1268 766 1315 799 Et
1344 775 1413 798 nos
1439 760 1517 810 jam
1545 760 1701 796 saturati
1723 773 1870 805 sumus,
1895 760 1973 809 jam
2002 761 2135 798 divites

1142 823 1228 860 facti
1242 851 1252 869 ‚
1270 822 1351 859 solo
1371 822 1553 858 virtutum
1574 819 1692 855 odore
1713 819 1894 857 contenti.
1927 820 2059 856 Nescio
2080 829 2136 857 ta-

1142 895 1226 919 men
1248 882 1279 919 si
1296 882 1354 918 vel
1373 880 1529 920 odorem
1547 879 1756 925 haurimus,
1781 892 1877 928 quos
1897 879 2138 928 perfectionis

85 944 226 994 aspiret
244 943 345 989 dies;
369 943 458 992 quia
477 940 618 978 candor
634 941 714 990 ipse
730 948 786 976 est
803 939 894 986 dies,
915 952 991 975 non
1008 939 1076 975 ha·
1093 941 1121 975 B
1141 955 1220 978 non
1253 941 1366 977 trahit
1405 939 1577 976 aviditas.
1609 938 1741 975 Suavis
1773 937 1928 987 quidem
1969 938 2135 975 liliorum

84 1001 179 1040 bens
197 1002 311 1038 ullam
330 1009 476 1051 partem
496 999 730 1036 umbrarum.
751 998 819 1035 Ille
835 1011 920 1035 cum
938 997 1076 1047 aspira-

82 1061 180 1098 verit
208 1061 311 1106 dies,
337 1059 417 1109 jam
452 1072 531 1096 non
561 1066 675 1095 erunt
705 1056 821 1094 ubera
850 1056 1072 1094 necessaria.

85 1123 224 1159 Omnes
241 1119 342 1156 enim
357 1126 469 1156 erunt
483 1117 665 1155 docibiles
684 1116 800 1166 ipsius
818 1116 903 1154 diei.
920 1116 1076 1153 Interim

86 1192 176 1230 ergo
189 1192 337 1230 sponsae
360 1177 477 1216 ubera
497 1185 585 1215 sunt
610 1177 707 1213 sicut
735 1176 810 1213 duo
837 1177 985 1213 hinnuli
1011 1176 1077 1226 qui

85 1246 292 1289 pascuntur
318 1238 358 1274 in
385 1237 489 1284 liliis,
515 1236 637 1273 donec
656 1235 796 1285 aspiret
819 1235 898 1272 dies
926 1234 973 1272 de
990 1235 1072 1281 die,

87 1298 255 1336 Christus
276 1301 395 1335 Jesus.

83 1432 561 1443 =v==v=nnus-§nnsmww===-m=====x
566 1433 619 1442 νινι
625 1431 820 1442 ιςιιιικιιννει·
825 1432 905 1442 ιιικιὶ
910 1432 961 1442 ιιι·
967 1432 1076 1442 νυνιιιις

295 1559 544 1617 SERMO
595 1561 866 1616 XXVIII.

154 1698 271 1731 Vadam
291 1698 338 1730 ad
349 1706 483 1730 montem
500 1697 633 1742 myrrlzoe
645 1723 654 1737 ,
675 1706 705 1729 et
720 1697 764 1729 ad
778 1698 888 1730 collem
906 1698 1016 1731 thuris.

396 1752 515 1785 Cantic.
530 1764 597 1796 cap.
615 1764 658 1791 iv,
681 1751 719 1788 ᾧ.
739 1757 770 1784 6.

477 1885 483 1888 .
498 1879 689 1895 ⁴000*—

148 2008 179 2042 l.
203 2005 347 2050 Ubera,
381 2005 522 2054 inquit,
558 2014 622 2042 tua
649 2009 743 2042 sicut
764 2007 911 2042 lu'mmli
932 2020 1080 2054 θηρὶ-ειε-

87 2065 248 2112 gemelli.
273 2062 414 2100 Videtis
433 2071 572 2112 quanta
589 2064 705 2112 gratia
723 2076 871 2112 sponsae
891 2076 899 2097 ε
923 2064 1081 2112 parvula

87 2130 142 2158 est
170 2129 207 2158 et
240 2121 346 2170 quasi
370 2120 596 2169 juvencula,
621 2130 658 2157 et
685 2121 803 2157 ubera
827 2121 951 2157 habet.
981 2122 1081 2169 Quid

88 2181 188 2218 enim
205 2179 529 2228 nisijuvenculam
553 2188 658 2217 notat
678 2179 768 2216 dum
786 2180 953 2217 hinnulis
973 2194 1079 2217 com-

87 2240 220 2290 parat?
235 2242 332 2288 Ergo
357 2247 395 2275 et
415 2247 533 2275 mater
553 2247 628 2284 est,
651 2247 688 2274 et
708 2239 866 2288 parvula
886 2247 962 2284 est,
987 2239 1079 2275 alios

87 2310 260 2348 pascens,
278 2306 315 2334 et
340 2298 441 2347 pasci
460 2297 643 2348 indigens.
669 2301 716 2334 Et
739 2298 769 2334 si
785 2299 869 2348 quis
893 2299 939 2335 sit
962 2299 1078 2336 Paulo

88 2357 236 2403 similis,
257 2357 426 2393 nondum
445 2365 568 2394 tamen
585 2357 779 2393 evacuavit
794 2370 877 2406 quae
894 2365 982 2394 sunt
996 2370 1079 2406 par-

86 2417 184 2462 vuli,
207 2416 246 2452 in
269 2429 379 2453 carne
404 2429 656 2453 commorans.
675 2419 720 2452 Et
741 2417 770 2453 si
790 2417 870 2453 aliis
887 2416 1076 2461 abundat,

1143 998 1251 1044 odor,
1275 997 1340 1035 sed
1357 996 1545 1034 cumulata
1561 996 1600 1032 in
1622 995 1747 1045 specie
1763 995 1891 1044 gratia.
1906 996 2036 1032 Suavis
2053 997 2138 1045 qui-

1142 1057 1228 1094 dem
1248 1057 1414 1094 liliorum
1436 1056 1546 1102 odor,
1564 1055 1627 1092 sed
1649 1055 1811 1092 suavitas
1829 1055 1970 1101 tenuis,
1990 1056 2020 1092 si
2043 1056 2140 1094 odor

1142 1125 1297 1154 tantum.
1330 1116 1503 1164 Denique
1529 1119 1596 1163 qui
1616 1123 1836 1163 pascuntur,
1859 1114 2006 1163 inquit,
2034 1119 2072 1150 in
2093 1118 2138 1151 li-

1143 1181 1218 1222 liis;
1238 1176 1276 1213 id
1295 1185 1371 1222 est,
1392 1176 1490 1212 inter
1509 1175 1586 1211 lilia
1599 1202 1609 1220 ,
1634 1187 1712 1211 non
1734 1175 1772 1211 in
1799 1175 1889 1224 ipsis
1909 1175 2018 1221 liliis;
2048 1188 2138 1212 sen—

1143 1237 1277 1273 tientes
1295 1235 1471 1273 viciniam
1486 1263 1496 1281 ,
1519 1247 1596 1271 non
1618 1234 1784 1271 fruentes
1803 1232 2024 1270 substantia.
2049 1235 2140 1271 Exi-

1141 1308 1236 1346 guus
1256 1295 1438 1331 virtutum
1467 1306 1557 1330 usus
1586 1293 1813 1343 exprimitur
1837 1293 1876 1329 in
1901 1292 2040 1340 odore,
2062 1307 2139 1331 non

1142 1355 1308 1404 copiosa,
1326 1367 1403 1390 non
1421 1353 1542 1390 solida
1553 1361 1590 1389 et
1606 1353 1711 1402 quasi
1729 1352 1952 1402 corpulenta
1969 1353 2136 1391 resectio.

1142 1417 1226 1450 Non
1258 1414 1357 1450 enim
1390 1411 1619 1449 omnimodis
1650 1411 1817 1447 reficitur
1845 1412 1910 1460 qui
1941 1413 2136 1461 pascitur:

1142 1473 1227 1510 ideo
1259 1486 1336 1509 nou
1367 1473 1479 1518 dicit,
1501 1471 1574 1519 Qui
1596 1471 1841 1516 reficiuntur,
1871 1471 1955 1517 sed,
1977 1477 2040 1519 qui
2055 1487 2137 1521 pa-

1145 1542 1296 1568 scantur
1321 1537 1360 1568 in
1392 1534 1501 1574 liliis,
1537 1532 1652 1566 donec
1681 1535 1821 1577 asplret
1841 1532 1932 1565 (lies.
1956 1531 2141 1568 Dcliciosa

1146 1600 1268 1628 tamen
1288 1590 1519 1640 exspectatio
1541 1589 1634 1625 lueis
1653 1589 1753 1624 inter
1773 1589 1860 1625 lilia.
1883 1593 1928 1625 Et
1947 1590 2031 1626 ride
2049 1604 2138 1639 qua-

1145 1650 1244 1687 libus
1265 1663 1404 1699 sponsa
1420 1657 1596 1699 pascatur
1616 1649 1655 1684 in
1685 1648 1781 1683 liliis.
1803 1651 1845 1684 In
1867 1648 1953 1685 liliis
1974 1662 2052 1688 no-
2074 1664 2138 1686 ca-

1100 1713 1127 1748 C
1147 1711 1265 1756 ducis,
1279 1711 1317 1746 in
1338 1710 1423 1746 liliis
1442 1722 1519 1746 non
1535 1707 1864 1753 marcescentibus,
1881 1708 1918 1744 in
1931 1708 2016 1745 liliis
2029 1709 2137 1746 deni-

1146 1783 1219 1819 que
1235 1769 1396 1818 quadam
1415 1766 1774 1816 incorruptibilitate
1801 1767 2017 1816 myrrhatis.
2046 1772 2137 1805 Nam

1146 1830 1300 1878 myrrha
1324 1828 1649 1878 incorruptionem
1669 1827 1913 1863 demonstrat.

1201 1889 1235 1924 2.
1251 1893 1342 1925 Jure
1366 1896 1453 1938 post
1478 1888 1555 1923 lilia
1587 1886 1633 1922 de
1663 1887 1819 1934 myrrha
1849 1885 2077 1932 subtexitur,
2099 1897 2142 1924 ut

1145 1960 1293 1996 sponsae
1308 1947 1384 1982 lilia
1400 1945 1560 1994 quadam
1574 1945 1872 1993 incorruptionis
1888 1947 2142 1994 perpetuitate

1146 2005 1398 2041 commendet.
1425 2006 1591 2047 Vadam,
1622 2004 1745 2052 inquit
1760 2032 1769 2049 ‚
1791 2004 1884 2039 mihi
1902 2006 1956 2039 ad
1981 2015 2140 2042 montem

1147 2066 1319 2109 nrrrrleoe.
1338 2062 1436 2111 Quid
1458 2071 1527 2108 est,
1548 2061 1645 2098 bone
1662 2066 1765 2107 Jesu,
1787 2062 1889 2110 quod
1910 2075 2047 2112 sponsa
2064 2073 2140 2110 tua,

1149 2122 1282 2159 dilecta
1301 2131 1386 2167 tua,
1418 2121 1506 2158 alibi
1538 2129 1749 2170 exspectat,
1767 2129 1806 2157 tu
1829 2122 1901 2157 alio
1916 2122 2046 2160 vadis?
2076 2125 2143 2161 Illa

1145 2182 1311 2232 pascitur
1339 2189 1377 2218 et
1407 2189 1599 2230 exspectat
1627 2181 1665 2216 in
1698 2180 1804 2226 liliis,
1829 2188 1866 2216 et
1895 2189 1932 2217 tu
1961 2182 2066 2219 vadis
2095 2184 2142 2220 ad

1147 2248 1315 2276 montem
1334 2239 1519 2288 myrrhae?
1540 2242 1665 2287 Quare
1685 2251 1761 2274 non
1783 2239 1898 2287 magis
1913 2239 1959 2275 ad
1980 2241 2055 2277 lilia
2075 2255 2143 2278 va—

1145 2298 1222 2343 dis,
1241 2298 1306 2335 ubi
1324 2311 1462 2348 sponsa
1480 2306 1650 2334 moratur
1670 2297 1790 2334 donec
1802 2299 1941 2348 aspiret
1961 2300 2062 2337 dies?
2082 2306 2141 2339 An

1146 2359 1241 2395 forte
1262 2359 1336 2394 lilia
1355 2358 1434 2394 haec
1451 2370 1527 2394 non
1549 2366 1635 2394 sunt
1655 2357 1789 2402 aliena,
1811 2371 1879 2394 nec
1895 2359 2005 2408 longe
2022 2362 2143 2409 posita

1144 2430 1165 2453 a
1188 2426 1316 2453 monte
1339 2417 1525 2466 myrrhae,
1557 2416 1620 2453 sed
1649 2417 1765 2465 magis
1790 2418 1966 2454 oriuntur
1997 2419 2032 2455 in
2055 2421 2143 2457 illo?

86 2475 258 2512 nondum
279 2483 400 2512 tamen
425 2488 464 2512 se
496 2474 701 2512 arbitratur
726 2476 1070 2525 comprehendisse.
1092 2483 1124 2515 D
1145 2481 1200 2514 Ita
1220 2477 1371 2526 quidem
1389 2486 1467 2513 est:
1487 2489 1671 2525 nusquam
1690 2477 1809 2513 laetius
1827 2487 2032 2515 nascuntur
2050 2480 2138 2525 lilia,

86 2538 129 2573 In
149 2535 301 2585 speculo
319 2534 434 2581 videt,
456 2535 494 2571 in
512 2534 708 2584 aenigmate
728 2536 828 2572 videt
848 2549 856 2571 ε
877 2536 962 2572 ideo
983 2536 1079 2572 sicut

89 2594 289 2644 parvulus,
322 2594 417 2630 sicut
449 2593 630 2630 hinnulus
666 2594 703 2630 in
734 2594 868 2631 umbra
895 2595 1074 2644 pascitur,

86 2653 207 2690 donec
223 2653 362 2702 aspiret
382 2653 472 2689 dies.
492 2656 534 2689 In
554 2653 708 2699 umbra,
727 2653 791 2690 sed
808 2654 907 2690 inter
924 2655 999 2690 lilia
1018 2668 1080 2704 pa-

86 2713 212 2750 scitur.
234 2712 366 2749 Infelix
392 2712 501 2761 plane
520 2712 584 2760 qui
607 2711 759 2760 quidem
777 2712 874 2748 inter
891 2713 966 2749 lilia
984 2714 1080 2763 posi-

88 2781 167 2817 tus,
186 2772 284 2808 inter
301 2771 375 2808 lilia
390 2779 526 2808 sanctae
543 2772 864 2821 congregationis,
887 2772 950 2808 ubi
969 2774 1079 2808 varice

86 2832 252 2882 undique
279 2831 434 2868 virtutes
453 2831 643 2877 redolent,
674 2831 766 2868 nihil
797 2840 919 2868 tamen
941 2846 1078 2879 suave,

87 2891 178 2929 nihil
195 2891 358 2928 liliorum
376 2891 494 2927 simile
513 2891 618 2927 nox-it
635 2890 799 2927 odorari.
819 2894 945 2928 Bonus
967 2893 1078 2942 plane

85 2958 122 2987 et
144 2963 290 3000 sponsae
309 2949 505 3000 privilegio
534 2948 724 2998 gaudens,
748 2950 808 2986 cui
835 2951 914 2999 ipsa
940 2952 1080 2988 intrin-

91 3022 196 3046 secus
223 3010 407 3046 virtutum
435 3008 733 3045 nascunturlilia
754 3037 763 3053 ,
795 3009 858 3058 qui
884 3010 982 3046 inter
1008 3010 1081 3046 lilia

89 3069 267 3119 pascitur,
299 3069 396 3105 inter
422 3068 496 3104 lilia
527 3069 706 3113 relicitur,
732 3068 806 3104 lilia
825 3070 953 3105 esurit.
982 3070 1081 3106 Beati

141 3202 149 3217 ¹
168 3197 246 3227 Psnl.
264 3208 316 3226 xvi
332 3221 338 3229 ,
364 3201 413 3226 15».

242 3268 331 3290 Toni.
364 3269 396 3290 Υ.

1144 2550 1255 2586 quam
1275 2537 1310 2573 in
1334 2545 1461 2573 monte
1480 2536 1664 2584 myrrhae,
1690 2549 1875 2584 nusquam
1899 2539 2014 2586 magis
2030 2539 2141 2575 illsesa

1143 2605 1352 2633 servantur.
1377 2600 1417 2632 In
1439 2604 1567 2632 monte
1595 2595 1758 2643 myrrhfe
1779 2608 1845 2631 nec
1879 2599 2140 2646 corruptioni,

1149 2668 1217 2691 nec
1242 2655 1547 2705 corruptibilitati
1573 2655 1676 2689 locus
1699 2654 1797 2689 ullus
1821 2654 2057 2703 relinquitur.
2084 2658 2141 2694 Ibi

1148 2715 1186 2751 in
1205 2724 1334 2751 moute
1353 2714 1534 2763 myrrhae,
1565 2713 1630 2749 ubi
1655 2713 1776 2748 curuis
1795 2714 1958 2750 universi
1983 2717 2142 2753 mortiti—

1147 2784 1280 2811 cautur
1304 2775 1480 2818 affectus,
1504 2772 1568 2808 ubi
1591 2772 1665 2808 lilia
1683 2773 1928 2817 castiniouiae,
1964 2775 2037 2810 lilia
2057 2789 2142 2824 grai—

1147 2835 1281 2870 tiarum
1311 2843 1346 2870 et
1380 2848 1473 2883 pure
1495 2841 1712 2877 naseuntur,
1729 2841 1765 2868 et
1787 2842 1970 2881 perpetuo
1995 2835 2142 2872 florent.

1145 2897 1243 2941 Ergo
1261 2902 1297 2928 et
1326 2894 1362 2929 iu
1382 2894 1484 2936 liliis,
1514 2902 1549 2928 et
1573 2892 1610 2928 in
1633 2899 1760 2927 monte
1783 2892 1944 2939 myrrha:
1965 2906 2141 2942 sponsam

1147 2954 1234 2989 satis
1250 2952 1406 2988 delicate
1424 2953 1582 2988 locatam
1600 2951 1773 2987 mlx-ortis.
1791 2954 1883 2988 Natu
1900 2953 2057 2990 alterum
2076 2954 2141 2991 tibi

1148 3026 1272 3048 sermo
1294 3024 1457 3060 prseseus
1474 3011 1672 3060 expressit,
1693 3010 1851 3046 alterum
1875 3019 1913 3047 tu
1936 3012 2013 3060 ipse
2036 3022 2142 3062 potes

1149 3084 1216 3120 per
1238 3071 1587 3120 iuterpretatiouem
1609 3069 1834 3118 exprimere.
1852 3074 2023 3117 Quonam
2042 3073 2141 3107 enini
