<?xml version="1.0" encoding="UTF-8"?>
<!DOCTYPE html PUBLIC "-//W3C//DTD XHTML 1.0 Transitional//EN"
    "http://www.w3.org/TR/xhtml1/DTD/xhtml1-transitional.dtd">
<html xmlns="http://www.w3.org/1999/xhtml" xml:lang="en" lang="en">
 <head>
  <title>
</title>
<meta http-equiv="Content-Type" content="text/html;charset=utf-8" />
  <meta name='ocr-system' content='tesseract 3.04.00' />
  <meta name='ocr-capabilities' content='ocr_page ocr_carea ocr_par ocr_line ocrx_word'/>
</head>
<body>
  <div class='ocr_page' id='page_1' title='image "./operaomniapostho05bern/operaomniapostho05bern_0088.png"; bbox 0 0 2504 3928; ppageno 0'>
   <div class='ocr_carea' id='block_1_1' title="bbox 369 188 434 223">
    <p class='ocr_par' dir='ltr' id='par_1_1' title="bbox 369 188 434 223">
     <span class='ocr_line' id='line_1_1' title="bbox 369 188 434 223; baseline -0.031 0"><span class='ocrx_word' id='word_1_1' title='bbox 369 188 434 223; x_wconf 74' lang='lat' dir='ltr'>lli-’l</span> 
     </span>
    </p>
   </div>
   <div class='ocr_carea' id='block_1_2' title="bbox 1129 184 1643 219">
    <p class='ocr_par' dir='ltr' id='par_1_2' title="bbox 1129 184 1643 219">
     <span class='ocr_line' id='line_1_2' title="bbox 1129 184 1643 219; baseline 0.002 -1"><span class='ocrx_word' id='word_1_2' title='bbox 1129 185 1158 219; x_wconf 84' lang='lat' dir='ltr'>G</span> <span class='ocrx_word' id='word_1_3' title='bbox 1166 184 1417 219; x_wconf 76' lang='lat' dir='ltr'>ILLEBERTI</span> <span class='ocrx_word' id='word_1_4' title='bbox 1447 186 1643 219; x_wconf 60' lang='lat' dir='ltr'>ABBA&#39;HS</span> 
     </span>
    </p>
   </div>
   <div class='ocr_carea' id='block_1_3' title="bbox 2336 185 2402 220">
    <p class='ocr_par' dir='ltr' id='par_1_3' title="bbox 2336 185 2402 220">
     <span class='ocr_line' id='line_1_3' title="bbox 2336 185 2402 220; baseline 0 0"><span class='ocrx_word' id='word_1_5' title='bbox 2336 185 2402 220; x_wconf 70' lang='lat'>162</span> 
     </span>
    </p>
   </div>
   <div class='ocr_carea' id='block_1_4' title="bbox 358 258 2404 369">
    <p class='ocr_par' dir='ltr' id='par_1_4' title="bbox 358 258 2404 369">
     <span class='ocr_line' id='line_1_4' title="bbox 358 258 2404 309; baseline 0 -13"><span class='ocrx_word' id='word_1_6' title='bbox 358 273 450 298; x_wconf 75' lang='lat' dir='ltr'>sunt.</span> <span class='ocrx_word' id='word_1_7' title='bbox 483 264 703 297; x_wconf 65' lang='lat' dir='ltr'>t&#39;ircmvmnt</span> <span class='ocrx_word' id='word_1_8' title='bbox 733 273 770 293; x_wconf 84' lang='lat' dir='ltr'>in</span> <span class='ocrx_word' id='word_1_9' title='bbox 801 261 954 298; x_wconf 78' lang='lat' dir='ltr'>nii-lotis,</span> <span class='ocrx_word' id='word_1_10' title='bbox 988 263 1025 293; x_wconf 83' lang='lat' dir='ltr'>in</span> <span class='ocrx_word' id='word_1_11' title='bbox 1044 258 1201 306; x_wconf 68' lang='lat' dir='ltr'>pellibus</span> <span class='ocrx_word' id='word_1_12' title='bbox 1225 258 1394 306; x_wconf 62' lang='lat' dir='ltr'>capri-⁷⁴</span> <span class='ocrx_word' id='word_1_13' title='bbox 1415 259 1491 295; x_wconf 75' lang='lat' dir='ltr'>uei.</span> <span class='ocrx_word' id='word_1_14' title='bbox 1527 259 1614 295; x_wconf 77' lang='lat' dir='ltr'>Ideo</span> <span class='ocrx_word' id='word_1_15' title='bbox 1645 258 1750 307; x_wconf 76' lang='lat' dir='ltr'>‹piasi</span> <span class='ocrx_word' id='word_1_16' title='bbox 1785 259 2028 295; x_wconf 75' lang='lat' dir='ltr'>ascendentes</span> <span class='ocrx_word' id='word_1_17' title='bbox 2063 259 2262 306; x_wconf 87' lang='lat' dir='ltr'>dicuntur,</span> <span class='ocrx_word' id='word_1_18' title='bbox 2301 260 2404 309; x_wconf 86' lang='lat' dir='ltr'>quod</span> 
     </span>
     <span class='ocr_line' id='line_1_5' title="bbox 362 318 2404 369; baseline 0 -14"><span class='ocrx_word' id='word_1_19' title='bbox 362 328 436 365; x_wconf 75' lang='lat' dir='ltr'>nis,</span> <span class='ocrx_word' id='word_1_20' title='bbox 459 330 626 369; x_wconf 70' lang='lat' dir='ltr'>‹·g‹·nta=.=·‚</span> <span class='ocrx_word' id='word_1_21' title='bbox 649 321 870 365; x_wconf 54' lang='lat' dir='ltr'>angustiati,</span> <span class='ocrx_word' id='word_1_22' title='bbox 894 320 1038 364; x_wconf 73' lang='lat' dir='ltr'>afflicti,</span> <span class='ocrx_word' id='word_1_23' title='bbox 1068 322 1106 353; x_wconf 87' lang='lat' dir='ltr'>in</span> <span class='ocrx_word' id='word_1_24' title='bbox 1135 320 1342 353; x_wconf 76' lang='lat' dir='ltr'>solitudini-</span> <span class='ocrx_word' id='word_1_25' title='bbox 1362 324 1389 355; x_wconf 67' lang='lat' dir='ltr'>,t</span> <span class='ocrx_word' id='word_1_26' title='bbox 1411 332 1475 354; x_wconf 89' lang='lat' dir='ltr'>eos</span> <span class='ocrx_word' id='word_1_27' title='bbox 1510 318 1684 354; x_wconf 77' lang='lat' dir='ltr'>iuuiiauia</span> <span class='ocrx_word' id='word_1_28' title='bbox 1720 326 1905 353; x_wconf 90' lang='lat' dir='ltr'>tormenta</span> <span class='ocrx_word' id='word_1_29' title='bbox 1936 331 2011 354; x_wconf 90' lang='lat' dir='ltr'>non</span> <span class='ocrx_word' id='word_1_30' title='bbox 2045 326 2119 354; x_wconf 90' lang='lat' dir='ltr'>tam</span> <span class='ocrx_word' id='word_1_31' title='bbox 2151 320 2404 368; x_wconf 79' lang='lat' dir='ltr'>infregerunt,</span> 
     </span>
    </p>
   </div>
   <div class='ocr_carea' id='block_1_5' title="bbox 343 376 1348 1016">
    <p class='ocr_par' dir='ltr' id='par_1_5' title="bbox 343 376 1348 1016">
     <span class='ocr_line' id='line_1_6' title="bbox 358 376 1348 424; baseline -0.005 -9"><span class='ocrx_word' id='word_1_32' title='bbox 358 381 421 415; x_wconf 73' lang='lat' dir='ltr'>tms</span> <span class='ocrx_word' id='word_1_33' title='bbox 439 390 601 416; x_wconf 61' lang='lat' dir='ltr'>errantes</span> <span class='ocrx_word' id='word_1_34' title='bbox 618 408 626 421; x_wconf 88' lang='lat'>,</span> <span class='ocrx_word' id='word_1_35' title='bbox 653 383 690 412; x_wconf 88' lang='lat' dir='ltr'>in</span> <span class='ocrx_word' id='word_1_36' title='bbox 715 376 892 412; x_wconf 79' lang='lat' dir='ltr'>montibus</span> <span class='ocrx_word' id='word_1_37' title='bbox 911 386 947 411; x_wconf 80' lang='lat' dir='ltr'>et</span> <span class='ocrx_word' id='word_1_38' title='bbox 974 382 1011 412; x_wconf 86' lang='lat' dir='ltr'>in</span> <span class='ocrx_word' id='word_1_39' title='bbox 1039 379 1232 424; x_wconf 77' lang='lat' dir='ltr'><em>speluncis,</em></span> <span class='ocrx_word' id='word_1_40' title='bbox 1256 385 1290 412; x_wconf 75' lang='lat' dir='ltr'>et</span> <span class='ocrx_word' id='word_1_41' title='bbox 1311 381 1348 411; x_wconf 87' lang='lat' dir='ltr'>in</span> 
     </span>
     <span class='ocr_line' id='line_1_7' title="bbox 357 437 1345 484; baseline -0.006 -9"><span class='ocrx_word' id='word_1_42' title='bbox 357 454 516 475; x_wconf 74' lang='lat' dir='ltr'>t&#39;tlt&#39;t&#39;rllts</span> <span class='ocrx_word' id='word_1_43' title='bbox 537 448 644 473; x_wconf 62' lang='lat' dir='ltr'>terra·</span> <span class='ocrx_word' id='word_1_44' title='bbox 661 452 671 478; x_wconf 86' lang='lat'>‚·</span> <span class='ocrx_word' id='word_1_45' title='bbox 691 441 755 483; x_wconf 77' lang='lat' dir='ltr'>qai</span> <span class='ocrx_word' id='word_1_46' title='bbox 775 449 899 470; x_wconf 76' lang='lat' dir='ltr'>onmes</span> <span class='ocrx_word' id='word_1_47' title='bbox 916 439 1121 471; x_wconf 82' lang='lat' dir='ltr'>testimonio</span> <span class='ocrx_word' id='word_1_48' title='bbox 1134 437 1233 482; x_wconf 83' lang='lat' dir='ltr'>fidei</span> <span class='ocrx_word' id='word_1_49' title='bbox 1256 450 1345 484; x_wconf 69' lang='lat' dir='ltr'>pro-</span> 
     </span>
     <span class='ocr_line' id='line_1_8' title="bbox 356 493 1344 543; baseline -0.006 -7"><span class='ocrx_word' id='word_1_50' title='bbox 356 502 432 536; x_wconf 82' lang='lat' dir='ltr'>lmti</span> <span class='ocrx_word' id='word_1_51' title='bbox 447 508 528 535; x_wconf 76' lang='lat' dir='ltr'>sunt</span> <span class='ocrx_word' id='word_1_52' title='bbox 542 504 564 532; x_wconf 93' lang='lat'>¹.</span> <span class='ocrx_word' id='word_1_53' title='bbox 587 495 698 532; x_wconf 65' lang='lat' dir='ltr'>Vides</span> <span class='ocrx_word' id='word_1_54' title='bbox 718 502 860 543; x_wconf 81' lang='lat' dir='ltr'>quanto</span> <span class='ocrx_word' id='word_1_55' title='bbox 874 495 918 530; x_wconf 90' lang='lat' dir='ltr'>sit</span> <span class='ocrx_word' id='word_1_56' title='bbox 935 507 1066 530; x_wconf 88' lang='lat' dir='ltr'>eorum</span> <span class='ocrx_word' id='word_1_57' title='bbox 1083 494 1172 530; x_wconf 90' lang='lat' dir='ltr'>lides</span> <span class='ocrx_word' id='word_1_58' title='bbox 1188 493 1344 543; x_wconf 87' lang='lat' dir='ltr'>probata</span> 
     </span>
     <span class='ocr_line' id='line_1_9' title="bbox 354 553 1344 603; baseline -0.006 -9"><span class='ocrx_word' id='word_1_59' title='bbox 354 558 556 600; x_wconf 70' lang='lat' dir='ltr'>scrutinio,</span> <span class='ocrx_word' id='word_1_60' title='bbox 584 554 721 603; x_wconf 85' lang='lat' dir='ltr'>quibus</span> <span class='ocrx_word' id='word_1_61' title='bbox 744 553 966 589; x_wconf 87' lang='lat' dir='ltr'>testimoniis</span> <span class='ocrx_word' id='word_1_62' title='bbox 988 553 1223 589; x_wconf 77' lang='lat' dir='ltr'>examinata?</span> <span class='ocrx_word' id='word_1_63' title='bbox 1246 553 1344 600; x_wconf 83' lang='lat' dir='ltr'><strong>Quid</strong></span> 
     </span>
     <span class='ocr_line' id='line_1_10' title="bbox 354 612 1345 661; baseline -0.007 -7"><span class='ocrx_word' id='word_1_64' title='bbox 354 633 373 654; x_wconf 89' lang='lat' dir='ltr'>a</span> <span class='ocrx_word' id='word_1_65' title='bbox 395 617 502 654; x_wconf 65' lang='lat' dir='ltr'>robis</span> <span class='ocrx_word' id='word_1_66' title='bbox 528 616 598 652; x_wconf 91' lang='lat' dir='ltr'>tale</span> <span class='ocrx_word' id='word_1_67' title='bbox 624 614 679 649; x_wconf 68' lang='lat' dir='ltr'>vel</span> <span class='ocrx_word' id='word_1_68' title='bbox 705 612 915 661; x_wconf 76' lang='lat' dir='ltr'>expetitur,</span> <span class='ocrx_word' id='word_1_69' title='bbox 935 612 993 647; x_wconf 83' lang='lat' dir='ltr'>vel</span> <span class='ocrx_word' id='word_1_70' title='bbox 1017 613 1278 661; x_wconf 74' lang='lat' dir='ltr'>exspectatur?</span> <span class='ocrx_word' id='word_1_71' title='bbox 1302 614 1345 647; x_wconf 78' lang='lat' dir='ltr'>Et</span> 
     </span>
     <span class='ocr_line' id='line_1_11' title="bbox 354 669 1343 719; baseline -0.006 -8"><span class='ocrx_word' id='word_1_72' title='bbox 354 685 475 713; x_wconf 72' lang='lat' dir='ltr'>vestra</span> <span class='ocrx_word' id='word_1_73' title='bbox 501 676 576 711; x_wconf 76' lang='lat' dir='ltr'>lia-c</span> <span class='ocrx_word' id='word_1_74' title='bbox 597 672 765 710; x_wconf 77' lang='lat' dir='ltr'>inferiori</span> <span class='ocrx_word' id='word_1_75' title='bbox 786 684 921 719; x_wconf 66' lang='lat' dir='ltr'>genere</span> <span class='ocrx_word' id='word_1_76' title='bbox 943 670 1154 706; x_wconf 89' lang='lat' dir='ltr'>testimonia</span> <span class='ocrx_word' id='word_1_77' title='bbox 1181 669 1343 706; x_wconf 87' lang='lat' dir='ltr'>credibi-</span> 
     </span>
     <span class='ocr_line' id='line_1_12' title="bbox 353 729 1340 781; baseline -0.009 -8"><span class='ocrx_word' id='word_1_78' title='bbox 353 737 399 773; x_wconf 86' lang='lat' dir='ltr'>lia</span> <span class='ocrx_word' id='word_1_79' title='bbox 422 736 529 779; x_wconf 88' lang='lat' dir='ltr'>satis,</span> <span class='ocrx_word' id='word_1_80' title='bbox 553 748 597 769; x_wconf 88' lang='lat' dir='ltr'>eo</span> <span class='ocrx_word' id='word_1_81' title='bbox 616 732 768 781; x_wconf 80' lang='lat' dir='ltr'>quidem</span> <span class='ocrx_word' id='word_1_82' title='bbox 788 730 1049 773; x_wconf 83' lang='lat' dir='ltr'>credibiliora,</span> <span class='ocrx_word' id='word_1_83' title='bbox 1071 729 1174 778; x_wconf 85' lang='lat' dir='ltr'>quod</span> <span class='ocrx_word' id='word_1_84' title='bbox 1196 742 1270 765; x_wconf 92' lang='lat' dir='ltr'>nou</span> <span class='ocrx_word' id='word_1_85' title='bbox 1300 742 1340 765; x_wconf 88' lang='lat' dir='ltr'>ea</span> 
     </span>
     <span class='ocr_line' id='line_1_13' title="bbox 351 788 1338 841; baseline -0.01 -9"><span class='ocrx_word' id='word_1_86' title='bbox 351 795 550 832; x_wconf 71' lang='lat' dir='ltr'>necessitas</span> <span class='ocrx_word' id='word_1_87' title='bbox 567 791 767 841; x_wconf 81' lang='lat' dir='ltr'>imposuit,</span> <span class='ocrx_word' id='word_1_88' title='bbox 788 790 852 826; x_wconf 86' lang='lat' dir='ltr'>sed</span> <span class='ocrx_word' id='word_1_89' title='bbox 873 789 1072 839; x_wconf 79' lang='lat' dir='ltr'>supposuit</span> <span class='ocrx_word' id='word_1_90' title='bbox 1091 802 1130 824; x_wconf 87' lang='lat' dir='ltr'>se</span> <span class='ocrx_word' id='word_1_91' title='bbox 1152 788 1338 824; x_wconf 74' lang='lat' dir='ltr'>voluntas.</span> 
     </span>
     <span class='ocr_line' id='line_1_14' title="bbox 351 845 1342 899; baseline -0.011 -8"><span class='ocrx_word' id='word_1_92' title='bbox 351 855 530 891; x_wconf 74' lang='lat' dir='ltr'>Voluntas</span> <span class='ocrx_word' id='word_1_93' title='bbox 550 864 639 899; x_wconf 71' lang='lat' dir='ltr'>ergo</span> <span class='ocrx_word' id='word_1_94' title='bbox 661 850 834 885; x_wconf 76' lang='lat' dir='ltr'>voluutas</span> <span class='ocrx_word' id='word_1_95' title='bbox 852 849 922 891; x_wconf 86' lang='lat' dir='ltr'>sit,</span> <span class='ocrx_word' id='word_1_96' title='bbox 945 856 982 883; x_wconf 88' lang='lat' dir='ltr'>et</span> <span class='ocrx_word' id='word_1_97' title='bbox 1003 847 1133 896; x_wconf 81' lang='lat' dir='ltr'>primae</span> <span class='ocrx_word' id='word_1_98' title='bbox 1160 845 1342 882; x_wconf 82' lang='lat' dir='ltr'>libertatis</span> 
     </span>
     <span class='ocr_line' id='line_1_15' title="bbox 343 904 1342 962; baseline -0.013 -11"><span class='ocrx_word' id='word_1_99' title='bbox 343 914 431 962; x_wconf 88' lang='lat' dir='ltr'>jure</span> <span class='ocrx_word' id='word_1_100' title='bbox 462 913 623 953; x_wconf 89' lang='lat' dir='ltr'>nitatur,</span> <span class='ocrx_word' id='word_1_101' title='bbox 660 907 817 944; x_wconf 82' lang='lat' dir='ltr'>liberam</span> <span class='ocrx_word' id='word_1_102' title='bbox 838 920 876 942; x_wconf 91' lang='lat' dir='ltr'>se</span> <span class='ocrx_word' id='word_1_103' title='bbox 896 905 942 942; x_wconf 89' lang='lat' dir='ltr'>ad</span> <span class='ocrx_word' id='word_1_104' title='bbox 966 904 1240 954; x_wconf 88' lang='lat' dir='ltr'>persistendum</span> <span class='ocrx_word' id='word_1_105' title='bbox 1273 916 1342 940; x_wconf 81' lang='lat' dir='ltr'>ex-</span> 
     </span>
     <span class='ocr_line' id='line_1_16' title="bbox 349 963 1342 1016; baseline -0.012 -6"><span class='ocrx_word' id='word_1_106' title='bbox 349 973 495 1016; x_wconf 87' lang='lat' dir='ltr'>hibeat,</span> <span class='ocrx_word' id='word_1_107' title='bbox 519 983 594 1006; x_wconf 89' lang='lat' dir='ltr'>non</span> <span class='ocrx_word' id='word_1_108' title='bbox 623 969 780 1004; x_wconf 70' lang='lat' dir='ltr'>:estimet</span> <span class='ocrx_word' id='word_1_109' title='bbox 801 966 845 1002; x_wconf 91' lang='lat' dir='ltr'>ad</span> <span class='ocrx_word' id='word_1_110' title='bbox 868 963 1131 1001; x_wconf 88' lang='lat' dir='ltr'>recedendum.</span> <span class='ocrx_word' id='word_1_111' title='bbox 1155 967 1342 1011; x_wconf 77' lang='lat' dir='ltr'>Agnoscat</span> 
     </span>
    </p>
   </div>
   <div class='ocr_carea' id='block_1_6' title="bbox 1408 377 2404 1009">
    <p class='ocr_par' dir='ltr' id='par_1_6' title="bbox 1408 377 2404 1009">
     <span class='ocr_line' id='line_1_17' title="bbox 1414 377 2402 427; baseline 0.002 -15"><span class='ocrx_word' id='word_1_112' title='bbox 1414 391 1526 427; x_wconf 88' lang='lat' dir='ltr'>quam</span> <span class='ocrx_word' id='word_1_113' title='bbox 1558 379 1803 413; x_wconf 83' lang='lat' dir='ltr'>lirmaveruut</span> <span class='ocrx_word' id='word_1_114' title='bbox 1822 377 1868 413; x_wconf 90' lang='lat' dir='ltr'>ad</span> <span class='ocrx_word' id='word_1_115' title='bbox 1891 377 2123 414; x_wconf 88' lang='lat' dir='ltr'>reddendum</span> <span class='ocrx_word' id='word_1_116' title='bbox 2146 379 2402 415; x_wconf 89' lang='lat' dir='ltr'>testimonium</span> 
     </span>
     <span class='ocr_line' id='line_1_18' title="bbox 1415 436 2404 487; baseline 0.001 -14"><span class='ocrx_word' id='word_1_117' title='bbox 1415 439 1553 473; x_wconf 72' lang='lat' dir='ltr'>virtute</span> <span class='ocrx_word' id='word_1_118' title='bbox 1579 449 1721 485; x_wconf 71' lang='lat' dir='ltr'>magna.</span> <span class='ocrx_word' id='word_1_119' title='bbox 1742 436 1841 483; x_wconf 87' lang='lat' dir='ltr'>Quid</span> <span class='ocrx_word' id='word_1_120' title='bbox 1863 436 1920 472; x_wconf 92' lang='lat' dir='ltr'>hic</span> <span class='ocrx_word' id='word_1_121' title='bbox 1940 437 1992 472; x_wconf 89' lang='lat' dir='ltr'>eis</span> <span class='ocrx_word' id='word_1_122' title='bbox 2011 437 2123 473; x_wconf 86' lang='lat' dir='ltr'>animi</span> <span class='ocrx_word' id='word_1_123' title='bbox 2155 445 2229 483; x_wconf 83' lang='lat' dir='ltr'>est,</span> <span class='ocrx_word' id='word_1_124' title='bbox 2250 438 2314 487; x_wconf 92' lang='lat' dir='ltr'>qui</span> <span class='ocrx_word' id='word_1_125' title='bbox 2337 451 2404 474; x_wconf 92' lang='lat' dir='ltr'>nec</span> 
     </span>
     <span class='ocr_line' id='line_1_19' title="bbox 1412 495 2402 546; baseline 0.001 -14"><span class='ocrx_word' id='word_1_126' title='bbox 1412 510 1521 532; x_wconf 90' lang='lat' dir='ltr'>unam</span> <span class='ocrx_word' id='word_1_127' title='bbox 1535 525 1544 541; x_wconf 89' lang='lat'>,</span> <span class='ocrx_word' id='word_1_128' title='bbox 1566 504 1601 531; x_wconf 74' lang='lat' dir='ltr'>et</span> <span class='ocrx_word' id='word_1_129' title='bbox 1621 508 1701 531; x_wconf 82' lang='lat' dir='ltr'>eain</span> <span class='ocrx_word' id='word_1_130' title='bbox 1722 495 1865 539; x_wconf 83' lang='lat' dir='ltr'>levem,</span> <span class='ocrx_word' id='word_1_131' title='bbox 1881 503 1918 531; x_wconf 92' lang='lat' dir='ltr'>et</span> <span class='ocrx_word' id='word_1_132' title='bbox 1934 495 2089 531; x_wconf 86' lang='lat' dir='ltr'>amicam</span> <span class='ocrx_word' id='word_1_133' title='bbox 2111 497 2402 546; x_wconf 64' lang='lat' dir='ltr'>pra-positorum</span> 
     </span>
     <span class='ocr_line' id='line_1_20' title="bbox 1411 553 2403 603; baseline 0.001 -13"><span class='ocrx_word' id='word_1_134' title='bbox 1411 554 1706 603; x_wconf 84' lang='lat' dir='ltr'>increpationem</span> <span class='ocrx_word' id='word_1_135' title='bbox 1733 553 1940 597; x_wconf 88' lang='lat' dir='ltr'>sustinent;</span> <span class='ocrx_word' id='word_1_136' title='bbox 1967 553 2032 589; x_wconf 86' lang='lat' dir='ltr'>sed</span> <span class='ocrx_word' id='word_1_137' title='bbox 2057 554 2102 590; x_wconf 88' lang='lat' dir='ltr'>ad</span> <span class='ocrx_word' id='word_1_138' title='bbox 2132 567 2248 591; x_wconf 91' lang='lat' dir='ltr'>unum</span> <span class='ocrx_word' id='word_1_139' title='bbox 2277 563 2403 591; x_wconf 90' lang='lat' dir='ltr'>auste-</span> 
     </span>
     <span class='ocr_line' id='line_1_21' title="bbox 1411 611 2401 662; baseline 0.002 -14"><span class='ocrx_word' id='word_1_140' title='bbox 1411 613 1486 648; x_wconf 85' lang='lat' dir='ltr'>rius</span> <span class='ocrx_word' id='word_1_141' title='bbox 1523 611 1678 648; x_wconf 76' lang='lat' dir='ltr'>verbum</span> <span class='ocrx_word' id='word_1_142' title='bbox 1715 619 1815 647; x_wconf 88' lang='lat' dir='ltr'>totus</span> <span class='ocrx_word' id='word_1_143' title='bbox 1847 611 2018 660; x_wconf 72' lang='lat' dir='ltr'>liquescit</span> <span class='ocrx_word' id='word_1_144' title='bbox 2059 611 2149 648; x_wconf 88' lang='lat' dir='ltr'>boni</span> <span class='ocrx_word' id='word_1_145' title='bbox 2188 614 2372 662; x_wconf 80' lang='lat' dir='ltr'>propositi</span> <span class='ocrx_word' id='word_1_146' title='bbox 2391 641 2401 658; x_wconf 92' lang='lat'>,</span> 
     </span>
     <span class='ocr_line' id='line_1_22' title="bbox 1410 670 2404 720; baseline 0.002 -14"><span class='ocrx_word' id='word_1_147' title='bbox 1410 684 1522 720; x_wconf 88' lang='lat' dir='ltr'>quem</span> <span class='ocrx_word' id='word_1_148' title='bbox 1543 670 1612 706; x_wconf 86' lang='lat' dir='ltr'>sibi</span> <span class='ocrx_word' id='word_1_149' title='bbox 1635 671 1895 715; x_wconf 84' lang='lat' dir='ltr'>firmaverant,</span> <span class='ocrx_word' id='word_1_150' title='bbox 1915 670 2041 718; x_wconf 74' lang='lat' dir='ltr'>rigor?</span> <span class='ocrx_word' id='word_1_151' title='bbox 2063 674 2224 708; x_wconf 88' lang='lat' dir='ltr'>Istorum</span> <span class='ocrx_word' id='word_1_152' title='bbox 2245 680 2300 708; x_wconf 90' lang='lat' dir='ltr'>tot</span> <span class='ocrx_word' id='word_1_153' title='bbox 2323 672 2404 708; x_wconf 84' lang='lat' dir='ltr'>suf-</span> 
     </span>
     <span class='ocr_line' id='line_1_23' title="bbox 1412 727 2402 779; baseline 0.002 -15"><span class='ocrx_word' id='word_1_154' title='bbox 1412 729 1502 765; x_wconf 80' lang='lat' dir='ltr'>fulta</span> <span class='ocrx_word' id='word_1_155' title='bbox 1523 728 1760 764; x_wconf 84' lang='lat' dir='ltr'>adminiculis</span> <span class='ocrx_word' id='word_1_156' title='bbox 1781 727 1993 764; x_wconf 89' lang='lat' dir='ltr'>testimonia</span> <span class='ocrx_word' id='word_1_157' title='bbox 2014 729 2075 764; x_wconf 80' lang='lat' dir='ltr'>vix</span> <span class='ocrx_word' id='word_1_158' title='bbox 2105 737 2202 765; x_wconf 89' lang='lat' dir='ltr'>stare</span> <span class='ocrx_word' id='word_1_159' title='bbox 2222 738 2402 779; x_wconf 88' lang='lat' dir='ltr'>possunt;</span> 
     </span>
     <span class='ocr_line' id='line_1_24' title="bbox 1408 787 2403 838; baseline 0.004 -16"><span class='ocrx_word' id='word_1_160' title='bbox 1408 787 1556 822; x_wconf 89' lang='lat' dir='ltr'>illorum</span> <span class='ocrx_word' id='word_1_161' title='bbox 1588 794 1642 822; x_wconf 91' lang='lat' dir='ltr'>tot</span> <span class='ocrx_word' id='word_1_162' title='bbox 1673 798 1840 835; x_wconf 86' lang='lat' dir='ltr'>repressa</span> <span class='ocrx_word' id='word_1_163' title='bbox 1864 787 2060 823; x_wconf 89' lang='lat' dir='ltr'>tormentis</span> <span class='ocrx_word' id='word_1_164' title='bbox 2088 787 2240 824; x_wconf 86' lang='lat' dir='ltr'>uberius</span> <span class='ocrx_word' id='word_1_165' title='bbox 2266 802 2403 838; x_wconf 86' lang='lat' dir='ltr'>erupe-</span> 
     </span>
     <span class='ocr_line' id='line_1_25' title="bbox 1410 847 2400 896; baseline 0.001 -14"><span class='ocrx_word' id='word_1_166' title='bbox 1410 855 1507 882; x_wconf 89' lang='lat' dir='ltr'>runt.</span> <span class='ocrx_word' id='word_1_167' title='bbox 1540 850 1597 883; x_wconf 81' lang='lat' dir='ltr'>Au</span> <span class='ocrx_word' id='word_1_168' title='bbox 1620 858 1694 881; x_wconf 92' lang='lat' dir='ltr'>non</span> <span class='ocrx_word' id='word_1_169' title='bbox 1716 853 1878 894; x_wconf 85' lang='lat' dir='ltr'>quantus</span> <span class='ocrx_word' id='word_1_170' title='bbox 1907 858 2086 882; x_wconf 89' lang='lat' dir='ltr'>numerus</span> <span class='ocrx_word' id='word_1_171' title='bbox 2112 847 2400 896; x_wconf 86' lang='lat' dir='ltr'>suppliciorum,</span> 
     </span>
     <span class='ocr_line' id='line_1_26' title="bbox 1410 905 2403 943; baseline 0.001 -1"><span class='ocrx_word' id='word_1_172' title='bbox 1410 913 1534 942; x_wconf 86' lang='lat' dir='ltr'>tantus</span> <span class='ocrx_word' id='word_1_173' title='bbox 1568 913 1605 941; x_wconf 88' lang='lat' dir='ltr'>et</span> <span class='ocrx_word' id='word_1_174' title='bbox 1635 917 1791 941; x_wconf 87' lang='lat' dir='ltr'>acervus</span> <span class='ocrx_word' id='word_1_175' title='bbox 1825 905 2152 941; x_wconf 78' lang='lat' dir='ltr'>testimoniorum?</span> <span class='ocrx_word' id='word_1_176' title='bbox 2177 906 2253 942; x_wconf 85' lang='lat' dir='ltr'>Etsi</span> <span class='ocrx_word' id='word_1_177' title='bbox 2281 914 2403 943; x_wconf 90' lang='lat' dir='ltr'>morte</span> 
     </span>
     <span class='ocr_line' id='line_1_27' title="bbox 1408 964 2403 1009; baseline 0.001 -9"><span class='ocrx_word' id='word_1_178' title='bbox 1408 964 1530 1001; x_wconf 87' lang='lat' dir='ltr'>assecti</span> <span class='ocrx_word' id='word_1_179' title='bbox 1555 972 1631 1000; x_wconf 89' lang='lat' dir='ltr'>tota</span> <span class='ocrx_word' id='word_1_180' title='bbox 1650 964 1728 1009; x_wconf 91' lang='lat' dir='ltr'>die,</span> <span class='ocrx_word' id='word_1_181' title='bbox 1750 971 1786 999; x_wconf 89' lang='lat' dir='ltr'>et</span> <span class='ocrx_word' id='word_1_182' title='bbox 1815 964 1984 1000; x_wconf 80' lang='lat' dir='ltr'>aestiinati</span> <span class='ocrx_word' id='word_1_183' title='bbox 2005 965 2100 1000; x_wconf 83' lang='lat' dir='ltr'>sieut</span> <span class='ocrx_word' id='word_1_184' title='bbox 2124 978 2214 1002; x_wconf 85' lang='lat' dir='ltr'>oves</span> <span class='ocrx_word' id='word_1_185' title='bbox 2241 965 2403 1002; x_wconf 87' lang='lat' dir='ltr'>occisio-</span> 
     </span>
    </p>
   </div>
   <div class='ocr_carea' id='block_1_7' title="bbox 352 1021 2403 1071">
    <p class='ocr_par' dir='ltr' id='par_1_7' title="bbox 352 1021 2403 1071">
     <span class='ocr_line' id='line_1_28' title="bbox 352 1021 2403 1071; baseline -0.004 -1"><span class='ocrx_word' id='word_1_186' title='bbox 352 1031 579 1070; x_wconf 81' lang='lat' dir='ltr'>necessitatis</span> <span class='ocrx_word' id='word_1_187' title='bbox 599 1028 785 1069; x_wconf 80' lang='lat' dir='ltr'>debitum,</span> <span class='ocrx_word' id='word_1_188' title='bbox 807 1025 872 1061; x_wconf 81' lang='lat' dir='ltr'>sed</span> <span class='ocrx_word' id='word_1_189' title='bbox 893 1037 968 1060; x_wconf 88' lang='lat' dir='ltr'>non</span> <span class='ocrx_word' id='word_1_190' title='bbox 989 1021 1280 1071; x_wconf 76' lang='lat' dir='ltr'>sentiatjugum.</span> <span class='ocrx_word' id='word_1_191' title='bbox 1300 1025 1341 1058; x_wconf 92' lang='lat' dir='ltr'>In</span> <span class='ocrx_word' id='word_1_192' title='bbox 1362 1026 1388 1059; x_wconf 89' lang='lat' dir='ltr'>B</span> <span class='ocrx_word' id='word_1_193' title='bbox 1406 1025 1481 1066; x_wconf 83' lang='lat' dir='ltr'>nis,</span> <span class='ocrx_word' id='word_1_194' title='bbox 1506 1023 1542 1059; x_wconf 95' lang='lat' dir='ltr'>iu</span> <span class='ocrx_word' id='word_1_195' title='bbox 1563 1022 1739 1058; x_wconf 88' lang='lat' dir='ltr'>omnibus</span> <span class='ocrx_word' id='word_1_196' title='bbox 1770 1030 1893 1058; x_wconf 85' lang='lat' dir='ltr'>tamen</span> <span class='ocrx_word' id='word_1_197' title='bbox 1920 1032 2213 1071; x_wconf 84' lang='lat' dir='ltr'>superaverunt,</span> <span class='ocrx_word' id='word_1_198' title='bbox 2236 1032 2274 1060; x_wconf 87' lang='lat' dir='ltr'>et</span> <span class='ocrx_word' id='word_1_199' title='bbox 2299 1024 2403 1061; x_wconf 89' lang='lat' dir='ltr'>velut</span> 
     </span>
    </p>
   </div>
   <div class='ocr_carea' id='block_1_8' title="bbox 340 1080 1344 1779">
    <p class='ocr_par' dir='ltr' id='par_1_8' title="bbox 349 1080 1341 1314">
     <span class='ocr_line' id='line_1_29' title="bbox 350 1080 1341 1130; baseline -0.013 -2"><span class='ocrx_word' id='word_1_200' title='bbox 350 1091 451 1127; x_wconf 91' lang='lat' dir='ltr'>bono</span> <span class='ocrx_word' id='word_1_201' title='bbox 472 1089 589 1126; x_wconf 88' lang='lat' dir='ltr'>libera</span> <span class='ocrx_word' id='word_1_202' title='bbox 604 1088 669 1130; x_wconf 88' lang='lat' dir='ltr'>sit,</span> <span class='ocrx_word' id='word_1_203' title='bbox 692 1095 727 1122; x_wconf 92' lang='lat' dir='ltr'>et</span> <span class='ocrx_word' id='word_1_204' title='bbox 748 1085 793 1121; x_wconf 88' lang='lat' dir='ltr'>ad</span> <span class='ocrx_word' id='word_1_205' title='bbox 817 1083 959 1120; x_wconf 91' lang='lat' dir='ltr'>bonum</span> <span class='ocrx_word' id='word_1_206' title='bbox 982 1082 1226 1118; x_wconf 88' lang='lat' dir='ltr'>nihilomiuus</span> <span class='ocrx_word' id='word_1_207' title='bbox 1246 1080 1341 1117; x_wconf 90' lang='lat' dir='ltr'>libe-</span> 
     </span>
     <span class='ocr_line' id='line_1_30' title="bbox 350 1140 1340 1197; baseline -0.013 -9"><span class='ocrx_word' id='word_1_208' title='bbox 350 1165 412 1195; x_wconf 88' lang='lat' dir='ltr'>ra;</span> <span class='ocrx_word' id='word_1_209' title='bbox 435 1152 470 1186; x_wconf 90' lang='lat' dir='ltr'>iu</span> <span class='ocrx_word' id='word_1_210' title='bbox 493 1150 556 1186; x_wconf 95' lang='lat' dir='ltr'>illo</span> <span class='ocrx_word' id='word_1_211' title='bbox 576 1146 675 1197; x_wconf 86' lang='lat' dir='ltr'>quod</span> <span class='ocrx_word' id='word_1_212' title='bbox 690 1146 766 1194; x_wconf 80' lang='lat' dir='ltr'>jam</span> <span class='ocrx_word' id='word_1_213' title='bbox 787 1152 910 1188; x_wconf 85' lang='lat' dir='ltr'>tenet,</span> <span class='ocrx_word' id='word_1_214' title='bbox 933 1150 969 1178; x_wconf 90' lang='lat' dir='ltr'>et</span> <span class='ocrx_word' id='word_1_215' title='bbox 989 1141 1034 1177; x_wconf 88' lang='lat' dir='ltr'>ad</span> <span class='ocrx_word' id='word_1_216' title='bbox 1056 1140 1146 1177; x_wconf 87' lang='lat' dir='ltr'>illud</span> <span class='ocrx_word' id='word_1_217' title='bbox 1162 1154 1238 1190; x_wconf 91' lang='lat' dir='ltr'>quo</span> <span class='ocrx_word' id='word_1_218' title='bbox 1257 1149 1340 1177; x_wconf 87' lang='lat' dir='ltr'>ten-</span> 
     </span>
     <span class='ocr_line' id='line_1_31' title="bbox 350 1200 1339 1252; baseline -0.013 -5"><span class='ocrx_word' id='word_1_219' title='bbox 350 1211 438 1246; x_wconf 84' lang='lat' dir='ltr'>dere</span> <span class='ocrx_word' id='word_1_220' title='bbox 459 1208 569 1245; x_wconf 87' lang='lat' dir='ltr'>‹lebet</span> <span class='ocrx_word' id='word_1_221' title='bbox 591 1222 598 1243; x_wconf 90' lang='lat'>:</span> <span class='ocrx_word' id='word_1_222' title='bbox 621 1205 683 1243; x_wconf 90' lang='lat' dir='ltr'>sed</span> <span class='ocrx_word' id='word_1_223' title='bbox 706 1204 751 1241; x_wconf 91' lang='lat' dir='ltr'>ad</span> <span class='ocrx_word' id='word_1_224' title='bbox 773 1217 814 1239; x_wconf 89' lang='lat' dir='ltr'>ea</span> <span class='ocrx_word' id='word_1_225' title='bbox 837 1215 920 1252; x_wconf 84' lang='lat' dir='ltr'>quae</span> <span class='ocrx_word' id='word_1_226' title='bbox 942 1209 1042 1237; x_wconf 86' lang='lat' dir='ltr'>retro</span> <span class='ocrx_word' id='word_1_227' title='bbox 1064 1208 1170 1245; x_wconf 85' lang='lat' dir='ltr'>sunt,</span> <span class='ocrx_word' id='word_1_228' title='bbox 1199 1200 1339 1236; x_wconf 85' lang='lat' dir='ltr'>nullam</span> 
     </span>
     <span class='ocr_line' id='line_1_32' title="bbox 349 1261 1117 1314; baseline -0.016 -8"><span class='ocrx_word' id='word_1_229' title='bbox 349 1269 419 1306; x_wconf 86' lang='lat' dir='ltr'>sibi</span> <span class='ocrx_word' id='word_1_230' title='bbox 441 1267 628 1305; x_wconf 76' lang='lat' dir='ltr'>licentiam</span> <span class='ocrx_word' id='word_1_231' title='bbox 647 1264 867 1314; x_wconf 87' lang='lat' dir='ltr'>permissam</span> <span class='ocrx_word' id='word_1_232' title='bbox 889 1261 1117 1297; x_wconf 82' lang='lat' dir='ltr'>existimans.</span> 
     </span>
    </p>

    <p class='ocr_par' dir='ltr' id='par_1_9' title="bbox 340 1319 1344 1779">
     <span class='ocr_line' id='line_1_33' title="bbox 404 1319 1339 1375; baseline -0.012 -11"><span class='ocrx_word' id='word_1_233' title='bbox 404 1331 438 1364; x_wconf 82' lang='lat'>5.</span> <span class='ocrx_word' id='word_1_234' title='bbox 460 1332 515 1364; x_wconf 90' lang='lat' dir='ltr'>De</span> <span class='ocrx_word' id='word_1_235' title='bbox 528 1334 670 1375; x_wconf 73' lang='lat' dir='ltr'>(planto</span> <span class='ocrx_word' id='word_1_236' title='bbox 685 1336 820 1360; x_wconf 72' lang='lat' dir='ltr'>acervo</span> <span class='ocrx_word' id='word_1_237' title='bbox 837 1320 1038 1358; x_wconf 88' lang='lat' dir='ltr'>testimonii</span> <span class='ocrx_word' id='word_1_238' title='bbox 1056 1319 1193 1356; x_wconf 87' lang='lat' dir='ltr'>Paulus</span> <span class='ocrx_word' id='word_1_239' title='bbox 1211 1331 1339 1355; x_wconf 88' lang='lat' dir='ltr'>ascen-</span> 
     </span>
     <span class='ocr_line' id='line_1_34' title="bbox 350 1378 1339 1431; baseline -0.012 -7"><span class='ocrx_word' id='word_1_240' title='bbox 350 1388 463 1431; x_wconf 89' lang='lat' dir='ltr'>derit,</span> <span class='ocrx_word' id='word_1_241' title='bbox 499 1385 647 1422; x_wconf 87' lang='lat' dir='ltr'>taudem</span> <span class='ocrx_word' id='word_1_242' title='bbox 682 1382 821 1419; x_wconf 91' lang='lat' dir='ltr'>audite.</span> <span class='ocrx_word' id='word_1_243' title='bbox 859 1384 944 1428; x_wconf 75' lang='lat' dir='ltr'>Ipse</span> <span class='ocrx_word' id='word_1_244' title='bbox 959 1408 969 1424; x_wconf 90' lang='lat'><em>‚</em></span> <span class='ocrx_word' id='word_1_245' title='bbox 1006 1378 1149 1427; x_wconf 89' lang='lat' dir='ltr'>inquit,</span> <span class='ocrx_word' id='word_1_246' title='bbox 1189 1380 1339 1425; x_wconf 80' lang='lat' dir='ltr'>quidem</span> 
     </span>
     <span class='ocr_line' id='line_1_35' title="bbox 347 1438 1344 1495; baseline -0.012 -13"><span class='ocrx_word' id='word_1_247' title='bbox 347 1450 504 1495; x_wconf 73' lang='lat' dir='ltr'>Spiritus</span> <span class='ocrx_word' id='word_1_248' title='bbox 525 1447 770 1481; x_wconf 79' lang='lat' dir='ltr'>testimonium</span> <span class='ocrx_word' id='word_1_249' title='bbox 792 1442 913 1476; x_wconf 79' lang='lat' dir='ltr'>reddit</span> <span class='ocrx_word' id='word_1_250' title='bbox 924 1442 1068 1487; x_wconf 77' lang='lat' dir='ltr'>spiritui</span> <span class='ocrx_word' id='word_1_251' title='bbox 1083 1446 1205 1473; x_wconf 81' lang='lat' dir='ltr'>nostro</span> <span class='ocrx_word' id='word_1_252' title='bbox 1218 1465 1227 1481; x_wconf 95' lang='lat'>,</span> <span class='ocrx_word' id='word_1_253' title='bbox 1245 1438 1344 1484; x_wconf 80' lang='lat' dir='ltr'>quod</span> 
     </span>
     <span class='ocr_line' id='line_1_36' title="bbox 345 1497 1340 1552; baseline -0.011 -10"><span class='ocrx_word' id='word_1_254' title='bbox 345 1507 565 1552; x_wconf 68' lang='lat' dir='ltr'>smniccfilii</span> <span class='ocrx_word' id='word_1_255' title='bbox 586 1507 655 1539; x_wconf 77' lang='lat' dir='ltr'>Dei</span> <span class='ocrx_word' id='word_1_256' title='bbox 674 1509 697 1538; x_wconf 71' lang='lat'>².</span> <span class='ocrx_word' id='word_1_257' title='bbox 718 1505 890 1549; x_wconf 86' lang='lat' dir='ltr'>Quantus</span> <span class='ocrx_word' id='word_1_258' title='bbox 910 1512 987 1535; x_wconf 91' lang='lat' dir='ltr'>uno</span> <span class='ocrx_word' id='word_1_259' title='bbox 1007 1499 1044 1534; x_wconf 91' lang='lat' dir='ltr'>in</span> <span class='ocrx_word' id='word_1_260' title='bbox 1066 1497 1138 1533; x_wconf 92' lang='lat' dir='ltr'>hoc</span> <span class='ocrx_word' id='word_1_261' title='bbox 1169 1497 1340 1533; x_wconf 89' lang='lat' dir='ltr'>testimo-</span> 
     </span>
     <span class='ocr_line' id='line_1_37' title="bbox 347 1555 1340 1607; baseline -0.012 -5"><span class='ocrx_word' id='word_1_262' title='bbox 347 1567 409 1602; x_wconf 91' lang='lat' dir='ltr'>nio</span> <span class='ocrx_word' id='word_1_263' title='bbox 442 1566 616 1601; x_wconf 77' lang='lat' dir='ltr'>acervus!</span> <span class='ocrx_word' id='word_1_264' title='bbox 638 1561 708 1599; x_wconf 84' lang='lat' dir='ltr'>Sed</span> <span class='ocrx_word' id='word_1_265' title='bbox 732 1560 820 1596; x_wconf 72' lang='lat' dir='ltr'>l&#39;oris</span> <span class='ocrx_word' id='word_1_266' title='bbox 841 1557 1024 1607; x_wconf 85' lang='lat' dir='ltr'>numquid</span> <span class='ocrx_word' id='word_1_267' title='bbox 1046 1569 1121 1593; x_wconf 89' lang='lat' dir='ltr'>non</span> <span class='ocrx_word' id='word_1_268' title='bbox 1149 1555 1340 1605; x_wconf 87' lang='lat' dir='ltr'>perhibuit</span> 
     </span>
     <span class='ocr_line' id='line_1_38' title="bbox 347 1619 1341 1668; baseline -0.012 -6"><span class='ocrx_word' id='word_1_269' title='bbox 347 1625 603 1662; x_wconf 86' lang='lat' dir='ltr'>testimonium</span> <span class='ocrx_word' id='word_1_270' title='bbox 621 1624 635 1658; x_wconf 71' lang='grc' dir='ltr'>Ρ</span> <span class='ocrx_word' id='word_1_271' title='bbox 662 1624 762 1664; x_wconf 79' lang='lat' dir='ltr'>Deo,</span> <span class='ocrx_word' id='word_1_272' title='bbox 784 1619 924 1668; x_wconf 85' lang='lat' dir='ltr'>inquit,</span> <span class='ocrx_word' id='word_1_273' title='bbox 951 1626 1149 1653; x_wconf 78' lang='lat' dir='ltr'>attestante</span> <span class='ocrx_word' id='word_1_274' title='bbox 1170 1620 1284 1665; x_wconf 76' lang='lat' dir='ltr'>signis</span> <span class='ocrx_word' id='word_1_275' title='bbox 1308 1625 1341 1651; x_wconf 82' lang='lat' dir='ltr'>et</span> 
     </span>
     <span class='ocr_line' id='line_1_39' title="bbox 340 1677 1339 1733; baseline -0.01 -14"><span class='ocrx_word' id='word_1_276' title='bbox 340 1687 525 1733; x_wconf 71' lang='lat' dir='ltr'>prodigiis</span> <span class='ocrx_word' id='word_1_277' title='bbox 545 1691 581 1717; x_wconf 76' lang='lat' dir='ltr'>et</span> <span class='ocrx_word' id='word_1_278' title='bbox 599 1684 717 1717; x_wconf 78' lang='lat' dir='ltr'>variis</span> <span class='ocrx_word' id='word_1_279' title='bbox 740 1677 945 1722; x_wconf 76' lang='lat' dir='ltr'>virtutibus,</span> <span class='ocrx_word' id='word_1_280' title='bbox 979 1686 1013 1712; x_wconf 87' lang='lat' dir='ltr'>et</span> <span class='ocrx_word' id='word_1_281' title='bbox 1041 1678 1197 1723; x_wconf 75' lang='lat' dir='ltr'>Spiritus</span> <span class='ocrx_word' id='word_1_282' title='bbox 1221 1679 1339 1710; x_wconf 78' lang='lat' dir='ltr'>sancti</span> 
     </span>
     <span class='ocr_line' id='line_1_40' title="bbox 345 1734 1336 1779; baseline -0.008 -2"><span class='ocrx_word' id='word_1_283' title='bbox 345 1741 657 1779; x_wconf 74' lang='lat' dir='ltr'>distributionibus</span> <span class='ocrx_word' id='word_1_284' title='bbox 672 1738 696 1775; x_wconf 81' lang='lat'>3.</span> <span class='ocrx_word' id='word_1_285' title='bbox 718 1742 763 1775; x_wconf 79' lang='lat' dir='ltr'>Et</span> <span class='ocrx_word' id='word_1_286' title='bbox 787 1746 907 1774; x_wconf 82' lang='lat' dir='ltr'>tamen</span> <span class='ocrx_word' id='word_1_287' title='bbox 933 1744 1038 1772; x_wconf 90' lang='lat' dir='ltr'>tanto</span> <span class='ocrx_word' id='word_1_288' title='bbox 1059 1734 1336 1771; x_wconf 86' lang='lat' dir='ltr'>constitutusin</span> 
     </span>
    </p>
   </div>
   <div class='ocr_carea' id='block_1_9' title="bbox 1405 1081 2401 1772">
    <p class='ocr_par' dir='ltr' id='par_1_10' title="bbox 1405 1081 2401 1772">
     <span class='ocr_line' id='line_1_41' title="bbox 1407 1081 2400 1132; baseline 0.001 -13"><span class='ocrx_word' id='word_1_289' title='bbox 1407 1081 1774 1132; x_wconf 85' lang='lat' dir='ltr'>superascenderunt</span> <span class='ocrx_word' id='word_1_290' title='bbox 1799 1081 1845 1117; x_wconf 82' lang='lat' dir='ltr'>(le</span> <span class='ocrx_word' id='word_1_291' title='bbox 1872 1081 2033 1127; x_wconf 85' lang='lat' dir='ltr'>Galaad,</span> <span class='ocrx_word' id='word_1_292' title='bbox 2061 1082 2107 1119; x_wconf 88' lang='lat' dir='ltr'>de</span> <span class='ocrx_word' id='word_1_293' title='bbox 2133 1096 2268 1120; x_wconf 90' lang='lat' dir='ltr'>acervo</span> <span class='ocrx_word' id='word_1_294' title='bbox 2298 1096 2400 1120; x_wconf 88' lang='lat' dir='ltr'>mar-</span> 
     </span>
     <span class='ocr_line' id='line_1_42' title="bbox 1408 1140 2401 1192; baseline 0.001 -14"><span class='ocrx_word' id='word_1_295' title='bbox 1408 1142 1507 1191; x_wconf 87' lang='lat' dir='ltr'>tyrii.</span> <span class='ocrx_word' id='word_1_296' title='bbox 1538 1145 1621 1178; x_wconf 74' lang='lat' dir='ltr'>Non</span> <span class='ocrx_word' id='word_1_297' title='bbox 1649 1141 1748 1177; x_wconf 87' lang='lat' dir='ltr'>enim</span> <span class='ocrx_word' id='word_1_298' title='bbox 1770 1140 1815 1177; x_wconf 89' lang='lat' dir='ltr'>de</span> <span class='ocrx_word' id='word_1_299' title='bbox 1835 1141 2094 1178; x_wconf 86' lang='lat' dir='ltr'>conservanda</span> <span class='ocrx_word' id='word_1_300' title='bbox 2117 1143 2304 1192; x_wconf 87' lang='lat' dir='ltr'>corporali</span> <span class='ocrx_word' id='word_1_301' title='bbox 2325 1143 2401 1179; x_wconf 87' lang='lat' dir='ltr'>vita</span> 
     </span>
     <span class='ocr_line' id='line_1_43' title="bbox 1406 1200 2401 1246; baseline 0 -8"><span class='ocrx_word' id='word_1_302' title='bbox 1406 1209 1594 1238; x_wconf 84' lang='lat' dir='ltr'>certamen</span> <span class='ocrx_word' id='word_1_303' title='bbox 1618 1200 1783 1236; x_wconf 88' lang='lat' dir='ltr'>inierunt</span> <span class='ocrx_word' id='word_1_304' title='bbox 1807 1200 1923 1237; x_wconf 84' lang='lat' dir='ltr'>sancti</span> <span class='ocrx_word' id='word_1_305' title='bbox 1939 1229 1949 1246; x_wconf 90' lang='lat'>,</span> <span class='ocrx_word' id='word_1_306' title='bbox 1972 1200 2036 1236; x_wconf 86' lang='lat' dir='ltr'>sed</span> <span class='ocrx_word' id='word_1_307' title='bbox 2060 1200 2106 1237; x_wconf 88' lang='lat' dir='ltr'>de</span> <span class='ocrx_word' id='word_1_308' title='bbox 2127 1201 2203 1238; x_wconf 87' lang='lat' dir='ltr'>vita</span> <span class='ocrx_word' id='word_1_309' title='bbox 2225 1201 2331 1246; x_wconf 82' lang='lat' dir='ltr'>fidei,</span> <span class='ocrx_word' id='word_1_310' title='bbox 2354 1215 2401 1238; x_wconf 89' lang='lat' dir='ltr'>ex</span> 
     </span>
     <span class='ocr_line' id='line_1_44' title="bbox 1406 1258 2400 1310; baseline -0.001 -13"><span class='ocrx_word' id='word_1_311' title='bbox 1406 1273 1479 1310; x_wconf 87' lang='lat' dir='ltr'>qua</span> <span class='ocrx_word' id='word_1_312' title='bbox 1495 1259 1618 1308; x_wconf 86' lang='lat' dir='ltr'>justus</span> <span class='ocrx_word' id='word_1_313' title='bbox 1639 1259 1742 1294; x_wconf 82' lang='lat' dir='ltr'>vivit.</span> <span class='ocrx_word' id='word_1_314' title='bbox 1767 1258 1933 1307; x_wconf 79' lang='lat' dir='ltr'>Ideoque</span> <span class='ocrx_word' id='word_1_315' title='bbox 1956 1259 1993 1294; x_wconf 91' lang='lat' dir='ltr'>in</span> <span class='ocrx_word' id='word_1_316' title='bbox 2020 1259 2197 1296; x_wconf 88' lang='lat' dir='ltr'>omnibus</span> <span class='ocrx_word' id='word_1_317' title='bbox 2221 1268 2400 1310; x_wconf 85' lang='lat' dir='ltr'>superant</span> 
     </span>
     <span class='ocr_line' id='line_1_45' title="bbox 1406 1319 2399 1370; baseline -0.002 -13"><span class='ocrx_word' id='word_1_318' title='bbox 1406 1320 1543 1370; x_wconf 89' lang='lat' dir='ltr'>quibus</span> <span class='ocrx_word' id='word_1_319' title='bbox 1577 1319 1678 1355; x_wconf 82' lang='lat' dir='ltr'>salva</span> <span class='ocrx_word' id='word_1_320' title='bbox 1708 1331 1817 1354; x_wconf 88' lang='lat' dir='ltr'>causa</span> <span class='ocrx_word' id='word_1_321' title='bbox 1853 1319 2033 1355; x_wconf 86' lang='lat' dir='ltr'>consistit.</span> <span class='ocrx_word' id='word_1_322' title='bbox 2067 1319 2268 1367; x_wconf 90' lang='lat' dir='ltr'>Quomodo</span> <span class='ocrx_word' id='word_1_323' title='bbox 2298 1319 2399 1356; x_wconf 87' lang='lat' dir='ltr'>enim</span> 
     </span>
     <span class='ocr_line' id='line_1_46' title="bbox 1407 1378 2400 1427; baseline 0 -13"><span class='ocrx_word' id='word_1_324' title='bbox 1407 1392 1482 1414; x_wconf 92' lang='lat' dir='ltr'>non</span> <span class='ocrx_word' id='word_1_325' title='bbox 1503 1385 1701 1427; x_wconf 89' lang='lat' dir='ltr'>superant,</span> <span class='ocrx_word' id='word_1_326' title='bbox 1729 1390 1813 1413; x_wconf 88' lang='lat' dir='ltr'>cum</span> <span class='ocrx_word' id='word_1_327' title='bbox 1843 1385 1907 1413; x_wconf 87' lang='lat' dir='ltr'>aut</span> <span class='ocrx_word' id='word_1_328' title='bbox 1929 1378 2165 1426; x_wconf 88' lang='lat' dir='ltr'>persistendo</span> <span class='ocrx_word' id='word_1_329' title='bbox 2193 1378 2232 1414; x_wconf 91' lang='lat' dir='ltr'>in</span> <span class='ocrx_word' id='word_1_330' title='bbox 2251 1378 2400 1415; x_wconf 87' lang='lat' dir='ltr'>confes-</span> 
     </span>
     <span class='ocr_line' id='line_1_47' title="bbox 1406 1437 2399 1487; baseline -0.001 -12"><span class='ocrx_word' id='word_1_331' title='bbox 1406 1439 1510 1475; x_wconf 86' lang='lat' dir='ltr'>sione</span> <span class='ocrx_word' id='word_1_332' title='bbox 1536 1437 1671 1473; x_wconf 84' lang='lat' dir='ltr'>redditi</span> <span class='ocrx_word' id='word_1_333' title='bbox 1697 1444 1784 1472; x_wconf 90' lang='lat' dir='ltr'>sunt</span> <span class='ocrx_word' id='word_1_334' title='bbox 1808 1437 2027 1482; x_wconf 88' lang='lat' dir='ltr'>aeternitati,</span> <span class='ocrx_word' id='word_1_335' title='bbox 2048 1446 2112 1474; x_wconf 86' lang='lat' dir='ltr'>aut</span> <span class='ocrx_word' id='word_1_336' title='bbox 2135 1437 2399 1487; x_wconf 76' lang='lat' dir='ltr'>persuadendo</span> 
     </span>
     <span class='ocr_line' id='line_1_48' title="bbox 1406 1496 2398 1547; baseline -0.001 -13"><span class='ocrx_word' id='word_1_337' title='bbox 1406 1505 1666 1547; x_wconf 80' lang='lat' dir='ltr'>persecutores</span> <span class='ocrx_word' id='word_1_338' title='bbox 1693 1496 1993 1532; x_wconf 77' lang='lat' dir='ltr'>informaverunt</span> <span class='ocrx_word' id='word_1_339' title='bbox 2023 1497 2198 1533; x_wconf 80' lang='lat' dir='ltr'>veritati?</span> <span class='ocrx_word' id='word_1_340' title='bbox 2226 1497 2398 1546; x_wconf 87' lang='lat' dir='ltr'>Denique</span> 
     </span>
     <span class='ocr_line' id='line_1_49' title="bbox 1407 1555 2396 1604; baseline -0.001 -11"><span class='ocrx_word' id='word_1_341' title='bbox 1407 1557 1475 1593; x_wconf 90' lang='lat' dir='ltr'>etsi</span> <span class='ocrx_word' id='word_1_342' title='bbox 1502 1555 1672 1593; x_wconf 85' lang='lat' dir='ltr'>aestimati</span> <span class='ocrx_word' id='word_1_343' title='bbox 1701 1563 1789 1591; x_wconf 91' lang='lat' dir='ltr'>sunt</span> <span class='ocrx_word' id='word_1_344' title='bbox 1819 1555 1914 1591; x_wconf 84' lang='lat' dir='ltr'>sicut</span> <span class='ocrx_word' id='word_1_345' title='bbox 1943 1568 2032 1591; x_wconf 80' lang='lat' dir='ltr'>oves</span> <span class='ocrx_word' id='word_1_346' title='bbox 2058 1555 2280 1600; x_wconf 86' lang='lat' dir='ltr'>occisionis,</span> <span class='ocrx_word' id='word_1_347' title='bbox 2309 1555 2396 1604; x_wconf 87' lang='lat' dir='ltr'>qui·</span> 
     </span>
     <span class='ocr_line' id='line_1_50' title="bbox 1405 1613 2398 1652; baseline -0.002 0"><span class='ocrx_word' id='word_1_348' title='bbox 1405 1616 1561 1652; x_wconf 88' lang='lat' dir='ltr'>busdam</span> <span class='ocrx_word' id='word_1_349' title='bbox 1594 1624 1716 1651; x_wconf 87' lang='lat' dir='ltr'>tamen</span> <span class='ocrx_word' id='word_1_350' title='bbox 1746 1613 1918 1650; x_wconf 88' lang='lat' dir='ltr'>innocuis</span> <span class='ocrx_word' id='word_1_351' title='bbox 1948 1614 2125 1651; x_wconf 86' lang='lat' dir='ltr'>dentibus</span> <span class='ocrx_word' id='word_1_352' title='bbox 2153 1614 2200 1651; x_wconf 88' lang='lat' dir='ltr'>ab</span> <span class='ocrx_word' id='word_1_353' title='bbox 2230 1614 2398 1651; x_wconf 82' lang='lat' dir='ltr'>infideli-</span> 
     </span>
     <span class='ocr_line' id='line_1_51' title="bbox 1406 1673 2398 1723; baseline -0.002 -11"><span class='ocrx_word' id='word_1_354' title='bbox 1406 1677 1490 1712; x_wconf 87' lang='lat' dir='ltr'>tatis</span> <span class='ocrx_word' id='word_1_355' title='bbox 1518 1675 1641 1712; x_wconf 84' lang='lat' dir='ltr'>radice</span> <span class='ocrx_word' id='word_1_356' title='bbox 1666 1675 1790 1710; x_wconf 88' lang='lat' dir='ltr'>hostes</span> <span class='ocrx_word' id='word_1_357' title='bbox 1817 1673 2071 1723; x_wconf 66' lang='lat' dir='ltr'>praeciderunt</span> <span class='ocrx_word' id='word_1_358' title='bbox 2099 1687 2212 1720; x_wconf 89' lang='lat' dir='ltr'>suos,</span> <span class='ocrx_word' id='word_1_359' title='bbox 2236 1682 2277 1710; x_wconf 90' lang='lat' dir='ltr'>ut</span> <span class='ocrx_word' id='word_1_360' title='bbox 2299 1674 2398 1710; x_wconf 88' lang='lat' dir='ltr'>inter</span> 
     </span>
     <span class='ocr_line' id='line_1_52' title="bbox 1406 1732 2168 1772; baseline -0.003 -1"><span class='ocrx_word' id='word_1_361' title='bbox 1406 1735 1579 1772; x_wconf 78' lang='lat' dir='ltr'>Ecclesiae</span> <span class='ocrx_word' id='word_1_362' title='bbox 1601 1734 1724 1770; x_wconf 79' lang='lat' dir='ltr'>vitalia</span> <span class='ocrx_word' id='word_1_363' title='bbox 1746 1732 1993 1769; x_wconf 87' lang='lat' dir='ltr'>reconderent</span> <span class='ocrx_word' id='word_1_364' title='bbox 2013 1732 2168 1769; x_wconf 86' lang='lat' dir='ltr'>viscera.</span> 
     </span>
    </p>
   </div>
   <div class='ocr_carea' id='block_1_10' title="bbox 345 1791 2397 1843">
    <p class='ocr_par' dir='ltr' id='par_1_11' title="bbox 345 1791 2397 1843">
     <span class='ocr_line' id='line_1_53' title="bbox 345 1791 2397 1843; baseline -0.007 -5"><span class='ocrx_word' id='word_1_365' title='bbox 345 1815 481 1839; x_wconf 80' lang='lat' dir='ltr'>acervo</span> <span class='ocrx_word' id='word_1_366' title='bbox 513 1801 695 1836; x_wconf 75' lang='lat' dir='ltr'>virtutum</span> <span class='ocrx_word' id='word_1_367' title='bbox 737 1805 774 1833; x_wconf 91' lang='lat' dir='ltr'>et</span> <span class='ocrx_word' id='word_1_368' title='bbox 818 1795 1072 1832; x_wconf 79' lang='lat' dir='ltr'>attestantium</span> <span class='ocrx_word' id='word_1_369' title='bbox 1104 1793 1307 1843; x_wconf 77' lang='lat' dir='ltr'>gratiarum</span> <span class='ocrx_word' id='word_1_370' title='bbox 1327 1807 1335 1829; x_wconf 85' lang='lat'>:</span> <span class='ocrx_word' id='word_1_371' title='bbox 1357 1794 1384 1827; x_wconf 89' lang='lat' dir='ltr'>C</span> <span class='ocrx_word' id='word_1_372' title='bbox 1454 1796 1489 1831; x_wconf 85' lang='lat' dir='ltr'>G.</span> <span class='ocrx_word' id='word_1_373' title='bbox 1518 1800 1574 1831; x_wconf 84' lang='lat' dir='ltr'>An</span> <span class='ocrx_word' id='word_1_374' title='bbox 1603 1807 1678 1829; x_wconf 92' lang='lat' dir='ltr'>non</span> <span class='ocrx_word' id='word_1_375' title='bbox 1706 1793 1777 1828; x_wconf 91' lang='lat' dir='ltr'>hoc</span> <span class='ocrx_word' id='word_1_376' title='bbox 1807 1791 1877 1828; x_wconf 89' lang='lat' dir='ltr'>sibi</span> <span class='ocrx_word' id='word_1_377' title='bbox 1902 1792 1982 1828; x_wconf 82' lang='lat' dir='ltr'>vult</span> <span class='ocrx_word' id='word_1_378' title='bbox 2007 1791 2110 1840; x_wconf 89' lang='lat' dir='ltr'>quod</span> <span class='ocrx_word' id='word_1_379' title='bbox 2137 1791 2397 1829; x_wconf 77' lang='lat' dir='ltr'>subnectitur?</span> 
     </span>
    </p>
   </div>
   <div class='ocr_carea' id='block_1_11' title="bbox 340 1853 1339 2551">
    <p class='ocr_par' dir='ltr' id='par_1_12' title="bbox 340 1853 1339 2551">
     <span class='ocr_line' id='line_1_54' title="bbox 344 1853 1335 1906; baseline -0.01 -9"><span class='ocrx_word' id='word_1_380' title='bbox 344 1863 516 1897; x_wconf 78' lang='lat' dir='ltr'>Nondum</span> <span class='ocrx_word' id='word_1_381' title='bbox 532 1888 541 1902; x_wconf 85' lang='lat'>,</span> <span class='ocrx_word' id='word_1_382' title='bbox 577 1858 722 1906; x_wconf 88' lang='lat' dir='ltr'>inquit,</span> <span class='ocrx_word' id='word_1_383' title='bbox 745 1870 802 1891; x_wconf 74' lang='lat' dir='ltr'>nie</span> <span class='ocrx_word' id='word_1_384' title='bbox 821 1855 978 1890; x_wconf 75' lang='lat' dir='ltr'>arbitror</span> <span class='ocrx_word' id='word_1_385' title='bbox 1007 1853 1335 1901; x_wconf 76' lang='lat' dir='ltr'>eompreliendisse.</span> 
     </span>
     <span class='ocr_line' id='line_1_55' title="bbox 349 1913 1337 1966; baseline -0.01 -10"><span class='ocrx_word' id='word_1_386' title='bbox 349 1923 472 1958; x_wconf 80' lang='lat' dir='ltr'>Unum</span> <span class='ocrx_word' id='word_1_387' title='bbox 490 1921 638 1966; x_wconf 83' lang='lat' dir='ltr'>quidem</span> <span class='ocrx_word' id='word_1_388' title='bbox 655 1930 742 1965; x_wconf 74' lang='lat' dir='ltr'>qua?</span> <span class='ocrx_word' id='word_1_389' title='bbox 757 1924 850 1950; x_wconf 86' lang='lat' dir='ltr'>retro</span> <span class='ocrx_word' id='word_1_390' title='bbox 868 1922 953 1949; x_wconf 76' lang='lat' dir='ltr'>sicne</span> <span class='ocrx_word' id='word_1_391' title='bbox 975 1913 1106 1948; x_wconf 80' lang='lat' dir='ltr'>oblitus</span> <span class='ocrx_word' id='word_1_392' title='bbox 1122 1941 1132 1956; x_wconf 88' lang='lat'><em>‚</em></span> <span class='ocrx_word' id='word_1_393' title='bbox 1154 1913 1207 1946; x_wconf 89' lang='lat' dir='ltr'>ad</span> <span class='ocrx_word' id='word_1_394' title='bbox 1231 1921 1337 1947; x_wconf 86' lang='lat' dir='ltr'>ante-</span> 
     </span>
     <span class='ocr_line' id='line_1_56' title="bbox 343 1970 1336 2020; baseline -0.007 -6"><span class='ocrx_word' id='word_1_395' title='bbox 343 1985 440 2015; x_wconf 85' lang='lat' dir='ltr'>riora</span> <span class='ocrx_word' id='word_1_396' title='bbox 471 1977 691 2013; x_wconf 44' lang='lat' dir='ltr'>extendor&amp;</span> <span class='ocrx_word' id='word_1_397' title='bbox 733 1978 779 2009; x_wconf 85' lang='lat' dir='ltr'>Et</span> <span class='ocrx_word' id='word_1_398' title='bbox 799 1988 864 2008; x_wconf 87' lang='lat' dir='ltr'>nos</span> <span class='ocrx_word' id='word_1_399' title='bbox 886 1987 969 2020; x_wconf 80' lang='lat' dir='ltr'>ergo</span> <span class='ocrx_word' id='word_1_400' title='bbox 990 1981 1131 2007; x_wconf 83' lang='lat' dir='ltr'>tantam</span> <span class='ocrx_word' id='word_1_401' title='bbox 1164 1970 1336 2007; x_wconf 76' lang='lat' dir='ltr'>habentes</span> 
     </span>
     <span class='ocr_line' id='line_1_57' title="bbox 341 2031 1337 2086; baseline -0.008 -12"><span class='ocrx_word' id='word_1_402' title='bbox 341 2042 551 2086; x_wconf 77' lang='lat' dir='ltr'>impositam</span> <span class='ocrx_word' id='word_1_403' title='bbox 581 2033 712 2069; x_wconf 79' lang='lat' dir='ltr'>nubem</span> <span class='ocrx_word' id='word_1_404' title='bbox 751 2036 1042 2067; x_wconf 77' lang='lat' dir='ltr'>testimoniorum</span> <span class='ocrx_word' id='word_1_405' title='bbox 1065 2056 1075 2072; x_wconf 92' lang='lat'><em>‚</em></span> <span class='ocrx_word' id='word_1_406' title='bbox 1115 2031 1337 2076; x_wconf 76' lang='lat' dir='ltr'>deponentes</span> 
     </span>
     <span class='ocr_line' id='line_1_58' title="bbox 342 2095 1339 2144; baseline -0.01 -13"><span class='ocrx_word' id='word_1_407' title='bbox 342 2111 447 2133; x_wconf 84' lang='lat' dir='ltr'>omne</span> <span class='ocrx_word' id='word_1_408' title='bbox 468 2096 616 2144; x_wconf 73' lang='lat' dir='ltr'>pondus</span> <span class='ocrx_word' id='word_1_409' title='bbox 635 2101 669 2127; x_wconf 77' lang='lat' dir='ltr'>et</span> <span class='ocrx_word' id='word_1_410' title='bbox 694 2095 932 2126; x_wconf 72' lang='lat' dir='ltr'>circumstans</span> <span class='ocrx_word' id='word_1_411' title='bbox 956 2102 1021 2123; x_wconf 82' lang='lat' dir='ltr'>nos</span> <span class='ocrx_word' id='word_1_412' title='bbox 1039 2096 1249 2135; x_wconf 80' lang='lat' dir='ltr'>peceatum,</span> <span class='ocrx_word' id='word_1_413' title='bbox 1265 2100 1339 2134; x_wconf 79' lang='lat' dir='ltr'>per</span> 
     </span>
     <span class='ocr_line' id='line_1_59' title="bbox 340 2152 1337 2204; baseline -0.012 -12"><span class='ocrx_word' id='word_1_414' title='bbox 340 2160 566 2204; x_wconf 71' lang='lat' dir='ltr'>patientiam</span> <span class='ocrx_word' id='word_1_415' title='bbox 588 2164 779 2188; x_wconf 74' lang='lat' dir='ltr'>curramus</span> <span class='ocrx_word' id='word_1_416' title='bbox 809 2152 862 2185; x_wconf 85' lang='lat' dir='ltr'>ad</span> <span class='ocrx_word' id='word_1_417' title='bbox 870 2152 1103 2197; x_wconf 73' lang='lat' dir='ltr'>propositum</span> <span class='ocrx_word' id='word_1_418' title='bbox 1126 2155 1308 2181; x_wconf 85' lang='lat' dir='ltr'>certamen</span> <span class='ocrx_word' id='word_1_419' title='bbox 1323 2160 1337 2189; x_wconf 85' lang='lat'>,·</span> 
     </span>
     <span class='ocr_line' id='line_1_60' title="bbox 342 2210 1336 2263; baseline -0.01 -12"><span class='ocrx_word' id='word_1_420' title='bbox 342 2220 560 2263; x_wconf 76' lang='lat' dir='ltr'>aspicientes</span> <span class='ocrx_word' id='word_1_421' title='bbox 586 2216 622 2247; x_wconf 87' lang='lat' dir='ltr'>in</span> <span class='ocrx_word' id='word_1_422' title='bbox 643 2219 826 2246; x_wconf 79' lang='lat' dir='ltr'>auctorem</span> <span class='ocrx_word' id='word_1_423' title='bbox 842 2210 939 2255; x_wconf 81' lang='lat' dir='ltr'>fidei</span> <span class='ocrx_word' id='word_1_424' title='bbox 955 2216 990 2243; x_wconf 84' lang='lat' dir='ltr'>et</span> <span class='ocrx_word' id='word_1_425' title='bbox 1010 2214 1336 2241; x_wconf 77' lang='lat' dir='ltr'>consummatorem</span> 
     </span>
     <span class='ocr_line' id='line_1_61' title="bbox 342 2268 1335 2319; baseline -0.011 -9"><span class='ocrx_word' id='word_1_426' title='bbox 342 2278 468 2310; x_wconf 70' lang='lat' dir='ltr'>,lesum</span> <span class='ocrx_word' id='word_1_427' title='bbox 483 2301 492 2315; x_wconf 95' lang='lat'>,</span> <span class='ocrx_word' id='word_1_428' title='bbox 514 2276 577 2319; x_wconf 83' lang='lat' dir='ltr'>qni</span> <span class='ocrx_word' id='word_1_429' title='bbox 596 2274 787 2318; x_wconf 76' lang='lat' dir='ltr'>proposito</span> <span class='ocrx_word' id='word_1_430' title='bbox 809 2268 880 2303; x_wconf 83' lang='lat' dir='ltr'>sibi</span> <span class='ocrx_word' id='word_1_431' title='bbox 899 2268 1037 2315; x_wconf 73' lang='lat' dir='ltr'>gaudio</span> <span class='ocrx_word' id='word_1_432' title='bbox 1058 2269 1228 2300; x_wconf 71' lang='lat' dir='ltr'>sustinuit</span> <span class='ocrx_word' id='word_1_433' title='bbox 1253 2279 1335 2300; x_wconf 76' lang='lat' dir='ltr'>cric-</span> 
     </span>
     <span class='ocr_line' id='line_1_62' title="bbox 341 2325 1333 2377; baseline -0.01 -8"><span class='ocrx_word' id='word_1_434' title='bbox 341 2347 440 2377; x_wconf 75' lang='lat' dir='ltr'>cem,</span> <span class='ocrx_word' id='word_1_435' title='bbox 474 2329 687 2376; x_wconf 69' lang='lat' dir='ltr'>confusione</span> <span class='ocrx_word' id='word_1_436' title='bbox 710 2335 938 2375; x_wconf 70' lang='lat' dir='ltr'>cmetcmpta,</span> <span class='ocrx_word' id='word_1_437' title='bbox 971 2333 1082 2373; x_wconf 83' lang='lat' dir='ltr'>atque</span> <span class='ocrx_word' id='word_1_438' title='bbox 1106 2328 1145 2359; x_wconf 82' lang='lat' dir='ltr'>in</span> <span class='ocrx_word' id='word_1_439' title='bbox 1179 2325 1333 2359; x_wconf 69' lang='lat' dir='ltr'>dextera</span> 
     </span>
     <span class='ocr_line' id='line_1_63' title="bbox 344 2385 1332 2435; baseline -0.01 -9"><span class='ocrx_word' id='word_1_440' title='bbox 344 2395 411 2427; x_wconf 79' lang='lat' dir='ltr'>Dei</span> <span class='ocrx_word' id='word_1_441' title='bbox 435 2393 545 2425; x_wconf 74' lang='lat' dir='ltr'>sedi-t.</span> <span class='ocrx_word' id='word_1_442' title='bbox 571 2391 778 2435; x_wconf 78' lang='lat' dir='ltr'>Recogitate</span> <span class='ocrx_word' id='word_1_443' title='bbox 795 2390 892 2421; x_wconf 78' lang='lat' dir='ltr'>enim</span> <span class='ocrx_word' id='word_1_444' title='bbox 910 2398 991 2419; x_wconf 78' lang='lat' dir='ltr'>curn</span> <span class='ocrx_word' id='word_1_445' title='bbox 1009 2388 1075 2431; x_wconf 81' lang='lat' dir='ltr'>qui</span> <span class='ocrx_word' id='word_1_446' title='bbox 1095 2385 1207 2418; x_wconf 76' lang='lat' dir='ltr'>talem</span> <span class='ocrx_word' id='word_1_447' title='bbox 1227 2387 1332 2418; x_wconf 77' lang='lat' dir='ltr'>stisti-</span> 
     </span>
     <span class='ocr_line' id='line_1_64' title="bbox 340 2446 1332 2497; baseline -0.01 -11"><span class='ocrx_word' id='word_1_448' title='bbox 340 2455 421 2486; x_wconf 79' lang='lat' dir='ltr'>nait</span> <span class='ocrx_word' id='word_1_449' title='bbox 444 2463 468 2485; x_wconf 84' lang='lat' dir='ltr'>a</span> <span class='ocrx_word' id='word_1_450' title='bbox 489 2446 741 2497; x_wconf 73' lang='lat' dir='ltr'>peccatoribus</span> <span class='ocrx_word' id='word_1_451' title='bbox 777 2447 946 2479; x_wconf 73' lang='lat' dir='ltr'>adversus</span> <span class='ocrx_word' id='word_1_452' title='bbox 977 2447 1209 2489; x_wconf 75' lang='lat' dir='ltr'>semetipsum</span> <span class='ocrx_word' id='word_1_453' title='bbox 1246 2455 1332 2477; x_wconf 83' lang='lat' dir='ltr'>con-</span> 
     </span>
     <span class='ocr_line' id='line_1_65' title="bbox 341 2502 1332 2551; baseline -0.01 -6"><span class='ocrx_word' id='word_1_454' title='bbox 341 2512 597 2546; x_wconf 81' lang='lat' dir='ltr'>tradictionem</span> <span class='ocrx_word' id='word_1_455' title='bbox 614 2535 623 2549; x_wconf 89' lang='lat'>,</span> <span class='ocrx_word' id='word_1_456' title='bbox 654 2514 692 2540; x_wconf 84' lang='lat' dir='ltr'>ut</span> <span class='ocrx_word' id='word_1_457' title='bbox 719 2518 765 2539; x_wconf 89' lang='lat' dir='ltr'>ne</span> <span class='ocrx_word' id='word_1_458' title='bbox 785 2502 1002 2551; x_wconf 79' lang='lat' dir='ltr'>fiitigemini</span> <span class='ocrx_word' id='word_1_459' title='bbox 1031 2505 1164 2536; x_wconf 75' lang='lat' dir='ltr'>animis</span> <span class='ocrx_word' id='word_1_460' title='bbox 1203 2504 1332 2536; x_wconf 79' lang='lat' dir='ltr'>vestris</span> 
     </span>
    </p>
   </div>
   <div class='ocr_carea' id='block_1_12' title="bbox 1397 1850 2397 2548">
    <p class='ocr_par' dir='ltr' id='par_1_13' title="bbox 1397 1850 2397 2548">
     <span class='ocr_line' id='line_1_66' title="bbox 1403 1850 2397 1901; baseline -0.003 -11"><span class='ocrx_word' id='word_1_461' title='bbox 1403 1857 1561 1898; x_wconf 81' lang='lat' dir='ltr'>Dentes,</span> <span class='ocrx_word' id='word_1_462' title='bbox 1585 1852 1725 1901; x_wconf 82' lang='lat' dir='ltr'>inquit,</span> <span class='ocrx_word' id='word_1_463' title='bbox 1747 1856 1800 1887; x_wconf 79' lang='lat' dir='ltr'>tici</span> <span class='ocrx_word' id='word_1_464' title='bbox 1818 1855 1926 1899; x_wconf 78' lang='lat' dir='ltr'>quasi</span> <span class='ocrx_word' id='word_1_465' title='bbox 1940 1865 2034 1899; x_wconf 75' lang='lat' dir='ltr'>grex</span> <span class='ocrx_word' id='word_1_466' title='bbox 2051 1853 2300 1887; x_wconf 83' lang='lat' dir='ltr'>detonsarum.</span> <span class='ocrx_word' id='word_1_467' title='bbox 2322 1850 2397 1887; x_wconf 87' lang='lat' dir='ltr'>Ad-</span> 
     </span>
     <span class='ocr_line' id='line_1_67' title="bbox 1402 1910 2394 1962; baseline -0.004 -12"><span class='ocrx_word' id='word_1_468' title='bbox 1402 1914 1514 1950; x_wconf 80' lang='lat' dir='ltr'>vertis</span> <span class='ocrx_word' id='word_1_469' title='bbox 1538 1913 1666 1962; x_wconf 86' lang='lat' dir='ltr'>quales</span> <span class='ocrx_word' id='word_1_470' title='bbox 1690 1923 1780 1947; x_wconf 86' lang='lat' dir='ltr'>oves</span> <span class='ocrx_word' id='word_1_471' title='bbox 1801 1911 1880 1947; x_wconf 85' lang='lat' dir='ltr'>istae</span> <span class='ocrx_word' id='word_1_472' title='bbox 1905 1911 1997 1956; x_wconf 90' lang='lat' dir='ltr'>sint,</span> <span class='ocrx_word' id='word_1_473' title='bbox 2019 1923 2103 1959; x_wconf 86' lang='lat' dir='ltr'>quae</span> <span class='ocrx_word' id='word_1_474' title='bbox 2128 1918 2287 1959; x_wconf 87' lang='lat' dir='ltr'>possunt</span> <span class='ocrx_word' id='word_1_475' title='bbox 2307 1910 2394 1959; x_wconf 91' lang='lat' dir='ltr'>qui-</span> 
     </span>
     <span class='ocr_line' id='line_1_68' title="bbox 1401 1970 2396 2019; baseline -0.004 -9"><span class='ocrx_word' id='word_1_476' title='bbox 1401 1973 1486 2010; x_wconf 86' lang='lat' dir='ltr'>dem</span> <span class='ocrx_word' id='word_1_477' title='bbox 1507 1972 1727 2016; x_wconf 82' lang='lat' dir='ltr'>detonderi3</span> <span class='ocrx_word' id='word_1_478' title='bbox 1749 1970 1812 2007; x_wconf 90' lang='lat' dir='ltr'>sed</span> <span class='ocrx_word' id='word_1_479' title='bbox 1833 1970 1962 2007; x_wconf 90' lang='lat' dir='ltr'>dentes</span> <span class='ocrx_word' id='word_1_480' title='bbox 1982 1982 2109 2006; x_wconf 89' lang='lat' dir='ltr'>earum</span> <span class='ocrx_word' id='word_1_481' title='bbox 2135 1982 2212 2006; x_wconf 90' lang='lat' dir='ltr'>non</span> <span class='ocrx_word' id='word_1_482' title='bbox 2237 1978 2396 2019; x_wconf 89' lang='lat' dir='ltr'>possunt</span> 
     </span>
     <span class='ocr_line' id='line_1_69' title="bbox 1402 2028 2393 2078; baseline -0.003 -9"><span class='ocrx_word' id='word_1_483' title='bbox 1402 2032 1559 2069; x_wconf 90' lang='lat' dir='ltr'>conteri.</span> <span class='ocrx_word' id='word_1_484' title='bbox 1593 2030 1720 2069; x_wconf 89' lang='lat' dir='ltr'>Occidi</span> <span class='ocrx_word' id='word_1_485' title='bbox 1755 2037 1915 2078; x_wconf 89' lang='lat' dir='ltr'>possunt</span> <span class='ocrx_word' id='word_1_486' title='bbox 1933 2056 1942 2073; x_wconf 92' lang='lat'>‚</span> <span class='ocrx_word' id='word_1_487' title='bbox 1983 2037 2021 2065; x_wconf 89' lang='lat' dir='ltr'>et</span> <span class='ocrx_word' id='word_1_488' title='bbox 2054 2028 2153 2065; x_wconf 90' lang='lat' dir='ltr'>flecti</span> <span class='ocrx_word' id='word_1_489' title='bbox 2188 2037 2393 2078; x_wconf 87' lang='lat' dir='ltr'>nequeunt.</span> 
     </span>
     <span class='ocr_line' id='line_1_70' title="bbox 1401 2089 2395 2136; baseline 0.002 -13"><span class='ocrx_word' id='word_1_490' title='bbox 1401 2095 1483 2124; x_wconf 76' lang='lat' dir='ltr'>Iino</span> <span class='ocrx_word' id='word_1_491' title='bbox 1505 2091 1575 2136; x_wconf 83' lang='lat' dir='ltr'>ipsi</span> <span class='ocrx_word' id='word_1_492' title='bbox 1596 2097 1855 2136; x_wconf 86' lang='lat' dir='ltr'>persecutores</span> <span class='ocrx_word' id='word_1_493' title='bbox 1875 2089 2108 2134; x_wconf 84' lang='lat' dir='ltr'>infregerunt</span> <span class='ocrx_word' id='word_1_494' title='bbox 2134 2101 2221 2124; x_wconf 93' lang='lat' dir='ltr'>suos</span> <span class='ocrx_word' id='word_1_495' title='bbox 2237 2116 2246 2132; x_wconf 93' lang='lat'>,</span> <span class='ocrx_word' id='word_1_496' title='bbox 2269 2097 2306 2124; x_wconf 91' lang='lat' dir='ltr'>et</span> <span class='ocrx_word' id='word_1_497' title='bbox 2335 2089 2395 2125; x_wconf 91' lang='lat' dir='ltr'>in-</span> 
     </span>
     <span class='ocr_line' id='line_1_71' title="bbox 1401 2143 2394 2195; baseline 0.002 -13"><span class='ocrx_word' id='word_1_498' title='bbox 1401 2144 1588 2182; x_wconf 82' lang='lat' dir='ltr'>vincibilis</span> <span class='ocrx_word' id='word_1_499' title='bbox 1608 2144 1788 2181; x_wconf 87' lang='lat' dir='ltr'>doctrinae</span> <span class='ocrx_word' id='word_1_500' title='bbox 1809 2143 2046 2180; x_wconf 86' lang='lat' dir='ltr'>sermonibus</span> <span class='ocrx_word' id='word_1_501' title='bbox 2070 2145 2259 2182; x_wconf 91' lang='lat' dir='ltr'>emollitos</span> <span class='ocrx_word' id='word_1_502' title='bbox 2287 2147 2394 2195; x_wconf 86' lang='lat' dir='ltr'>quasi</span> 
     </span>
     <span class='ocr_line' id='line_1_72' title="bbox 1404 2202 2394 2252; baseline 0.001 -11"><span class='ocrx_word' id='word_1_503' title='bbox 1404 2204 1578 2241; x_wconf 88' lang='lat' dir='ltr'>dentibus</span> <span class='ocrx_word' id='word_1_504' title='bbox 1605 2216 1771 2248; x_wconf 87' lang='lat' dir='ltr'>mansos,</span> <span class='ocrx_word' id='word_1_505' title='bbox 1793 2203 1830 2238; x_wconf 94' lang='lat' dir='ltr'>in</span> <span class='ocrx_word' id='word_1_506' title='bbox 1859 2202 2023 2239; x_wconf 86' lang='lat' dir='ltr'>fidelium</span> <span class='ocrx_word' id='word_1_507' title='bbox 2051 2202 2278 2252; x_wconf 84' lang='lat' dir='ltr'>trajecerunt</span> <span class='ocrx_word' id='word_1_508' title='bbox 2304 2205 2394 2242; x_wconf 87' lang='lat' dir='ltr'>uni·</span> 
     </span>
     <span class='ocr_line' id='line_1_73' title="bbox 1404 2260 2391 2305; baseline 0.001 -6"><span class='ocrx_word' id='word_1_509' title='bbox 1404 2271 1529 2299; x_wconf 84' lang='lat' dir='ltr'>tatem.</span> <span class='ocrx_word' id='word_1_510' title='bbox 1554 2266 1665 2298; x_wconf 90' lang='lat' dir='ltr'>Petro</span> <span class='ocrx_word' id='word_1_511' title='bbox 1688 2260 1828 2297; x_wconf 90' lang='lat' dir='ltr'>dictum</span> <span class='ocrx_word' id='word_1_512' title='bbox 1858 2268 1913 2296; x_wconf 91' lang='lat' dir='ltr'>est</span> <span class='ocrx_word' id='word_1_513' title='bbox 1927 2288 1936 2305; x_wconf 91' lang='lat'>‚</span> <span class='ocrx_word' id='word_1_514' title='bbox 1959 2263 2088 2296; x_wconf 74' lang='lat' dir='ltr'>Mucia</span> <span class='ocrx_word' id='word_1_515' title='bbox 2107 2270 2143 2297; x_wconf 86' lang='lat' dir='ltr'>et</span> <span class='ocrx_word' id='word_1_516' title='bbox 2160 2264 2346 2299; x_wconf 73' lang='lat' dir='ltr'>manduca</span> <span class='ocrx_word' id='word_1_517' title='bbox 2362 2262 2391 2300; x_wconf 81' lang='lat'>⁶.</span> 
     </span>
     <span class='ocr_line' id='line_1_74' title="bbox 1400 2319 2391 2369; baseline 0.001 -11"><span class='ocrx_word' id='word_1_518' title='bbox 1400 2326 1447 2358; x_wconf 87' lang='lat' dir='ltr'>Et</span> <span class='ocrx_word' id='word_1_519' title='bbox 1475 2321 1594 2369; x_wconf 84' lang='lat' dir='ltr'>Moysi</span> <span class='ocrx_word' id='word_1_520' title='bbox 1617 2319 1747 2356; x_wconf 88' lang='lat' dir='ltr'>dentes</span> <span class='ocrx_word' id='word_1_521' title='bbox 1774 2332 1849 2354; x_wconf 90' lang='lat' dir='ltr'>non</span> <span class='ocrx_word' id='word_1_522' title='bbox 1868 2327 1956 2355; x_wconf 90' lang='lat' dir='ltr'>sunt</span> <span class='ocrx_word' id='word_1_523' title='bbox 1975 2319 2067 2355; x_wconf 88' lang='lat' dir='ltr'>rnoti</span> <span class='ocrx_word' id='word_1_524' title='bbox 2084 2327 2110 2356; x_wconf 93' lang='grc'>7.</span> <span class='ocrx_word' id='word_1_525' title='bbox 2130 2322 2270 2357; x_wconf 87' lang='lat' dir='ltr'>Dentes</span> <span class='ocrx_word' id='word_1_526' title='bbox 2289 2322 2391 2359; x_wconf 88' lang='lat' dir='ltr'>enim</span> 
     </span>
     <span class='ocr_line' id='line_1_75' title="bbox 1398 2379 2391 2430; baseline 0.002 -14"><span class='ocrx_word' id='word_1_527' title='bbox 1398 2393 1528 2416; x_wconf 90' lang='lat' dir='ltr'>eorum</span> <span class='ocrx_word' id='word_1_528' title='bbox 1554 2391 1657 2416; x_wconf 86' lang='lat' dir='ltr'>arma</span> <span class='ocrx_word' id='word_1_529' title='bbox 1682 2386 1719 2414; x_wconf 89' lang='lat' dir='ltr'>et</span> <span class='ocrx_word' id='word_1_530' title='bbox 1744 2379 1885 2426; x_wconf 80' lang='lat' dir='ltr'>sagittae</span> <span class='ocrx_word' id='word_1_531' title='bbox 1906 2393 1914 2414; x_wconf 72' lang='grc' dir='ltr'>ε</span> <span class='ocrx_word' id='word_1_532' title='bbox 1935 2391 2038 2415; x_wconf 87' lang='lat' dir='ltr'>arma</span> <span class='ocrx_word' id='word_1_533' title='bbox 2065 2379 2291 2428; x_wconf 84' lang='lat' dir='ltr'>spiritualia,</span> <span class='ocrx_word' id='word_1_534' title='bbox 2317 2393 2391 2430; x_wconf 90' lang='lat' dir='ltr'>po-</span> 
     </span>
     <span class='ocr_line' id='line_1_76' title="bbox 1399 2436 2391 2476; baseline 0.001 -1"><span class='ocrx_word' id='word_1_535' title='bbox 1399 2439 1513 2476; x_wconf 84' lang='lat' dir='ltr'>tentia</span> <span class='ocrx_word' id='word_1_536' title='bbox 1535 2442 1615 2475; x_wconf 88' lang='lat' dir='ltr'>Deo</span> <span class='ocrx_word' id='word_1_537' title='bbox 1635 2437 1681 2473; x_wconf 84' lang='lat' dir='ltr'>ad</span> <span class='ocrx_word' id='word_1_538' title='bbox 1707 2436 1945 2473; x_wconf 85' lang='lat' dir='ltr'>debellandas</span> <span class='ocrx_word' id='word_1_539' title='bbox 1966 2438 2208 2475; x_wconf 84' lang='lat' dir='ltr'>munitiones.</span> <span class='ocrx_word' id='word_1_540' title='bbox 2232 2442 2291 2475; x_wconf 90' lang='lat' dir='ltr'>An</span> <span class='ocrx_word' id='word_1_541' title='bbox 2311 2452 2391 2476; x_wconf 89' lang='lat' dir='ltr'>non</span> 
     </span>
     <span class='ocr_line' id='line_1_77' title="bbox 1397 2496 2390 2548; baseline 0.003 -15"><span class='ocrx_word' id='word_1_542' title='bbox 1397 2498 1548 2546; x_wconf 86' lang='lat' dir='ltr'>quidam</span> <span class='ocrx_word' id='word_1_543' title='bbox 1579 2497 1749 2533; x_wconf 82' lang='lat' dir='ltr'>Ecclesiae</span> <span class='ocrx_word' id='word_1_544' title='bbox 1778 2496 1928 2540; x_wconf 90' lang='lat' dir='ltr'>dentes,</span> <span class='ocrx_word' id='word_1_545' title='bbox 1952 2496 1998 2532; x_wconf 90' lang='lat' dir='ltr'>de</span> <span class='ocrx_word' id='word_1_546' title='bbox 2017 2496 2154 2546; x_wconf 88' lang='lat' dir='ltr'>quibus</span> <span class='ocrx_word' id='word_1_547' title='bbox 2173 2497 2264 2534; x_wconf 88' lang='lat' dir='ltr'>dicit</span> <span class='ocrx_word' id='word_1_548' title='bbox 2282 2503 2390 2548; x_wconf 85' lang='lat' dir='ltr'>Apo-</span> 
     </span>
    </p>
   </div>
   <div class='ocr_carea' id='block_1_13' title="bbox 341 2555 2392 2614">
    <p class='ocr_par' dir='ltr' id='par_1_14' title="bbox 341 2555 2392 2614">
     <span class='ocr_line' id='line_1_78' title="bbox 341 2555 2392 2614; baseline -0.005 -10"><span class='ocrx_word' id='word_1_549' title='bbox 341 2569 560 2614; x_wconf 75' lang='lat' dir='ltr'>(lifieientcs.</span> <span class='ocrx_word' id='word_1_550' title='bbox 590 2566 762 2600; x_wconf 76' lang='lat' dir='ltr'>Nondum</span> <span class='ocrx_word' id='word_1_551' title='bbox 784 2567 881 2598; x_wconf 89' lang='lat' dir='ltr'>enim</span> <span class='ocrx_word' id='word_1_552' title='bbox 906 2575 1019 2609; x_wconf 80' lang='lat' dir='ltr'>{isque</span> <span class='ocrx_word' id='word_1_553' title='bbox 1044 2562 1097 2595; x_wconf 81' lang='lat' dir='ltr'>ad</span> <span class='ocrx_word' id='word_1_554' title='bbox 1113 2565 1330 2607; x_wconf 80' lang='lat' dir='ltr'>sanguinem</span> <span class='ocrx_word' id='word_1_555' title='bbox 1352 2566 1383 2599; x_wconf 90' lang='lat' dir='ltr'>D</span> <span class='ocrx_word' id='word_1_556' title='bbox 1401 2556 1518 2592; x_wconf 86' lang='lat' dir='ltr'>stolus</span> <span class='ocrx_word' id='word_1_557' title='bbox 1539 2570 1546 2591; x_wconf 91' lang='lat'>:</span> <span class='ocrx_word' id='word_1_558' title='bbox 1568 2559 1684 2591; x_wconf 87' lang='lat' dir='ltr'>Intret</span> <span class='ocrx_word' id='word_1_559' title='bbox 1713 2555 1874 2600; x_wconf 79' lang='lat' dir='ltr'>infidelis</span> <span class='ocrx_word' id='word_1_560' title='bbox 1901 2564 1965 2590; x_wconf 79' lang='lat' dir='ltr'>mit</span> <span class='ocrx_word' id='word_1_561' title='bbox 1995 2557 2112 2591; x_wconf 79' lang='lat' dir='ltr'>idiota</span> <span class='ocrx_word' id='word_1_562' title='bbox 2127 2583 2138 2599; x_wconf 90' lang='lat'>‚</span> <span class='ocrx_word' id='word_1_563' title='bbox 2162 2557 2392 2602; x_wconf 82' lang='lat' dir='ltr'>dijudicatur</span> 
     </span>
    </p>
   </div>
   <div class='ocr_carea' id='block_1_14' title="bbox 336 2620 1331 3139">
    <p class='ocr_par' dir='ltr' id='par_1_15' title="bbox 336 2620 1331 3139">
     <span class='ocr_line' id='line_1_79' title="bbox 342 2620 1331 2668; baseline -0.01 -5"><span class='ocrx_word' id='word_1_564' title='bbox 342 2631 524 2663; x_wconf 71' lang='lat' dir='ltr'>restitistis</span> <span class='ocrx_word' id='word_1_565' title='bbox 541 2624 565 2660; x_wconf 77' lang='lat'>5.</span> <span class='ocrx_word' id='word_1_566' title='bbox 597 2625 751 2660; x_wconf 90' lang='lat' dir='ltr'>Illorum</span> <span class='ocrx_word' id='word_1_567' title='bbox 777 2622 877 2657; x_wconf 90' lang='lat' dir='ltr'>enim</span> <span class='ocrx_word' id='word_1_568' title='bbox 902 2620 1112 2656; x_wconf 87' lang='lat' dir='ltr'>testimonia</span> <span class='ocrx_word' id='word_1_569' title='bbox 1141 2632 1331 2668; x_wconf 79' lang='lat' dir='ltr'>praeroga-</span> 
     </span>
     <span class='ocr_line' id='line_1_80' title="bbox 342 2677 1331 2734; baseline -0.01 -12"><span class='ocrx_word' id='word_1_570' title='bbox 342 2687 416 2723; x_wconf 88' lang='lat' dir='ltr'>tiva</span> <span class='ocrx_word' id='word_1_571' title='bbox 437 2684 597 2734; x_wconf 85' lang='lat' dir='ltr'>quadam</span> <span class='ocrx_word' id='word_1_572' title='bbox 618 2682 796 2718; x_wconf 88' lang='lat' dir='ltr'>dicuntur</span> <span class='ocrx_word' id='word_1_573' title='bbox 817 2678 1049 2723; x_wconf 87' lang='lat' dir='ltr'>testimonia,</span> <span class='ocrx_word' id='word_1_574' title='bbox 1067 2677 1174 2714; x_wconf 88' lang='lat' dir='ltr'>idest</span> <span class='ocrx_word' id='word_1_575' title='bbox 1195 2685 1331 2726; x_wconf 83' lang='lat' dir='ltr'>marty-</span> 
     </span>
     <span class='ocr_line' id='line_1_81' title="bbox 340 2736 1329 2792; baseline -0.01 -11"><span class='ocrx_word' id='word_1_576' title='bbox 340 2746 418 2787; x_wconf 88' lang='lat' dir='ltr'>ria,</span> <span class='ocrx_word' id='word_1_577' title='bbox 453 2743 517 2792; x_wconf 90' lang='lat' dir='ltr'>qui</span> <span class='ocrx_word' id='word_1_578' title='bbox 548 2756 616 2791; x_wconf 90' lang='lat' dir='ltr'>pro</span> <span class='ocrx_word' id='word_1_579' title='bbox 647 2740 719 2776; x_wconf 86' lang='lat' dir='ltr'>[ide</span> <span class='ocrx_word' id='word_1_580' title='bbox 741 2739 875 2776; x_wconf 88' lang='lat' dir='ltr'>Christi</span> <span class='ocrx_word' id='word_1_581' title='bbox 895 2738 1114 2787; x_wconf 82' lang='lat' dir='ltr'>sanguinem</span> <span class='ocrx_word' id='word_1_582' title='bbox 1140 2736 1329 2773; x_wconf 89' lang='lat' dir='ltr'>fuderunt.</span> 
     </span>
     <span class='ocr_line' id='line_1_82' title="bbox 339 2795 1330 2852; baseline -0.011 -11"><span class='ocrx_word' id='word_1_583' title='bbox 339 2805 470 2841; x_wconf 60' lang='lat' dir='ltr'>Videte</span> <span class='ocrx_word' id='word_1_584' title='bbox 490 2803 652 2852; x_wconf 91' lang='lat' dir='ltr'>primum</span> <span class='ocrx_word' id='word_1_585' title='bbox 674 2801 795 2849; x_wconf 90' lang='lat' dir='ltr'>ipsum</span> <span class='ocrx_word' id='word_1_586' title='bbox 819 2807 1022 2846; x_wconf 85' lang='lat' dir='ltr'>martyrem</span> <span class='ocrx_word' id='word_1_587' title='bbox 1037 2796 1266 2845; x_wconf 85' lang='lat' dir='ltr'>Stephanum</span> <span class='ocrx_word' id='word_1_588' title='bbox 1284 2795 1330 2831; x_wconf 88' lang='lat' dir='ltr'>de</span> 
     </span>
     <span class='ocr_line' id='line_1_83' title="bbox 340 2855 1330 2912; baseline -0.009 -13"><span class='ocrx_word' id='word_1_589' title='bbox 340 2870 481 2912; x_wconf 80' lang='lat' dir='ltr'>‹piauto</span> <span class='ocrx_word' id='word_1_590' title='bbox 502 2861 666 2910; x_wconf 88' lang='lat' dir='ltr'>lapidum</span> <span class='ocrx_word' id='word_1_591' title='bbox 683 2872 817 2895; x_wconf 83' lang='lat' dir='ltr'>acervo</span> <span class='ocrx_word' id='word_1_592' title='bbox 838 2856 1047 2894; x_wconf 84' lang='lat' dir='ltr'>ascenderit</span> <span class='ocrx_word' id='word_1_593' title='bbox 1063 2856 1109 2892; x_wconf 91' lang='lat' dir='ltr'>ad</span> <span class='ocrx_word' id='word_1_594' title='bbox 1129 2855 1330 2899; x_wconf 85' lang='lat' dir='ltr'>Christum,</span> 
     </span>
     <span class='ocr_line' id='line_1_84' title="bbox 340 2914 1331 2972; baseline -0.01 -14"><span class='ocrx_word' id='word_1_595' title='bbox 340 2935 452 2972; x_wconf 83' lang='lat' dir='ltr'>quem</span> <span class='ocrx_word' id='word_1_596' title='bbox 473 2929 509 2956; x_wconf 89' lang='lat' dir='ltr'>et</span> <span class='ocrx_word' id='word_1_597' title='bbox 529 2932 659 2955; x_wconf 82' lang='lat' dir='ltr'>omnes</span> <span class='ocrx_word' id='word_1_598' title='bbox 680 2925 888 2966; x_wconf 86' lang='lat' dir='ltr'>sequuntur</span> <span class='ocrx_word' id='word_1_599' title='bbox 911 2917 1045 2952; x_wconf 63' lang='lat' dir='ltr'>animae</span> <span class='ocrx_word' id='word_1_600' title='bbox 1061 2914 1183 2964; x_wconf 87' lang='lat' dir='ltr'>justae.</span> <span class='ocrx_word' id='word_1_601' title='bbox 1211 2915 1331 2960; x_wconf 78' lang='lat' dir='ltr'>Quasi</span> 
     </span>
     <span class='ocr_line' id='line_1_85' title="bbox 336 2974 1330 3031; baseline -0.01 -14"><span class='ocrx_word' id='word_1_602' title='bbox 336 2996 453 3031; x_wconf 64' lang='lat' dir='ltr'>grex,</span> <span class='ocrx_word' id='word_1_603' title='bbox 486 2979 626 3028; x_wconf 82' lang='lat' dir='ltr'>inquit,</span> <span class='ocrx_word' id='word_1_604' title='bbox 661 2990 852 3025; x_wconf 76' lang='lat' dir='ltr'>caprarum</span> <span class='ocrx_word' id='word_1_605' title='bbox 886 2989 974 3023; x_wconf 60' lang='grc' dir='ltr'>(μαι)</span> <span class='ocrx_word' id='word_1_606' title='bbox 1009 2976 1251 3010; x_wconf 83' lang='lat' dir='ltr'>ascenderunt</span> <span class='ocrx_word' id='word_1_607' title='bbox 1285 2974 1330 3007; x_wconf 87' lang='lat' dir='ltr'>de</span> 
     </span>
     <span class='ocr_line' id='line_1_86' title="bbox 340 3032 1328 3078; baseline -0.01 -1"><span class='ocrx_word' id='word_1_608' title='bbox 340 3051 461 3078; x_wconf 83' lang='lat' dir='ltr'>monte</span> <span class='ocrx_word' id='word_1_609' title='bbox 499 3040 660 3075; x_wconf 76' lang='lat' dir='ltr'>calaad.</span> <span class='ocrx_word' id='word_1_610' title='bbox 693 3035 899 3073; x_wconf 82' lang='lat' dir='ltr'>Gestabant</span> <span class='ocrx_word' id='word_1_611' title='bbox 929 3035 1144 3071; x_wconf 89' lang='lat' dir='ltr'>thesaurum</span> <span class='ocrx_word' id='word_1_612' title='bbox 1175 3032 1260 3068; x_wconf 82' lang='lat' dir='ltr'>fidei</span> <span class='ocrx_word' id='word_1_613' title='bbox 1291 3032 1328 3068; x_wconf 91' lang='lat' dir='ltr'>in</span> 
     </span>
     <span class='ocr_line' id='line_1_87' title="bbox 340 3091 1330 3139; baseline -0.009 -3"><span class='ocrx_word' id='word_1_614' title='bbox 340 3103 434 3138; x_wconf 72' lang='lat' dir='ltr'>vasis</span> <span class='ocrx_word' id='word_1_615' title='bbox 472 3097 647 3136; x_wconf 78' lang='lat' dir='ltr'>fictilibus</span> <span class='ocrx_word' id='word_1_616' title='bbox 664 3125 673 3139; x_wconf 89' lang='lat'>‚</span> <span class='ocrx_word' id='word_1_617' title='bbox 715 3096 779 3132; x_wconf 88' lang='lat' dir='ltr'>sed</span> <span class='ocrx_word' id='word_1_618' title='bbox 819 3094 1026 3131; x_wconf 88' lang='lat' dir='ltr'>sublimitas</span> <span class='ocrx_word' id='word_1_619' title='bbox 1066 3101 1145 3129; x_wconf 87' lang='lat' dir='ltr'>erat</span> <span class='ocrx_word' id='word_1_620' title='bbox 1182 3091 1330 3128; x_wconf 89' lang='lat' dir='ltr'>virtutis</span> 
     </span>
    </p>
   </div>
   <div class='ocr_carea' id='block_1_15' title="bbox 390 3232 734 3263">
    <p class='ocr_par' dir='ltr' id='par_1_16' title="bbox 390 3232 734 3263">
     <span class='ocr_line' id='line_1_88' title="bbox 390 3232 734 3263; baseline -0.012 0"><span class='ocrx_word' id='word_1_621' title='bbox 390 3240 394 3252; x_wconf 92' lang='lat'><strong>¹</strong></span> <span class='ocrx_word' id='word_1_622' title='bbox 420 3232 513 3263; x_wconf 73' lang='lat' dir='ltr'>lli-br.</span> <span class='ocrx_word' id='word_1_623' title='bbox 540 3242 592 3262; x_wconf 75' lang='lat' dir='ltr'>xi,</span> <span class='ocrx_word' id='word_1_624' title='bbox 621 3232 734 3259; x_wconf 60' lang='lat'>517-351.</span> 
     </span>
    </p>
   </div>
   <div class='ocr_carea' id='block_1_16' title="bbox 340 3280 1303 3317">
    <p class='ocr_par' dir='ltr' id='par_1_17' title="bbox 340 3280 1303 3317">
     <span class='ocr_line' id='line_1_89' title="bbox 340 3280 1303 3317; baseline -0.011 0"><span class='ocrx_word' id='word_1_625' title='bbox 340 3289 499 3317; x_wconf 27' lang='lat' dir='ltr'>.x.1&#39;l.ss—</span> <span class='ocrx_word' id='word_1_626' title='bbox 518 3286 822 3313; x_wconf 59' lang='lat' dir='ltr'>71)‹-1u.xxxiv‚1.</span> <span class='ocrx_word' id='word_1_627' title='bbox 857 3300 861 3301; x_wconf 35' lang='grc' dir='ltr'><em>ν</em></span> <span class='ocrx_word' id='word_1_628' title='bbox 901 3280 912 3296; x_wconf 54' lang='lat'><strong>⁸</strong></span> <span class='ocrx_word' id='word_1_629' title='bbox 932 3282 1023 3310; x_wconf 74' lang='lat' dir='ltr'>[Cor.</span> <span class='ocrx_word' id='word_1_630' title='bbox 1042 3282 1267 3315; x_wconf 58' lang='lat' dir='ltr'>x1v,2&#39;1,·›.‘0.</span> <span class='ocrx_word' id='word_1_631' title='bbox 1297 3297 1303 3299; x_wconf 93' lang='lat'>-</span> 
     </span>
    </p>
   </div>
   <div class='ocr_carea' id='block_1_17' title="bbox 1395 2613 2390 3138">
    <p class='ocr_par' dir='ltr' id='par_1_18' title="bbox 1395 2613 2390 3138">
     <span class='ocr_line' id='line_1_90' title="bbox 1397 2613 2389 2660; baseline 0.002 -9"><span class='ocrx_word' id='word_1_632' title='bbox 1397 2615 1444 2651; x_wconf 80' lang='lat' dir='ltr'>ab</span> <span class='ocrx_word' id='word_1_633' title='bbox 1475 2615 1662 2659; x_wconf 81' lang='lat' dir='ltr'>omnibus,</span> <span class='ocrx_word' id='word_1_634' title='bbox 1699 2619 1924 2649; x_wconf 74' lang='lat' dir='ltr'>convincitur</span> <span class='ocrx_word' id='word_1_635' title='bbox 1949 2613 1997 2649; x_wconf 79' lang='lat' dir='ltr'>ab</span> <span class='ocrx_word' id='word_1_636' title='bbox 2022 2614 2213 2660; x_wconf 83' lang='lat' dir='ltr'>omnibus,</span> <span class='ocrx_word' id='word_1_637' title='bbox 2245 2619 2389 2653; x_wconf 80' lang='lat' dir='ltr'>occulta</span> 
     </span>
     <span class='ocr_line' id='line_1_91' title="bbox 1397 2671 2390 2722; baseline 0.001 -12"><span class='ocrx_word' id='word_1_638' title='bbox 1397 2677 1514 2710; x_wconf 85' lang='lat' dir='ltr'>cordis</span> <span class='ocrx_word' id='word_1_639' title='bbox 1535 2679 1614 2720; x_wconf 73' lang='lat' dir='ltr'>(jus</span> <span class='ocrx_word' id='word_1_640' title='bbox 1636 2671 1836 2720; x_wconf 82' lang='lat' dir='ltr'>manifesta</span> <span class='ocrx_word' id='word_1_641' title='bbox 1846 2673 1948 2719; x_wconf 78' lang='lat' dir='ltr'>fiant</span> <span class='ocrx_word' id='word_1_642' title='bbox 1959 2702 1970 2718; x_wconf 87' lang='lat'>,</span> <span class='ocrx_word' id='word_1_643' title='bbox 1991 2683 2026 2709; x_wconf 90' lang='lat' dir='ltr'>et</span> <span class='ocrx_word' id='word_1_644' title='bbox 2046 2679 2100 2709; x_wconf 88' lang='lat' dir='ltr'>sic</span> <span class='ocrx_word' id='word_1_645' title='bbox 2119 2676 2256 2710; x_wconf 85' lang='lat' dir='ltr'>cadens</span> <span class='ocrx_word' id='word_1_646' title='bbox 2272 2681 2310 2711; x_wconf 85' lang='lat' dir='ltr'>in</span> <span class='ocrx_word' id='word_1_647' title='bbox 2318 2673 2390 2722; x_wconf 86' lang='lat' dir='ltr'>sa-</span> 
     </span>
     <span class='ocr_line' id='line_1_92' title="bbox 1397 2732 2385 2780; baseline 0.003 -12"><span class='ocrx_word' id='word_1_648' title='bbox 1397 2739 1487 2768; x_wconf 73' lang='lat' dir='ltr'>eiem</span> <span class='ocrx_word' id='word_1_649' title='bbox 1515 2737 1733 2780; x_wconf 70' lang='lat' dir='ltr'>pronuntiat</span> <span class='ocrx_word' id='word_1_650' title='bbox 1763 2737 1853 2779; x_wconf 83' lang='lat' dir='ltr'>quia</span> <span class='ocrx_word' id='word_1_651' title='bbox 1877 2746 1964 2768; x_wconf 83' lang='lat' dir='ltr'>vere</span> <span class='ocrx_word' id='word_1_652' title='bbox 1990 2737 2026 2768; x_wconf 84' lang='lat' dir='ltr'>in</span> <span class='ocrx_word' id='word_1_653' title='bbox 2053 2733 2156 2769; x_wconf 81' lang='lat' dir='ltr'>vobis</span> <span class='ocrx_word' id='word_1_654' title='bbox 2181 2738 2228 2769; x_wconf 86' lang='lat' dir='ltr'>sit</span> <span class='ocrx_word' id='word_1_655' title='bbox 2247 2732 2385 2771; x_wconf 83' lang='lat' dir='ltr'>Deiis⁸.</span> 
     </span>
     <span class='ocr_line' id='line_1_93' title="bbox 1396 2791 2388 2836; baseline 0.001 -8"><span class='ocrx_word' id='word_1_656' title='bbox 1396 2793 1539 2836; x_wconf 65' lang='lat' dir='ltr'>Nolite,</span> <span class='ocrx_word' id='word_1_657' title='bbox 1579 2793 1732 2836; x_wconf 76' lang='lat' dir='ltr'>fratres,</span> <span class='ocrx_word' id='word_1_658' title='bbox 1768 2791 1924 2827; x_wconf 89' lang='lat' dir='ltr'>istorum</span> <span class='ocrx_word' id='word_1_659' title='bbox 1956 2792 2076 2828; x_wconf 85' lang='lat' dir='ltr'>vereri</span> <span class='ocrx_word' id='word_1_660' title='bbox 2109 2805 2256 2829; x_wconf 88' lang='lat' dir='ltr'>morsus</span> <span class='ocrx_word' id='word_1_661' title='bbox 2290 2793 2388 2830; x_wconf 90' lang='lat' dir='ltr'>den·</span> 
     </span>
     <span class='ocr_line' id='line_1_94' title="bbox 1398 2838 2386 2895; baseline 0 -7"><span class='ocrx_word' id='word_1_662' title='bbox 1398 2852 1488 2888; x_wconf 88' lang='lat' dir='ltr'>tium</span> <span class='ocrx_word' id='word_1_663' title='bbox 1512 2866 1521 2888; x_wconf 72' lang='grc' dir='ltr'><strong><em>ι</em></strong></span> <span class='ocrx_word' id='word_1_664' title='bbox 1545 2864 1618 2887; x_wconf 93' lang='lat' dir='ltr'>non</span> <span class='ocrx_word' id='word_1_665' title='bbox 1639 2858 1727 2886; x_wconf 89' lang='lat' dir='ltr'>sunt</span> <span class='ocrx_word' id='word_1_666' title='bbox 1744 2850 1887 2895; x_wconf 87' lang='lat' dir='ltr'>canini,</span> <span class='ocrx_word' id='word_1_667' title='bbox 1910 2850 1976 2887; x_wconf 89' lang='lat' dir='ltr'>scd</span> <span class='ocrx_word' id='word_1_668' title='bbox 1996 2851 2111 2887; x_wconf 90' lang='lat' dir='ltr'>ovini.</span> <span class='ocrx_word' id='word_1_669' title='bbox 2133 2838 2386 2888; x_wconf 80' lang='lat' dir='ltr'>Detonsarum</span> 
     </span>
     <span class='ocr_line' id='line_1_95' title="bbox 1395 2909 2385 2959; baseline -0.001 -11"><span class='ocrx_word' id='word_1_670' title='bbox 1395 2912 1494 2948; x_wconf 91' lang='lat' dir='ltr'>enim</span> <span class='ocrx_word' id='word_1_671' title='bbox 1515 2910 1616 2959; x_wconf 79' lang='lat' dir='ltr'>gregi</span> <span class='ocrx_word' id='word_1_672' title='bbox 1634 2910 1893 2946; x_wconf 81' lang='lat' dir='ltr'>conferuntur.</span> <span class='ocrx_word' id='word_1_673' title='bbox 1912 2913 1954 2946; x_wconf 92' lang='lat' dir='ltr'>In</span> <span class='ocrx_word' id='word_1_674' title='bbox 1975 2909 2129 2946; x_wconf 85' lang='lat' dir='ltr'>canibus</span> <span class='ocrx_word' id='word_1_675' title='bbox 2147 2923 2222 2947; x_wconf 90' lang='lat' dir='ltr'>non</span> <span class='ocrx_word' id='word_1_676' title='bbox 2243 2910 2385 2948; x_wconf 83' lang='lat' dir='ltr'>dilace-</span> 
     </span>
     <span class='ocr_line' id='line_1_96' title="bbox 1397 2969 2383 3017; baseline 0 -10"><span class='ocrx_word' id='word_1_677' title='bbox 1397 2971 1514 3015; x_wconf 89' lang='lat' dir='ltr'>ratio,</span> <span class='ocrx_word' id='word_1_678' title='bbox 1540 2969 1604 3006; x_wconf 88' lang='lat' dir='ltr'>sed</span> <span class='ocrx_word' id='word_1_679' title='bbox 1631 2970 1784 3006; x_wconf 85' lang='lat' dir='ltr'>latratus</span> <span class='ocrx_word' id='word_1_680' title='bbox 1809 2969 2108 3006; x_wconf 87' lang='lat' dir='ltr'>commendatur.</span> <span class='ocrx_word' id='word_1_681' title='bbox 2135 2972 2254 3006; x_wconf 79' lang='lat' dir='ltr'>Canes</span> <span class='ocrx_word' id='word_1_682' title='bbox 2277 2975 2383 3017; x_wconf 81' lang='lat' dir='ltr'>muti,</span> 
     </span>
     <span class='ocr_line' id='line_1_97' title="bbox 1395 3030 2386 3078; baseline 0 -12"><span class='ocrx_word' id='word_1_683' title='bbox 1395 3031 1483 3066; x_wconf 86' lang='lat' dir='ltr'>(licit</span> <span class='ocrx_word' id='word_1_684' title='bbox 1503 3030 1633 3074; x_wconf 83' lang='lat' dir='ltr'>Isaias,</span> <span class='ocrx_word' id='word_1_685' title='bbox 1655 3043 1727 3064; x_wconf 87' lang='lat' dir='ltr'>non</span> <span class='ocrx_word' id='word_1_686' title='bbox 1750 3031 1916 3063; x_wconf 74' lang='lat' dir='ltr'>valentes</span> <span class='ocrx_word' id='word_1_687' title='bbox 1941 3032 2083 3064; x_wconf 82' lang='lat' dir='ltr'>latrare</span> <span class='ocrx_word' id='word_1_688' title='bbox 2101 3043 2113 3063; x_wconf 92' lang='grc'>.·</span> <span class='ocrx_word' id='word_1_689' title='bbox 2130 3043 2240 3064; x_wconf 83' lang='lat' dir='ltr'>canes</span> <span class='ocrx_word' id='word_1_690' title='bbox 2260 3034 2386 3078; x_wconf 83' lang='lat' dir='ltr'>impu-</span> 
     </span>
     <span class='ocr_line' id='line_1_98' title="bbox 1395 3089 2384 3138; baseline 0.001 -13"><span class='ocrx_word' id='word_1_691' title='bbox 1395 3093 1624 3134; x_wconf 67' lang='lat' dir='ltr'>(lentissima,</span> <span class='ocrx_word' id='word_1_692' title='bbox 1648 3093 1847 3125; x_wconf 85' lang='lat' dir='ltr'>nescientes</span> <span class='ocrx_word' id='word_1_693' title='bbox 1866 3092 2093 3123; x_wconf 82' lang='lat' dir='ltr'>saturitatem</span> <span class='ocrx_word' id='word_1_694' title='bbox 2111 3095 2138 3124; x_wconf 82' lang='grc'>9.</span> <span class='ocrx_word' id='word_1_695' title='bbox 2161 3091 2214 3124; x_wconf 85' lang='lat' dir='ltr'>Ac</span> <span class='ocrx_word' id='word_1_696' title='bbox 2238 3089 2268 3124; x_wconf 86' lang='lat' dir='ltr'>si</span> <span class='ocrx_word' id='word_1_697' title='bbox 2298 3089 2384 3138; x_wconf 88' lang='lat' dir='ltr'>qui-</span> 
     </span>
    </p>
   </div>
   <div class='ocr_carea' id='block_1_18' title="bbox 817 3218 2376 3312">
    <p class='ocr_par' dir='ltr' id='par_1_19' title="bbox 817 3218 2376 3312">
     <span class='ocr_line' id='line_1_99' title="bbox 817 3218 2376 3264; baseline -0.004 -8"><span class='ocrx_word' id='word_1_698' title='bbox 817 3231 936 3257; x_wconf 62' lang='grc' dir='ltr'>1Ῐὶοιιι.</span> <span class='ocrx_word' id='word_1_699' title='bbox 958 3238 1031 3262; x_wconf 73' lang='lat' dir='ltr'>vni,</span> <span class='ocrx_word' id='word_1_700' title='bbox 1056 3229 1107 3256; x_wconf 77' lang='lat' dir='ltr'>lss.</span> <span class='ocrx_word' id='word_1_701' title='bbox 1123 3244 1163 3247; x_wconf 84' lang='lat'>—</span> <span class='ocrx_word' id='word_1_702' title='bbox 1180 3223 1192 3246; x_wconf 82' lang='lat'><strong>3</strong></span> <span class='ocrx_word' id='word_1_703' title='bbox 1211 3225 1304 3255; x_wconf 86' lang='lat' dir='ltr'>llebr.</span> <span class='ocrx_word' id='word_1_704' title='bbox 1325 3236 1348 3254; x_wconf 79' lang='grc' dir='ltr'>ιι</span> <span class='ocrx_word' id='word_1_705' title='bbox 1363 3249 1370 3261; x_wconf 87' lang='grc'>,</span> <span class='ocrx_word' id='word_1_706' title='bbox 1390 3227 1418 3255; x_wconf 68' lang='lat' dir='ltr'>ft.</span> <span class='ocrx_word' id='word_1_707' title='bbox 1437 3243 1477 3246; x_wconf 21' lang='lat' dir='ltr'>&gt;ss</span> <span class='ocrx_word' id='word_1_708' title='bbox 1497 3224 1509 3249; x_wconf 58' lang='lat' dir='ltr'>*l</span> <span class='ocrx_word' id='word_1_709' title='bbox 1525 3223 1659 3264; x_wconf 78' lang='lat' dir='ltr'>Philipp.</span> <span class='ocrx_word' id='word_1_710' title='bbox 1676 3233 1729 3258; x_wconf 76' lang='grc' dir='ltr'>ιιι,</span> <span class='ocrx_word' id='word_1_711' title='bbox 1756 3224 1805 3253; x_wconf 80' lang='grc'>13.</span> <span class='ocrx_word' id='word_1_712' title='bbox 1832 3239 1862 3243; x_wconf 74' lang='lat'>-·</span> <span class='ocrx_word' id='word_1_713' title='bbox 1892 3218 1904 3241; x_wconf 78' lang='lat'><strong>⁵</strong></span> <span class='ocrx_word' id='word_1_714' title='bbox 1921 3219 2014 3252; x_wconf 84' lang='lat' dir='ltr'>llebr.</span> <span class='ocrx_word' id='word_1_715' title='bbox 2038 3232 2098 3254; x_wconf 69' lang='lat' dir='ltr'>xii.</span> <span class='ocrx_word' id='word_1_716' title='bbox 2120 3223 2187 3252; x_wconf 78' lang='lat' dir='ltr'>l-fi.</span> <span class='ocrx_word' id='word_1_717' title='bbox 2205 3238 2246 3242; x_wconf 86' lang='lat'>—-</span> <span class='ocrx_word' id='word_1_718' title='bbox 2268 3218 2284 3242; x_wconf 71' lang='lat'><strong><em>⁶</em></strong></span> <span class='ocrx_word' id='word_1_719' title='bbox 2307 3223 2376 3251; x_wconf 78' lang='lat' dir='ltr'>Act.</span> 
     </span>
     <span class='ocr_line' id='line_1_100' title="bbox 1343 3277 1692 3312; baseline -0.006 -5"><span class='ocrx_word' id='word_1_720' title='bbox 1343 3277 1692 3312; x_wconf 60' lang='lat' dir='ltr'>³·1s11i.·,u,1o‚11.</span> 
     </span>
    </p>
   </div>
  </div>
 </body>
</html>
