2504 3928
1011 181 1627 257 TRACTATUS

426 403 674 531 DE
801 398 1548 536 ORDINE
1679 403 2200 539 VITAE

869 692 953 736 ET
989 692 1216 738 MORUM
1250 691 1753 738 INSTITUTIONE¹¹.

342 1058 409 1095 llic
437 1057 642 1095 Tractatus
667 1059 846 1108 quamvis
871 1057 1057 1095 Bernardi
1081 1071 1158 1095 non
1186 1057 1255 1102 sit,
1285 1063 1340 1093 cst
1365 1064 1493 1092 tamen
1523 1053 1725 1103 cujusdam
1761 1054 2017 1101 Benedictiui,
2043 1064 2088 1092 ut
2121 1069 2166 1093 cx
2187 1069 2270 1107 cap.
2305 1059 2329 1096 5

286 1137 325 1159 n.
350 1123 410 1168 16,
433 1132 615 1173 apparet,
641 1137 685 1160 cx
712 1123 896 1171 Patruin,
926 1124 1093 1160 maxime.
1118 1137 1163 1160 ex
1194 1121 1383 1158 Ambrosii
1411 1120 1609 1157 sententiis
1634 1127 1847 1156 contextus.
1882 1119 2079 1157 Dividitur
2101 1120 2138 1157 in
2159 1129 2329 1170 quatuor

285 1196 414 1236 partes
433 1203 441 1223 :
461 1201 631 1237 quarum
648 1188 794 1236 prima,
813 1202 896 1237 cap.
920 1189 1006 1232 1-5,
1025 1186 1072 1223 de
1096 1184 1307 1223 virtutibus
1326 1183 1650 1229 adolescentium;
1669 1182 1854 1230 secunda,
1876 1197 1958 1234 cap.
1983 1185 2007 1222 6
2020 1214 2029 1230 ,
2050 1183 2097 1221 (le
2117 1184 2328 1224 virtutibus

285 1251 596 1300 proficientium;
623 1252 755 1298 tertia,
777 1266 887 1302 capp.
909 1253 948 1299 7,
975 1253 1018 1297 8,
1040 1250 1087 1288 de
1108 1249 1320 1288 virtutibus
1340 1248 1623 1299 perfectorum3
1651 1257 1811 1298 quarta,
1835 1262 1918 1299 cap.
1941 1250 2059 1295 9-19.‚
2082 1248 2129 1286 de
2156 1250 2270 1288 vitiis.

922 1432 1720 1455 μ--ὂὲαῢ-ῂ-νῆ

660 1608 834 1646 CAPUT
865 1609 897 1647 Ι.

331 1731 448 1759 Bonam
472 1727 695 1759 institutionem
719 1729 826 1771 primoe
849 1730 945 1761 aetatis
970 1729 1131 1772 permagni
1155 1740 1221 1761 esse

704 1782 862 1813 momenti.

354 1898 385 1933 1.
418 1901 600 1934 Hortatur
634 1899 785 1948 quidem
820 1900 987 1936 timidam
1018 1900 1152 1936 mentis
1182 1912 1274 1935 meae

281 1956 504 2005 imperitiam
523 1958 683 1994 fraterna
699 1959 877 2004 charitas,
896 1968 935 1995 ut
951 1959 996 1994 de
1018 1959 1103 1995 vitae
1127 1958 1273 2005 ordine,

281 2024 317 2051 et
346 2030 494 2053 morum
522 2018 757 2055 institutione
786 2018 953 2055 breviter
976 2019 1079 2067 loqui
1104 2017 1272 2054 debeam.

282 2075 353 2111 Sed
380 2077 466 2124 quia
498 2085 645 2126 tempus
672 2087 727 2114 est
749 2106 758 2123 ‚
787 2086 828 2113 ut
855 2078 935 2127 ipso
973 2078 1037 2126 qui
1076 2077 1275 2126 inspiravit

281 2135 511 2184 opitulante,
538 2150 632 2186 opus
659 2137 871 2186 aggrediar,
901 2136 1097 2172 exordium
1127 2149 1273 2172 sumere

281 2194 530 2230 necessarium
550 2196 638 2231 duxi
657 2196 704 2231 ab
725 2197 785 2231 illa
809 2195 985 2231 laudabili
1003 2196 1164 2240 virtute,
1191 2208 1274 2243 quae

281 2251 418 2287 dicitur
437 2254 673 2289 verecundia.
693 2258 783 2301 Quae
800 2267 883 2289 cum
902 2254 948 2289 sit
967 2254 1142 2290 omnibus
1161 2255 1273 2289 fetati-

281 2308 352 2345 bus
365 2338 373 2354 ‚
396 2312 567 2359 personis
581 2339 590 2356 ‚
615 2311 848 2360 temporibus
865 2320 901 2346 et
919 2312 1006 2347 locis
1021 2320 1130 2360 apta,
1149 2320 1271 2347 tamen

1317 1601 1330 1619 ⁵
1344 1615 1413 1639 usu
1431 1602 1567 1639 certior
1578 1630 1587 1647 ‚
1605 1613 1781 1651 processu
1799 1599 1976 1650 temporis
1991 1599 2226 1649 prudentior.
2242 1605 2329 1639 Haec

1287 1667 1317 1700 A
1339 1669 1462 1697 autem
1491 1669 1659 1696 veterum
1687 1659 1896 1695 studiorum
1926 1658 2159 1696 dulcissimos
2188 1660 2329 1698 fructus

1340 1720 1436 1765 edit,
1473 1729 1510 1756 et
1535 1720 1627 1756 alios
1652 1719 1782 1755 reiicit.
1811 1718 1918 1754 Multi
1945 1731 2106 1767 namque
2131 1731 2238 1755 senes
2263 1719 2327 1756 diu

1338 1780 1532 1824 viventes,
1551 1787 1587 1814 et
1614 1779 1704 1814 nihil
1725 1778 1984 1828 proficientes,
2007 1777 2094 1826 quia
2116 1779 2235 1815 nullas
2259 1778 2328 1816 sibi

1339 1839 1378 1874 in
1407 1846 1623 1887 opportuno
1654 1846 1822 1886 tempore
1850 1836 1999 1872 divitias
2029 1846 2326 1886 congregarunt,

1339 1897 1469 1947 inopes
1491 1897 1660 1933 omnium
1683 1896 1863 1932 virtutum
1889 1895 2033 1931 animos
2057 1895 2241 1944 juvenum
2269 1911 2330 1934 re-

1339 1957 1467 2007 probae
1501 1957 1586 1992 vitre
1617 1955 1752 1992 morbo
1782 1955 1964 1991 inliciunt.
1994 1955 2095 1992 Sicut
2132 1956 2231 1992 enim
2263 1970 2330 2007 per

1340 2029 1466 2053 senem
1493 2016 1669 2052 vitiosum
1698 2023 1733 2050 et
1750 2015 1897 2050 'fatuum
1914 2041 1923 2058 ,
1950 2014 1998 2049 ita
2021 2027 2088 2063 per
2112 2014 2330 2052 adolescen—

1341 2084 1413 2112 tem
1440 2074 1733 2111 inverecundum
1761 2083 1797 2110 et
1827 2074 2063 2110 temerarium
2094 2075 2224 2124 religio
2246 2088 2328 2111 san-

1339 2144 1395 2172 cta
1420 2135 1634 2172 destruitur.
1662 2138 1750 2170 Post
1778 2134 1951 2171 indoctos
1971 2147 2132 2182 namque
2156 2136 2329 2184 praelatos

1339 2196 1551 2243 malosque,
1582 2194 1620 2229 in
1649 2202 1772 2230 sancta
1801 2193 1963 2229 Ecclesia
2000 2194 2100 2229 nulla
2135 2195 2248 2242 pestis
2282 2194 2328 2231 ad

1339 2253 1550 2289 nocendum
1579 2253 1734 2288 infirmis
1765 2253 1950 2288 valentior
1978 2252 2180 2288 invenitur.
2212 2253 2327 2289 Deni-

1338 2325 1411 2359 que
1445 2312 1570 2346 talium
1605 2311 1799 2346 hominum
1838 2323 1975 2359 genus,
2015 2311 2083 2346 ista
2112 2311 2157 2346 de
2191 2311 2327 2360 quibus

281 2368 533 2406 adolescentes
550 2370 784 2418 etjuveuiles
807 2371 952 2406 animos
970 2371 1128 2406 maxime
1149 2371 1265 2406 decet.
1289 2371 1314 2404 B
1337 2371 1537 2418 Apostolus
1554 2369 1740 2418 praedixit,
1761 2377 1927 2417 tempora
1945 2375 1969 2412 ¹,
1990 2369 2084 2417 proli
2103 2369 2231 2405 dolor!
2247 2371 2327 2406 sine

280 2431 369 2464 Tres
385 2429 483 2464 enirn
503 2430 659 2466 virtutes
674 2438 759 2465 sunt
776 2443 858 2478 quae
876 2430 1000 2478 pueris
1019 2429 1268 2465 adolescenti-

279 2486 349 2523 bus
366 2489 478 2536 magis
496 2497 728 2537 congruunt,
749 2489 973 2524 verecundia
990 2517 999 2532 ‚
1025 2489 1269 2533 taciturnitas,

279 2555 314 2581 et
338 2546 564 2582 obedientia.
596 2550 679 2582 Non
706 2556 760 2583 est
790 2555 913 2582 autem
940 2546 1119 2591 dubium,
1147 2547 1178 2582 si
1204 2547 1269 2582 lias

278 2606 489 2641 studuerint
518 2605 678 2651 babere,
706 2606 797 2654 quin
828 2606 972 2654 possint
999 2606 1144 2642 Christo
1174 2606 1268 2641 duce

278 2665 323 2700 ad
358 2666 505 2701 culmen
538 2666 882 2714 perfectionemque
919 2665 1100 2700 virtutum
1138 2678 1268 2700 ascen-

279 2723 379 2759 dere.
401 2727 548 2760 Morum
571 2724 668 2759 enim
695 2724 872 2772 insignia,
894 2732 931 2759 et
953 2732 1172 2759 ornamenta
1198 2725 1268 2760 vir-

278 2791 397 2818 tutum
432 2783 467 2817 in
496 2783 566 2818 illis
595 2784 726 2832 procul
753 2783 868 2818 dubio
896 2784 1081 2819 cernimus
1099 2782 1265 2827 senibus,

275 2843 338 2889 qui
359 2842 405 2877 ab
426 2842 506 2891 ipso
535 2843 706 2877 tirocinio
728 2843 914 2891 primmvse
936 2843 1052 2878 aetatis
1080 2855 1198 2890 usque
1222 2842 1267 2877 ad

276 2901 481 2948 perfectum
516 2901 639 2936 virum
671 2901 875 2950 disciplinis
906 2899 1118 2937 coelestibus
1160 2914 1269 2935 exer—

275 2959 395 3003 citati,
432 2973 499 3008 per
523 2961 621 2995 viam
653 2961 802 2996 Domini
832 2961 978 2996 sortiter
1006 2968 1265 2996 cucurrerunt.

276 3021 444 3064 Quorum
473 3019 611 3055 seilicet
629 3019 810 3068 sapientia
834 3029 975 3055 tantuin
1000 3020 1123 3068 viget,
1149 3028 1184 3055 et
1211 3021 1266 3056 lu-

276 3085 350 3122 cet,
380 3086 561 3126 quantum
588 3087 759 3114 senectus
792 3079 869 3127 ipsa
892 3087 998 3115 {etate
1029 3080 1069 3113 lit
1103 3078 1263 3124 doctior,

323 3224 329 3237 ¹
357 3218 595 3255 I'i‘im.111,i.

1336 2443 1492 2465 numero
1515 2430 1658 2472 serunt,
1676 2427 1827 2477 quando
1850 2428 1963 2463 ferme
1983 2428 2108 2463 omnia
2124 2442 2207 2477 quae
2228 2428 2327 2465 bona

1336 2495 1422 2523 sunt
1441 2496 1478 2523 et
1499 2496 1642 2531 sancta,
1675 2486 1907 2535 pessumdari
1938 2487 2194 2535 confundique
2216 2487 2325 2523 vide-

1336 2559 1429 2582 mus.
1465 2550 1509 2582 Et
1533 2546 1711 2594 quoniam
1735 2558 1841 2580 senes
1874 2545 1909 2580 in
1947 2545 2077 2581 melius
2109 2547 2244 2582 mutari
2279 2545 2326 2582 ab

1335 2606 1394 2641 illa
1417 2606 1547 2640 inolita
1569 2605 1746 2640 vitiorum
1768 2604 2040 2639 cousuetudine
2065 2604 2325 2642 difficillimum

1334 2673 1407 2709 est,
1426 2664 1606 2699 debemus
1624 2676 1773 2699 manum
1792 2662 2090 2699 adolescentibus
2108 2663 2298 2712 porrigere
2316 2678 2324 2700 z

1334 2724 1396 2772 qui
1427 2724 1454 2759 si
1483 2723 1570 2758 dare
1590 2723 1724 2758 volunt
1744 2735 1919 2771 operam,
1949 2722 2051 2757 omni
2081 2722 2238 2771 depulso
2267 2731 2324 2759 te-

1334 2796 1425 2832 pore
1453 2783 1597 2832 possint
1624 2782 1754 2830 ntique
1778 2795 1844 2829 pei·
1867 2781 2021 2829 gratiam
2049 2781 2182 2818 Christi
2211 2781 2325 2817 vitam

1333 2842 1539 2889 corrigere,
1567 2853 1688 2875 mores
1709 2853 1955 2889 componere,
1981 2849 2158 2889 actusque
2178 2853 2266 2876 suos
2287 2840 2323 2876 in

1334 2901 1510 2937 omnibus
1535 2901 1740 2935 meliorare.

1387 2962 1420 2996 2.
1446 2959 1586 2996 Idcirco
1615 2959 1677 2994 (liu
1700 2966 1775 3004 est,
1802 2957 1904 3006 quod
1934 2957 2141 2994 desideravi
2171 2966 2326 3007 propter

1329 3018 1523 3067 juniorum
1552 3018 1707 3054 salutem
1739 3018 1891 3067 (eorum
1921 3018 2107 3066 praecipue
2133 3030 2216 3052 cum
2240 3017 2326 3065 qui-

1334 3078 1402 3115 bus
1433 3079 1519 3114 vivo
1537 3078 1548 3126 )
1569 3091 1614 3113 ex
1636 3077 1825 3126 opusculis
1848 3081 1994 3113 Patrum
2018 3089 2132 3125 pauca
2153 3076 2324 3126 quaedam

321 3281 333 3296 ¹
354 3279 386 3305 lu
404 3276 589 3317 quibusdam
606 3277 821 3318 manuscriptis
840 3277 1028 3314 inscribitur,
1052 3280 1094 3307 De
1112 3277 1266 3307 Doctrina
1279 3287 1449 3321 puerorum
1464 3288 1473 3305 .·
1489 3276 1562 3306 alias
1577 3300 1583 3309 ,
1602 3276 1648 3304 De
1671 3271 1862 3304 Verecimdia
1882 3271 2129 3302 adolescentum.
