2504 3928
338 185 410 216 :3⁸3
1052 183 1097 216 ΙΝ
1129 182 1334 218 (ἶΑΝΤΙΕΑ
1364 182 1676 217 ‹IANTItlolttJM

339 261 421 295 miei
445 259 519 301 sui,
547 259 600 292 vel
621 259 682 305 qui
704 256 929 292 insultabant
944 256 1024 305 ejus
1045 257 1247 307 nigredini,
1263 258 1376 295 vvl²⁷⁷
1391 258 1576 301 decorem,
1592 267 1642 299 lu,
1656 257 1957 306 inquihpulslma
1975 270 2022 292 es.
2045 261 2088 294 Et
2103 271 2262 303 rursum,
2286 263 2377 296 Ecce

338 319 401 368 qui
435 316 650 368 pugnabant
676 325 806 352 contra
826 329 906 352 eam
940 316 1002 352 [ilii
1027 319 1154 354 matris
1173 331 1268 363 suae,
1287 326 1322 354 et
1340 321 1368 352 Λ
1388 318 1597 366 mapale-lura
1615 331 1626 351 .·
1646 317 1682 353 ἰ(Ι
1703 325 1780 362 est,
1802 317 1957 366 pulchra
1987 317 2023 352 iu
2060 318 2313 363 interioribus,
2342 328 2377 355 et

2301 185 2370 220 :384

338 384 543 426 posuerunt
561 388 641 410 eam
663 374 853 410 custodem
873 375 909 410 in
925 375 1053 412 vineis.
1075 376 1218 424 Quibus
1238 390 1321 413 cum

339 437 416 483 ipsa
438 432 614 482 usquead
635 446 710 468 sua:
732 433 850 470 viueae
872 433 1080 481 neglectum
1103 435 1324 483 invigilaret,

339 502 373 528 et
395 506 491 541 pene
513 491 589 540 jam
609 491 825 540 desperaret
848 491 894 527 (le
910 492 982 535 eis,
1002 501 1037 528 et
1062 493 1097 528 in
1117 507 1205 530 eura
1227 502 1261 529 et
1286 494 1323 529 in

339 551 589 588 sollicitudine
613 564 740 587 earum
764 551 959 599 caligaret,
978 552 1168 588 meridiem
1197 553 1324 602 sponsi

340 611 545 660 expetierat
563 625 570 647 ;
590 624 608 646 a
629 624 704 659 quo
721 609 881 659 henigne
903 611 1084 656 coercita,
1103 625 1326 661 rursumque

338 671 618 714 consolatione,
642 683 718 706 non
741 683 813 719 qua
835 670 1007 715 volebat,
1030 671 1092 707 sed
1115 685 1187 720 qua
1208 685 1325 721 expe—

339 729 462 765 diebat
491 729 694 773 laetilicata‚
717 737 871 778 repente
903 739 1084 779 operante
1112 731 1230 780 gratia
1263 731 1325 767 uhi

340 802 416 825 uon
444 787 638 838 sperabat,
663 789 821 824 fructum
850 789 1018 834 invenit,
1047 789 1198 827 botrum
1226 791 1327 827 scili-

339 857 395 884 cet
412 848 515 897 cypri
535 847 570 883 in
592 848 708 883 vineis
735 847 928 898 Engaddi3
951 857 987 884 et
1011 849 1223 886 exclamans
1251 863 1327 899 prae

338 906 489 954 gaudio,
504 909 649 949 Bolrus,
668 906 803 956 inquit,
826 908 936 955 Cipi-i
955 910 1106 943 dilectas
1128 922 1225 944 meus
1241 910 1329 944 mila·

341 966 457 1001 sactus
474 974 538 1001 est.
557 966 703 1015 Cyprus
715 965 833 1001 insula
848 974 903 1002 cst
919 965 1102 1003 bonarum
1119 967 1328 1015 vinearum,

1390 377 1543 427 pulchra
1567 377 1601 412 in
1625 375 1897 421 exteriorihus;
1921 375 2075 425 pulchra
2092 375 2128 411 in
2156 377 2378 423 intentione,

1390 445 1423 472 ct
1438 437 1591 486 pulchra
1603 436 1639 471 in
1651 435 1809 471 actione.
1825 439 1957 471 Amica
1971 448 2065 470 mea.
2080 436 2286 472 Amicitiam
2302 437 2378 473 duo

1392 497 1551 541 faciunt,
1575 504 1703 531 mutua
1720 494 1966 540 conscientia,
1984 503 2020 530 et
2041 495 2169 531 eadem
2193 496 2376 532 voluntas.

1393 559 1508 592 Porro
1528 554 1725 590 amicitiam
1749 554 1874 603 sponsi
1896 562 1930 589 et
1945 566 2090 603 sponsa}
2112 554 2375 603 facitquaedam

1392 623 1523 650 mutuo
1559 613 1807 659 conscientia,
1836 621 1871 648 et
1905 613 2034 651 eadem
2067 613 2262 659 voluntas,
2292 626 2377 649 eum

1392 673 1576 709 Dominus
1605 681 1745 708 secreta
1773 685 1839 708 sua
1858 671 1957 708 bona
1985 685 2132 722 sponsae
2153 673 2311 718 revelat,
2341 680 2379 708 et

1393 745 1529 781 sponsa
1547 732 1640 767 mala
1654 745 1719 767 sua
1740 745 1808 781 per
1826 744 1956 781 puram
1979 740 2014 767 et
2028 731 2205 768 humilem
2228 732 2380 768 conses-

1393 792 1535 828 sionem
1560 791 1641 827 facit
1655 791 1688 826 ei
1710 791 1869 839 cognita.
1884 791 2044 826 Pulchra
2057 805 2106 836 ex,
2122 791 2294 840 inquam,
2313 802 2381 826 nec

1395 851 1507 887 timeo
1529 864 1574 886 ne
1594 862 1811 895 evanescas,
1831 851 1917 899 quia
1931 853 2025 885 oculi
2042 856 2094 886 tui
2111 849 2379 893 columbarum;

1394 909 1430 945 id
1462 918 1539 954 est,
1570 909 1754 959 simplices
1785 918 1893 954 sunt,
1922 923 1998 945 non
2026 917 2113 945 sunt
2142 908 2380 945 intendentes

1394 970 1453 1005 vel
1473 968 1537 1005 tibi
1553 997 1562 1013 ,
1581 969 1638 1005 vel
1660 969 1758 1014 aliis,
1783 969 1853 1006 nisi
1876 969 1913 1005 in
1934 973 2027 1006 Deo.
2051 972 2168 1005 Porro
2189 969 2265 1004 duo
2282 967 2378 1004 oculi

341 1025 532 1061 fertilitate
549 1024 686 1062 nobilis
708 1040 715 1061 :
741 1025 907 1074 Engaddi
932 1027 1200 1076 interpretatur
1230 1030 1328 1064 Fons
1348 1027 1374 1060 B
1394 1042 1542 1078 sponsae
1562 1037 1671 1074 sunt,
1691 1029 1865 1078 mysticus
1891 1037 1926 1065 et
1951 1029 2114 1072 activus,
2134 1028 2192 1064 vel
2211 1036 2380 1064 contem—

340 1084 449 1121 haedi.
475 1084 665 1133 Significat
685 1092 809 1121 autem
837 1088 982 1135 Cyprus
1008 1085 1203 1122 abundans
1224 1087 1326 1132 vino,

338 1143 541 1180 Ecclesiam
565 1142 738 1180 fluctibus
763 1144 885 1180 saeculi
909 1144 1073 1194 undique
1093 1154 1325 1194 quassatam,

340 1203 403 1240 sed
443 1203 670 1239 abundantia
698 1203 899 1252 gratiarum
932 1204 1199 1241 exundantem.
1229 1208 1328 1242 Fons

339 1263 435 1300 haedi
459 1263 643 1312 significat
665 1263 805 1300 fontem
825 1263 1002 1311 Baptismi
1016 1292 1024 1308 ‚
1043 1263 1079 1298 in
1104 1276 1214 1312 quem
1232 1263 1327 1299 haedi

339 1322 622 1372 ingrediuntur3
641 1322 705 1358 sed
726 1321 971 1371 egrediuntur
992 1322 1075 1370 agni
1097 1322 1259 1366 novelli,
1282 1322 1328 1357 de

337 1397 413 1432 quo
432 1383 466 1419 in
488 1381 731 1430 sequentibus
750 1396 756 1416 ε
779 1384 878 1417 Sicut
898 1395 992 1429 grex
1008 1391 1194 1417 tonsarum
1212 1409 1223 1424 ,
1242 1395 1329 1429 quw

338 1443 582 1478 ascenderunt
595 1443 640 1475 de
661 1444 824 1483 lavucro,
848 1453 973 1475 omnes
993 1443 1159 1488 gemellis
1170 1439 1325 1487 salbus.

340 1502 498 1538 Miratur
539 1513 629 1549 crgo
670 1512 809 1548 sponsa
823 1527 832 1544 ‚
864 1499 966 1548 quod
999 1499 1034 1535 in
1070 1499 1189 1535 vineis
1222 1513 1330 1536 novae

340 1559 637 1596 conversationis
658 1559 820 1595 fructum
842 1558 989 1595 invenit
1010 1559 1273 1608 perfectionis,
1294 1568 1331 1595 et

340 1620 501 1655 fructum
521 1632 596 1655 non
615 1619 741 1664 alium,
754 1631 865 1667 quam
884 1619 1006 1667 ipsum
1019 1619 1218 1655 Christum.
1237 1623 1328 1657 Cum

340 1680 439 1716 enim
462 1680 498 1715 in
522 1678 697 1714 omnibus
724 1677 868 1714 actibus
889 1679 1027 1715 nostris
1046 1680 1103 1714 vel
1133 1679 1331 1716 conatibus

341 1738 508 1775 Christus
538 1737 574 1773 in
607 1750 718 1773 causa
749 1745 827 1782 est,
852 1737 991 1773 fruetus
1014 1745 1142 1773 noster
1164 1738 1330 1775 Christus

1394 1089 1556 1138 plativus
1581 1097 1618 1125 et
1647 1089 1808 1125 moralis.
1839 1088 1910 1126 Sed
1941 1088 2030 1124 libet
2058 1087 2180 1124 adhuc
2205 1087 2250 1124 de
2270 1087 2380 1124 oculo

1393 1147 1565 1184 subtilius
1590 1147 1729 1197 aliquid
1750 1148 1945 1198 inspicere.
1973 1147 2112 1184 Oculus
2133 1155 2173 1183 ut
2199 1147 2298 1183 clare
2324 1147 2381 1182 vi-

1393 1207 1480 1243 dere
1501 1208 1642 1256 possit,
1670 1208 1747 1244 haec
1773 1207 1885 1243 habet
1903 1207 2130 1252 necessaria,
2150 1206 2295 1242 radium
2315 1219 2380 1243 va-

1394 1265 1508 1301 lidum
1527 1274 1563 1301 et
1583 1278 1717 1314 purum
1733 1294 1742 1310 ,
1765 1266 1829 1315 qui
1856 1265 1902 1301 de
1927 1265 2069 1315 pupilla
2096 1265 2297 1314 procedat;
2317 1278 2380 1301 ae-

1395 1337 1471 1360 rem
1492 1337 1627 1373 purum
1647 1333 1683 1360 et
1699 1325 1863 1361 lucidum
1877 1354 1885 1370 ,
1903 1325 1967 1374 qui
1986 1324 2182 1361 transitum
2205 1323 2285 1373 ejus
2303 1337 2380 1360 non

1394 1382 1598 1431 impediat3
1626 1396 1765 1432 corpus
1785 1384 1821 1419 in
1845 1384 1947 1432 quod
1973 1384 2143 1420 ell'undat
2160 1412 2169 1428 ,
2200 1383 2381 1420 rationem

1395 1442 1453 1477 cui
1474 1442 1682 1486 renuntiet,
1706 1430 1924 1478 memoriam
1947 1456 2058 1491 quam
2078 1444 2174 1479 ratio
2197 1442 2380 1480 consulat.

1395 1504 1538 1538 Horum
1557 1502 1585 1538 si
1599 1501 1690 1550 quid
1702 1502 1879 1546 desuerit,
1893 1502 2081 1551 perfectus
2095 1502 2196 1538 visus
2212 1515 2286 1538 non
2301 1502 2382 1538 erit.

1397 1561 1454 1597 Sic
1474 1569 1511 1597 et
1527 1574 1634 1597 amor
1650 1561 1716 1598 Dei
1729 1589 1737 1605 ,
1761 1569 1801 1597 ut
1817 1573 1928 1597 verus
1945 1561 2011 1606 sit,
2029 1561 2108 1597 haec
2127 1560 2241 1597 habet
2257 1573 2384 1597 neces-

1396 1620 1490 1656 saria
1522 1635 1530 1656 :
1558 1619 1732 1656 affectum
1763 1633 1900 1669 purum
1918 1648 1927 1665 ,
1966 1632 2041 1668 quo
2079 1621 2200 1655 Deum
2231 1619 2383 1655 nonnisi

1397 1688 1553 1729 propter
1578 1683 1696 1717 Deum
1729 1680 1882 1730 diligat,
1910 1693 1978 1716 nec
2005 1679 2145 1728 aliquid
2171 1692 2256 1715 cum
2279 1682 2384 1724 Deo,

1395 1739 1464 1775 nisi
1483 1739 1520 1775 in
1538 1743 1618 1776 Deo
1639 1748 1675 1775 et
1691 1748 1848 1789 propter
1865 1743 2008 1785 Deum3
2028 1739 2114 1775 vitae
2135 1747 2172 1775 et
2190 1739 2384 1775 conscien-

342 1806 407 1834 est.
423 1800 533 1833 Hunc
550 1797 709 1833 fructum
727 1810 864 1845 sponsa
881 1805 1035 1846 repente
1053 1798 1332 1844 inventum,la-
1353 1793 1379 1828 C
1399 1799 1457 1835 tiae
1489 1799 1710 1835 munditiam
1724 1827 1733 1843 ,
1764 1812 1848 1847 quae
1874 1811 2038 1835 amorem
2075 1811 2151 1835 non
2186 1797 2385 1848 impediat;

343 1858 446 1893 boris
463 1858 518 1893 sui
536 1856 683 1893 conscia
699 1869 775 1905 qno
792 1856 829 1892 in
846 1856 897 1892 eis
915 1855 1171 1903 laboraverat,
1189 1858 1250 1907 pia
1266 1871 1331 1894 ex-

344 1918 544 1954 sultatione
564 1915 634 1953 sibi
658 1916 870 1961 vindicans,
893 1919 1039 1960 Bonus,
1060 1917 1200 1966 inquit,
1222 1917 1334 1965 Cypri

346 1978 498 2011 dilecms
513 1989 613 2011 meus
630 1975 721 2010 milei
741 1979 777 2009 in
796 1979 918 2010 vineis
934 1976 1193 2023 Engmlthd
1209 1975 1331 2021 aliter,

346 2045 388 2072 nt
414 2048 561 2072 sursum
584 2034 858 2083 aliquantulum
884 2043 1333 2084 repetamus:postquam

347 2109 484 2146 sponsa
503 2109 523 2131 a
545 2107 683 2144 sponso
705 2094 840 2130 meruit
859 2094 1003 2139 ornari,
1024 2094 1061 2130 in
1084 2093 1232 2130 laudem
1254 2093 1335 2142 ejus

349 2165 384 2192 et
424 2155 729 2205 praedicationem
762 2167 925 2204 operum
971 2153 1052 2203 ejus
1089 2155 1211 2190 statim
1253 2168 1335 2191 eru-

349 2217 426 2265 pit,
457 2215 605 2258 dicens,
631 2218 727 2250 Dum
759 2223 855 2249 esset
885 2228 953 2249 ναι·
986 2218 1022 2249 in
1045 2213 1216 2250 accubita
1243 2228 1331 2258 suo,

350 2277 489 2311 nardus
516 2288 598 2310 mea
620 2276 719 2309 dedit
751 2276 899 2309 odorem
928 2287 1031 2309 suum
1054 2287 1064 2308 :
1091 2272 1336 2310 accumbente

352 2340 474 2384 Rege,
499 2334 534 2370 id
559 2342 614 2370 est
645 2333 864 2369 humiliante
888 2345 925 2369 se
955 2333 990 2368 in
1023 2340 1131 2368 utero
1158 2333 1334 2381 Virginis,

354 2394 494 2431 nardus
512 2406 605 2438 mea,
622 2392 727 2429 idest
752 2391 940 2427 humilitas
960 2391 1112 2427 Domini
1129 2391 1214 2435 mei,
1236 2390 1339 2427 dedit

351 2455 508 2491 odorem
524 2465 631 2488 suum
644 2480 652 2496 ,
670 2451 758 2487 dum
779 2459 936 2500 propter
952 2450 1102 2486 nimiam
1121 2450 1338 2486 charitatem

353 2527 456 2551 suam
484 2526 557 2562 qua
587 2511 716 2547 dilexit
746 2524 835 2555 nos,
857 2510 936 2546 [ieri
969 2523 1014 2546 ex
1038 2510 1188 2559 Virgine
1209 2509 1340 2559 ‹ligna-

1398 1857 1661 1894 discretionem
1682 1857 1856 1907 spiritus,
1878 1870 1962 1906 quae
1989 1857 2189 1906 puritatem
2213 1864 2385 1893 contem-

1400 1916 1534 1966 plantis
1558 1929 1634 1953 non
1655 1916 1751 1953 sinat
1773 1929 1915 1961 errare,
1938 1916 2002 1953 sed
2023 1916 2155 1952 doceat
2184 1919 2324 1962 Deum,
2350 1924 2387 1952 et

1400 1990 1476 2013 non
1508 1976 1609 2012 aliud
1638 1989 1707 2025 pro
1726 1979 1808 2012 Deo
1834 1976 2061 2026 intelligere;
2095 1967 2387 2024 rationem‘quae

1396 2034 1540 2084 judicet
1555 2035 1600 2072 de
1617 2035 1861 2081 discretione3
1879 2035 1988 2072 fidem
2005 2048 2117 2085 quam
2133 2035 2228 2071 ratio
2243 2034 2289 2071 de
2303 2047 2388 2070 om-

1401 2093 1511 2131 nihus
1535 2093 1687 2143 judiciis
1719 2094 1794 2131 suis
1819 2094 2011 2140 consulat,
2034 2102 2071 2130 et
2099 2106 2183 2143 quae
2210 2093 2285 2130 suis
2307 2106 2388 2130 eam

1401 2154 1538 2202 regulis
1568 2153 1745 2190 cohibens
1761 2162 1798 2190 et
1816 2154 1999 2199 terminis,
2021 2165 2145 2190 errare
2169 2165 2245 2189 non
2278 2153 2386 2189 sinat.

1401 2216 1447 2249 Et
1467 2213 1534 2249 iste
1554 2220 1608 2248 est
1625 2213 1756 2249 oculus
1773 2212 2023 2249 columbinus·

1456 2273 1517 2308 29.
1541 2274 1634 2308 Ecce
1653 2281 1689 2308 m
1703 2273 1920 2320 Judcleeres,
1933 2274 2064 2307 (ΗΖΝ-ιι·
2085 2276 2148 2307 mi.
2170 2271 2387 2320 Intelligens

1403 2343 1537 2379 sponsa
1557 2331 1591 2366 in
1614 2331 1730 2366 oculis
1747 2330 1873 2380 sponsi
1889 2331 2122 2379 aliquatenus
2139 2342 2177 2366 se
2191 2330 2386 2378 placuisse,

1403 2390 1511 2438 gestit
1534 2390 1569 2426 in
1594 2390 1800 2439 amplexus.
1822 2390 1932 2427 Unde
1960 2398 1997 2426 et
2018 2402 2221 2439 exsurgens
2243 2389 2281 2425 in
2303 2389 2387 2425 lan-

1407 2450 1489 2486 dem
1503 2449 1792 2499 pulchritudinis
1809 2449 1904 2498 ejus,
1923 2449 1969 2486 ad
1989 2449 2183 2499 amplexus
2197 2462 2284 2485 suos
2303 2462 2389 2485 eum

1408 2517 1601 2559 provocat.
1624 2512 1701 2555 Me,
1719 2509 1858 2558 inquit,
1878 2509 2071 2559 pulchram
2093 2509 2290 2558 praedicas,
2305 2509 2368 2545 sed
2382 2538 2392 2555 ,

354 2584 414 2611 ins
442 2581 497 2610 est
523 2571 592 2608 sub
619 2571 709 2620 lege.
730 2570 872 2607 Deinde
889 2583 964 2605 non
983 2569 1110 2615 fascis,
1135 2570 1199 2606 sed
1229 2570 1337 2606 fasci·
1358 2563 1388 2596 D
1404 2583 1423 2601 a
1439 2570 1570 2603 ‹Ille-cte
1585 2573 1649 2612 mi,
1674 2582 1773 2613 ecce,
1792 2568 1827 2604 id
1849 2577 1923 2614 est,
1942 2567 2161 2617 injucunda
2176 2568 2394 2605 ostensione

353 2633 459 2668 culus
481 2629 640 2679 myrrhae
671 2628 749 2664 [ieri
779 2627 950 2676 dignatus
970 2635 1046 2672 est,
1068 2626 1156 2663 dum
1186 2627 1335 2672 mortis,

353 2701 389 2727 et
404 2690 545 2734 crucis,
559 2697 594 2724 et
615 2687 774 2737 sepulcri
792 2686 1098 2730 amaritudinem,
1125 2687 1235 2722 trium
1254 2695 1337 2722 tan-

358 2758 434 2786 tum
457 2749 600 2785 dierum
631 2746 751 2797 spatio
775 2758 904 2795 passus
924 2754 998 2791 est;
1024 2758 1185 2795 moxque
1207 2745 1339 2782 botrus

357 2808 471 2858 Cypri
493 2807 527 2843 in
556 2805 829 2843 resurrectione
859 2805 1034 2854 apparuit
1062 2805 1099 2840 in
1125 2805 1242 2841 vineis
1271 2808 1341 2841 En-

358 2868 486 2916 gaddi,
510 2866 596 2902 dum
611 2864 783 2902 fidelihus
796 2865 1002 2914 spiritualia
1022 2863 1119 2900 bona
1140 2863 1341 2900 distribuit.

367 2916 372 2917 ⁷
412 2928 472 2962 28.
492 2925 688 2974 Sequitur:
706 2926 797 2959 lit-ee
815 2933 850 2958 m
859 2925 1020 2972 pulchra
1039 2937 1088 2967 es,
1106 2925 1226 2959 anu'ca
1240 2937 1343 2967 mea,-

358 3000 438 3020 νει-ι’
467 2994 503 3019 tn
526 2985 701 3032 pulchra,
723 2986 817 3018 oculi
845 2988 896 3018 lui
927 2982 1190 3019 cnlmnlmrum.
1207 2982 1345 3019 Videtis

356 3058 514 3095 sponsus
525 3057 671 3093 sponsae
690 3043 997 3088 ‹lex-oti‹)nem,et
1014 3042 1101 3091 quia
1117 3043 1213 3079 inter
1231 3042 1345 3079 ubera

354 3119 417 3141 sua
439 3105 547 3140 dabat
578 3105 609 3139 ci
639 3104 759 3139 locum
781 3102 1060 3148 commorandi3
1083 3105 1190 3147 Ecce,
1209 3102 1342 3152 inquit,

353 3165 389 3200 id
413 3173 483 3207 est,
514 3164 547 3199 iu
570 3163 640 3198 hoc
666 3172 759 3198 statu
785 3172 848 3198 tuo
867 3163 902 3198 in
935 3162 1001 3198 hac
1027 3163 1260 3199 consessione
1284 3171 1344 3199 tua

352 3233 384 3258 et
403 3224 614 3270 cognitione
638 3224 708 3258 tui.
732 3223 865 3271 tuqui-‘1
889 3222 986 3257 unde
1009 3222 1164 3270 pulchra
1187 3231 1238 3268 tu,
1259 3222 1345 3259 inde

356 3296 423 3331 «ξι»
444 3297 519 3319 non
550 3284 672 3331 pulch«
690 3296 703 3317 t·
728 3292 761 3318 rt
782 3297 852 3317 non
878 3281 1017 3317 haben<
1045 3283 1203 3330 specii-ni
1225 3296 1344 3331 neque

1405 2628 1528 2676 gratiae
1552 2636 1623 2664 tuae
1640 2656 1649 2674 ,
1671 2637 1707 2663 tu
1725 2627 1840 2678 magis
1857 2628 2026 2676 pulcher,
2051 2640 2069 2663 a
2088 2640 2163 2676 quo
2179 2640 2290 2664 omne
2311 2627 2392 2677 pul-

1405 2686 1533 2722 chrum
1556 2701 1562 2721 :
1583 2687 1737 2736 pulcher
1758 2687 1793 2723 in
1814 2687 2063 2731 humanitate,
2087 2685 2244 2722 decorus
2260 2685 2296 2722 in
2314 2685 2393 2721 dei·

1406 2754 1490 2781 tate.
1506 2746 1615 2794 Quod
1633 2746 1660 2782 si
1681 2755 1716 2782 tu
1731 2746 1886 2796 pulcher
1907 2754 1943 2781 et
1958 2759 2027 2794 ego
2046 2745 2199 2795 pulchra
2212 2773 2221 2790 ,
2239 2745 2268 2781 si
2287 2753 2325 2781 tu
2340 2744 2393 2780 di-

1406 2804 1520 2841 lectus
1540 2814 1576 2841 et
1596 2819 1664 2854 ego
1691 2806 1843 2848 dilecta,
1872 2805 1961 2854 quid
1992 2813 2105 2841 restat
2126 2803 2194 2841 nisi
2214 2806 2360 2839 lectulus
2374 2807 2394 2840 Ρ

1410 2865 1511 2903 Sicut
1530 2865 1575 2901 de
1603 2866 1777 2902 fasciculo
1800 2865 1983 2910 diximus,
2001 2865 2158 2901 lectulus
2178 2877 2315 2901 nomen
2340 2871 2396 2901 est

1409 2924 1620 2960 delicatum.
1641 2928 1733 2961 Ecce
1751 2927 1899 2960 lectulus
1919 2924 2177 2968 conscientiae,
2195 2936 2271 2959 non
2290 2934 2395 2959 meus

1411 2997 1477 3020 nee.
1508 2992 1614 3028 tuus,
1641 2983 1703 3019 sed
1727 2994 1867 3027 nostem
1890 2996 1993 3019 meus
2014 2996 2080 3033 per
2106 2982 2392 3027 consessionem,

1412 3051 1496 3079 tuus
1506 3043 1735 3093 pergratiam
1748 3052 1784 3079 et
1800 3043 2123 3079 illuminationem.
2137 3043 2310 3077 Floridus
2323 3049 2392 3086 est,

1413 3102 1448 3139 id
1465 3111 1533 3148 est,
1555 3103 1591 3138 in
1606 3103 1802 3152 proposito
1824 3103 2002 3138 virtutum
2018 3110 2149 3138 vernat
2161 3100 2316 3137 floribus
2332 3101 2396 3137 ho-

1412 3176 1543 3199 narum
1561 3163 1842 3212 cogitationum.
1862 3166 1934 3199 Mc
1951 3162 1996 3198 ad
2011 3175 2137 3198 euram
2153 3161 2395 3197 domesticam

1413 3235 1470 3258 me
1502 3223 1688 3268 remittas,
1721 3223 1813 3258 sicut
1849 3235 1933 3258 cum
1966 3230 2180 3270 expeterem
2203 3219 2395 3257 meridiem

1413 3291 1535 3318 tunm.
1560 3282 1806 3317 remisistiine
1826 3281 1869 3316 ad
1889 3281 2094 3328 equitatum
2117 3293 2293 3316 curruum
2313 3287 2395 3315 tuo-
