2418 3949
53 173 123 211 201

741 173 790 208 IN
819 170 1044 214 CANTICA,
1074 171 1235 206 SERMO
1265 171 1408 206 XXIX.

53 250 152 287 enim
179 249 353 286 affectum
390 256 574 294 meretur,
605 256 642 284 et
674 246 829 297 abyssus
862 247 1036 296 abyssum
1057 243 1071 262 ⁹

2025 165 2099 203 202

1080 244 1140 281 'et
1165 247 1345 281 candidas
1380 258 1443 280 cas
1467 244 1636 292 jecerunt
1667 247 1703 279 in
1735 247 1914 292 sanguine
1951 243 2051 290 Agm'
2068 249 2096 278 7.

53 309 210 347 similem
231 317 414 359 provocat
435 308 474 345 in
503 320 596 345 voce
618 307 887 357 profluentium
909 314 1049 343 catara·
1065 308 1096 341 A
1116 306 1252 349 Stolas,
1271 305 1414 353 inquit,
1437 318 1524 340 suas
1553 306 1734 340 candidas
1747 302 1918 351 fecerunt
1943 306 1980 336 ln
2011 315 2102 337 scm-

53 375 229 405 ctarum¹.
257 372 370 405 Bonae
392 367 575 417 siquidem
604 375 798 404 cataractae
828 374 935 409 sunt,
960 378 1044 414 quae

53 436 177 473 tuum,
205 427 305 465 bone
333 431 442 474 Jesu,
473 427 655 464 distillant
688 427 885 472 affectum,
913 425 1042 461 infun-

52 487 148 524 dunt
175 500 354 524 amorem.
375 492 492 525 Amor
513 495 639 523 mutus
660 499 735 522 non
754 493 832 531 est,
852 496 960 521 usum
979 483 1045 518 ha-

53 545 117 583 bet
134 547 252 584 vocis.
272 548 382 592 Quod
393 547 492 583 enim
511 550 675 582 continet
687 549 832 587 onmia,
849 547 1043 578 scientiam

54 605 165 642 habet
200 610 298 642 vocis
320 611 348 641 ².
385 608 441 642 De
480 604 619 654 Spiritu
653 603 833 652 scriptum
863 610 917 639 est
949 601 1041 646 hoc,

54 673 92 700 et
115 663 211 701 bene
239 663 357 700 nostis
387 671 526 712 quanta
545 663 593 699 sit
615 663 794 708 affinitas,
817 661 846 698 si
875 673 951 697 non
971 674 1041 710 po-

56 724 127 760 tius
147 723 319 760 identitas
333 751 343 768 ,
362 723 549 759 charitatis
566 722 613 758 ad
630 721 823 771 Spiritum.
845 721 911 757 Illa
927 719 1045 756 conti-

54 791 119 820 net
144 782 288 828 omnia,
315 782 402 832 quia
428 781 626 832 plenitudo
650 781 740 830 legis
767 789 822 817 est
845 780 1004 817 charitas
1016 777 1042 816 ³.

54 841 210 892 Spiritus
238 841 404 890 loquitur
434 841 607 890 mysteria
619 841 646 886 ⁴,
671 848 708 876 et
734 839 911 876 amatoria
934 840 1044 889 plane

53 900 231 950 loquitur.
252 904 336 951 Ipse
362 900 522 950 Spiritus
543 899 666 936 reddit
687 899 943 936 testimonium
964 899 1043 948 spi—-

54 961 142 998 ritui
168 959 352 1007 nostr0⁵,
381 961 510 1010 utique
545 969 581 996 et
613 959 911 996 blandimentum
941 959 1045 1008 loqui

54 1028 188 1070 potest.
209 1022 330 1057 Sonus
349 1018 429 1068 ejus
448 1032 576 1056 sensus
593 1018 731 1055 amoris
758 1026 813 1055 est
841 1026 878 1055 et
897 1017 1043 1054 deside·
1063 1015 1090 1049 Β

56 1079 122 1126 rii,
156 1087 244 1115 vota
275 1079 390 1115 instar
416 1078 557 1115 habens
586 1078 699 1114 vocis.
733 1077 1042 1128 Experimentum

55 1138 181 1188 gratiae
210 1138 328 1188 ipsum
357 1147 412 1176 est
445 1138 574 1187 utique
603 1136 706 1187 quod
732 1136 921 1186 loquitur,
943 1135 1046 1186 quod

55 1197 207 1242 invitat,
232 1197 332 1246 quod
362 1197 479 1234 dicit:
507 1199 599 1232 Veni
628 1198 674 1232 de
694 1195 851 1232 Libano.
872 1199 944 1232 Ter
975 1208 1046 1231 vo·

56 1264 131 1302 cat,
147 1256 301 1293 fortasse
325 1256 464 1292 idcirco
481 1255 583 1305 quod
605 1256 792 1292 funiculus
813 1255 949 1304 triplex
966 1254 1041 1290 dif-

56 1315 152 1352 ficile
179 1315 378 1366 rumpitur.
400 1318 525 1353 Tenax
555 1315 654 1352 enim
687 1315 898 1359 funiculus,
921 1327 1040 1350 amor.

56 1379 174 1412 Amor
200 1375 402 1412 affectuose
435 1375 565 1420 trahit,
587 1375 645 1411 cui
675 1382 730 1411 est
750 1374 787 1410 id
809 1374 931 1423 ipsum
949 1374 1045 1409 allo-

56 1434 140 1483 qui,
169 1434 272 1484 quod
298 1443 353 1471 est
382 1435 542 1471 allicere.
571 1434 667 1471 Nihil
698 1433 837 1470 amoris
877 1433 1045 1470 tenacius

57 1493 227 1539 vinculo,
250 1494 301 1530 nil
326 1494 543 1531 trahentius.
567 1492 664 1530 Audi
694 1492 887 1542 quomodo
908 1492 966 1528 lex
988 1488 1045 1527 di-

58 1552 147 1588 vina
167 1552 349 1602 triplicem
379 1552 492 1601 liujus
521 1551 684 1589 ostendit
713 1564 851 1587 nexum
875 1550 1042 1586 funiculi.

59 1613 201 1660 Diliges
218 1614 418 1647 Dominum
439 1614 557 1647 Deum
575 1620 674 1647 tuum
692 1624 741 1646 ex
757 1620 829 1646 toto
846 1611 957 1645 corde
969 1619 1044 1652 tuo,

59 1684 108 1706 ea:
127 1679 205 1706 tota
234 1675 362 1707 anima
390 1679 453 1706 tua
464 1698 475 1714 ,
506 1680 542 1706 et
561 1684 610 1706 ex
626 1674 726 1706 omui
741 1679 858 1706 mente
874 1679 937 1706 tua
947 1667 974 1705 ⁶.
993 1672 1047 1706 Ac

59 1730 89 1766 si
109 1729 207 1767 dicat
230 1745 236 1766 :
255 1730 395 1780 Diliges
419 1731 621 1768 Dominum
642 1733 764 1766 Deum
791 1738 895 1766 tuum
924 1729 1047 1765 cordis

1105 369 1222 412 gaiae
1239 368 1337 413 Agm'
1351 379 1361 399 .·
1376 364 1505 412 utique
1526 371 1562 400 et
1579 362 1756 400 credendi
1777 361 1868 408 fide,
1885 369 1921 398 et
1943 372 2098 397 conver-

1109 422 1216 460 sandi
1236 423 1375 468 forma,
1395 423 1459 472 qni
1482 423 1518 459 in
1543 422 1784 458 tribulatione
1799 433 1865 458 sua
1887 428 2098 470 sequuntur

1109 482 1211 518 bunc
1239 486 1411 530 Agnum,
1438 494 1514 517 non
1536 481 1767 530 aperientem
1793 492 1835 516 os
1861 491 1991 524 suum,
2012 490 2096 515 cum

1110 540 1154 577 ad
1176 541 1402 576 occisionem
1423 540 1642 585 duceretur,
1661 548 1697 576 et
1719 552 1843 575 eoram
1859 538 2041 575 tondente
2060 551 2099 576 se

1110 597 1455 635 obmutescentem8
1480 599 1570 647 :qui
1596 611 1672 634 non
1702 606 1789 634 sunt
1826 598 1946 634 tristes
1977 610 2100 647 neque

1111 657 1342 703 turbulenti,
1377 658 1498 693 donec
1528 657 1679 706 ejiciant
1714 657 1759 692 ad
1788 656 1986 692 victoriam
2002 656 2100 705 J'udi-

1110 718 1208 755 cium
1220 724 1248 763 9,
1267 726 1304 754 et
1324 725 1512 753 certamen
1529 716 1575 752 ad
1595 729 1786 752 coronam.
1808 719 1892 752 Non
1916 716 2016 752 enim
2035 730 2098 752 co-

1109 777 1319 822 ronabitur,
1340 776 1410 813 nisi
1424 776 1488 825 qui
1505 775 1669 826 legitime
1684 775 1883 812 certaverit
1895 780 1935 809 ¹⁰.
1954 777 1999 810 Et
2015 775 2103 823 quia

1110 838 1156 874 de
1189 836 1394 873 certamine
1425 848 1589 880 corona,
1629 834 1714 871 ideo
1747 833 1901 870 forsitan
1930 833 2101 870 dilectam

1110 897 1162 934 sic
1190 897 1327 933 invitat
1357 895 1402 932 ad
1434 908 1633 940 eoronam,
1661 902 1703 930 ut
1723 894 1909 943 exprimat
1940 906 2102 930 causam.

1112 958 1174 995 Ait
1193 957 1292 994 enim
1309 971 1316 993 :
1345 955 1587 992 coronaberis
1604 956 1648 990 cle
1668 958 1790 1002 capite
1806 956 1958 988 Amana
1977 961 2012 989 et
2030 954 2104 988 Sa-

1109 1022 1187 1062 nir,
1221 1019 1267 1053 de
1292 1015 1472 1052 montibus
1493 1016 1726 1064 pardorum,
1755 1015 1802 1048 cle
1831 1012 2005 1048 cubilibus
2026 1015 2103 1048 leo-

1110 1092 1210 1114 num.
1235 1077 1369 1114 Nescio
1394 1075 1492 1111 enim
1517 1074 1609 1124 quid
1628 1086 1800 1123 asperum
1815 1102 1824 1119 ,
1851 1072 1940 1122 quid
1967 1072 2102 1117 ferum,

1111 1136 1202 1186 quid
1233 1135 1512 1172 fraudulentum
1538 1135 1575 1170 in
1607 1134 1664 1170 his
1694 1133 1751 1169 vel
1784 1131 2023 1178 nominibus,
2045 1131 2102 1166 vel

1114 1196 1259 1233 naturis
1276 1195 1388 1232 datur
1405 1194 1574 1243 intelligi.
1594 1193 1762 1243 Ideoque
1787 1192 1832 1229 (le
1850 1192 1907 1229 bis
1928 1190 2103 1228 coronari

1109 1257 1264 1301 (licitur,
1283 1255 1372 1292 dum
1387 1255 1465 1291 haee
1482 1254 1708 1303 triumphata
1724 1265 1874 1289 coronae
1893 1251 2106 1288 ministrant

1110 1315 1315 1352 materiam.
1343 1314 1409 1351 Ille
1433 1313 1585 1362 quidem
1616 1325 1684 1362 per
1722 1311 1974 1348 tribulationis
2009 1311 2101 1347 tole-

1110 1375 1267 1412 rantiam
1294 1381 1522 1418 coronatur,
1546 1373 1610 1421 qui
1640 1372 1760 1418 mitis,
1784 1371 1847 1421 qui
1869 1378 2106 1416 mansuetus,

1110 1435 1175 1484 qui
1195 1435 1298 1470 velut
1324 1446 1440 1482 agnus
1468 1432 1513 1468 de
1541 1431 1785 1468 tribulatione
1814 1443 1947 1480 magna
1975 1429 2104 1465 venit:

1111 1494 1176 1543 qui
1201 1494 1240 1530 in
1273 1492 1453 1529 charitate
1478 1491 1605 1537 venit,
1635 1489 1876 1535 candidatus,
1909 1502 1988 1525 non
2010 1500 2104 1524 con-

1112 1561 1284 1603 sumptus
1298 1580 1307 1596 ,
1331 1564 1443 1601 quem
1466 1551 1569 1586 nulla
1589 1549 1832 1600 impatientiae
1848 1557 1884 1585 et
1905 1548 2108 1585 murmuris

1112 1614 1255 1651 macula
1271 1612 1452 1661 denigrat.
1471 1611 1518 1648 Hi
1533 1619 1621 1647 sunt
1636 1611 1700 1659 qui
1717 1610 1762 1646 de
1779 1608 1924 1646 Libano
1938 1609 2106 1651 veniunt,

1112 1682 1149 1710 et
1169 1679 1402 1708 coronantur
1417 1669 1463 1706 de
1480 1670 1600 1719 capite
1618 1674 1762 1706 Amana
1778 1677 1815 1705 et
1834 1668 1962 1713 Sanir,
1981 1668 2027 1704 de
2047 1681 2107 1704 cu-

1112 1731 1251 1769 bilibus
1283 1732 1457 1776 leonum,
1491 1729 1538 1765 de
1568 1728 1761 1765 montibus
1792 1727 2012 1778 pardorum.
2038 1731 2108 1764 Per

59 1790 278 1840 ΡΙὉΡΟδίῑΟ,
295 1791 428 1827 anifflae
456 1791 592 1827 affectu
611 1790 734 1835 ‘itali’
756 1790 906 1840 integro
927 1797 964 1826 et
985 1802 1046 1825 ra-
1070 1786 1097 1820 C
1114 1793 1192 1829 haec
1212 1791 1311 1828 enim
1332 1798 1586 1836 coronantur,
1612 1790 1676 1839 qni
1697 1803 1765 1838 per
1791 1789 1872 1825 haec
1891 1796 2107 1825 tentamen-

60 1847 229 1885 tionabili
253 1849 415 1899 quodam
436 1849 570 1886 mentis
595 1849 773 1895 arbitrio,
795 1858 835 1885 ut
852 1848 990 1885 amoris
1006 1848 1045 1884 in

62 1915 98 1944 te
115 1916 152 1944 et
177 1909 412 1958 propositum
441 1909 505 1950 sit,
524 1918 561 1945 et
577 1909 698 1958 ipsum
729 1921 957 1957 propensum
979 1907 1047 1953 sit,

61 1974 98 2002 et
117 1967 313 2016 perspicax
328 1967 387 2004 sit.
407 1971 510 2004 Bona
525 1967 708 2017 siquidem
728 1966 851 2003 cordis
868 1967 905 2002 in
927 1969 1046 2002 Deum

63 2024 221 2061 intentio
241 2026 301 2075 pia
325 2041 332 2062 :
359 2026 422 2062 sed
442 2026 555 2075 quid,
583 2027 611 2063 si
641 2027 744 2076 pigra
773 2026 841 2070 sit,
874 2025 901 2061 si
923 2038 1048 2061 emor-

64 2092 146 2129 tua,
175 2085 204 2121 si
238 2085 328 2121 nihil
357 2085 499 2122 babens
529 2086 566 2121 in
603 2099 641 2122 se
663 2086 792 2130 vitale,
819 2085 870 2120 nil
899 2085 1044 2120 anima-

64 2144 169 2179 tum?
187 2146 288 2180 Bona
313 2156 403 2192 ergo
428 2144 587 2180 intentio
607 2157 720 2193 pura,
740 2155 852 2191 quam
884 2142 1046 2178 vividam

63 2201 187 2238 reddit
202 2210 239 2239 et
256 2203 358 2239 velut
374 2203 572 2239 animatam
596 2201 737 2239 fervida
752 2210 789 2238 et
809 2201 925 2238 dulcis
952 2201 1045 2237 affe—

63 2260 149 2297 ctio.
183 2261 367 2298 Affectum
402 2262 522 2307 bunc,
560 2261 624 2310 qui
656 2269 711 2297 est
739 2260 844 2310 quasi
876 2260 1048 2310 quaedam

63 2319 188 2357 anima
218 2319 307 2357 boni
336 2321 540 2371 propositi,
574 2321 753 2357 informat
785 2320 997 2365 meditatio,
1020 2320 1047 2355 si

63 2379 221 2417 discreta
242 2390 316 2427 est3
334 2389 370 2418 et
390 2381 554 2426 refovet,
572 2381 600 2417 si
622 2379 752 2417 crebra
780 2388 847 2417 cst.
866 2380 1049 2417 Funiculo

63 2439 115 2476 sic
132 2441 326 2490 tripliciter
346 2453 464 2486 nexo,
487 2440 532 2478 ad
552 2440 724 2476 meritum
748 2439 920 2489 repositae
939 2452 1050 2475 eoro-

64 2513 121 2536 nae
148 2500 237 2549 quid
266 2500 442 2546 uberius,
465 2501 511 2537 ad
538 2501 838 2550 experimentum
866 2499 955 2549 quid
978 2512 1048 2535 ex-

1113 1861 1238 1888 torum
1267 1863 1403 1899 genera
1433 1848 1660 1899 probantur.
1685 1848 1875 1898 'Numquid
1898 1861 1973 1884 non
1998 1848 2108 1885 colli-

1114 1918 1207 1960 gunt
1221 1909 1279 1946 isti
1299 1909 1345 1945 de
1361 1909 1478 1958 spinis
1498 1921 1590 1945 uvas
1606 1936 1615 1952 ,
1633 1907 1680 1944 (le
1696 1907 1842 1944 tribulis
1865 1908 1981 1943 ficus?
2000 1908 2110 1952 Quod

1114 1975 1153 2006 in
1185 1973 1373 2017 proesentt'
1397 1977 1470 2011 est,
1494 1968 1616 2016 inquit
1645 1967 1868 2016 Apostolus,
1900 1975 2109 2001 momenta—

1115 2042 1223 2066 neum
1244 2036 1278 2063 ec
1297 2030 1371 2063 leve
1389 2026 1635 2062 tribulationis
1655 2035 1792 2060 nostroe
1802 2054 1813 2070 ,
1832 2038 1943 2072 supra
1959 2027 2107 2060 modum

1113 2094 1150 2124 in
1173 2086 1393 2121 sublimitate
1423 2093 1603 2119 oelernum
1623 2086 1756 2131 gloria⁵¹
1771 2084 1917 2131 pondus
1937 2092 2113 2131 operatur

1113 2151 1150 2182 ιή
1180 2145 1337 2181 nobis-¹¹.
1361 2143 1555 2180 Passiones
1583 2155 1673 2191 ergo
1702 2141 1814 2190 liujus
1839 2143 2019 2191 temporis
2046 2155 2112 2178 co-

1115 2213 1322 2255 operantur
1351 2203 1526 2252 quidem,
1559 2202 1627 2239 etsi
1660 2215 1736 2238 non
1758 2210 2043 2251 comparantur,
2066 2202 2113 2239 ad

1116 2266 1278 2301 futuram
1312 2262 1441 2312 gloriae
1468 2274 1667 2307 coronam,
1697 2274 1782 2310 quae
1801 2269 2014 2298 reservatur
2038 2274 2110 2297 no—

1114 2324 1183 2361 bis.
1217 2322 1415 2360 Cumulata
1463 2322 1575 2371 plane
1617 2322 1791 2358 materies
1840 2320 2083 2370 praemiorum
2099 2349 2107 2365 ,

1115 2381 1267 2431 quando
1285 2381 1383 2417 inter
1401 2380 1516 2417 totius
1536 2379 1710 2430 puritatis
1726 2380 1858 2416 merita
1875 2379 2114 2429 passionibus

1116 2440 1229 2477 variis
1255 2440 1438 2476 atteritur.
1473 2438 1748 2476 Pulcherrimus
1782 2452 1933 2475 coronae
1970 2452 2110 2485 nexus,

1116 2499 1269 2550 quando
1295 2500 1438 2549 puritas
1467 2499 1573 2543 vitae,
1605 2506 1641 2535 et
1667 2498 1819 2534 humilis
1851 2512 2110 2548 pressurarum

64 2559 254 2608 pressius?
273 2563 328 2598 Αιι
350 2573 425 2597 non
445 2559 510 2596 tibi
528 2559 675 2596 videtur
695 2560 874 2598 invitare.
889 2566 926 2594 et
945 2558 1050 2607 quasi
1066 2561 1098 2594 D
1120 2558 1318 2596 tolerantia
1349 2558 1418 2595 sibi
1449 2558 1651 2595 colraercnt.
1671 2562 1849 2607 Magnum
1882 2558 2034 2607 quidem
2059 2567 2112 2595 est

65 2618 259 2668 tripliciter
273 2619 394 2656 dicere
411 2648 421 2665 ,
441 2620 554 2664 Veni,
575 2619 654 2655 liaec
673 2619 769 2655 trina
784 2618 958 2654 dilectio?

118 2677 151 2714 4.
172 2678 340 2727 Denique
360 2679 465 2728 quasi
480 2678 636 2724 invitat,
657 2678 745 2714 dum
767 2677 965 2714 confortet
983 2690 1051 2713 au-

65 2736 206 2773 daciam
237 2751 305 2787 pro
328 2738 484 2784 merito,
505 2746 542 2775 et
573 2738 787 2774 aviditatem
810 2751 883 2787 pro
900 2737 1052 2787 experi—

67 2804 206 2832 mento.
226 2797 340 2840 Veni,
362 2797 502 2846 inquit,
524 2800 570 2833 (le
587 2797 728 2833 Libum)
743 2825 753 2840 ,
769 2801 879 2840 veni,
901 2811 1053 2832 corona-

68 2854 169 2891 beris.
188 2859 229 2892 In
247 2857 471 2906 Apocalypsi
490 2857 595 2906 quasi
622 2857 668 2893 dc
694 2855 836 2893 Libano
859 2857 1053 2893 venientes

68 2914 119 2951 sic
150 2914 261 2963 legis:
282 2918 328 2950 Hi
356 2921 419 2964 qui
447 2920 572 2952 amicti
597 2925 680 2952 suut
706 2915 806 2951 stolis
837 2915 952 2959 albis,
988 2921 1054 2963 qui

69 2983 174 3018 sum,
197 2984 233 3010 ct
259 2978 357 3010 uude
376 2978 585 3012 venerunt?
619 2977 666 3011 Hi
684 2985 767 3010 sune
788 2980 854 3023 qui
877 2985 1054 3011 »currunt

70 3037 117 3070 tle
135 3048 274 3083 magna
291 3035 545 3079 tribulatione,
569 3046 604 3072 ee
625 3038 791 3071 laverunt
807 3038 916 3070 stolas
939 3049 1024 3070 suas
1042 3064 1050 3075 ,

120 3172 229 3206 'l'sat
249 3186 301 3204 xm
318 3198 326 3212 ‚
349 3179 380 3206 8.
402 3195 434 3198 —
463 3182 473 3196 ²
495 3179 564 3217 Sap.
587 3187 618 3210 ι,
646 3178 675 3205 7.
696 3194 735 3196 -ψ

69 3230 122 3258 37.
157 3246 180 3250 -
207 3233 221 3257 7
240 3230 337 3269 Apoc.
358 3238 416 3265 vn,
447 3232 506 3266 13,
537 3230 586 3259 l'i.
629 3249 636 3250 ff

74 3286 98 3301 ¹¹
121 3284 144 3312 ll
164 3282 233 3311 Cur.
254 3293 298 3318 iv,
326 3283 375 3312 17.

684 3227 697 3250 ⁸
726 3226 794 3258 lsai.
819 3238 898 3265 ι.ιιι,
930 3224 959 3257 Τ.

1011 3247 1024 3249 A
1058 3234 1072 3257 9
1099 3228 1142 3258 Ι(1.
1176 3241 1256 3264 xiii,
1289 3231 1325 3263 't;

1118 2631 1378 2669 pressurarum
1409 2617 1559 2667 pondus
1586 2633 1592 2654 :
1624 2617 1708 2654 ideo
1743 2619 1894 2654 forsitan
1925 2619 2111 2655 montium

1118 2688 1173 2716 cst
1199 2690 1417 2728 expressum
1446 2676 1673 2713 nominibus.
1704 2681 1840 2726 Ingens
1873 2679 2011 2723 moles,
2048 2678 2112 2714 sed

1120 2739 1212 2775 {ides
1226 2738 1462 2787 superfertur
1477 2737 1644 2773 nesciens
1659 2737 1833 2786 opprimi.
1853 2737 1982 2786 Capita
2003 2750 2111 2773 mon-

1121 2799 1211 2835 tium
1239 2798 1393 2833 istorum
1419 2796 1634 2841 conculcat,
1659 2804 1694 2832 ct
1715 2796 1878 2846 pcrcutit
1902 2797 2024 2845 ipsum
2047 2810 2110 2833 ca-

1119 2867 1187 2908 put
1224 2857 1270 2893 de
1301 2857 1416 2892 ‹lomo
1454 2855 1572 2905 impii.
1593 2859 1683 2891 Jure
1719 2868 1810 2905 ergo
1844 2865 1957 2905 caput
1989 2856 2112 2906 ipsum

1121 2917 1356 2967 triumphans
1377 2924 1580 2951 coronatur
1610 2916 1656 2952 de
1677 2916 1815 2965 capite,
1833 2916 1919 2965 quia
1940 2925 1975 2952 ct
1994 2925 2112 2953 tenta—

1121 2977 1265 3013 tionum
1296 2976 1441 3012 iuitium
1474 2975 1654 3020 conterit,
1679 2983 1716 3011 ct
1736 2974 2021 3011 tribulatiomuu
2048 2989 2112 3012 xc-

1120 3037 1318 3073 lwmcutia‘
1340 3047 1415 3071 nou
1439 3035 1548 3071 cedit.
1566 3038 1607 3072 Iu
1631 3035 1733 3071 omui
1752 3048 1790 3071 rc
1806 3035 1910 3084 quasi
1929 3044 2041 3084 caput
2059 3045 2109 3071 cst

764 3173 984 3211 ³l'mm.x111‚
1009 3178 1058 3206 lt).
1096 3193 1114 3197 —
1142 3175 1261 3206 itcor.
1281 3187 1345 3212 xn,
1371 3180 1400 3206 12.
1416 3193 1456 3198 -—
1480 3174 1602 3207 ³³1t0u1.
1625 3188 1700 3215 vui,
1729 3180 1777 3207 lt‘».
1809 3195 1835 3199 «-
1859 3175 1874 3196 ‘3
1896 3175 2006 3206 Manli.
2026 3187 2108 3209 xxm.

1354 3228 1465 3260 Manli.
1496 3241 1551 3261 xii.
1585 3234 1637 3259 70.
1672 3249 1706 3253 —
1742 3236 1768 3251 ¹⁰
1797 3232 1823 3259 ll
1859 3229 1930 3260 tim.
1957 3241 1993 3264 ιι,
2023 3233 2049 3257 Γ»,
2086 3249 2089 3251 -
