2504 3928
330 209 404 244 ⁸79
947 208 1072 242 x'lTls
1100 207 1327 249 MYSTICA,
1357 207 1442 242 SEU
1476 206 1758 241 'FRACTATUS
2293 204 2368 240 880

330 284 502 320 versitate
525 283 692 327 fovetur,
711 294 757 317 ne
779 282 814 318 in
835 283 1025 331 prosperis
1045 284 1221 319 elevetur.
1242 287 1313 320 l‘o-
1328 281 1484 325 ηἰηιιε,
1506 281 1568 317 ubi
1603 281 1682 330 ipse
1711 289 1766 316 est
1795 281 1858 330 qui
1889 279 1983 316 dixit
2005 294 2012 315 :
2035 282 2143 324 Volo,
2170 281 2298 327 Pater,
2331 290 2369 316 uc

329 343 381 379 nit
401 351 522 379 autem
544 342 720 377 dilectum
738 354 845 377 suum
866 341 962 377 inter
979 341 1056 378 liaec
1072 341 1207 388 ubera,
1224 342 1312 378 dum
1333 343 1362 376 Α
1385 341 1445 377 abi
1461 354 1526 388 ego
1545 354 1643 384 aian,
1664 342 1736 375 illic
1749 344 1796 375 sit
1815 348 1848 375 ct
1864 343 2032 375 minister
2045 352 2144 374 nmis
2156 339 2182 374 ⁴.

328 402 424 437 illius
441 410 477 437 et
499 402 533 436 in
553 401 737 443 adversis,
760 408 796 436 et
818 401 854 436 in
876 401 1066 449 prosperis
1083 401 1311 437 recordatur.

331 463 381 495 Ex
401 473 476 508 quo
497 460 641 501 evenit,
665 468 705 495 ut
725 459 785 495 ille
806 459 869 508 qui
889 459 1001 495 modo
1019 460 1138 496 suerat
1157 461 1313 497 l‘aseicu-

327 518 381 553 lus
414 517 593 565 myri-lue,
615 517 652 554 id
677 527 751 563 est,
775 519 838 567 qui
867 527 1028 555 mentem
1049 532 1195 568 sponsae
1225 533 1311 568 pas-

325 577 472 612 sionum
505 590 656 613 suarum
686 577 997 614 amarittulinibus
1026 578 1310 623 anmrieaverat;

325 635 449 672 subito
476 636 521 672 sit
549 635 678 672 botrus
700 637 835 686 Cypri,
854 638 1051 673 continens
1067 638 1102 673 in
1124 651 1162 672 se
1183 638 1310 673 vinum

320 694 568 743 jucunditatis
583 704 616 731 et
635 696 789 732 laetitiae:
809 696 910 745 quod
929 697 981 741 lit,
999 696 1087 732 dum
1106 700 1312 746 Sponsum,

323 767 434 802 quem
459 763 513 790 tot
538 754 681 791 viderat
705 768 926 804 oppressum
949 755 1114 804 injuriis,
1135 764 1171 791 et
1193 763 1313 792 morte

325 813 538 862 turpissima
573 814 863 850 eomlemnatum
878 843 888 860 ,
927 828 993 864 per
1029 814 1313 851 resurrectionis

325 872 556 921 triumphum
581 873 699 921 gloria
722 873 824 910 videt
849 882 884 909 et
905 874 1048 909 honore
1068 882 1309 917 coronatum,

323 940 357 967 et
379 946 462 968 cuni
485 933 735 976 humanitate,
756 946 867 981 quam
889 941 1159 983 assumpserat,
1179 933 1224 969 ad
1244 937 1312 970 Pa-

323 991 386 1026 tris
407 990 575 1027 ‹lextram
598 991 811 1037 considere,
834 992 1028 1029 conlidens
1051 1006 1090 1029 se
1109 993 1312 1029 certissime

1735 471 1911 509 CAPUT
1940 471 1990 510 V.

1378 590 1424 618 De
1441 588 1559 617 cultura
1576 593 1603 617 et
1621 585 1814 628 speciositate
1833 591 1943 616 nostrae
1960 584 2058 622 Vitis,
2083 584 2114 614 id
2139 590 2205 622 est,
2233 583 2270 615 de
2295 585 2364 626 pnl-

1527 639 1702 670 cln·i1mline
1720 639 1833 670 (Iliristi
1848 663 1855 677 ,
1877 639 1996 669 interna
2009 662 2017 674 ‚
2035 644 2065 669 et
2081 644 2217 669 externa.

1435 760 1490 794 19.
1518 758 1612 795 Visis
1638 771 1682 793 ex
1704 766 1810 806 parte
1835 757 1890 793 his
1918 770 2001 806 quae
2020 756 2086 792 viti
2106 756 2151 792 ad
2179 755 2362 792 culturam

1377 818 1540 854 exterius
1560 817 1799 861 adhibentur,
1823 830 1922 853 nunc
1941 816 1987 853 ad
2006 817 2121 865 ipsam
2142 816 2256 852 vitem
2279 814 2363 850 ani-

1379 891 1479 914 mum
1502 886 1782 922 convertamus;
1802 885 1842 912 ut
1862 890 1928 926 per
1946 875 2125 925 quasdam
2146 874 2362 911 similitudi-

1378 950 1442 973 nes
1459 938 1573 982 illius,
1590 945 1753 973 nostram
1777 937 1894 973 Vitem
1914 936 2028 984 magis
2048 935 2200 985 proprie
2215 942 2252 970 et
2272 947 2362 983 pro-

1378 997 1461 1045 pius
1487 997 1798 1045 contemplemur.
1814 999 1948 1032 Totum
1976 1007 2113 1044 corpus
2141 994 2256 1043 ipsius
2279 993 2362 1029 vitis

322 1063 389 1098 per
411 1049 576 1086 diversas
599 1050 858 1088 tribulationes
881 1051 926 1087 ad
949 1051 1046 1088 idem
1080 1052 1230 1089 Domini
1253 1053 1310 1089 sui
1327 1054 1354 1087 B
1374 1057 1454 1092 aliis
1475 1055 1673 1092 arboribus
1693 1065 1726 1092 et
1749 1055 1909 1092 arbustis
1929 1054 2134 1092 deformius
2152 1052 2360 1097 invenitur,

320 1109 497 1157 gaudium
517 1111 750 1147 intraturam.

379 1171 434 1206 18.
459 1173 640 1207 Exeamus
657 1171 768 1219 igitur
782 1180 817 1207 et
835 1184 925 1217 nos,
945 1171 1150 1207 seeundum
1170 1173 1309 1208 monita

323 1230 423 1265 Pauli
452 1231 632 1278 apostoli,
664 1244 747 1267 cum
778 1244 917 1280 sponso
943 1240 1072 1267 nostro
1100 1231 1202 1267 bono
1221 1235 1308 1268 Jesu

319 1297 422 1324 extra
447 1298 586 1334 castra,
607 1290 642 1325 id
665 1299 720 1326 est
740 1299 843 1326 extra
870 1290 1191 1339 concupiscentias
1212 1304 1308 1339 prae-

318 1347 432 1382 sentis
458 1348 603 1393 saeculi,
635 1349 908 1398 improperium
940 1350 1059 1384 crucis
1081 1357 1118 1384 et
1139 1349 1308 1384 vinculo-

319 1419 399 1441 rum
416 1407 654 1455 asperitatem
675 1420 760 1443 cum
777 1408 840 1443 illo
861 1406 1075 1456 portantes·
1098 1422 1105 1443 :
1123 1407 1211 1455 quia
1231 1420 1307 1442 non

317 1464 423 1500 decet
443 1465 653 1502 membrum
676 1466 874 1502 delicatum
892 1479 971 1502 esse
989 1465 1059 1502 sub
1077 1467 1198 1515 capite
1220 1479 1306 1502 cru-

317 1524 446 1569 cilixo,
465 1538 532 1560 nec
548 1525 593 1561 ad
611 1526 741 1574 capitis
757 1539 896 1575 corpus
910 1538 948 1561 se
965 1525 1101 1561 indicat
1117 1526 1306 1575 pertinere

317 1583 526 1619 membrum
541 1613 550 1629 ,
570 1584 673 1633 quod
705 1585 817 1634 capiti
848 1598 1083 1634 compassum
1116 1598 1192 1621 non
1225 1585 1304 1621 fuit.

317 1642 531 1679 Vinciamur
548 1657 637 1692 ergo
655 1644 813 1681 vinculis
829 1645 1011 1693 passionis
1030 1644 1122 1680 boni
1139 1648 1225 1681 Jesu
1239 1672 1248 1689 ,
1265 1651 1307 1679 ut

315 1701 425 1737 etiam
450 1702 608 1739 vinculis
628 1703 818 1739 charitatis
842 1717 925 1739 eum
946 1704 1010 1740 illo
1030 1703 1163 1740 vinciri
1184 1703 1305 1752 possi—

316 1772 408 1796 mus.
433 1764 516 1810 lpse
534 1763 632 1798 enim
649 1763 807 1799 vinculis
821 1763 1011 1800 eharitatis
1030 1762 1243 1806 devinctus,
1259 1761 1305 1798 ad

1375 1124 1411 1152 et
1440 1117 1545 1165 quasi
1576 1116 1724 1165 penitus
1755 1115 1885 1151 inutile
1912 1114 2060 1150 videtui·
2086 1121 2122 1149 et
2149 1110 2361 1160 abjectum,

1375 1189 1442 1211 nee
1467 1177 1547 1224 ipso
1575 1184 1726 1224 aspectu
1751 1172 1928 1219 amabile,
1951 1181 2015 1209 aut
2034 1172 2129 1209 visui
2146 1183 2360 1207 accommo-

1374 1234 1476 1269 dum.
1498 1233 1596 1280 Quid
1629 1233 1686 1269 hic
1716 1233 1904 1269 dicemus?
1930 1234 2075 1281 Corpus
2101 1231 2193 1267 Vitis
2222 1237 2361 1265 nostrae

1375 1293 1523 1328 Domini
1543 1296 1629 1328 Jesu
1652 1292 1859 1340 significare
1880 1290 2052 1335 deberet,
2070 1290 2138 1326 nisi
2157 1288 2259 1338 quod
2279 1288 2359 1338 plu-

1374 1351 1510 1386 rimum
1535 1350 1746 1386 discordare
1768 1350 1917 1386 videtur
1937 1349 2048 1398 liujus
2071 1349 2303 1393 deformitas,
2324 1355 2360 1383 et

1374 1411 1493 1446 forma
1520 1410 1639 1454 illius,
1670 1409 1715 1445 de
1746 1423 1822 1458 quo
1850 1411 2029 1459 scriptum
2059 1417 2114 1445 est
2141 1423 2148 1444 :
2171 1409 2360 1456 §pecias-as

1363 1469 1690 1518 fi2rmaproefiliis
1703 1471 1885 1505 hominum
1898 1468 1923 1504 ⁵.
1939 1471 2032 1505 Sunt
2045 1476 2169 1505 autem
2187 1466 2359 1503 nonnulli

1372 1529 1437 1577 qui
1460 1528 1537 1564 haee
1560 1527 1674 1564 verba
1695 1540 1770 1563 non
1791 1527 1837 1563 ad
1854 1527 2100 1572 exteriorem,
2119 1525 2183 1562 sed
2201 1524 2360 1561 interio-

1373 1600 1449 1624 rem
1471 1588 1658 1623 hominem
1687 1595 1950 1635 retorqueant,
1973 1585 2009 1622 id
2031 1594 2104 1631 est,
2127 1584 2172 1621 ad
2197 1583 2359 1620 animam

1371 1646 1448 1682 sive
1465 1646 1510 1682 ad
1530 1646 1762 1682 divinitatem
1775 1646 1837 1691 ,in
1855 1644 1992 1694 quibus
2010 1644 2186 1680 nimirum
2203 1655 2280 1678 non
2296 1654 2360 1678 so-

1370 1706 1447 1742 lum
1478 1706 1572 1742 filios
1607 1706 1821 1749 hominum,
1846 1705 1909 1741 scd
1939 1705 2049 1740 etiam
2084 1703 2178 1739 lilios
2210 1702 2295 1748 Dei,
2320 1701 2359 1737 id

1370 1774 1424 1801 est
1446 1766 1547 1814 ipsos
1572 1765 1758 1814 angelicos
1780 1765 1950 1813 spiritus,
1968 1761 2218 1812 praeeellebat.
2238 1765 2359 1798 Tanto

313 1820 547 1869 suscipienda
565 1822 713 1858 vincula
730 1822 913 1871 passionis
927 1822 972 1858 de
988 1823 1080 1858 coelo
1096 1830 1233 1858 tractus
1248 1829 1303 1857 est
1322 1824 1349 1859 C
1371 1825 1469 1861 enim
1488 1825 1621 1860 melior
1643 1824 1793 1872 Angelis
1813 1824 1968 1860 effectus
1992 1831 2067 1867 est,
2092 1830 2233 1871 quanto
2253 1820 2358 1857 diffe-

314 1879 351 1914 in
382 1888 497 1916 terras
516 1896 523 1917 :
542 1894 610 1917 nos
639 1896 658 1917 e
684 1882 891 1928 contrario,
915 1883 980 1931 qui
1008 1882 1054 1918 de
1076 1882 1183 1918 terris
1210 1881 1303 1918 trahi

313 1937 570 1977 desideramus
591 1941 636 1977 ad
658 1942 814 1986 coelum,
838 1943 942 1991 prius
962 1942 1145 1991 passionis
1170 1941 1302 1977 vincu-

314 1997 389 2033 lum
423 2008 551 2035 nostro
583 2001 694 2050 capiti
725 2001 962 2050 colligemus,
994 2009 1034 2037 ut
1062 2014 1130 2050 per
1158 2001 1228 2037 lioc
1257 2000 1303 2036 ad

313 2057 500 2095 eharitatis
526 2060 675 2097 vincula
700 2061 930 2109 pertinentes
955 2074 1072 2097 unum
1099 2060 1304 2096 efficiamur

313 2130 397 2153 cum
427 2117 508 2166 ipso
524 2148 532 2163 ,
559 2120 764 2155 secundum
788 2120 890 2169 quod
914 2121 1035 2156 oravit
1055 2123 1222 2165 Patrem,
1244 2119 1304 2155 di-

312 2190 417 2222 cens,
439 2179 540 2224 Rogo
550 2205 561 2221 ,
585 2180 708 2221 Pater,
729 2188 769 2214 at
783 2193 873 2226 qaas
891 2181 1026 2214 dedisti
1043 2180 1149 2223 mihi,
1165 2179 1305 2215 confir-

314 2238 401 2271 mati
424 2237 458 2271 in
478 2236 657 2273 charitate
676 2244 751 2273 sint
768 2252 881 2273 timim
904 2242 939 2273 in
959 2238 1081 2282 nobis,
1102 2243 1196 2273 sicut
1218 2248 1255 2274 la
1272 2247 1307 2273 et

313 2309 376 2341 rga
403 2309 511 2330 unam
538 2310 660 2332 samus
673 2304 698 2333 ².
717 2298 815 2344 Quid
834 2298 900 2333 hac
920 2298 1063 2334 unitate
1083 2298 1304 2346 gloriosius?

313 2354 401 2402 quid
422 2355 518 2390 ultra
536 2356 592 2391 vel
611 2364 739 2404 optare
755 2356 911 2405 poteris,
929 2357 986 2392 vel
1006 2356 1165 2392 babere?
1179 2361 1304 2394 Unum

312 2426 395 2449 eum
417 2427 556 2462 sponso
585 2423 624 2450 tu
647 2416 730 2451 eris.
758 2419 789 2452 Ο
815 2416 920 2461 felix,
943 2416 1098 2460 felicior,
1123 2417 1199 2452 imo
1219 2430 1302 2452 oni-

312 2472 415 2508 nium
436 2473 643 2509 felieissima
665 2475 805 2509 unitas!
825 2478 902 2510 Hac
922 2475 1065 2510 unitate
1083 2487 1121 2510 se
1137 2479 1301 2523 Aposto-

312 2532 367 2567 lus
388 2532 534 2569 Clu-isto
559 2533 702 2568 unitum
726 2533 926 2579 sentiebat,
952 2547 1036 2569 cum
1059 2533 1152 2570 dixit
1174 2550 1180 2570 :
1209 2536 1301 2580 Quis

1370 1884 1511 1920 rentius
1540 1896 1617 1932 prae
1645 1883 1714 1919 illis
1739 1895 1878 1918 nomen
1905 1880 2171 1919 haereditavitss.
2189 1885 2242 1918 Ne
2267 1893 2357 1930 ergo

1368 1956 1437 1979 nos
1462 1943 1549 1980 huie
1577 1942 1770 1979 sententiae
1798 1942 2054 1978 contradicere
2076 1941 2284 1986 videamur,
2310 1939 2357 1976 ad

1370 2016 1520 2039 manum
1553 2003 1792 2039 auctoritates
1818 2001 1997 2038 habemus
2027 2015 2033 2036 :
2062 2001 2146 2037 licet
2174 2000 2358 2050 plurimos

1369 2074 1448 2097 esse
1474 2061 1656 2105 sciamus,
1678 2061 1742 2110 qui
1763 2061 1931 2097 nondum
1961 2061 2117 2097 omnino
2145 2059 2358 2109 spirituales

1369 2121 1508 2166 effecti,
1526 2120 1625 2157 aliud
1651 2120 1831 2166 sentiant,
1854 2121 2034 2170 lingentes
2061 2119 2130 2156 sibi
2155 2118 2356 2168 quamdam

1369 2180 1600 2229 spiritualem
1610 2187 1622 2201 ³¹
1640 2179 1957 2229 pulchritudinem
1978 2181 2014 2215 in
2039 2192 2200 2228 corpore
2224 2178 2357 2215 Domi-

1371 2240 1409 2275 ni
1426 2254 1433 2275 :
1448 2248 1484 2275 et
1502 2240 1529 2275 si
1545 2239 1696 2288 quando
1708 2239 1860 2275 audiant
1876 2239 2079 2275 Dominum
2094 2238 2216 2287 ipsum
2233 2237 2356 2286 despi-

1372 2298 1527 2334 cabilem
1556 2298 1673 2334 forma
1696 2299 1828 2343 fnisse,
1854 2311 1928 2333 non
1944 2298 2128 2346 patienter
2150 2296 2352 2340 sustinent;

1371 2365 1408 2392 et
1442 2358 1470 2393 si
1506 2358 1631 2405 lingua
1668 2366 1829 2402 taceant,
1862 2370 2018 2393 rancore
2043 2365 2078 2393 ct
2110 2365 2213 2392 motu
2241 2356 2355 2392 animi

1368 2416 1651 2457 contradicunt,
1682 2429 1759 2452 non
1787 2416 2022 2452 attendentes
2051 2416 2153 2465 quod
2174 2415 2353 2464 scriptum

1367 2484 1421 2511 est
1437 2503 1446 2519 ,
1470 2478 1627 2524 Spiritus
1649 2486 1700 2511 est
1726 2481 1789 2523 qai
1811 2478 1995 2524 vivificam
2024 2489 2112 2511 caro
2135 2484 2255 2510 autem
2281 2488 2354 2509 naa

1362 2536 1512 2582 prodest
1526 2537 1726 2583 qumquam
1740 2542 1764 2571 7.
1778 2535 1908 2571 Isaiam
1921 2548 2073 2584 quoque
2088 2548 2163 2571 non
2182 2534 2353 2579 audiunt,

311 2590 499 2638 siqua-abit
511 2606 574 2626 ans
587 2606 610 2626 ιι
626 2593 805 2628 charitate
824 2593 978 2628 Christi?
999 2593 1200 2628 Tribunum
1213 2598 1232 2630 5³
1249 2609 1297 2630 au
1316 2603 1346 2635 ι)
1367 2593 1424 2629 vel
1443 2593 1546 2629 inviti
1567 2594 1742 2639 audiunt,
1758 2594 1941 2630 dicentem
1959 2595 1995 2630 in
2011 2607 2096 2630 eum
2114 2609 2121 2630 :
2137 2595 2234 2629 Ecce
2250 2595 2353 2629 vicli-

310 2655 480 2697 angustia
493 2654 512 2686 J
527 2665 576 2685 aa
592 2650 719 2697 sames
732 2655 750 2686 ,ν’
771 2665 820 2686 an
837 2655 1066 2699 persecutio?
1084 2667 1133 2687 aa
1147 2658 1299 2700 pericn-

309 2711 382 2743 lum
395 2712 415 2744 9
441 2723 488 2743 aa
509 2712 684 2744 auditas?
700 2723 748 2744 aa
768 2713 917 2757 gladius
928 2715 947 2746 .³
967 2712 1095 2746 Certus
1114 2725 1190 2746 sum
1211 2717 1299 2759 qula

309 2782 425 2815 aeque
444 2782 560 2812 mors,
587 2782 705 2816 nequi:
732 2774 837 2814 vita,
859 2783 977 2817 neque
1001 2773 1149 2819 angeli,
1180 2785 1299 2819 aeque

303 2832 548 2875 prim-ipatus,
581 2843 700 2876 neque
729 2838 947 2876 potestates,
976 2844 1092 2878 aeque
1118 2833 1295 2877 altitudo,

308 2900 424 2933 terque
449 2887 693 2934 praliitedam,
723 2901 842 2936 neque
869 2893 949 2924 alia
975 2899 1145 2925 creatura
1159 2895 1298 2937 poterit

308 2960 372 2980 aas
392 2960 566 2994 separare
582 2962 604 2982 a
622 2949 801 2983 charitate
813 2976 823 2991 ,
846 2963 930 2996 quie
951 2959 1004 2984 esc
1022 2950 1154 2984 Christi
1168 2952 1255 2985 Jesu
1270 2950 1294 2985 3.

308 3010 490 3054 Optemus
512 3008 597 3042 totis
618 3007 809 3043 desideriis
831 3008 942 3056 liujus
961 3009 1148 3045 charitatis
1164 3009 1298 3045 vineu-

310 3066 353 3101 lis
382 3079 522 3115 sponso
549 3075 584 3102 et
616 3068 778 3103 Domino
811 3077 940 3104 nostro
967 3070 1157 3117 colligari,
1183 3070 1230 3104 ita
1258 3077 1299 3105 ut

306 3125 388 3172 ejus
419 3134 617 3174 sequentes
651 3128 801 3175 vestigia
831 3128 918 3163 illuc
952 3129 1149 3177 pervenire
1177 3130 1298 3178 possi—

354 3258 359 3270 '
384 3252 476 3281 lb-br.
498 3264 579 3285 xiii.
604 3256 652 3282 ΙΙΙ.
672 3271 710 3274 7—
733 3261 740 3272 ²
761 3256 852 3283 Joan.
874 3265 960 3290 xvii,
985 3258 1118 3292 tt.2‹),
1143 3259 1195 3286 21,
1214 3273 1254 3277 -—-
1279 3253 1289 3275 3
1315 3258 1404 3286 Rom.
1431 3266 1512 3291 viii,
1538 3259 1601 3291 555,
1625 3257 1686 3290 ³8,
1716 3257 1769 3283 3¹).
1790 3271 1830 3275 —-
1851 3253 1862 3278 ‘l
1888 3257 1980 3285 Joan.
2002 3266 2069 3290 x11,
2099 3257 2150 3285 20.

304 3315 393 3341 xilv,
412 3308 440 3332 ζῖ.
469 3304 642 3333 -¹¹11··1›1·.
663 3315 688 3341 1,
714 3308 738 3334 '·.
822 3309 936 3335 TJoan.
960 3309 1083 3341 x·1,6'›'i.

1160 3306 1258 3337 ⁸1sai.
1283 3318 1360 3341 111¹,
1383 3310 1449 3337 ¹²03.

1366 2666 1443 2687 iniis
1463 2666 1564 2697 eam,
1591 2662 1626 2688 et
1650 2667 1722 2688 aon
1743 2663 1821 2689 erat
1845 2656 1900 2688 illi
1918 2658 2058 2702 species
2077 2667 2194 2702 neque
2218 2655 2328 2688 decor
2343 2667 2354 2687 .-

1365 2721 1530 2759 aspertus
1556 2713 1634 2757 ‘jas
1661 2726 1733 2747 mm
1759 2722 1838 2748 erat
1863 2717 1901 2748 ia
1924 2728 1985 2757 ιὀ,·
2008 2722 2042 2748 et
2069 2715 2353 2748 desideravimus

1364 2785 1445 2807 eam
1458 2800 1468 2814 ,
1493 2774 1702 2820 despectum
1724 2781 1758 2807 et
1772 2777 2004 2808 novissimam
2028 2778 2210 2816 virorum,
2231 2777 2351 2808 virum

1363 2834 1549 2876 dolorum,
1569 2842 1603 2867 et
1617 2837 1783 2867 scientem
1805 2833 2077 2879 1‘afirmitatmn5
2094 2842 2128 2868 et
2142 2837 2249 2880 quasi
2267 2831 2352 2867 abs-

1363 2895 1529 2927 conditus
1548 2895 1672 2927 vallas
1691 2898 1769 2937 ejus
1790 2901 1823 2927 et
1848 2894 2050 2940 despectas.
2076 2894 2180 2928 Unde
2204 2905 2270 2927 nec
2296 2904 2352 2926 ru-

1359 2955 1567 2997 patavimus
1592 2964 1684 2986 mini.
1713 2953 1760 2985 Et
1782 2964 1847 2986 nos
1873 2955 2114 2998 reputavimus
2131 2964 2214 2986 eam
2241 2954 2352 2997 quasi

1365 3011 1543 3056 leprosum
1552 3037 1562 3053 ,
1589 3018 1621 3044 et
1635 3023 1845 3056 permansura
1862 3024 1885 3044 a
1903 3013 1978 3045 Deo
1991 3038 2000 3054 ,
2023 3020 2057 3046 et
2074 3011 2306 3045 humitiatum
2319 3008 2346 3045 ⁸.

1365 3072 1458 3104 Eece
1475 3069 1595 3117 qualis
1616 3068 1840 3104 describitur
1859 3083 1878 3104 a
1899 3070 2097 3118 Propheta.
2120 3068 2218 3117 Quid
2237 3081 2350 3118 aper-

1367 3129 1465 3165 tius?
1487 3132 1527 3164 Et
1558 3142 1644 3165 vere
1676 3129 1755 3165 talis
1781 3137 1859 3165 erat
1880 3129 1915 3164 in
1943 3130 2062 3165 oculis
2086 3129 2291 3165 infidelium
2314 3137 2350 3165 ct

2235 3253 2245 3274 ⁵
2268 3254 2344 3285 l‘sal.

1727 3312 1740 3326 ³
1760 3308 1900 3337 Fortasse
1912 3331 1920 3345 ,
1937 3306 2112 3350 specialem.
