2418 3949
164 230 264 266 1213

501 384 596 423 SER
604 384 686 423 Mo
716 383 750 423 V
757 385 788 422 Ι.

169 526 203 553 111
219 532 297 553 vers.
317 522 416 552 30-38
431 529 500 561 cap.
521 530 600 556 xm,
617 525 645 550 et
663 529 741 549 vers.
762 522 809 550 1--4
826 529 894 561 cap.
910 530 966 548 mv
982 518 1125 551 Joannis.

206 666 217 700 1
231 693 237 699 .
259 662 450 712 Sequitur,
478 664 586 697 Dixit
612 664 647 695 ei
672 662 805 696 Petrus
822 675 832 694 :
860 662 1017 696 Domine
1028 689 1038 704 ‚
1069 674 1141 708 (μισ

150 727 292 760 vadis?
310 722 367 760 Ad
383 721 457 758 hoc
473 719 669 770 respondit
686 723 818 756 Petrus
837 720 941 769 quod
959 720 1144 757 Dominus

150 782 324 832 superius
337 781 503 817 dixerat:
521 782 602 825 Quo
614 793 678 827 ego
691 781 789 815 vado
797 807 809 824 ,
823 794 890 815 vos
904 793 977 815 uon
991 782 1144 828 potestis

151 846 293 876 vem're.
310 843 398 877 Haec
414 838 547 884 verba,
573 840 652 884 Quo
674 852 739 886 ego
759 841 859 874 vado
871 867 881 883 ,
904 852 970 874 vos
986 852 1060 873 non
1071 852 1145 886 po-

150 903 252 934 testt's
267 902 409 942 venire,
426 901 558 934 Petrus
575 895 705 933 audire
719 909 794 933 non
811 897 936 946 potuit
954 897 1034 933 sine
1046 908 1146 932 acer-

150 956 201 993 bo
217 957 348 994 dolore
372 971 379 992 :
404 965 441 993 et
458 956 543 993 ideo
563 969 640 992 non
668 956 715 992 ad
740 957 958 1006 praesentia,
979 956 1143 1000 scilicet,

151 1017 376 1052 Mandatum
388 1029 518 1051 novum
531 1017 578 1050 clo
589 1015 709 1060 vobis,
722 1024 793 1052 etc.
807 1016 872 1052 sed
885 1015 930 1052 ad
944 1015 1146 1065 praeterita,

812 229 875 262 DE
905 229 1075 264 VERBIS
1103 229 1280 263 DOMINI
1310 229 1359 262 IN
1387 228 1553 264 COENA.

1152 303 1178 319 Gi

1186 302 1270 338 31110
1297 302 1466 339 11011(Ι11111
1501 311 1653 352 paratus
1684 316 1722 339 es
1745 303 1792 339 ad
1825 312 1985 340 mortem

1159 366 1189 397 A
1208 370 1330 398 autem
1352 372 1495 409 postea.
1516 364 1661 400 Mittam
1687 364 1914 413 promissum
1937 365 2057 402 Patris
2082 367 2206 417 Spiri-

2109 229 2202 267 1213

2009 320 2017 341 :
2040 307 2209 354 Sequeris

1208 429 1286 457 tum
1310 429 1479 457 sanctum
1511 422 1549 458 in
1575 435 1666 468 vos,
1699 423 1764 471 qui
1789 423 2029 460 confirmabit
2053 439 2120 462 vos
2141 441 2149 462 :
2171 436 2209 462 et

1209 479 1313 516 eritis
1331 480 1424 516 mihi
1441 489 1550 517 testes
1570 481 1607 517 in
1624 482 1831 519 Jerusalem
1849 483 1936 519 etin
1955 485 2059 520 omni
2079 486 2209 522 Judaea

1208 546 1245 574 et
1256 538 1434 585 Samaria,
1451 548 1488 576 et
1505 553 1622 589 usque
1637 540 1684 577 ad
1701 541 1876 578 ultimum
1896 550 2003 578 terrae
2019 549 2026 565 ¹
2043 558 2052 589 3
2070 552 2210 580 01111110

1209 610 1268 633 me
1283 598 1390 647 sequi
1411 599 1483 634 eris
1500 607 1666 648 paratus.
1694 600 1762 638 Cui
1791 604 1923 638 Petrus
1944 616 1950 637 :
1980 604 2106 648 Qum-e
2135 617 2208 639 mm

1203 670 1356 705 possum
1376 665 1410 692 ce
1427 662 1530 705 sequi
1545 660 1653 693 modo
1668 662 1688 695 ‚³
1704 662 1787 696 Non
1806 659 1920 696 timeo
1939 673 2089 710 poenam
2103 691 2112 707 ‚
2129 675 2205 698 non

1210 716 1324 752 timeo
1340 724 1500 753 mortem
1523 731 1530 752 ἶ
1558 719 1687 753 Tecum
1713 728 1874 766 paratas
1892 733 1972 755 snm
1994 730 2030 756 CC
2054 725 2092 756 I'n
2119 735 2204 757 ccliv

1209 788 1327 810 cerem
1352 784 1387 810 et
1411 777 1447 810 in
1473 786 1625 812 mortem
1649 781 1703 812 ire
1717 783 1743 814 ².
1769 778 1868 825 Quid
1893 779 2069 828 estquod
2091 780 2183 818 dieis
2201 809 2210 824 ‚

1213 837 1296 870 Non
1306 849 1459 883 possum
1480 845 1515 872 te
1532 841 1635 885 sequi
1657 840 1767 873 modo
1776 842 1796 874 .³
1814 843 1982 874 animam
2006 853 2125 875 meam
2142 855 2212 888 pro

1212 903 1246 929 te
1257 908 1414 942 ponam.
1436 895 1494 932 Ad
1515 909 1628 945 quem
1656 897 1843 933 Dominus
1863 911 1869 933 ι
1895 901 2074 934 Am'mam
2104 909 2207 934 tuam

1208 966 1278 1000 pro
1295 957 1510 1002 mepones?
1534 956 1711 1001 Falleris,
1734 959 1865 1001 Fene,
1895 957 2064 994 nondum
2083 971 2122 995 es
2143 972 2209 1008 pa-

1214 1020 1339 1058 ratus,
1367 1013 1536 1050 nondum
1567 1028 1614 1051 ex
1640 1016 1718 1052 alto
1747 1016 1889 1052 virtute
1911 1018 2082 1054 vestitus.
2116 1022 2208 1055 Cum

150 1076 308 1121 scilieet,
335 1076 415 1121 Quo
432 1089 497 1123 ego
513 1076 628 1120 vado,
649 1088 716 1109 vos
732 1088 806 1110 non
822 1079 977 1122 potestis
991 1077 1141 1116 venire,
1166 1071 1192 1105 B
1211 1072 1324 1108 fueris
1360 1086 1406 1109 ex
1442 1074 1518 1110 alto
1548 1075 1688 1111 virtute
1717 1076 1894 1122 vestitus,
1920 1085 2010 1113 tunc
2044 1078 2206 1115 animam

151 1135 370 1185 respondit,
398 1135 550 1180 dicens,
572 1136 750 1178 Domine,
782 1149 854 1182 quo
883 1136 1025 1170 vadis?
1045 1133 1146 1170 Sicut

150 1196 250 1232 enim
268 1207 399 1231 manus
418 1194 474 1231 sui
490 1193 663 1243 corporis
679 1193 814 1230 edocta
830 1194 1048 1242 frequenter
1067 1193 1146 1242 pal-

150 1262 214 1303 pat
243 1253 413 1290 dolorem
434 1267 441 1289 :
461 1253 513 1289 sic
544 1253 671 1302 lingua
705 1253 830 1290 cordis
864 1253 1004 1299 amica,
1025 1253 1147 1289 celare

151 1326 227 1349 non
243 1312 384 1362 patitur
398 1312 515 1362 ipsius
531 1311 656 1348 cordis
667 1312 978 1358 amaritudinem3
993 1320 1030 1348 et
1045 1311 1147 1360 quod

152 1372 310 1409 interius
336 1384 442 1408 mens
466 1370 633 1420 concipit
658 1371 697 1406 in
718 1370 872 1417 dolore,
896 1371 1024 1419 lingua
1048 1378 1149 1406 exte-

155 1432 232 1468 rius
252 1431 416 1480 parturit
439 1430 478 1467 in
502 1431 711 1480 apertione.
742 1430 853 1468 Unde
874 1442 1147 1478 nonnunquam

152 1491 208 1526 vis
225 1490 369 1527 doloris
387 1490 427 1526 in
450 1498 575 1526 mente
595 1489 822 1539 concipitur,
843 1498 880 1525 et
897 1502 964 1538 pcr
983 1489 1147 1538 palatum

151 1550 256 1586 vocis
279 1550 469 1595 formatae,
490 1549 617 1598 lingua
649 1549 813 1595 scilicet,
843 1549 1026 1598 aperitur.
1060 1548 1149 1585 Ideo

151 1609 279 1657 lingua
295 1608 395 1645 Petri
415 1607 586 1644 dolorem
607 1608 729 1644 celare
748 1621 826 1644 non
850 1615 1150 1657 poterat‚·quem

153 1668 311 1704 interius
327 1667 366 1703 in
377 1666 492 1704 eorde
505 1666 668 1704 tenebat.
683 1666 839 1713 Audito,
860 1669 940 1713 Quo
951 1681 1018 1715 ego
1032 1669 1148 1709 vado,

153 1740 220 1763 vos
238 1740 311 1762 non
327 1731 483 1775 potestis
509 1728 651 1770 venire,
677 1726 740 1762 vix
767 1734 898 1775 postea
930 1726 1150 1775 Magistrum

154 1787 372 1836 loquentem
401 1786 591 1823 sustinuit.
618 1786 730 1823 [nde
760 1786 912 1835 expleto
945 1786 991 1822 de
1023 1794 1152 1822 mutua

1213 1139 1314 1167 tuam
1336 1131 1442 1168 dabis
1462 1133 1501 1168 in
1530 1142 1706 1170 mortem.
1730 1134 1802 1171 Sed
1833 1147 1934 1171 nunc
1957 1149 2077 1186 prope
2094 1147 2148 1173 est
2169 1147 2209 1174 ut

1212 1191 1348 1227 timore
1366 1193 1498 1228 mortis
1514 1205 1606 1228 meae
1623 1205 1736 1241 neges
1750 1193 1864 1229 vitam
1877 1222 1887 1239 ,
1903 1202 1940 1230 et
1959 1195 2107 1232 occidas
2127 1198 2212 1233 ani—

1213 1263 1310 1287 mam
1334 1259 1457 1297 tuam3
1478 1260 1518 1288 ut
1539 1265 1650 1301 neges
1671 1260 1706 1288 te
1725 1265 1850 1288 meum
1868 1265 1949 1290 esse
1965 1253 2211 1304 discipulum,

1213 1317 1251 1346 et
1271 1310 1418 1346 occidas
1444 1311 1618 1360 spiritum
1645 1319 1752 1347 tuum
1775 1326 1783 1347 :
1809 1321 1991 1361 properat
2015 1321 2163 1363 tempus
2181 1325 2218 1351 01

1214 1369 1327 1415 hora,
1347 1369 1486 1418 quibus
1504 1383 1563 1406 1110
1580 1369 1735 1419 negabis
1747 1399 1756 1416 ,
1773 1379 1814 1407 ut
1832 1379 1867 1408 te
1882 1372 2026 1409 salvare
2035 1372 2113 1422 jam
2132 1388 2219 1425 pos·

1215 1428 1284 1473 sis3
1313 1441 1389 1464 non
1417 1428 1583 1466 cantabit
1611 1430 1748 1479 gallus,
1770 1430 1891 1467 donec
1919 1440 1974 1468 ter
2005 1446 2064 1469 me
2087 1447 2210 1483 neges.

1215 1486 1407 1536 Quidquid
1421 1501 1533 1525 sones
1550 1488 1587 1524 in
1603 1488 1729 1525 verbis
1742 1517 1751 1534 ,
1768 1493 1977 1538 Antequam
1991 1495 2114 1540 gallus
2129 1508 2218 1530 cau·

1216 1556 1280 1590 tet,
1304 1556 1360 1582 ter
1377 1562 1434 1583 me
1456 1548 1621 1597 negabis,
1655 1552 1703 1585 Et
1733 1557 1789 1586 est
1817 1563 1947 1587 50115115
1967 1566 1974 1587 :
1999 1556 2211 1602 Antequam

1215 1606 1335 1655 gallus
1361 1615 1511 1652 cantet,
1547 1621 1607 1644 1110
1640 1607 1805 1656 negabis.
1837 1612 1930 1657 Quae
1962 1613 2112 1660 negatio
2148 1615 2217 1650 erit

1217 1666 1335 1712 trina,
1360 1667 1440 1704 sive
1455 1676 1542 1704 ante
1561 1668 1727 1717 primum
1748 1677 1899 1705 cantum
1921 1671 2030 1719 galli,
2054 1672 2133 1709 sive
2156 1687 2217 1710 se—

1217 1726 1397 1762 cundum.

1273 1786 1308 1822 3.
1332 1790 1416 1835 Quo
1436 1787 1537 1823 dicto
1551 1816 1560 1832 ,
1580 1786 1693 1823 timor
1717 1795 1753 1823 et
1774 1795 1915 1824 tremor
1935 1797 1972 1825 et
1991 1789 2123 1840 ingens
2144 1792 2214 1828 do-

155 1845 358 1882 dilectione
378 1845 576 1890 mandato,
594 1845 710 1881 nimio
725 1845 999 1895 circumseptus
1023 1845 1155 1882 dolore
1176 1849 1202 1884 C
1223 1846 1280 1882 lor
1307 1846 1512 1896 discipulos
1540 1860 1672 1883 omnes
1692 1847 1841 1883 invasit.
1863 1851 1939 1884 Nec
1960 1850 2108 1887 mirum.
2140 1858 2218 1889 Λιι-

155 1904 201 1941 de
223 1903 393 1941 absentia
424 1904 550 1940 sutura
578 1904 731 1941 Domini
759 1905 836 1949 sui,
858 1905 980 1940 statim
1006 1917 1152 1940 sermo-

156 1977 240 2000 nem
263 1972 374 2000 tantae
393 1963 625 2000 auctoritatis
646 1963 889 2014 interrumpit
905 1964 1096 2013 Magistri,
1116 1973 1152 2001 et

157 2032 258 2060 totus
282 2023 466 2059 exclamat
485 2023 601 2059 tristis
625 2023 664 2059 in
685 2037 778 2060 voce
807 2024 958 2069 dicens,
978 2027 1151 2067 Domme,

156 2097 227 2131 quo
248 2086 360 2120 vad1's
371 2088 391 2120 ‚³
413 2096 454 2119 ae
475 2083 504 2119 si
525 2083 683 2129 diceret,
713 2087 882 2120 Mutuam
907 2084 1125 2120 charitatem
1140 2111 1151 2129 ,

155 2155 270 2192 quam
299 2141 408 2179 nobis
440 2142 702 2187 commendas,
726 2143 878 2179 illaesam
912 2151 950 2179 et
978 2143 1152 2179 inconta-

158 2202 359 2247 minatam,
383 2210 417 2238 te
435 2201 618 2248 donante,
637 2202 892 2248 servabimu53
913 2210 950 2238 et
964 2201 1152 2252 quidquid

158 2261 260 2298 aliud
289 2261 514 2311 praeceperis
540 2261 729 2298 faciemus.
761 2261 833 2298 Sed
864 2261 964 2298 istud
993 2261 1151 2298 verbum

157 2321 262 2370 quod
288 2321 436 2368 dixisti,
455 2322 619 2367 scilicet,
653 2323 736 2368 Quo
760 2335 826 2371 ego
852 2325 973 2365 vaslo,
994 2336 1060 2358 vos
1080 2335 1152 2357 non

152 2386 310 2430 potestis
325 2387 483 2425 venire;
509 2394 578 2418 nos
597 2394 732 2430 magna
754 2382 915 2431 replevit
932 2381 1154 2418 amaritudi-

159 2453 219 2477 ne.
238 2444 285 2477 Et
309 2453 386 2489 quo
407 2440 537 2477 vadis?
557 2444 634 2478 Cur
663 2454 732 2477 nos
761 2440 927 2478 deseris?
947 2450 985 2478 et
1004 2442 1065 2478 cui
1085 2453 1154 2477 nos

159 2499 348 2537 desolatos
376 2501 581 2549 relinquis?
609 2504 690 2537 Jam
718 2501 855 2537 sinete
886 2500 1015 2537 vivere
1037 2499 1151 2544 nolo;

159 2559 238 2595 noli
259 2572 318 2596 me
338 2559 619 2609 derelinquere,
643 2561 720 2597 noli
741 2574 799 2597 me
817 2560 1001 2598 descrere.

1217 1904 1364 1943 dierant
1377 1907 1467 1956 quia
1482 1906 1628 1943 dixerat
1645 1906 1834 1943 Dominus
1850 1911 1962 1944 Petro
1977 1937 1986 1954 ,
2006 1914 2217 1959 Antequam

1216 1968 1339 2013 gallus
1356 1976 1494 2010 cantet,
1516 1976 1572 2002 ter
1589 1981 1648 2002 me
1669 1966 1843 2014 negabis;
1862 1968 1926 2016 qui
1948 1970 2124 2007 omnibus
2141 1981 2221 2008 erat

1218 2026 1413 2062 sanctitate
1427 2025 1682 2075 praestantior,
1701 2039 1830 2063 amore
1851 2026 2039 2075 devotior,
2065 2031 2138 2067 fide
2156 2045 2219 2068 ro-

1218 2082 1390 2130 busti0r3
1412 2085 1477 2133 qui
1503 2084 1581 2133 jam
1607 2085 1800 2121 consessus
1835 2085 1957 2122 suerat
1986 2091 2114 2125 Jesum
2138 2102 2219 2127 esse

1220 2144 1353 2181 Filium
1375 2143 1465 2188 Dei,
1485 2143 1614 2180 dicens
1638 2143 1684 2179 ad
1705 2156 1790 2179 eum
1803 2171 1812 2189 ,
1848 2146 1898 2179 Tu
1915 2159 1953 2180 es
1974 2147 2135 2183 Christus
2154 2151 2220 2184 Fi-

1218 2206 1290 2239 lius
1307 2206 1376 2239 Dei
1395 2208 1471 2239 vivi
1484 2202 1498 2224 ³
1519 2217 1525 2239 :
1549 2212 1586 2240 et
1603 2202 1786 2240 timebant
1799 2233 1807 2246 ,
1826 2217 1874 2241 ne
1890 2204 1983 2241 illud
2002 2206 2099 2243 idem
2117 2209 2221 2257 quod

1218 2267 1350 2307 Petro,
1371 2262 1615 2313 sibimetipsis
1635 2264 1884 2312 contingeret.
1907 2268 1953 2301 Et
1975 2267 2062 2315 quia
2093 2276 2219 2306 tantus

1217 2324 1276 2359 vir
1292 2336 1379 2360 eum
1406 2331 1487 2359 erat
1514 2332 1719 2373 negaturus
1736 2352 1746 2370 ‚
1767 2325 1806 2360 in
1842 2325 1907 2361 illo
1937 2326 2223 2374 quodammodo

1220 2382 1455 2428 titubabant3
1483 2391 1519 2419 et
1545 2383 1647 2432 quod
1669 2397 1689 2420 a
1709 2384 1870 2421 mortuis
1889 2385 1995 2421 tertia
2014 2386 2074 2422 die
2095 2401 2221 2424 resur-

1220 2452 1343 2492 geret,
1373 2456 1450 2478 non
1476 2443 1642 2492 perfecte
1663 2442 1880 2480 credebant.
1901 2447 2054 2481 Necnon
2077 2454 2113 2482 et
2136 2447 2224 2484 idco

1220 2502 1309 2551 quia
1333 2502 1563 2547 Dominum,
1597 2515 1709 2551 quem
1738 2503 1775 2539 in
1807 2504 1983 2553 praesenti
2015 2505 2221 2543 audiebant

1222 2562 1462 2611 loquentem,
1488 2575 1563 2598 non
1587 2563 1699 2611 longe
1718 2572 1805 2612 post
1824 2564 1991 2600 futurum
2016 2565 2222 2604 credebant

215 2618 250 2655 2.
272 2618 330 2655 Ad
346 2632 458 2668 quem
477 2620 683 2656 Dominus:
703 2621 784 2665 Quo
800 2634 867 2669 ego
882 2623 996 2663 vado,
1009 2633 1081 2655 mm
1092 2634 1159 2668 po—
1174 2626 1205 2658 D
1223 2621 1464 2657 moriturum.
1485 2620 1541 2658 Ibi
1560 2635 1702 2658 moeror
1717 2631 1754 2658 et
1769 2623 1909 2668 luctus,
1930 2637 2003 2660 vox
2022 2638 2095 2661 una
2116 2628 2225 2676 plan—

161 2687 214 2713 tes
233 2690 291 2712 me
311 2680 418 2713 modo
432 2684 536 2726 sequi
546 2693 559 2722 ,·
572 2684 733 2726 sequeris
744 2688 866 2715 autem
884 2689 1026 2727 postea.
1045 2682 1090 2715 Et
1103 2687 1159 2715 est

162 2749 294 2773 sensus
309 2751 316 2773 :
330 2740 414 2774 Non
437 2746 473 2773 te
490 2737 644 2783 (105010,
665 2751 742 2774 11011
764 2746 799 2774 10
817 2738 1041 2787 derelinquo
1061 2753 1068 2774 ε
1089 2750 1159 2786 ego

165 2805 200 2832 te
227 2796 422 2846 praecedo,
450 2797 497 2833 de
527 2797 631 2833 invio
660 2798 796 2834 faciens
814 2798 935 2843 viam,
959 2798 1006 2834 de
1029 2798 1158 2834 semita

163 2864 331 2902 stratam,
349 2856 395 2893 (10
411 2857 545 2893 timore
556 2858 809 2902 securitatem,
828 2858 875 2894 de
889 2866 1010 2894 morte
1025 2858 1155 2894 vitam.

165 2915 329 2952 Pavidus
352 2929 414 2962 05,
441 2917 593 2953 111111(1115
608 2930 670 2963 05,
694 2917 863 2954 nondum
893 2929 933 2954 es
959 2919 1160 2954 confirma-

167 2983 243 3016 tus,
265 2988 323 3011 1110
352 2975 465 3012 modo
495 2989 570 3013 non
598 2985 707 3026 potes
728 2977 845 3026 sequi.
865 2980 943 3026 Ego
961 2985 995 3013 te
1016 2990 1159 3026 praeee-

166 3033 251 3070 dam
271 3034 315 3070 ad
331 3034 580 3084 opprobrium
593 3065 602 3081 ,
620 3036 665 3072 ad
687 3036 921 3086 patibulum,
942 3036 1159 3081 moriendo,

168 3094 418 3143 resurgendo,
438 3095 484 3131 ad
505 3096 621 3133 coelos
640 3095 892 3132 ascendendo.
909 3099 992 3132 Non
1013 3108 1051 3131 es
1079 3095 1159 3131 ido-

168 3166 261 3191 110115
282 3154 328 3190 11(1
347 3155 542 3204 praemium
560 3184 569 3201 ,
589 3156 676 3205 quia
700 3155 868 3192 nondum
890 3163 1041 3205 paratus
1061 3168 1100 3190 05
1114 3154 1159 3190 ad

170 3212 391 3261 patibulum.
410 3217 490 3250 Non
509 3224 614 3263 potes
633 3229 690 3252 me
708 3215 813 3265 sequi
832 3216 942 3251 vitam
957 3242 965 3257 ‚
989 3215 1074 3262 quia
1093 3227 1161 3263 pru

223 3342 229 3355 ¹
248 3338 318 3366 Act.
342 3349 369 3372 ι,
386 3341 416 3368 8.
442 3357 482 3361 —-
501 3345 512 3359 ²
530 3342 602 3370 Luc.
623 3352 694 3370 xxii
711 3364 719 3378 ,
740 3343 793 3370 313.
811 3358 852 3363 —
872 3338 883 3359 5
899 3340 1012 3370 Manli.
1034 3351 1084 3369 xvi
1100 3365 1106 3373 .
1133 3345 1181 3371 111.

1224 2681 1405 2727 gentium.
1423 2681 1521 2717 Certi
1542 2690 1650 2717 erant
1665 2681 1711 2718 de
1731 2682 1900 2718 absentia
1922 2691 1993 2719 tam
2013 2683 2132 2721 duleis
2150 2690 2225 2723 Ma-

1225 2739 1329 2788 gistri
1348 2767 1358 2783 ,
1381 2739 1427 2775 de
1450 2740 1575 2776 sutura
1593 2749 1716 2777 morte
1736 2742 1942 2778 dulcissimi
1974 2744 2125 2780 Domini
2145 2747 2224 2792 sui,

1225 2806 1363 2834 etcum
1386 2798 1507 2834 adhuc
1527 2800 1564 2835 in
1589 2813 1701 2835 carne
1722 2801 1912 2836 viventem
1937 2801 2161 2849 cernebant,
2192 2814 2226 2841 et

1228 2867 1350 2894 tamen
1369 2858 1473 2893 illum
1489 2860 1594 2908 quasi
1609 2858 1686 2907 jam
1703 2868 1894 2896 mortuum
1915 2860 2107 2910 lugebant.
2124 2867 2229 2901 Tune

1226 2918 1272 2955 ad
1309 2919 1528 2954 memoriam
1568 2918 1797 2955 revocabant
1838 2919 2052 2957 dulcissima
2087 2922 2226 2960 fluenta

1227 2978 1428 3023 doetrinae,
1445 2991 1530 3026 quae
1544 2976 1592 3013 ab
1609 2978 1674 3014 illo
1688 2988 1935 3028 aet-eperaut3
1954 2980 2091 3017 salutes
2104 3010 2112 3026 ,
2134 2996 2227 3031 quas

1227 3037 1381 3073 dederat
1408 3037 1537 3086 :egris;
1556 3038 1712 3087 insuper
1741 3047 1779 3074 et
1805 3038 1918 3074 vitam
1934 3067 1942 3083 ,
1960 3052 2072 3088 (piam
2097 3041 2227 3077 reddi-

1226 3097 1331 3133 derat
1363 3097 1539 3143 mortuis;
1571 3097 1876 3148 benignissimam
1907 3107 1942 3134 et
1973 3099 2226 3138 dulcissimam

1229 3156 1539 3202 familiaritatem,
1559 3171 1670 3206 quam
1689 3171 1841 3207 semper
1857 3158 1955 3194 cirea
1978 3159 2060 3195 illos
2079 3160 2224 3197 habuit:

1227 3225 1261 3250 et
1280 3215 1457 3251 videbant
1490 3229 1528 3252 se
1559 3216 1606 3252 al)
1635 3230 1679 3251 00
1706 3225 1779 3253 tam
1804 3217 1929 3253 subito
1950 3218 2084 3254 deseri.
2120 3224 2223 3256 'l'une
