<?xml version="1.0" encoding="UTF-8"?>
<!DOCTYPE html PUBLIC "-//W3C//DTD XHTML 1.0 Transitional//EN"
    "http://www.w3.org/TR/xhtml1/DTD/xhtml1-transitional.dtd">
<html xmlns="http://www.w3.org/1999/xhtml" xml:lang="en" lang="en">
 <head>
  <title>
</title>
<meta http-equiv="Content-Type" content="text/html;charset=utf-8" />
  <meta name='ocr-system' content='tesseract 3.04.00' />
  <meta name='ocr-capabilities' content='ocr_page ocr_carea ocr_par ocr_line ocrx_word'/>
</head>
<body>
  <div class='ocr_page' id='page_1' title='image "./operaomniapostho05bern/operaomniapostho05bern_0140.png"; bbox 0 0 2504 3928; ppageno 0'>
   <div class='ocr_carea' id='block_1_1' title="bbox 340 187 412 223">
    <p class='ocr_par' dir='ltr' id='par_1_1' title="bbox 340 187 412 223">
     <span class='ocr_line' id='line_1_1' title="bbox 340 187 412 223; baseline 0.014 -1"><span class='ocrx_word' id='word_1_1' title='bbox 340 187 412 223; x_wconf 66' lang='lat'>207</span> 
     </span>
    </p>
   </div>
   <div class='ocr_carea' id='block_1_2' title="bbox 1099 185 1614 223">
    <p class='ocr_par' dir='ltr' id='par_1_2' title="bbox 1099 185 1614 223">
     <span class='ocr_line' id='line_1_2' title="bbox 1099 185 1614 223; baseline -0.002 -2"><span class='ocrx_word' id='word_1_2' title='bbox 1099 186 1387 223; x_wconf 75' lang='lat' dir='ltr'>GILLEBERTI</span> <span class='ocrx_word' id='word_1_3' title='bbox 1418 185 1614 221; x_wconf 78' lang='lat' dir='ltr'>ABBATIS</span> 
     </span>
    </p>
   </div>
   <div class='ocr_carea' id='block_1_3' title="bbox 2303 182 2377 218">
    <p class='ocr_par' dir='ltr' id='par_1_3' title="bbox 2303 182 2377 218">
     <span class='ocr_line' id='line_1_3' title="bbox 2303 182 2377 218; baseline -0.014 0"><span class='ocrx_word' id='word_1_4' title='bbox 2303 182 2377 218; x_wconf 67' lang='lat'>268</span> 
     </span>
    </p>
   </div>
   <div class='ocr_carea' id='block_1_4' title="bbox 343 258 2378 370">
    <p class='ocr_par' dir='ltr' id='par_1_4' title="bbox 343 258 2378 370">
     <span class='ocr_line' id='line_1_4' title="bbox 394 258 2376 313; baseline -0.003 -14"><span class='ocrx_word' id='word_1_5' title='bbox 394 264 427 299; x_wconf 72' lang='lat' dir='ltr'>vi.</span> <span class='ocrx_word' id='word_1_6' title='bbox 445 263 514 300; x_wconf 72' lang='lat' dir='ltr'>Sed</span> <span class='ocrx_word' id='word_1_7' title='bbox 533 263 714 313; x_wconf 90' lang='lat' dir='ltr'>numquid</span> <span class='ocrx_word' id='word_1_8' title='bbox 731 261 870 299; x_wconf 87' lang='lat' dir='ltr'>idcirco</span> <span class='ocrx_word' id='word_1_9' title='bbox 887 261 1012 311; x_wconf 91' lang='lat' dir='ltr'>aquilo</span> <span class='ocrx_word' id='word_1_10' title='bbox 1029 261 1144 298; x_wconf 84' lang='lat' dir='ltr'>durus</span> <span class='ocrx_word' id='word_1_11' title='bbox 1160 262 1325 311; x_wconf 69' lang='lat' dir='ltr'>quievit?</span> <span class='ocrx_word' id='word_1_12' title='bbox 1340 260 1385 279; x_wconf 70' lang='lat'>¹⁹⁰</span> <span class='ocrx_word' id='word_1_13' title='bbox 1400 261 1450 297; x_wconf 71' lang='lat' dir='ltr'>vit</span> <span class='ocrx_word' id='word_1_14' title='bbox 1463 289 1473 304; x_wconf 87' lang='lat'>‚</span> <span class='ocrx_word' id='word_1_15' title='bbox 1498 260 1562 309; x_wconf 91' lang='lat' dir='ltr'>qni</span> <span class='ocrx_word' id='word_1_16' title='bbox 1579 259 1668 296; x_wconf 92' lang='lat' dir='ltr'>nihil</span> <span class='ocrx_word' id='word_1_17' title='bbox 1687 258 1721 296; x_wconf 91' lang='lat' dir='ltr'>ei</span> <span class='ocrx_word' id='word_1_18' title='bbox 1741 259 1860 308; x_wconf 68' lang='lat' dir='ltr'>quivit</span> <span class='ocrx_word' id='word_1_19' title='bbox 1885 259 2075 295; x_wconf 83' lang='lat' dir='ltr'>sinistrum</span> <span class='ocrx_word' id='word_1_20' title='bbox 2101 258 2237 296; x_wconf 84' lang='lat' dir='ltr'>inferre</span> <span class='ocrx_word' id='word_1_21' title='bbox 2256 274 2264 296; x_wconf 74' lang='grc' dir='ltr'>ι</span> <span class='ocrx_word' id='word_1_22' title='bbox 2287 260 2376 308; x_wconf 91' lang='lat' dir='ltr'>quin</span> 
     </span>
     <span class='ocr_line' id='line_1_5' title="bbox 343 318 2378 370; baseline -0.002 -12"><span class='ocrx_word' id='word_1_23' title='bbox 343 325 476 358; x_wconf 77' lang='lat' dir='ltr'>Nonne</span> <span class='ocrx_word' id='word_1_24' title='bbox 497 322 615 358; x_wconf 88' lang='lat' dir='ltr'>multo</span> <span class='ocrx_word' id='word_1_25' title='bbox 633 320 893 357; x_wconf 76' lang='lat' dir='ltr'>vehementius</span> <span class='ocrx_word' id='word_1_26' title='bbox 910 328 1193 370; x_wconf 86' lang='lat' dir='ltr'>persecutorum</span> <span class='ocrx_word' id='word_1_27' title='bbox 1212 321 1327 357; x_wconf 91' lang='lat' dir='ltr'>insnr-</span> <span class='ocrx_word' id='word_1_28' title='bbox 1347 324 1374 356; x_wconf 85' lang='grc' dir='ltr'>Α</span> <span class='ocrx_word' id='word_1_29' title='bbox 1392 321 1503 356; x_wconf 86' lang='lat' dir='ltr'>etiam</span> <span class='ocrx_word' id='word_1_30' title='bbox 1525 319 1652 368; x_wconf 65' lang='lat' dir='ltr'>gloria=</span> <span class='ocrx_word' id='word_1_31' title='bbox 1683 319 1766 354; x_wconf 69' lang='lat' dir='ltr'>viro</span> <span class='ocrx_word' id='word_1_32' title='bbox 1793 318 1898 367; x_wconf 87' lang='lat' dir='ltr'>justo</span> <span class='ocrx_word' id='word_1_33' title='bbox 1920 318 2173 367; x_wconf 79' lang='lat' dir='ltr'>comportavit</span> <span class='ocrx_word' id='word_1_34' title='bbox 2197 331 2378 366; x_wconf 78' lang='lat' dir='ltr'>augmen-</span> 
     </span>
    </p>
   </div>
   <div class='ocr_carea' id='block_1_5' title="bbox 340 379 1329 1016">
    <p class='ocr_par' dir='ltr' id='par_1_5' title="bbox 340 379 1329 1016">
     <span class='ocr_line' id='line_1_6' title="bbox 342 379 1327 430; baseline -0.002 -14"><span class='ocrx_word' id='word_1_35' title='bbox 342 381 438 417; x_wconf 79' lang='lat' dir='ltr'>rexit</span> <span class='ocrx_word' id='word_1_36' title='bbox 455 381 638 430; x_wconf 90' lang='lat' dir='ltr'>procella,</span> <span class='ocrx_word' id='word_1_37' title='bbox 653 388 690 417; x_wconf 87' lang='lat' dir='ltr'>et</span> <span class='ocrx_word' id='word_1_38' title='bbox 703 381 866 429; x_wconf 91' lang='lat' dir='ltr'>impetus</span> <span class='ocrx_word' id='word_1_39' title='bbox 880 379 1063 416; x_wconf 80' lang='lat' dir='ltr'>haereticae</span> <span class='ocrx_word' id='word_1_40' title='bbox 1079 380 1327 429; x_wconf 73' lang='lat' dir='ltr'>tempestatis?</span> 
     </span>
     <span class='ocr_line' id='line_1_7' title="bbox 343 437 1327 488; baseline 0.001 -14"><span class='ocrx_word' id='word_1_41' title='bbox 343 440 527 488; x_wconf 87' lang='lat' dir='ltr'>numquid</span> <span class='ocrx_word' id='word_1_42' title='bbox 556 453 631 475; x_wconf 89' lang='lat' dir='ltr'>non</span> <span class='ocrx_word' id='word_1_43' title='bbox 661 439 899 475; x_wconf 72' lang='lat' dir='ltr'>annulatione</span> <span class='ocrx_word' id='word_1_44' title='bbox 926 437 1085 488; x_wconf 88' lang='lat' dir='ltr'>quadam</span> <span class='ocrx_word' id='word_1_45' title='bbox 1113 439 1327 476; x_wconf 76' lang='lat' dir='ltr'>tentationis</span> 
     </span>
     <span class='ocr_line' id='line_1_8' title="bbox 342 497 1327 548; baseline 0.002 -16"><span class='ocrx_word' id='word_1_46' title='bbox 342 498 491 546; x_wconf 84' lang='lat' dir='ltr'>aquilo,</span> <span class='ocrx_word' id='word_1_47' title='bbox 514 506 642 534; x_wconf 80' lang='lat' dir='ltr'>austro</span> <span class='ocrx_word' id='word_1_48' title='bbox 660 511 698 534; x_wconf 91' lang='lat' dir='ltr'>se</span> <span class='ocrx_word' id='word_1_49' title='bbox 720 498 900 548; x_wconf 84' lang='lat' dir='ltr'>opposuit</span> <span class='ocrx_word' id='word_1_50' title='bbox 918 497 1070 546; x_wconf 74' lang='lat' dir='ltr'>gratiae?</span> <span class='ocrx_word' id='word_1_51' title='bbox 1089 497 1202 545; x_wconf 86' lang='lat' dir='ltr'>Quasi</span> <span class='ocrx_word' id='word_1_52' title='bbox 1227 497 1327 534; x_wconf 88' lang='lat' dir='ltr'>solus</span> 
     </span>
     <span class='ocr_line' id='line_1_9' title="bbox 342 554 1327 604; baseline 0.001 -15"><span class='ocrx_word' id='word_1_53' title='bbox 342 554 492 590; x_wconf 86' lang='lat' dir='ltr'>hortum</span> <span class='ocrx_word' id='word_1_54' title='bbox 522 555 682 604; x_wconf 86' lang='lat' dir='ltr'>pcrssare</span> <span class='ocrx_word' id='word_1_55' title='bbox 714 563 874 592; x_wconf 88' lang='lat' dir='ltr'>conatur</span> <span class='ocrx_word' id='word_1_56' title='bbox 900 554 1062 603; x_wconf 86' lang='lat' dir='ltr'>quodam</span> <span class='ocrx_word' id='word_1_57' title='bbox 1093 555 1215 603; x_wconf 81' lang='lat' dir='ltr'>rigore</span> <span class='ocrx_word' id='word_1_58' title='bbox 1243 554 1327 590; x_wconf 91' lang='lat' dir='ltr'>duri</span> 
     </span>
     <span class='ocr_line' id='line_1_10' title="bbox 342 613 1325 662; baseline 0.001 -14"><span class='ocrx_word' id='word_1_59' title='bbox 342 613 496 662; x_wconf 76' lang='lat' dir='ltr'>spiritus</span> <span class='ocrx_word' id='word_1_60' title='bbox 509 643 518 658; x_wconf 91' lang='lat'>‚</span> <span class='ocrx_word' id='word_1_61' title='bbox 539 622 705 651; x_wconf 77' lang='lat' dir='ltr'>aromata</span> <span class='ocrx_word' id='word_1_62' title='bbox 724 615 948 662; x_wconf 69' lang='lat' dir='ltr'>restringere</span> <span class='ocrx_word' id='word_1_63' title='bbox 964 614 1096 650; x_wconf 72' lang='lat' dir='ltr'>volens</span> <span class='ocrx_word' id='word_1_64' title='bbox 1120 627 1166 650; x_wconf 91' lang='lat' dir='ltr'>ne</span> <span class='ocrx_word' id='word_1_65' title='bbox 1183 613 1301 649; x_wconf 91' lang='lat' dir='ltr'>ssnant</span> <span class='ocrx_word' id='word_1_66' title='bbox 1318 628 1325 649; x_wconf 91' lang='lat'>:</span> 
     </span>
     <span class='ocr_line' id='line_1_11' title="bbox 341 673 1327 723; baseline 0 -16"><span class='ocrx_word' id='word_1_67' title='bbox 341 673 405 708; x_wconf 77' lang='lat' dir='ltr'>sed</span> <span class='ocrx_word' id='word_1_68' title='bbox 430 681 532 709; x_wconf 88' lang='lat' dir='ltr'>tanto</span> <span class='ocrx_word' id='word_1_69' title='bbox 556 674 663 710; x_wconf 88' lang='lat' dir='ltr'>latius</span> <span class='ocrx_word' id='word_1_70' title='bbox 684 674 818 710; x_wconf 82' lang='lat' dir='ltr'>tluunt.</span> <span class='ocrx_word' id='word_1_71' title='bbox 843 673 1087 710; x_wconf 79' lang='lat' dir='ltr'>Adversitatis</span> <span class='ocrx_word' id='word_1_72' title='bbox 1109 681 1146 709; x_wconf 88' lang='lat' dir='ltr'>et</span> <span class='ocrx_word' id='word_1_73' title='bbox 1170 685 1327 723; x_wconf 78' lang='lat' dir='ltr'>prospe-</span> 
     </span>
     <span class='ocr_line' id='line_1_12' title="bbox 341 730 1329 780; baseline 0.001 -15"><span class='ocrx_word' id='word_1_74' title='bbox 341 730 460 766; x_wconf 76' lang='lat' dir='ltr'>ritatis</span> <span class='ocrx_word' id='word_1_75' title='bbox 479 731 632 768; x_wconf 90' lang='lat' dir='ltr'>alternis</span> <span class='ocrx_word' id='word_1_76' title='bbox 658 731 824 768; x_wconf 86' lang='lat' dir='ltr'>motibus</span> <span class='ocrx_word' id='word_1_77' title='bbox 845 745 945 768; x_wconf 93' lang='lat' dir='ltr'>nunc</span> <span class='ocrx_word' id='word_1_78' title='bbox 972 740 1199 780; x_wconf 80' lang='lat' dir='ltr'>provocata,</span> <span class='ocrx_word' id='word_1_79' title='bbox 1229 744 1329 767; x_wconf 91' lang='lat' dir='ltr'>nunc</span> 
     </span>
     <span class='ocr_line' id='line_1_13' title="bbox 340 789 1326 840; baseline 0 -15"><span class='ocrx_word' id='word_1_80' title='bbox 340 799 469 838; x_wconf 88' lang='lat' dir='ltr'>pacata</span> <span class='ocrx_word' id='word_1_81' title='bbox 498 804 636 840; x_wconf 90' lang='lat' dir='ltr'>sponsa</span> <span class='ocrx_word' id='word_1_82' title='bbox 662 791 796 828; x_wconf 79' lang='lat' dir='ltr'>Christi</span> <span class='ocrx_word' id='word_1_83' title='bbox 832 790 994 827; x_wconf 77' lang='lat' dir='ltr'>Ecclesia</span> <span class='ocrx_word' id='word_1_84' title='bbox 1025 789 1125 838; x_wconf 85' lang='lat' dir='ltr'>ejus,</span> <span class='ocrx_word' id='word_1_85' title='bbox 1159 798 1326 826; x_wconf 89' lang='lat' dir='ltr'>aromata</span> 
     </span>
     <span class='ocr_line' id='line_1_14' title="bbox 342 849 1324 899; baseline 0 -15"><span class='ocrx_word' id='word_1_86' title='bbox 342 849 521 886; x_wconf 59' lang='lat' dir='ltr'>virtutum</span> <span class='ocrx_word' id='word_1_87' title='bbox 545 851 714 899; x_wconf 73' lang='lat' dir='ltr'>proferre</span> <span class='ocrx_word' id='word_1_88' title='bbox 738 863 813 886; x_wconf 91' lang='lat' dir='ltr'>non</span> <span class='ocrx_word' id='word_1_89' title='bbox 837 850 978 886; x_wconf 86' lang='lat' dir='ltr'>destitit</span> <span class='ocrx_word' id='word_1_90' title='bbox 998 849 1055 885; x_wconf 73' lang='lat' dir='ltr'>vel</span> <span class='ocrx_word' id='word_1_91' title='bbox 1081 862 1156 885; x_wconf 90' lang='lat' dir='ltr'>non</span> <span class='ocrx_word' id='word_1_92' title='bbox 1177 849 1324 885; x_wconf 80' lang='lat' dir='ltr'>desinit.</span> 
     </span>
     <span class='ocr_line' id='line_1_15' title="bbox 340 908 1329 958; baseline -0.001 -14"><span class='ocrx_word' id='word_1_93' title='bbox 340 911 384 944; x_wconf 88' lang='lat' dir='ltr'>ln</span> <span class='ocrx_word' id='word_1_94' title='bbox 411 910 670 957; x_wconf 69' lang='lat' dir='ltr'>persecutione</span> <span class='ocrx_word' id='word_1_95' title='bbox 699 909 817 945; x_wconf 71' lang='lat' dir='ltr'>virtus</span> <span class='ocrx_word' id='word_1_96' title='bbox 845 909 997 951; x_wconf 85' lang='lat' dir='ltr'>enituit,</span> <span class='ocrx_word' id='word_1_97' title='bbox 1020 908 1057 944; x_wconf 89' lang='lat' dir='ltr'>in</span> <span class='ocrx_word' id='word_1_98' title='bbox 1086 921 1176 958; x_wconf 90' lang='lat' dir='ltr'>pace</span> <span class='ocrx_word' id='word_1_99' title='bbox 1199 915 1329 944; x_wconf 87' lang='lat' dir='ltr'>auctus</span> 
     </span>
     <span class='ocr_line' id='line_1_16' title="bbox 341 966 1329 1016; baseline 0 -14"><span class='ocrx_word' id='word_1_100' title='bbox 341 975 396 1003; x_wconf 88' lang='lat' dir='ltr'>est</span> <span class='ocrx_word' id='word_1_101' title='bbox 424 981 614 1004; x_wconf 87' lang='lat' dir='ltr'>numerus.</span> <span class='ocrx_word' id='word_1_102' title='bbox 642 972 683 1005; x_wconf 92' lang='lat' dir='ltr'>In</span> <span class='ocrx_word' id='word_1_103' title='bbox 705 969 765 1004; x_wconf 88' lang='lat' dir='ltr'>illa</span> <span class='ocrx_word' id='word_1_104' title='bbox 791 969 904 1004; x_wconf 81' lang='lat' dir='ltr'>sortes</span> <span class='ocrx_word' id='word_1_105' title='bbox 933 966 1170 1016; x_wconf 80' lang='lat' dir='ltr'>probantur:</span> <span class='ocrx_word' id='word_1_106' title='bbox 1195 968 1232 1003; x_wconf 92' lang='lat' dir='ltr'>in</span> <span class='ocrx_word' id='word_1_107' title='bbox 1261 966 1329 1002; x_wconf 83' lang='lat' dir='ltr'>ista</span> 
     </span>
    </p>
   </div>
   <div class='ocr_carea' id='block_1_6' title="bbox 342 1026 1375 1076">
    <p class='ocr_par' dir='ltr' id='par_1_6' title="bbox 342 1026 1375 1076">
     <span class='ocr_line' id='line_1_17' title="bbox 342 1026 1375 1076; baseline 0 -15"><span class='ocrx_word' id='word_1_108' title='bbox 342 1027 518 1063; x_wconf 57' lang='lat' dir='ltr'>foventur</span> <span class='ocrx_word' id='word_1_109' title='bbox 536 1028 687 1064; x_wconf 83' lang='lat' dir='ltr'>inlirmi.</span> <span class='ocrx_word' id='word_1_110' title='bbox 707 1027 805 1075; x_wconf 83' lang='lat' dir='ltr'>Quid</span> <span class='ocrx_word' id='word_1_111' title='bbox 834 1040 924 1075; x_wconf 73' lang='lat' dir='ltr'>ergo</span> <span class='ocrx_word' id='word_1_112' title='bbox 951 1026 1177 1076; x_wconf 73' lang='lat' dir='ltr'>primitivam</span> <span class='ocrx_word' id='word_1_113' title='bbox 1199 1026 1329 1062; x_wconf 87' lang='lat' dir='ltr'>Eccle-</span> <span class='ocrx_word' id='word_1_114' title='bbox 1349 1028 1375 1061; x_wconf 91' lang='lat' dir='ltr'>B</span> 
     </span>
    </p>
   </div>
   <div class='ocr_carea' id='block_1_7' title="bbox 335 1085 1329 1780">
    <p class='ocr_par' dir='ltr' id='par_1_7' title="bbox 335 1085 1329 1780">
     <span class='ocr_line' id='line_1_18' title="bbox 341 1085 1327 1130; baseline 0 -10"><span class='ocrx_word' id='word_1_115' title='bbox 341 1085 433 1120; x_wconf 92' lang='lat' dir='ltr'>siam</span> <span class='ocrx_word' id='word_1_116' title='bbox 457 1099 557 1122; x_wconf 84' lang='lat' dir='ltr'>minc</span> <span class='ocrx_word' id='word_1_117' title='bbox 580 1099 771 1130; x_wconf 86' lang='lat' dir='ltr'>memoro,</span> <span class='ocrx_word' id='word_1_118' title='bbox 795 1099 877 1122; x_wconf 91' lang='lat' dir='ltr'>cnm</span> <span class='ocrx_word' id='word_1_119' title='bbox 900 1085 1041 1130; x_wconf 70' lang='lat' dir='ltr'>anlhuc,</span> <span class='ocrx_word' id='word_1_120' title='bbox 1062 1086 1130 1121; x_wconf 87' lang='lat' dir='ltr'>etsi</span> <span class='ocrx_word' id='word_1_121' title='bbox 1159 1098 1234 1121; x_wconf 91' lang='lat' dir='ltr'>non</span> <span class='ocrx_word' id='word_1_122' title='bbox 1256 1093 1327 1121; x_wconf 87' lang='lat' dir='ltr'>tam</span> 
     </span>
     <span class='ocr_line' id='line_1_19' title="bbox 340 1143 1329 1194; baseline 0 -15"><span class='ocrx_word' id='word_1_123' title='bbox 340 1143 580 1180; x_wconf 63' lang='lat' dir='ltr'>volu-mentes</span> <span class='ocrx_word' id='word_1_124' title='bbox 593 1173 602 1190; x_wconf 89' lang='lat'>‚</span> <span class='ocrx_word' id='word_1_125' title='bbox 626 1145 840 1194; x_wconf 66' lang='lat' dir='ltr'>fre-(pientes</span> <span class='ocrx_word' id='word_1_126' title='bbox 860 1153 983 1180; x_wconf 91' lang='lat' dir='ltr'>tamen</span> <span class='ocrx_word' id='word_1_127' title='bbox 1004 1144 1190 1193; x_wconf 82' lang='lat' dir='ltr'>aquilonis</span> <span class='ocrx_word' id='word_1_128' title='bbox 1210 1144 1329 1193; x_wconf 91' lang='lat' dir='ltr'>impe-</span> 
     </span>
     <span class='ocr_line' id='line_1_20' title="bbox 340 1203 1329 1253; baseline 0.001 -15"><span class='ocrx_word' id='word_1_129' title='bbox 340 1209 399 1238; x_wconf 88' lang='lat' dir='ltr'>tus</span> <span class='ocrx_word' id='word_1_130' title='bbox 413 1203 572 1239; x_wconf 85' lang='lat' dir='ltr'>sustinet</span> <span class='ocrx_word' id='word_1_131' title='bbox 585 1203 715 1240; x_wconf 88' lang='lat' dir='ltr'>hortus</span> <span class='ocrx_word' id='word_1_132' title='bbox 730 1205 884 1253; x_wconf 73' lang='lat' dir='ltr'>sponsi?</span> <span class='ocrx_word' id='word_1_133' title='bbox 901 1204 1098 1240; x_wconf 87' lang='lat' dir='ltr'>Alternant</span> <span class='ocrx_word' id='word_1_134' title='bbox 1113 1205 1210 1240; x_wconf 89' lang='lat' dir='ltr'>circa</span> <span class='ocrx_word' id='word_1_135' title='bbox 1224 1203 1329 1239; x_wconf 91' lang='lat' dir='ltr'>illum</span> 
     </span>
     <span class='ocr_line' id='line_1_21' title="bbox 341 1261 1329 1312; baseline 0.002 -16"><span class='ocrx_word' id='word_1_136' title='bbox 341 1261 440 1297; x_wconf 70' lang='lat' dir='ltr'>vices</span> <span class='ocrx_word' id='word_1_137' title='bbox 459 1270 585 1299; x_wconf 88' lang='lat' dir='ltr'>auster</span> <span class='ocrx_word' id='word_1_138' title='bbox 603 1271 639 1299; x_wconf 87' lang='lat' dir='ltr'>et</span> <span class='ocrx_word' id='word_1_139' title='bbox 653 1264 791 1312; x_wconf 84' lang='lat' dir='ltr'>aquilo.</span> <span class='ocrx_word' id='word_1_140' title='bbox 812 1263 946 1301; x_wconf 84' lang='lat' dir='ltr'>Gravis</span> <span class='ocrx_word' id='word_1_141' title='bbox 969 1262 1130 1312; x_wconf 91' lang='lat' dir='ltr'>impetus</span> <span class='ocrx_word' id='word_1_142' title='bbox 1147 1262 1217 1298; x_wconf 89' lang='lat' dir='ltr'>hoc</span> <span class='ocrx_word' id='word_1_143' title='bbox 1236 1270 1329 1298; x_wconf 89' lang='lat' dir='ltr'>tem-</span> 
     </span>
     <span class='ocr_line' id='line_1_22' title="bbox 338 1321 1328 1371; baseline 0.001 -16"><span class='ocrx_word' id='word_1_144' title='bbox 338 1333 432 1368; x_wconf 82' lang='lat' dir='ltr'>pore</span> <span class='ocrx_word' id='word_1_145' title='bbox 453 1322 651 1357; x_wconf 76' lang='lat' dir='ltr'>Ecclesiam</span> <span class='ocrx_word' id='word_1_146' title='bbox 670 1322 836 1371; x_wconf 83' lang='lat' dir='ltr'>impulit,</span> <span class='ocrx_word' id='word_1_147' title='bbox 855 1330 891 1358; x_wconf 88' lang='lat' dir='ltr'>et</span> <span class='ocrx_word' id='word_1_148' title='bbox 907 1322 1060 1370; x_wconf 88' lang='lat' dir='ltr'>quidem</span> <span class='ocrx_word' id='word_1_149' title='bbox 1078 1321 1124 1358; x_wconf 89' lang='lat' dir='ltr'>ab</span> <span class='ocrx_word' id='word_1_150' title='bbox 1140 1321 1328 1370; x_wconf 88' lang='lat' dir='ltr'>aquilone.</span> 
     </span>
     <span class='ocr_line' id='line_1_23' title="bbox 338 1379 1329 1430; baseline 0.001 -16"><span class='ocrx_word' id='word_1_151' title='bbox 338 1381 430 1414; x_wconf 67' lang='lat' dir='ltr'>Nam</span> <span class='ocrx_word' id='word_1_152' title='bbox 454 1379 538 1415; x_wconf 89' lang='lat' dir='ltr'>inde</span> <span class='ocrx_word' id='word_1_153' title='bbox 556 1388 610 1416; x_wconf 89' lang='lat' dir='ltr'>est</span> <span class='ocrx_word' id='word_1_154' title='bbox 633 1381 740 1430; x_wconf 77' lang='lat' dir='ltr'>origo</span> <span class='ocrx_word' id='word_1_155' title='bbox 765 1380 972 1417; x_wconf 84' lang='lat' dir='ltr'>schismatis</span> <span class='ocrx_word' id='word_1_156' title='bbox 992 1396 1000 1417; x_wconf 88' lang='lat'>:</span> <span class='ocrx_word' id='word_1_157' title='bbox 1023 1380 1110 1416; x_wconf 88' lang='lat' dir='ltr'>inde</span> <span class='ocrx_word' id='word_1_158' title='bbox 1129 1380 1268 1426; x_wconf 89' lang='lat' dir='ltr'>oritur,</span> <span class='ocrx_word' id='word_1_159' title='bbox 1293 1387 1329 1415; x_wconf 88' lang='lat' dir='ltr'>et</span> 
     </span>
     <span class='ocr_line' id='line_1_24' title="bbox 339 1436 1324 1489; baseline 0.002 -17"><span class='ocrx_word' id='word_1_160' title='bbox 339 1436 389 1472; x_wconf 91' lang='lat' dir='ltr'>ibi</span> <span class='ocrx_word' id='word_1_161' title='bbox 415 1446 604 1484; x_wconf 81' lang='lat' dir='ltr'>moratur3</span> <span class='ocrx_word' id='word_1_162' title='bbox 633 1439 735 1475; x_wconf 88' lang='lat' dir='ltr'>solus</span> <span class='ocrx_word' id='word_1_163' title='bbox 762 1439 836 1475; x_wconf 88' lang='lat' dir='ltr'>illic</span> <span class='ocrx_word' id='word_1_164' title='bbox 862 1439 988 1488; x_wconf 88' lang='lat' dir='ltr'>aquilo</span> <span class='ocrx_word' id='word_1_165' title='bbox 1010 1439 1158 1489; x_wconf 87' lang='lat' dir='ltr'>premit.</span> <span class='ocrx_word' id='word_1_166' title='bbox 1182 1438 1249 1475; x_wconf 91' lang='lat' dir='ltr'>Dic</span> <span class='ocrx_word' id='word_1_167' title='bbox 1269 1438 1324 1483; x_wconf 87' lang='lat' dir='ltr'>ei,</span> 
     </span>
     <span class='ocr_line' id='line_1_25' title="bbox 339 1496 1326 1545; baseline 0.002 -15"><span class='ocrx_word' id='word_1_168' title='bbox 339 1496 520 1542; x_wconf 84' lang='lat' dir='ltr'>Domine,</span> <span class='ocrx_word' id='word_1_169' title='bbox 557 1504 597 1532; x_wconf 87' lang='lat' dir='ltr'>ut</span> <span class='ocrx_word' id='word_1_170' title='bbox 627 1505 776 1545; x_wconf 67' lang='lat' dir='ltr'>surgat,</span> <span class='ocrx_word' id='word_1_171' title='bbox 810 1505 850 1533; x_wconf 87' lang='lat' dir='ltr'>nt</span> <span class='ocrx_word' id='word_1_172' title='bbox 878 1497 1056 1534; x_wconf 88' lang='lat' dir='ltr'>discedat.</span> <span class='ocrx_word' id='word_1_173' title='bbox 1079 1501 1177 1533; x_wconf 72' lang='lat' dir='ltr'>Voca</span> <span class='ocrx_word' id='word_1_174' title='bbox 1202 1504 1239 1533; x_wconf 86' lang='lat' dir='ltr'>et</span> <span class='ocrx_word' id='word_1_175' title='bbox 1267 1496 1326 1532; x_wconf 92' lang='lat' dir='ltr'>dic.</span> 
     </span>
     <span class='ocr_line' id='line_1_26' title="bbox 341 1557 1328 1604; baseline 0.001 -15"><span class='ocrx_word' id='word_1_176' title='bbox 341 1562 468 1590; x_wconf 85' lang='lat' dir='ltr'>austro</span> <span class='ocrx_word' id='word_1_177' title='bbox 492 1569 499 1590; x_wconf 89' lang='lat'>:</span> <span class='ocrx_word' id='word_1_178' title='bbox 528 1558 636 1600; x_wconf 68' lang='lat' dir='ltr'>Veni,</span> <span class='ocrx_word' id='word_1_179' title='bbox 662 1558 786 1604; x_wconf 71' lang='lat' dir='ltr'>persta</span> <span class='ocrx_word' id='word_1_180' title='bbox 813 1557 952 1592; x_wconf 80' lang='lat' dir='ltr'>hortum</span> <span class='ocrx_word' id='word_1_181' title='bbox 978 1570 1119 1600; x_wconf 78' lang='lat' dir='ltr'>mcum,</span> <span class='ocrx_word' id='word_1_182' title='bbox 1147 1565 1181 1591; x_wconf 76' lang='lat' dir='ltr'>et</span> <span class='ocrx_word' id='word_1_183' title='bbox 1197 1557 1328 1603; x_wconf 65' lang='lat' dir='ltr'>sturme</span> 
     </span>
     <span class='ocr_line' id='line_1_27' title="bbox 337 1615 1327 1652; baseline 0.004 -5"><span class='ocrx_word' id='word_1_184' title='bbox 337 1623 508 1649; x_wconf 72' lang='lat' dir='ltr'>araneam</span> <span class='ocrx_word' id='word_1_185' title='bbox 537 1617 649 1650; x_wconf 74' lang='lat' dir='ltr'>illius.</span> <span class='ocrx_word' id='word_1_186' title='bbox 676 1618 760 1651; x_wconf 72' lang='lat' dir='ltr'>Non</span> <span class='ocrx_word' id='word_1_187' title='bbox 785 1615 869 1651; x_wconf 91' lang='lat' dir='ltr'>dico</span> <span class='ocrx_word' id='word_1_188' title='bbox 898 1623 1066 1652; x_wconf 85' lang='lat' dir='ltr'>austrum</span> <span class='ocrx_word' id='word_1_189' title='bbox 1090 1615 1272 1651; x_wconf 78' lang='lat' dir='ltr'>felicitatis</span> <span class='ocrx_word' id='word_1_190' title='bbox 1291 1624 1327 1651; x_wconf 90' lang='lat' dir='ltr'>et</span> 
     </span>
     <span class='ocr_line' id='line_1_28' title="bbox 335 1672 1328 1722; baseline 0.003 -16"><span class='ocrx_word' id='word_1_191' title='bbox 335 1672 545 1707; x_wconf 83' lang='lat' dir='ltr'>securitatis</span> <span class='ocrx_word' id='word_1_192' title='bbox 573 1680 751 1719; x_wconf 80' lang='lat' dir='ltr'>terrenae;</span> <span class='ocrx_word' id='word_1_193' title='bbox 775 1686 859 1710; x_wconf 89' lang='lat' dir='ltr'>nam</span> <span class='ocrx_word' id='word_1_194' title='bbox 881 1674 940 1710; x_wconf 87' lang='lat' dir='ltr'>hic</span> <span class='ocrx_word' id='word_1_195' title='bbox 967 1682 1092 1711; x_wconf 89' lang='lat' dir='ltr'>auster</span> <span class='ocrx_word' id='word_1_196' title='bbox 1113 1675 1328 1722; x_wconf 79' lang='lat' dir='ltr'>frequenter</span> 
     </span>
     <span class='ocr_line' id='line_1_29' title="bbox 335 1731 1328 1780; baseline 0.003 -15"><span class='ocrx_word' id='word_1_197' title='bbox 335 1738 503 1766; x_wconf 87' lang='lat' dir='ltr'>aromata</span> <span class='ocrx_word' id='word_1_198' title='bbox 522 1731 670 1780; x_wconf 88' lang='lat' dir='ltr'>stringit</span> <span class='ocrx_word' id='word_1_199' title='bbox 693 1740 727 1768; x_wconf 90' lang='lat' dir='ltr'>et</span> <span class='ocrx_word' id='word_1_200' title='bbox 748 1733 910 1768; x_wconf 81' lang='lat' dir='ltr'>exsiccat</span> <span class='ocrx_word' id='word_1_201' title='bbox 934 1747 940 1768; x_wconf 80' lang='lat'>2</span> <span class='ocrx_word' id='word_1_202' title='bbox 965 1733 1029 1769; x_wconf 85' lang='lat' dir='ltr'>sed</span> <span class='ocrx_word' id='word_1_203' title='bbox 1049 1741 1216 1769; x_wconf 90' lang='lat' dir='ltr'>austrum</span> <span class='ocrx_word' id='word_1_204' title='bbox 1235 1746 1328 1768; x_wconf 70' lang='lat' dir='ltr'>voca</span> 
     </span>
    </p>
   </div>
   <div class='ocr_carea' id='block_1_8' title="bbox 1392 376 2399 1774">
    <p class='ocr_par' dir='ltr' id='par_1_8' title="bbox 1392 376 2383 1015">
     <span class='ocr_line' id='line_1_30' title="bbox 1393 376 2379 428; baseline -0.004 -12"><span class='ocrx_word' id='word_1_205' title='bbox 1393 388 1469 416; x_wconf 88' lang='lat' dir='ltr'>tum</span> <span class='ocrx_word' id='word_1_206' title='bbox 1482 408 1491 425; x_wconf 92' lang='lat'>‚</span> <span class='ocrx_word' id='word_1_207' title='bbox 1517 377 1670 428; x_wconf 90' lang='lat' dir='ltr'>quando</span> <span class='ocrx_word' id='word_1_208' title='bbox 1688 378 1807 414; x_wconf 69' lang='lat' dir='ltr'>virtus</span> <span class='ocrx_word' id='word_1_209' title='bbox 1823 385 1858 413; x_wconf 92' lang='lat' dir='ltr'>et</span> <span class='ocrx_word' id='word_1_210' title='bbox 1880 376 2036 426; x_wconf 88' lang='lat' dir='ltr'>probata</span> <span class='ocrx_word' id='word_1_211' title='bbox 2061 376 2217 422; x_wconf 81' lang='lat' dir='ltr'>enituit,</span> <span class='ocrx_word' id='word_1_212' title='bbox 2236 384 2272 412; x_wconf 86' lang='lat' dir='ltr'>et</span> <span class='ocrx_word' id='word_1_213' title='bbox 2289 389 2379 426; x_wconf 92' lang='lat' dir='ltr'>pro-</span> 
     </span>
     <span class='ocr_line' id='line_1_31' title="bbox 1394 436 2380 474; baseline -0.003 0"><span class='ocrx_word' id='word_1_214' title='bbox 1394 447 1522 474; x_wconf 72' lang='lat' dir='ltr'>vocata</span> <span class='ocrx_word' id='word_1_215' title='bbox 1543 436 1720 473; x_wconf 78' lang='lat' dir='ltr'>excrevit.</span> <span class='ocrx_word' id='word_1_216' title='bbox 1743 439 1799 472; x_wconf 89' lang='lat' dir='ltr'>De</span> <span class='ocrx_word' id='word_1_217' title='bbox 1815 436 1938 472; x_wconf 70' lang='lat' dir='ltr'>vicino</span> <span class='ocrx_word' id='word_1_218' title='bbox 1958 436 1995 472; x_wconf 93' lang='lat' dir='ltr'>in</span> <span class='ocrx_word' id='word_1_219' title='bbox 2017 436 2168 472; x_wconf 89' lang='lat' dir='ltr'>hortum</span> <span class='ocrx_word' id='word_1_220' title='bbox 2190 444 2293 471; x_wconf 89' lang='lat' dir='ltr'>tuum</span> <span class='ocrx_word' id='word_1_221' title='bbox 2312 436 2380 472; x_wconf 91' lang='lat' dir='ltr'>im-</span> 
     </span>
     <span class='ocr_line' id='line_1_32' title="bbox 1394 493 2378 546; baseline -0.001 -14"><span class='ocrx_word' id='word_1_222' title='bbox 1394 497 1511 546; x_wconf 67' lang='lat' dir='ltr'>pingit</span> <span class='ocrx_word' id='word_1_223' title='bbox 1539 511 1546 532; x_wconf 91' lang='lat'><strong>:</strong></span> <span class='ocrx_word' id='word_1_224' title='bbox 1577 495 1670 532; x_wconf 90' lang='lat' dir='ltr'>situs</span> <span class='ocrx_word' id='word_1_225' title='bbox 1699 502 1755 530; x_wconf 86' lang='lat' dir='ltr'>est</span> <span class='ocrx_word' id='word_1_226' title='bbox 1785 494 1884 529; x_wconf 86' lang='lat' dir='ltr'>enim</span> <span class='ocrx_word' id='word_1_227' title='bbox 1910 494 1947 530; x_wconf 90' lang='lat' dir='ltr'>in</span> <span class='ocrx_word' id='word_1_228' title='bbox 1978 493 2154 530; x_wconf 87' lang='lat' dir='ltr'>lateribus</span> <span class='ocrx_word' id='word_1_229' title='bbox 2182 493 2378 542; x_wconf 89' lang='lat' dir='ltr'>aquilonis.</span> 
     </span>
     <span class='ocr_line' id='line_1_33' title="bbox 1395 553 2380 602; baseline -0.002 -11"><span class='ocrx_word' id='word_1_230' title='bbox 1395 556 1507 591; x_wconf 76' lang='lat' dir='ltr'>Estice</span> <span class='ocrx_word' id='word_1_231' title='bbox 1527 555 1630 591; x_wconf 91' lang='lat' dir='ltr'>illum</span> <span class='ocrx_word' id='word_1_232' title='bbox 1651 553 1780 598; x_wconf 89' lang='lat' dir='ltr'>nobis,</span> <span class='ocrx_word' id='word_1_233' title='bbox 1801 553 1980 599; x_wconf 85' lang='lat' dir='ltr'>Domine,</span> <span class='ocrx_word' id='word_1_234' title='bbox 1999 553 2195 597; x_wconf 83' lang='lat' dir='ltr'>dextrum3</span> <span class='ocrx_word' id='word_1_235' title='bbox 2214 561 2380 602; x_wconf 90' lang='lat' dir='ltr'>tempera</span> 
     </span>
     <span class='ocr_line' id='line_1_34' title="bbox 1393 611 2380 661; baseline -0.002 -11"><span class='ocrx_word' id='word_1_236' title='bbox 1393 615 1497 650; x_wconf 87' lang='lat' dir='ltr'>illum</span> <span class='ocrx_word' id='word_1_237' title='bbox 1535 613 1684 650; x_wconf 76' lang='lat' dir='ltr'>flatibus</span> <span class='ocrx_word' id='word_1_238' title='bbox 1718 613 1846 649; x_wconf 84' lang='lat' dir='ltr'>austri.</span> <span class='ocrx_word' id='word_1_239' title='bbox 1880 615 2113 661; x_wconf 83' lang='lat' dir='ltr'>Cooperatnr</span> <span class='ocrx_word' id='word_1_240' title='bbox 2139 612 2239 648; x_wconf 90' lang='lat' dir='ltr'>enim</span> <span class='ocrx_word' id='word_1_241' title='bbox 2273 611 2380 648; x_wconf 83' lang='lat' dir='ltr'>nobis</span> 
     </span>
     <span class='ocr_line' id='line_1_35' title="bbox 1394 670 2380 720; baseline -0.004 -11"><span class='ocrx_word' id='word_1_242' title='bbox 1394 673 1504 710; x_wconf 89' lang='lat' dir='ltr'>etiam</span> <span class='ocrx_word' id='word_1_243' title='bbox 1537 672 1663 720; x_wconf 88' lang='lat' dir='ltr'>aquilo</span> <span class='ocrx_word' id='word_1_244' title='bbox 1684 671 1721 707; x_wconf 91' lang='lat' dir='ltr'>in</span> <span class='ocrx_word' id='word_1_245' title='bbox 1748 670 1889 706; x_wconf 89' lang='lat' dir='ltr'>bonnm</span> <span class='ocrx_word' id='word_1_246' title='bbox 1911 679 1982 706; x_wconf 85' lang='lat' dir='ltr'>tuae</span> <span class='ocrx_word' id='word_1_247' title='bbox 2012 670 2243 715; x_wconf 85' lang='lat' dir='ltr'>dilectionis,</span> <span class='ocrx_word' id='word_1_248' title='bbox 2269 670 2380 706; x_wconf 89' lang='lat' dir='ltr'>etiam</span> 
     </span>
     <span class='ocr_line' id='line_1_36' title="bbox 1395 729 2381 779; baseline -0.004 -10"><span class='ocrx_word' id='word_1_249' title='bbox 1395 740 1522 769; x_wconf 88' lang='lat' dir='ltr'>austro</span> <span class='ocrx_word' id='word_1_250' title='bbox 1539 731 1702 768; x_wconf 82' lang='lat' dir='ltr'>afflante.</span> <span class='ocrx_word' id='word_1_251' title='bbox 1721 730 1804 767; x_wconf 80' lang='lat' dir='ltr'>Sive</span> <span class='ocrx_word' id='word_1_252' title='bbox 1819 729 1966 779; x_wconf 88' lang='lat' dir='ltr'>jussus,</span> <span class='ocrx_word' id='word_1_253' title='bbox 1987 730 2065 766; x_wconf 84' lang='lat' dir='ltr'>sive</span> <span class='ocrx_word' id='word_1_254' title='bbox 2080 730 2283 779; x_wconf 85' lang='lat' dir='ltr'>permissus</span> <span class='ocrx_word' id='word_1_255' title='bbox 2301 741 2381 764; x_wconf 82' lang='lat' dir='ltr'>sur-</span> 
     </span>
     <span class='ocr_line' id='line_1_37' title="bbox 1392 788 2379 840; baseline -0.004 -13"><span class='ocrx_word' id='word_1_256' title='bbox 1392 804 1478 840; x_wconf 73' lang='lat' dir='ltr'>gere</span> <span class='ocrx_word' id='word_1_257' title='bbox 1499 790 1626 840; x_wconf 89' lang='lat' dir='ltr'>aquilo</span> <span class='ocrx_word' id='word_1_258' title='bbox 1648 788 1919 832; x_wconf 84' lang='lat' dir='ltr'>tribulationis,</span> <span class='ocrx_word' id='word_1_259' title='bbox 1940 801 2016 824; x_wconf 90' lang='lat' dir='ltr'>non</span> <span class='ocrx_word' id='word_1_260' title='bbox 2039 801 2106 824; x_wconf 90' lang='lat' dir='ltr'>nos</span> <span class='ocrx_word' id='word_1_261' title='bbox 2127 796 2275 824; x_wconf 88' lang='lat' dir='ltr'>terreat.</span> <span class='ocrx_word' id='word_1_262' title='bbox 2297 791 2379 823; x_wconf 78' lang='lat' dir='ltr'>Mo-</span> 
     </span>
     <span class='ocr_line' id='line_1_38' title="bbox 1394 847 2383 892; baseline -0.003 -7"><span class='ocrx_word' id='word_1_263' title='bbox 1394 851 1519 886; x_wconf 85' lang='lat' dir='ltr'>dicum</span> <span class='ocrx_word' id='word_1_264' title='bbox 1540 849 1639 885; x_wconf 92' lang='lat' dir='ltr'>enim</span> <span class='ocrx_word' id='word_1_265' title='bbox 1670 857 1707 885; x_wconf 86' lang='lat' dir='ltr'>et</span> <span class='ocrx_word' id='word_1_266' title='bbox 1733 848 2002 884; x_wconf 80' lang='lat' dir='ltr'>consolationis</span> <span class='ocrx_word' id='word_1_267' title='bbox 2035 855 2160 884; x_wconf 90' lang='lat' dir='ltr'>auster</span> <span class='ocrx_word' id='word_1_268' title='bbox 2187 847 2383 892; x_wconf 83' lang='lat' dir='ltr'>succedet,</span> 
     </span>
     <span class='ocr_line' id='line_1_39' title="bbox 1394 906 2382 945; baseline -0.003 0"><span class='ocrx_word' id='word_1_269' title='bbox 1394 910 1460 945; x_wconf 80' lang='lat' dir='ltr'>etsi</span> <span class='ocrx_word' id='word_1_270' title='bbox 1484 922 1559 945; x_wconf 89' lang='lat' dir='ltr'>non</span> <span class='ocrx_word' id='word_1_271' title='bbox 1581 908 1727 945; x_wconf 85' lang='lat' dir='ltr'>interim</span> <span class='ocrx_word' id='word_1_272' title='bbox 1745 907 1951 944; x_wconf 87' lang='lat' dir='ltr'>intercidat.</span> <span class='ocrx_word' id='word_1_273' title='bbox 1970 906 2043 945; x_wconf 78' lang='lat' dir='ltr'>Lbi</span> <span class='ocrx_word' id='word_1_274' title='bbox 2063 907 2161 943; x_wconf 86' lang='lat' dir='ltr'>enim</span> <span class='ocrx_word' id='word_1_275' title='bbox 2179 906 2382 943; x_wconf 71' lang='lat' dir='ltr'>abundavit</span> 
     </span>
     <span class='ocr_line' id='line_1_40' title="bbox 1394 967 1995 1015; baseline -0.005 -10"><span class='ocrx_word' id='word_1_276' title='bbox 1394 969 1568 1014; x_wconf 82' lang='lat' dir='ltr'>afflictio,</span> <span class='ocrx_word' id='word_1_277' title='bbox 1587 967 1792 1004; x_wconf 69' lang='lat' dir='ltr'>abundavit</span> <span class='ocrx_word' id='word_1_278' title='bbox 1813 975 1847 1003; x_wconf 88' lang='lat' dir='ltr'>et</span> <span class='ocrx_word' id='word_1_279' title='bbox 1868 967 1995 1015; x_wconf 75' lang='lat' dir='ltr'>gratia.</span> 
     </span>
    </p>

    <p class='ocr_par' dir='ltr' id='par_1_9' title="bbox 1392 1024 2399 1774">
     <span class='ocr_line' id='line_1_41' title="bbox 1446 1024 2381 1076; baseline -0.003 -13"><span class='ocrx_word' id='word_1_280' title='bbox 1446 1030 1480 1065; x_wconf 75' lang='lat'>5.</span> <span class='ocrx_word' id='word_1_281' title='bbox 1506 1028 1577 1065; x_wconf 87' lang='lat' dir='ltr'>Sed</span> <span class='ocrx_word' id='word_1_282' title='bbox 1597 1026 1687 1076; x_wconf 90' lang='lat' dir='ltr'>quid</span> <span class='ocrx_word' id='word_1_283' title='bbox 1711 1025 1836 1071; x_wconf 64' lang='lat' dir='ltr'>vobis,</span> <span class='ocrx_word' id='word_1_284' title='bbox 1860 1027 2012 1071; x_wconf 76' lang='lat' dir='ltr'>tratres,</span> <span class='ocrx_word' id='word_1_285' title='bbox 2035 1025 2081 1062; x_wconf 92' lang='lat' dir='ltr'>de</span> <span class='ocrx_word' id='word_1_286' title='bbox 2101 1025 2278 1061; x_wconf 79' lang='lat' dir='ltr'>exteriori</span> <span class='ocrx_word' id='word_1_287' title='bbox 2303 1024 2381 1061; x_wconf 86' lang='lat' dir='ltr'>dis—</span> 
     </span>
     <span class='ocr_line' id='line_1_42' title="bbox 1395 1084 2382 1137; baseline -0.001 -15"><span class='ocrx_word' id='word_1_288' title='bbox 1395 1096 1485 1137; x_wconf 92' lang='lat' dir='ltr'>puto</span> <span class='ocrx_word' id='word_1_289' title='bbox 1505 1086 1772 1123; x_wconf 74' lang='lat' dir='ltr'>tribulatione?</span> <span class='ocrx_word' id='word_1_290' title='bbox 1789 1085 1894 1122; x_wconf 75' lang='lat' dir='ltr'>Alius</span> <span class='ocrx_word' id='word_1_291' title='bbox 1913 1086 2007 1121; x_wconf 86' lang='lat' dir='ltr'>solet</span> <span class='ocrx_word' id='word_1_292' title='bbox 2023 1097 2090 1120; x_wconf 74' lang='lat' dir='ltr'>vos</span> <span class='ocrx_word' id='word_1_293' title='bbox 2107 1084 2233 1133; x_wconf 88' lang='lat' dir='ltr'>aquilo</span> <span class='ocrx_word' id='word_1_294' title='bbox 2253 1097 2382 1134; x_wconf 81' lang='lat' dir='ltr'>perur-</span> 
     </span>
     <span class='ocr_line' id='line_1_43' title="bbox 1394 1139 2399 1195; baseline -0.003 -11"><span class='ocrx_word' id='word_1_295' title='bbox 1394 1160 1492 1195; x_wconf 72' lang='lat' dir='ltr'>gere.</span> <span class='ocrx_word' id='word_1_296' title='bbox 1515 1145 1573 1184; x_wconf 77' lang='lat' dir='ltr'>Ab</span> <span class='ocrx_word' id='word_1_297' title='bbox 1593 1146 1662 1182; x_wconf 90' lang='lat' dir='ltr'>hoc</span> <span class='ocrx_word' id='word_1_298' title='bbox 1682 1144 1790 1181; x_wconf 76' lang='lat' dir='ltr'>vobis</span> <span class='ocrx_word' id='word_1_299' title='bbox 1812 1149 1913 1181; x_wconf 91' lang='lat' dir='ltr'>Deus</span> <span class='ocrx_word' id='word_1_300' title='bbox 1930 1145 2106 1193; x_wconf 88' lang='lat' dir='ltr'>aquilone</span> <span class='ocrx_word' id='word_1_301' title='bbox 2126 1143 2265 1193; x_wconf 87' lang='lat' dir='ltr'>parcit,</span> <span class='ocrx_word' id='word_1_302' title='bbox 2289 1139 2399 1181; x_wconf 53' lang='lat' dir='ltr'>alios¹</span> 
     </span>
     <span class='ocr_line' id='line_1_44' title="bbox 1395 1202 2383 1256; baseline -0.003 -14"><span class='ocrx_word' id='word_1_303' title='bbox 1395 1206 1640 1256; x_wconf 83' lang='lat' dir='ltr'>interponens</span> <span class='ocrx_word' id='word_1_304' title='bbox 1653 1233 1662 1251; x_wconf 92' lang='lat'>‚</span> <span class='ocrx_word' id='word_1_305' title='bbox 1682 1205 1747 1254; x_wconf 91' lang='lat' dir='ltr'>qui</span> <span class='ocrx_word' id='word_1_306' title='bbox 1767 1204 1952 1240; x_wconf 74' lang='lat' dir='ltr'>saecularis</span> <span class='ocrx_word' id='word_1_307' title='bbox 1974 1204 2155 1240; x_wconf 88' lang='lat' dir='ltr'>tumultus</span> <span class='ocrx_word' id='word_1_308' title='bbox 2174 1210 2210 1239; x_wconf 89' lang='lat' dir='ltr'>et</span> <span class='ocrx_word' id='word_1_309' title='bbox 2231 1202 2383 1240; x_wconf 87' lang='lat' dir='ltr'>tribula-</span> 
     </span>
     <span class='ocr_line' id='line_1_45' title="bbox 1396 1262 2383 1313; baseline -0.002 -13"><span class='ocrx_word' id='word_1_310' title='bbox 1396 1264 1506 1300; x_wconf 88' lang='lat' dir='ltr'>tionis</span> <span class='ocrx_word' id='word_1_311' title='bbox 1533 1263 1716 1313; x_wconf 88' lang='lat' dir='ltr'>impulsus</span> <span class='ocrx_word' id='word_1_312' title='bbox 1744 1263 1958 1311; x_wconf 85' lang='lat' dir='ltr'>frequentes</span> <span class='ocrx_word' id='word_1_313' title='bbox 1979 1262 2180 1311; x_wconf 78' lang='lat' dir='ltr'>excipiant.</span> <span class='ocrx_word' id='word_1_314' title='bbox 2211 1263 2383 1298; x_wconf 83' lang='lat' dir='ltr'>Exterior</span> 
     </span>
     <span class='ocr_line' id='line_1_46' title="bbox 1397 1320 2384 1371; baseline -0.001 -14"><span class='ocrx_word' id='word_1_315' title='bbox 1397 1335 1462 1359; x_wconf 78' lang='lat' dir='ltr'>vos</span> <span class='ocrx_word' id='word_1_316' title='bbox 1484 1335 1574 1358; x_wconf 87' lang='lat' dir='ltr'>cura</span> <span class='ocrx_word' id='word_1_317' title='bbox 1593 1322 1714 1371; x_wconf 85' lang='lat' dir='ltr'>gravis</span> <span class='ocrx_word' id='word_1_318' title='bbox 1735 1322 1836 1358; x_wconf 90' lang='lat' dir='ltr'>nulla</span> <span class='ocrx_word' id='word_1_319' title='bbox 1857 1322 2096 1371; x_wconf 80' lang='lat' dir='ltr'>perstringit,</span> <span class='ocrx_word' id='word_1_320' title='bbox 2118 1321 2205 1370; x_wconf 88' lang='lat' dir='ltr'>quia</span> <span class='ocrx_word' id='word_1_321' title='bbox 2227 1321 2273 1357; x_wconf 88' lang='lat' dir='ltr'>de</span> <span class='ocrx_word' id='word_1_322' title='bbox 2295 1320 2384 1370; x_wconf 87' lang='lat' dir='ltr'>jure</span> 
     </span>
     <span class='ocr_line' id='line_1_47' title="bbox 1394 1379 2382 1428; baseline -0.002 -13"><span class='ocrx_word' id='word_1_323' title='bbox 1394 1380 1499 1415; x_wconf 88' lang='lat' dir='ltr'>nulla</span> <span class='ocrx_word' id='word_1_324' title='bbox 1526 1379 1708 1428; x_wconf 80' lang='lat' dir='ltr'>contingit</span> <span class='ocrx_word' id='word_1_325' title='bbox 1732 1394 1739 1415; x_wconf 93' lang='lat'>:</span> <span class='ocrx_word' id='word_1_326' title='bbox 1772 1392 1840 1415; x_wconf 90' lang='lat' dir='ltr'>nec</span> <span class='ocrx_word' id='word_1_327' title='bbox 1860 1386 1982 1415; x_wconf 90' lang='lat' dir='ltr'>tamen</span> <span class='ocrx_word' id='word_1_328' title='bbox 2005 1379 2192 1416; x_wconf 88' lang='lat' dir='ltr'>immunes</span> <span class='ocrx_word' id='word_1_329' title='bbox 2211 1392 2291 1416; x_wconf 86' lang='lat' dir='ltr'>esse</span> <span class='ocrx_word' id='word_1_330' title='bbox 2315 1392 2382 1415; x_wconf 81' lang='lat' dir='ltr'>vos</span> 
     </span>
     <span class='ocr_line' id='line_1_48' title="bbox 1394 1437 2383 1484; baseline 0.001 -11"><span class='ocrx_word' id='word_1_331' title='bbox 1394 1437 1493 1473; x_wconf 90' lang='lat' dir='ltr'>sinit.</span> <span class='ocrx_word' id='word_1_332' title='bbox 1524 1440 1627 1484; x_wconf 88' lang='lat' dir='ltr'>Quos</span> <span class='ocrx_word' id='word_1_333' title='bbox 1652 1437 1817 1473; x_wconf 82' lang='lat' dir='ltr'>exterior</span> <span class='ocrx_word' id='word_1_334' title='bbox 1848 1450 1936 1474; x_wconf 87' lang='lat' dir='ltr'>cura</span> <span class='ocrx_word' id='word_1_335' title='bbox 1968 1450 2044 1473; x_wconf 91' lang='lat' dir='ltr'>non</span> <span class='ocrx_word' id='word_1_336' title='bbox 2073 1439 2192 1484; x_wconf 74' lang='lat' dir='ltr'>valet,</span> <span class='ocrx_word' id='word_1_337' title='bbox 2226 1437 2383 1474; x_wconf 88' lang='lat' dir='ltr'>interior</span> 
     </span>
     <span class='ocr_line' id='line_1_49' title="bbox 1393 1495 2379 1545; baseline 0 -13"><span class='ocrx_word' id='word_1_338' title='bbox 1393 1497 1505 1532; x_wconf 79' lang='lat' dir='ltr'>aflicit</span> <span class='ocrx_word' id='word_1_339' title='bbox 1527 1495 1649 1532; x_wconf 79' lang='lat' dir='ltr'>taedio.</span> <span class='ocrx_word' id='word_1_340' title='bbox 1666 1499 1765 1533; x_wconf 91' lang='lat' dir='ltr'>Bene</span> <span class='ocrx_word' id='word_1_341' title='bbox 1785 1509 1869 1532; x_wconf 89' lang='lat' dir='ltr'>cum</span> <span class='ocrx_word' id='word_1_342' title='bbox 1890 1496 1961 1532; x_wconf 90' lang='lat' dir='ltr'>illis</span> <span class='ocrx_word' id='word_1_343' title='bbox 1977 1495 2099 1545; x_wconf 83' lang='lat' dir='ltr'>agitur</span> <span class='ocrx_word' id='word_1_344' title='bbox 2117 1496 2155 1532; x_wconf 93' lang='lat' dir='ltr'>in</span> <span class='ocrx_word' id='word_1_345' title='bbox 2176 1496 2242 1532; x_wconf 82' lang='lat' dir='ltr'>hac</span> <span class='ocrx_word' id='word_1_346' title='bbox 2261 1504 2379 1545; x_wconf 85' lang='lat' dir='ltr'>parte,</span> 
     </span>
     <span class='ocr_line' id='line_1_50' title="bbox 1393 1554 2384 1604; baseline 0.002 -14"><span class='ocrx_word' id='word_1_347' title='bbox 1393 1555 1494 1604; x_wconf 88' lang='lat' dir='ltr'>quod</span> <span class='ocrx_word' id='word_1_348' title='bbox 1511 1555 1764 1592; x_wconf 72' lang='lat' dir='ltr'>exterioribus</span> <span class='ocrx_word' id='word_1_349' title='bbox 1781 1567 1855 1591; x_wconf 90' lang='lat' dir='ltr'>non</span> <span class='ocrx_word' id='word_1_350' title='bbox 1877 1563 2007 1604; x_wconf 88' lang='lat' dir='ltr'>patent</span> <span class='ocrx_word' id='word_1_351' title='bbox 2026 1569 2033 1591; x_wconf 89' lang='lat'>:</span> <span class='ocrx_word' id='word_1_352' title='bbox 2055 1554 2118 1591; x_wconf 89' lang='lat' dir='ltr'>sed</span> <span class='ocrx_word' id='word_1_353' title='bbox 2141 1554 2384 1592; x_wconf 86' lang='lat' dir='ltr'>nihilominus</span> 
     </span>
     <span class='ocr_line' id='line_1_51' title="bbox 1392 1611 2381 1663; baseline -0.001 -14"><span class='ocrx_word' id='word_1_354' title='bbox 1392 1614 1606 1663; x_wconf 82' lang='lat' dir='ltr'>aquilonem</span> <span class='ocrx_word' id='word_1_355' title='bbox 1629 1627 1704 1650; x_wconf 91' lang='lat' dir='ltr'>non</span> <span class='ocrx_word' id='word_1_356' title='bbox 1733 1613 1940 1662; x_wconf 76' lang='lat' dir='ltr'>effugiunt,</span> <span class='ocrx_word' id='word_1_357' title='bbox 1961 1613 2050 1650; x_wconf 90' lang='lat' dir='ltr'>dum</span> <span class='ocrx_word' id='word_1_358' title='bbox 2071 1611 2141 1649; x_wconf 90' lang='lat' dir='ltr'>sibi</span> <span class='ocrx_word' id='word_1_359' title='bbox 2162 1611 2200 1648; x_wconf 91' lang='lat' dir='ltr'>in</span> <span class='ocrx_word' id='word_1_360' title='bbox 2222 1612 2381 1649; x_wconf 86' lang='lat' dir='ltr'>interio-</span> 
     </span>
     <span class='ocr_line' id='line_1_52' title="bbox 1394 1670 2382 1720; baseline -0.002 -12"><span class='ocrx_word' id='word_1_361' title='bbox 1394 1672 1497 1708; x_wconf 87' lang='lat' dir='ltr'>ribus</span> <span class='ocrx_word' id='word_1_362' title='bbox 1524 1684 1601 1708; x_wconf 91' lang='lat' dir='ltr'>non</span> <span class='ocrx_word' id='word_1_363' title='bbox 1630 1672 1790 1720; x_wconf 87' lang='lat' dir='ltr'>placent.</span> <span class='ocrx_word' id='word_1_364' title='bbox 1821 1671 1966 1709; x_wconf 72' lang='lat' dir='ltr'>Festiva</span> <span class='ocrx_word' id='word_1_365' title='bbox 1996 1671 2100 1720; x_wconf 67' lang='lat' dir='ltr'>priuis</span> <span class='ocrx_word' id='word_1_366' title='bbox 2130 1670 2264 1720; x_wconf 80' lang='lat' dir='ltr'>gaudia</span> <span class='ocrx_word' id='word_1_367' title='bbox 2296 1684 2382 1707; x_wconf 77' lang='lat' dir='ltr'>ver-</span> 
     </span>
     <span class='ocr_line' id='line_1_53' title="bbox 1394 1729 2380 1774; baseline -0.001 -8"><span class='ocrx_word' id='word_1_368' title='bbox 1394 1737 1526 1766; x_wconf 89' lang='lat' dir='ltr'>tuntur</span> <span class='ocrx_word' id='word_1_369' title='bbox 1553 1730 1588 1765; x_wconf 94' lang='lat' dir='ltr'>in</span> <span class='ocrx_word' id='word_1_370' title='bbox 1612 1729 1823 1774; x_wconf 78' lang='lat' dir='ltr'>fastidium,</span> <span class='ocrx_word' id='word_1_371' title='bbox 1855 1738 1892 1766; x_wconf 91' lang='lat' dir='ltr'>et</span> <span class='ocrx_word' id='word_1_372' title='bbox 1914 1730 2068 1766; x_wconf 87' lang='lat' dir='ltr'>hilarem</span> <span class='ocrx_word' id='word_1_373' title='bbox 2091 1729 2225 1765; x_wconf 89' lang='lat' dir='ltr'>mentis</span> <span class='ocrx_word' id='word_1_374' title='bbox 2251 1729 2380 1765; x_wconf 79' lang='lat' dir='ltr'>faciem</span> 
     </span>
    </p>
   </div>
   <div class='ocr_carea' id='block_1_9' title="bbox 337 1788 2382 1840">
    <p class='ocr_par' dir='ltr' id='par_1_10' title="bbox 337 1788 2382 1840">
     <span class='ocr_line' id='line_1_54' title="bbox 337 1788 2382 1840; baseline 0 -16"><span class='ocrx_word' id='word_1_375' title='bbox 337 1790 465 1837; x_wconf 64' lang='lat' dir='ltr'>gratiae</span> <span class='ocrx_word' id='word_1_376' title='bbox 488 1798 571 1826; x_wconf 82' lang='lat' dir='ltr'>tuae.</span> <span class='ocrx_word' id='word_1_377' title='bbox 593 1793 639 1826; x_wconf 84' lang='lat' dir='ltr'>Et</span> <span class='ocrx_word' id='word_1_378' title='bbox 665 1791 694 1827; x_wconf 92' lang='lat' dir='ltr'>si</span> <span class='ocrx_word' id='word_1_379' title='bbox 715 1791 764 1827; x_wconf 92' lang='lat' dir='ltr'>ita</span> <span class='ocrx_word' id='word_1_380' title='bbox 788 1804 938 1828; x_wconf 84' lang='lat' dir='ltr'>necesse</span> <span class='ocrx_word' id='word_1_381' title='bbox 958 1800 1032 1837; x_wconf 82' lang='lat' dir='ltr'>est,</span> <span class='ocrx_word' id='word_1_382' title='bbox 1057 1800 1093 1828; x_wconf 88' lang='lat' dir='ltr'>et</span> <span class='ocrx_word' id='word_1_383' title='bbox 1113 1791 1327 1840; x_wconf 80' lang='lat' dir='ltr'>aquilonem</span> <span class='ocrx_word' id='word_1_384' title='bbox 1351 1789 1377 1824; x_wconf 94' lang='lat' dir='ltr'>C</span> <span class='ocrx_word' id='word_1_385' title='bbox 1396 1789 1543 1825; x_wconf 78' lang='lat' dir='ltr'>tristitia</span> <span class='ocrx_word' id='word_1_386' title='bbox 1563 1797 1784 1825; x_wconf 90' lang='lat' dir='ltr'>commutat.</span> <span class='ocrx_word' id='word_1_387' title='bbox 1802 1789 1906 1826; x_wconf 84' lang='lat' dir='ltr'>Felix</span> <span class='ocrx_word' id='word_1_388' title='bbox 1927 1789 1984 1825; x_wconf 88' lang='lat' dir='ltr'>cui</span> <span class='ocrx_word' id='word_1_389' title='bbox 2006 1802 2082 1825; x_wconf 88' lang='lat' dir='ltr'>non</span> <span class='ocrx_word' id='word_1_390' title='bbox 2103 1797 2158 1825; x_wconf 91' lang='lat' dir='ltr'>cst</span> <span class='ocrx_word' id='word_1_391' title='bbox 2183 1788 2259 1825; x_wconf 81' lang='lat' dir='ltr'>hoec</span> <span class='ocrx_word' id='word_1_392' title='bbox 2279 1802 2382 1825; x_wconf 89' lang='lat' dir='ltr'>com-</span> 
     </span>
    </p>
   </div>
   <div class='ocr_carea' id='block_1_10' title="bbox 336 1849 1332 2482">
    <p class='ocr_par' dir='ltr' id='par_1_11' title="bbox 336 1849 1332 2482">
     <span class='ocr_line' id='line_1_55' title="bbox 336 1849 1330 1897; baseline 0.001 -14"><span class='ocrx_word' id='word_1_393' title='bbox 336 1849 374 1884; x_wconf 90' lang='lat' dir='ltr'>in</span> <span class='ocrx_word' id='word_1_394' title='bbox 397 1849 500 1884; x_wconf 91' lang='lat' dir='ltr'>illum</span> <span class='ocrx_word' id='word_1_395' title='bbox 519 1849 680 1885; x_wconf 87' lang='lat' dir='ltr'>sterilem</span> <span class='ocrx_word' id='word_1_396' title='bbox 700 1850 850 1886; x_wconf 91' lang='lat' dir='ltr'>hortum</span> <span class='ocrx_word' id='word_1_397' title='bbox 868 1851 989 1897; x_wconf 85' lang='lat' dir='ltr'>mitte,</span> <span class='ocrx_word' id='word_1_398' title='bbox 1009 1863 1084 1886; x_wconf 92' lang='lat' dir='ltr'>non</span> <span class='ocrx_word' id='word_1_399' title='bbox 1107 1849 1330 1885; x_wconf 79' lang='lat' dir='ltr'>obstinatio-</span> 
     </span>
     <span class='ocr_line' id='line_1_56' title="bbox 338 1907 1328 1957; baseline 0.002 -16"><span class='ocrx_word' id='word_1_400' title='bbox 338 1907 394 1942; x_wconf 74' lang='lat' dir='ltr'>nis</span> <span class='ocrx_word' id='word_1_401' title='bbox 408 1935 416 1950; x_wconf 92' lang='lat'>‚</span> <span class='ocrx_word' id='word_1_402' title='bbox 438 1907 501 1942; x_wconf 81' lang='lat' dir='ltr'>sed</span> <span class='ocrx_word' id='word_1_403' title='bbox 523 1907 732 1943; x_wconf 65' lang='lat' dir='ltr'>vexationis</span> <span class='ocrx_word' id='word_1_404' title='bbox 753 1907 966 1956; x_wconf 86' lang='lat' dir='ltr'>aquilonem</span> <span class='ocrx_word' id='word_1_405' title='bbox 982 1935 992 1953; x_wconf 85' lang='lat'><strong><em>‚</em></strong></span> <span class='ocrx_word' id='word_1_406' title='bbox 1015 1916 1054 1945; x_wconf 92' lang='lat' dir='ltr'>ut</span> <span class='ocrx_word' id='word_1_407' title='bbox 1079 1909 1158 1957; x_wconf 88' lang='lat' dir='ltr'>ipsa</span> <span class='ocrx_word' id='word_1_408' title='bbox 1180 1907 1328 1944; x_wconf 61' lang='lat' dir='ltr'>vexatio</span> 
     </span>
     <span class='ocr_line' id='line_1_57' title="bbox 338 1966 1329 2014; baseline 0.001 -14"><span class='ocrx_word' id='word_1_409' title='bbox 338 1966 399 2001; x_wconf 91' lang='lat' dir='ltr'>det</span> <span class='ocrx_word' id='word_1_410' title='bbox 431 1966 660 2001; x_wconf 88' lang='lat' dir='ltr'>intellectum</span> <span class='ocrx_word' id='word_1_411' title='bbox 682 1966 824 2002; x_wconf 86' lang='lat' dir='ltr'>auditui</span> <span class='ocrx_word' id='word_1_412' title='bbox 847 1966 892 2002; x_wconf 92' lang='lat' dir='ltr'>ad</span> <span class='ocrx_word' id='word_1_413' title='bbox 919 1966 1188 2003; x_wconf 86' lang='lat' dir='ltr'>obediendum.</span> <span class='ocrx_word' id='word_1_414' title='bbox 1210 1967 1329 2014; x_wconf 86' lang='lat' dir='ltr'>Aqui-</span> 
     </span>
     <span class='ocr_line' id='line_1_58' title="bbox 337 2024 1330 2074; baseline 0.002 -15"><span class='ocrx_word' id='word_1_415' title='bbox 337 2024 435 2060; x_wconf 81' lang='lat' dir='ltr'>lonis</span> <span class='ocrx_word' id='word_1_416' title='bbox 465 2025 586 2072; x_wconf 74' lang='lat' dir='ltr'>rigore</span> <span class='ocrx_word' id='word_1_417' title='bbox 618 2025 761 2073; x_wconf 71' lang='lat' dir='ltr'>flagella</span> <span class='ocrx_word' id='word_1_418' title='bbox 792 2025 943 2062; x_wconf 83' lang='lat' dir='ltr'>hortum</span> <span class='ocrx_word' id='word_1_419' title='bbox 968 2034 1072 2062; x_wconf 89' lang='lat' dir='ltr'>tuum</span> <span class='ocrx_word' id='word_1_420' title='bbox 1095 2041 1102 2060; x_wconf 89' lang='lat'>:</span> <span class='ocrx_word' id='word_1_421' title='bbox 1128 2026 1198 2061; x_wconf 87' lang='lat' dir='ltr'>hoc</span> <span class='ocrx_word' id='word_1_422' title='bbox 1224 2026 1330 2074; x_wconf 76' lang='lat' dir='ltr'>quasi</span> 
     </span>
     <span class='ocr_line' id='line_1_59' title="bbox 338 2082 1329 2132; baseline 0.001 -15"><span class='ocrx_word' id='word_1_423' title='bbox 338 2082 495 2120; x_wconf 66' lang='lat' dir='ltr'>verbere</span> <span class='ocrx_word' id='word_1_424' title='bbox 512 2084 633 2119; x_wconf 82' lang='lat' dir='ltr'>excita</span> <span class='ocrx_word' id='word_1_425' title='bbox 652 2091 842 2132; x_wconf 82' lang='lat' dir='ltr'>torporem</span> <span class='ocrx_word' id='word_1_426' title='bbox 864 2083 963 2131; x_wconf 81' lang='lat' dir='ltr'>ejus,</span> <span class='ocrx_word' id='word_1_427' title='bbox 983 2092 1023 2119; x_wconf 92' lang='lat' dir='ltr'>ut</span> <span class='ocrx_word' id='word_1_428' title='bbox 1038 2084 1184 2120; x_wconf 83' lang='lat' dir='ltr'>avidius</span> <span class='ocrx_word' id='word_1_429' title='bbox 1200 2083 1246 2119; x_wconf 89' lang='lat' dir='ltr'>ad</span> <span class='ocrx_word' id='word_1_430' title='bbox 1263 2096 1329 2119; x_wconf 85' lang='lat' dir='ltr'>au—</span> 
     </span>
     <span class='ocr_line' id='line_1_60' title="bbox 339 2142 1330 2191; baseline 0 -14"><span class='ocrx_word' id='word_1_431' title='bbox 339 2142 405 2178; x_wconf 71' lang='lat' dir='ltr'>stri</span> <span class='ocrx_word' id='word_1_432' title='bbox 428 2155 465 2178; x_wconf 88' lang='lat' dir='ltr'>se</span> <span class='ocrx_word' id='word_1_433' title='bbox 493 2142 590 2178; x_wconf 82' lang='lat' dir='ltr'>lenia</span> <span class='ocrx_word' id='word_1_434' title='bbox 610 2142 814 2191; x_wconf 87' lang='lat' dir='ltr'>spiramina</span> <span class='ocrx_word' id='word_1_435' title='bbox 842 2143 1022 2178; x_wconf 72' lang='lat' dir='ltr'>conterat.</span> <span class='ocrx_word' id='word_1_436' title='bbox 1044 2146 1133 2178; x_wconf 83' lang='lat' dir='ltr'>Tam</span> <span class='ocrx_word' id='word_1_437' title='bbox 1160 2142 1330 2191; x_wconf 79' lang='lat' dir='ltr'>partibus</span> 
     </span>
     <span class='ocr_line' id='line_1_61' title="bbox 340 2199 1328 2249; baseline -0.001 -13"><span class='ocrx_word' id='word_1_438' title='bbox 340 2214 450 2249; x_wconf 86' lang='lat' dir='ltr'>quam</span> <span class='ocrx_word' id='word_1_439' title='bbox 475 2199 706 2249; x_wconf 87' lang='lat' dir='ltr'>temporibus</span> <span class='ocrx_word' id='word_1_440' title='bbox 726 2209 851 2237; x_wconf 85' lang='lat' dir='ltr'>auster</span> <span class='ocrx_word' id='word_1_441' title='bbox 867 2209 903 2236; x_wconf 88' lang='lat' dir='ltr'>ct</span> <span class='ocrx_word' id='word_1_442' title='bbox 919 2201 1045 2249; x_wconf 91' lang='lat' dir='ltr'>aquilo</span> <span class='ocrx_word' id='word_1_443' title='bbox 1063 2201 1159 2236; x_wconf 87' lang='lat' dir='ltr'>circa</span> <span class='ocrx_word' id='word_1_444' title='bbox 1179 2200 1328 2236; x_wconf 87' lang='lat' dir='ltr'>hortum</span> 
     </span>
     <span class='ocr_line' id='line_1_62' title="bbox 342 2258 1329 2296; baseline -0.002 -1"><span class='ocrx_word' id='word_1_445' title='bbox 342 2267 510 2295; x_wconf 83' lang='lat' dir='ltr'>nostrum</span> <span class='ocrx_word' id='word_1_446' title='bbox 540 2259 638 2295; x_wconf 73' lang='lat' dir='ltr'>vices</span> <span class='ocrx_word' id='word_1_447' title='bbox 659 2259 856 2295; x_wconf 89' lang='lat' dir='ltr'>alternant.</span> <span class='ocrx_word' id='word_1_448' title='bbox 886 2259 986 2296; x_wconf 84' lang='lat' dir='ltr'>Sicut</span> <span class='ocrx_word' id='word_1_449' title='bbox 1008 2259 1107 2294; x_wconf 89' lang='lat' dir='ltr'>enim</span> <span class='ocrx_word' id='word_1_450' title='bbox 1137 2271 1238 2294; x_wconf 88' lang='lat' dir='ltr'>nunc</span> <span class='ocrx_word' id='word_1_451' title='bbox 1268 2258 1329 2294; x_wconf 88' lang='lat' dir='ltr'>llat</span> 
     </span>
     <span class='ocr_line' id='line_1_63' title="bbox 340 2317 1330 2366; baseline -0.002 -12"><span class='ocrx_word' id='word_1_452' title='bbox 340 2326 488 2364; x_wconf 85' lang='lat' dir='ltr'>auster,</span> <span class='ocrx_word' id='word_1_453' title='bbox 518 2331 618 2354; x_wconf 76' lang='lat' dir='ltr'>tinne</span> <span class='ocrx_word' id='word_1_454' title='bbox 651 2318 777 2366; x_wconf 86' lang='lat' dir='ltr'>aquilo</span> <span class='ocrx_word' id='word_1_455' title='bbox 810 2331 817 2352; x_wconf 91' lang='lat'>:</span> <span class='ocrx_word' id='word_1_456' title='bbox 850 2318 899 2353; x_wconf 88' lang='lat' dir='ltr'>ita</span> <span class='ocrx_word' id='word_1_457' title='bbox 931 2317 989 2353; x_wconf 89' lang='lat' dir='ltr'>hic</span> <span class='ocrx_word' id='word_1_458' title='bbox 1015 2326 1162 2363; x_wconf 85' lang='lat' dir='ltr'>auster,</span> <span class='ocrx_word' id='word_1_459' title='bbox 1191 2326 1226 2353; x_wconf 91' lang='lat' dir='ltr'>et</span> <span class='ocrx_word' id='word_1_460' title='bbox 1258 2317 1330 2353; x_wconf 85' lang='lat' dir='ltr'>illic</span> 
     </span>
     <span class='ocr_line' id='line_1_64' title="bbox 340 2375 1332 2424; baseline -0.002 -12"><span class='ocrx_word' id='word_1_461' title='bbox 340 2376 478 2424; x_wconf 85' lang='lat' dir='ltr'>aquilo.</span> <span class='ocrx_word' id='word_1_462' title='bbox 496 2375 837 2424; x_wconf 73' lang='lat' dir='ltr'>Aliquotiesautem</span> <span class='ocrx_word' id='word_1_463' title='bbox 856 2384 891 2410; x_wconf 83' lang='lat' dir='ltr'>ct</span> <span class='ocrx_word' id='word_1_464' title='bbox 906 2375 1014 2411; x_wconf 91' lang='lat' dir='ltr'>simul</span> <span class='ocrx_word' id='word_1_465' title='bbox 1032 2375 1120 2411; x_wconf 81' lang='lat' dir='ltr'>llant</span> <span class='ocrx_word' id='word_1_466' title='bbox 1136 2390 1143 2412; x_wconf 89' lang='lat'>:</span> <span class='ocrx_word' id='word_1_467' title='bbox 1159 2375 1223 2411; x_wconf 87' lang='lat' dir='ltr'>sed</span> <span class='ocrx_word' id='word_1_468' title='bbox 1240 2375 1332 2411; x_wconf 86' lang='lat' dir='ltr'>alter</span> 
     </span>
     <span class='ocr_line' id='line_1_65' title="bbox 341 2434 1332 2482; baseline -0.001 -12"><span class='ocrx_word' id='word_1_469' title='bbox 341 2434 456 2478; x_wconf 86' lang='lat' dir='ltr'>soris,</span> <span class='ocrx_word' id='word_1_470' title='bbox 482 2442 516 2469; x_wconf 90' lang='lat' dir='ltr'>et</span> <span class='ocrx_word' id='word_1_471' title='bbox 538 2435 631 2470; x_wconf 87' lang='lat' dir='ltr'>alter</span> <span class='ocrx_word' id='word_1_472' title='bbox 653 2434 765 2470; x_wconf 85' lang='lat' dir='ltr'>intus.</span> <span class='ocrx_word' id='word_1_473' title='bbox 789 2434 896 2470; x_wconf 85' lang='lat' dir='ltr'>Foris</span> <span class='ocrx_word' id='word_1_474' title='bbox 915 2434 1062 2482; x_wconf 87' lang='lat' dir='ltr'>aquilo,</span> <span class='ocrx_word' id='word_1_475' title='bbox 1085 2441 1119 2469; x_wconf 90' lang='lat' dir='ltr'>et</span> <span class='ocrx_word' id='word_1_476' title='bbox 1141 2434 1241 2469; x_wconf 89' lang='lat' dir='ltr'>intus</span> <span class='ocrx_word' id='word_1_477' title='bbox 1264 2447 1332 2469; x_wconf 91' lang='lat' dir='ltr'>au-</span> 
     </span>
    </p>
   </div>
   <div class='ocr_carea' id='block_1_11' title="bbox 341 2492 1332 2540">
    <p class='ocr_par' dir='ltr' id='par_1_12' title="bbox 341 2492 1332 2540">
     <span class='ocr_line' id='line_1_66' title="bbox 341 2492 1332 2540; baseline -0.002 -12"><span class='ocrx_word' id='word_1_478' title='bbox 341 2501 416 2529; x_wconf 79' lang='lat' dir='ltr'>ster</span> <span class='ocrx_word' id='word_1_479' title='bbox 437 2507 444 2528; x_wconf 81' lang='lat' dir='ltr'>z</span> <span class='ocrx_word' id='word_1_480' title='bbox 468 2493 527 2528; x_wconf 88' lang='lat' dir='ltr'>ille</span> <span class='ocrx_word' id='word_1_481' title='bbox 547 2494 672 2528; x_wconf 75' lang='lat' dir='ltr'>furens</span> <span class='ocrx_word' id='word_1_482' title='bbox 686 2522 694 2538; x_wconf 90' lang='lat'>‚</span> <span class='ocrx_word' id='word_1_483' title='bbox 715 2501 750 2528; x_wconf 89' lang='lat' dir='ltr'>et</span> <span class='ocrx_word' id='word_1_484' title='bbox 768 2493 833 2528; x_wconf 79' lang='lat' dir='ltr'>iste</span> <span class='ocrx_word' id='word_1_485' title='bbox 854 2494 995 2528; x_wconf 69' lang='lat' dir='ltr'>fovens.</span> <span class='ocrx_word' id='word_1_486' title='bbox 1020 2495 1168 2528; x_wconf 86' lang='lat' dir='ltr'>Fremat</span> <span class='ocrx_word' id='word_1_487' title='bbox 1187 2492 1332 2540; x_wconf 84' lang='lat' dir='ltr'>aquilo,</span> 
     </span>
    </p>
   </div>
   <div class='ocr_carea' id='block_1_12' title="bbox 1395 1847 2386 2533">
    <p class='ocr_par' dir='ltr' id='par_1_13' title="bbox 1395 1847 2386 2533">
     <span class='ocr_line' id='line_1_67' title="bbox 1395 1847 2381 1896; baseline 0 -13"><span class='ocrx_word' id='word_1_488' title='bbox 1395 1847 1564 1884; x_wconf 89' lang='lat' dir='ltr'>mutatio.</span> <span class='ocrx_word' id='word_1_489' title='bbox 1582 1847 1652 1884; x_wconf 79' lang='lat' dir='ltr'>Sed</span> <span class='ocrx_word' id='word_1_490' title='bbox 1669 1847 1752 1896; x_wconf 89' lang='lat' dir='ltr'>quis</span> <span class='ocrx_word' id='word_1_491' title='bbox 1767 1856 1889 1884; x_wconf 87' lang='lat' dir='ltr'>tamen</span> <span class='ocrx_word' id='word_1_492' title='bbox 1904 1849 1980 1884; x_wconf 78' lang='lat' dir='ltr'>est?</span> <span class='ocrx_word' id='word_1_493' title='bbox 1995 1848 2076 1896; x_wconf 89' lang='lat' dir='ltr'>quis</span> <span class='ocrx_word' id='word_1_494' title='bbox 2089 1848 2188 1884; x_wconf 90' lang='lat' dir='ltr'>enim</span> <span class='ocrx_word' id='word_1_495' title='bbox 2201 1855 2255 1883; x_wconf 92' lang='lat' dir='ltr'>est</span> <span class='ocrx_word' id='word_1_496' title='bbox 2269 1860 2381 1896; x_wconf 85' lang='lat' dir='ltr'>quem</span> 
     </span>
     <span class='ocr_line' id='line_1_68' title="bbox 1395 1905 2384 1954; baseline 0 -13"><span class='ocrx_word' id='word_1_497' title='bbox 1395 1918 1471 1942; x_wconf 88' lang='lat' dir='ltr'>non</span> <span class='ocrx_word' id='word_1_498' title='bbox 1489 1905 1687 1954; x_wconf 83' lang='lat' dir='ltr'>aliquoties</span> <span class='ocrx_word' id='word_1_499' title='bbox 1705 1913 1740 1941; x_wconf 82' lang='lat' dir='ltr'>et</span> <span class='ocrx_word' id='word_1_500' title='bbox 1759 1905 1908 1941; x_wconf 64' lang='lat' dir='ltr'>tredium</span> <span class='ocrx_word' id='word_1_501' title='bbox 1929 1906 2122 1950; x_wconf 80' lang='lat' dir='ltr'>conficiat,</span> <span class='ocrx_word' id='word_1_502' title='bbox 2142 1913 2178 1941; x_wconf 91' lang='lat' dir='ltr'>et</span> <span class='ocrx_word' id='word_1_503' title='bbox 2194 1905 2384 1942; x_wconf 78' lang='lat' dir='ltr'>exulceret</span> 
     </span>
     <span class='ocr_line' id='line_1_69' title="bbox 1397 1962 2381 2013; baseline -0.001 -13"><span class='ocrx_word' id='word_1_504' title='bbox 1397 1964 1569 2000; x_wconf 74' lang='lat' dir='ltr'>tristitia?</span> <span class='ocrx_word' id='word_1_505' title='bbox 1589 1964 1757 2013; x_wconf 86' lang='lat' dir='ltr'>Denique</span> <span class='ocrx_word' id='word_1_506' title='bbox 1783 1963 1845 2000; x_wconf 92' lang='lat' dir='ltr'>ubi</span> <span class='ocrx_word' id='word_1_507' title='bbox 1867 1977 2048 2013; x_wconf 91' lang='lat' dir='ltr'>prospero</span> <span class='ocrx_word' id='word_1_508' title='bbox 2076 1962 2287 1999; x_wconf 75' lang='lat' dir='ltr'>ferebamur</span> <span class='ocrx_word' id='word_1_509' title='bbox 2312 1976 2381 2000; x_wconf 87' lang='lat' dir='ltr'>na-</span> 
     </span>
     <span class='ocr_line' id='line_1_70' title="bbox 1395 2022 2384 2072; baseline -0.002 -13"><span class='ocrx_word' id='word_1_510' title='bbox 1395 2023 1519 2072; x_wconf 58' lang='lat' dir='ltr'>vigio,</span> <span class='ocrx_word' id='word_1_511' title='bbox 1553 2022 1602 2059; x_wconf 89' lang='lat' dir='ltr'>ibi</span> <span class='ocrx_word' id='word_1_512' title='bbox 1636 2024 1748 2072; x_wconf 87' lang='lat' dir='ltr'>paulo</span> <span class='ocrx_word' id='word_1_513' title='bbox 1779 2031 1864 2072; x_wconf 87' lang='lat' dir='ltr'>post</span> <span class='ocrx_word' id='word_1_514' title='bbox 1890 2023 2030 2059; x_wconf 78' lang='lat' dir='ltr'>vadosa</span> <span class='ocrx_word' id='word_1_515' title='bbox 2058 2022 2284 2059; x_wconf 90' lang='lat' dir='ltr'>incurrimus</span> <span class='ocrx_word' id='word_1_516' title='bbox 2309 2036 2317 2058; x_wconf 92' lang='lat'><strong>:</strong></span> <span class='ocrx_word' id='word_1_517' title='bbox 2347 2030 2384 2057; x_wconf 87' lang='lat' dir='ltr'>et</span> 
     </span>
     <span class='ocr_line' id='line_1_71' title="bbox 1396 2080 2383 2117; baseline 0.001 -1"><span class='ocrx_word' id='word_1_518' title='bbox 1396 2080 1559 2117; x_wconf 86' lang='lat' dir='ltr'>secunda</span> <span class='ocrx_word' id='word_1_519' title='bbox 1583 2081 1788 2117; x_wconf 84' lang='lat' dir='ltr'>serentibus</span> <span class='ocrx_word' id='word_1_520' title='bbox 1807 2094 1896 2117; x_wconf 86' lang='lat' dir='ltr'>aura</span> <span class='ocrx_word' id='word_1_521' title='bbox 1918 2080 2029 2117; x_wconf 91' lang='lat' dir='ltr'>turbo</span> <span class='ocrx_word' id='word_1_522' title='bbox 2048 2080 2227 2117; x_wconf 79' lang='lat' dir='ltr'>adversus</span> <span class='ocrx_word' id='word_1_523' title='bbox 2254 2093 2383 2117; x_wconf 80' lang='lat' dir='ltr'>eruin-</span> 
     </span>
     <span class='ocr_line' id='line_1_72' title="bbox 1397 2138 2383 2188; baseline 0 -13"><span class='ocrx_word' id='word_1_524' title='bbox 1397 2139 1462 2188; x_wconf 90' lang='lat' dir='ltr'>pit.</span> <span class='ocrx_word' id='word_1_525' title='bbox 1487 2139 1603 2176; x_wconf 79' lang='lat' dir='ltr'>Etiam</span> <span class='ocrx_word' id='word_1_526' title='bbox 1628 2139 1689 2176; x_wconf 90' lang='lat' dir='ltr'>ubi</span> <span class='ocrx_word' id='word_1_527' title='bbox 1713 2153 1787 2175; x_wconf 89' lang='lat' dir='ltr'>non</span> <span class='ocrx_word' id='word_1_528' title='bbox 1809 2147 1927 2176; x_wconf 84' lang='lat' dir='ltr'>exstat</span> <span class='ocrx_word' id='word_1_529' title='bbox 1946 2140 2058 2184; x_wconf 87' lang='lat' dir='ltr'>ratio,</span> <span class='ocrx_word' id='word_1_530' title='bbox 2079 2139 2191 2176; x_wconf 90' lang='lat' dir='ltr'>instat</span> <span class='ocrx_word' id='word_1_531' title='bbox 2207 2138 2383 2176; x_wconf 90' lang='lat' dir='ltr'>turbatio.</span> 
     </span>
     <span class='ocr_line' id='line_1_73' title="bbox 1396 2198 2386 2242; baseline 0 -8"><span class='ocrx_word' id='word_1_532' title='bbox 1396 2202 1513 2234; x_wconf 78' lang='lat' dir='ltr'>Causa</span> <span class='ocrx_word' id='word_1_533' title='bbox 1546 2212 1620 2234; x_wconf 91' lang='lat' dir='ltr'>non</span> <span class='ocrx_word' id='word_1_534' title='bbox 1652 2199 1814 2242; x_wconf 83' lang='lat' dir='ltr'>eminet,</span> <span class='ocrx_word' id='word_1_535' title='bbox 1848 2207 1884 2234; x_wconf 90' lang='lat' dir='ltr'>et</span> <span class='ocrx_word' id='word_1_536' title='bbox 1917 2198 1968 2233; x_wconf 89' lang='lat' dir='ltr'>ira</span> <span class='ocrx_word' id='word_1_537' title='bbox 2000 2198 2180 2234; x_wconf 85' lang='lat' dir='ltr'>imminet.</span> <span class='ocrx_word' id='word_1_538' title='bbox 2210 2198 2386 2235; x_wconf 89' lang='lat' dir='ltr'>Irascitur</span> 
     </span>
     <span class='ocr_line' id='line_1_74' title="bbox 1396 2255 2385 2305; baseline 0.001 -14"><span class='ocrx_word' id='word_1_539' title='bbox 1396 2256 1510 2291; x_wconf 91' lang='lat' dir='ltr'>homo</span> <span class='ocrx_word' id='word_1_540' title='bbox 1526 2257 1589 2292; x_wconf 67' lang='lat' dir='ltr'>irae</span> <span class='ocrx_word' id='word_1_541' title='bbox 1605 2269 1716 2305; x_wconf 86' lang='lat' dir='ltr'>quam</span> <span class='ocrx_word' id='word_1_542' title='bbox 1737 2255 2042 2293; x_wconf 82' lang='lat' dir='ltr'>irrationabiliter</span> <span class='ocrx_word' id='word_1_543' title='bbox 2056 2255 2214 2304; x_wconf 86' lang='lat' dir='ltr'>patitur,</span> <span class='ocrx_word' id='word_1_544' title='bbox 2229 2264 2265 2292; x_wconf 90' lang='lat' dir='ltr'>et</span> <span class='ocrx_word' id='word_1_545' title='bbox 2279 2255 2385 2305; x_wconf 87' lang='lat' dir='ltr'>cujus</span> 
     </span>
     <span class='ocr_line' id='line_1_75' title="bbox 1397 2314 2386 2363; baseline 0.001 -13"><span class='ocrx_word' id='word_1_546' title='bbox 1397 2315 1602 2353; x_wconf 84' lang='lat' dir='ltr'>detestatur</span> <span class='ocrx_word' id='word_1_547' title='bbox 1623 2324 1789 2360; x_wconf 89' lang='lat' dir='ltr'>motum,</span> <span class='ocrx_word' id='word_1_548' title='bbox 1808 2315 1925 2351; x_wconf 90' lang='lat' dir='ltr'>nescit</span> <span class='ocrx_word' id='word_1_549' title='bbox 1939 2323 2127 2350; x_wconf 77' lang='lat' dir='ltr'>exortum.</span> <span class='ocrx_word' id='word_1_550' title='bbox 2151 2314 2310 2363; x_wconf 90' lang='lat' dir='ltr'>Spiritus</span> <span class='ocrx_word' id='word_1_551' title='bbox 2326 2314 2386 2351; x_wconf 88' lang='lat' dir='ltr'>hie</span> 
     </span>
     <span class='ocr_line' id='line_1_76' title="bbox 1398 2372 2384 2423; baseline 0.002 -16"><span class='ocrx_word' id='word_1_552' title='bbox 1398 2373 1514 2409; x_wconf 85' lang='lat' dir='ltr'>durus</span> <span class='ocrx_word' id='word_1_553' title='bbox 1545 2373 1610 2410; x_wconf 90' lang='lat' dir='ltr'>ubi</span> <span class='ocrx_word' id='word_1_554' title='bbox 1642 2375 1719 2409; x_wconf 78' lang='lat' dir='ltr'>vult</span> <span class='ocrx_word' id='word_1_555' title='bbox 1742 2373 1857 2423; x_wconf 88' lang='lat' dir='ltr'>spirat</span> <span class='ocrx_word' id='word_1_556' title='bbox 1878 2388 1885 2409; x_wconf 95' lang='lat'><strong>:</strong></span> <span class='ocrx_word' id='word_1_557' title='bbox 1908 2381 1944 2408; x_wconf 91' lang='lat' dir='ltr'>et</span> <span class='ocrx_word' id='word_1_558' title='bbox 1972 2373 2091 2409; x_wconf 88' lang='lat' dir='ltr'>nescis</span> <span class='ocrx_word' id='word_1_559' title='bbox 2114 2372 2212 2409; x_wconf 88' lang='lat' dir='ltr'>unde</span> <span class='ocrx_word' id='word_1_560' title='bbox 2241 2373 2384 2418; x_wconf 71' lang='lat' dir='ltr'>veniat,</span> 
     </span>
     <span class='ocr_line' id='line_1_77' title="bbox 1398 2431 2384 2481; baseline 0.001 -14"><span class='ocrx_word' id='word_1_561' title='bbox 1398 2441 1433 2467; x_wconf 90' lang='lat' dir='ltr'>et</span> <span class='ocrx_word' id='word_1_562' title='bbox 1455 2433 1549 2469; x_wconf 77' lang='lat' dir='ltr'>sorte</span> <span class='ocrx_word' id='word_1_563' title='bbox 1567 2439 1643 2481; x_wconf 85' lang='lat' dir='ltr'>quo</span> <span class='ocrx_word' id='word_1_564' title='bbox 1663 2432 1786 2468; x_wconf 67' lang='lat' dir='ltr'>vadat.</span> <span class='ocrx_word' id='word_1_565' title='bbox 1808 2437 1864 2468; x_wconf 66' lang='lat' dir='ltr'>:tn</span> <span class='ocrx_word' id='word_1_566' title='bbox 1888 2432 2002 2480; x_wconf 77' lang='lat' dir='ltr'>magis</span> <span class='ocrx_word' id='word_1_567' title='bbox 2021 2444 2098 2480; x_wconf 88' lang='lat' dir='ltr'>quo</span> <span class='ocrx_word' id='word_1_568' title='bbox 2117 2431 2272 2468; x_wconf 67' lang='lat' dir='ltr'>evadat?</span> <span class='ocrx_word' id='word_1_569' title='bbox 2291 2435 2384 2468; x_wconf 81' lang='lat' dir='ltr'>Nam</span> 
     </span>
     <span class='ocr_line' id='line_1_78' title="bbox 1400 2489 2385 2533; baseline 0 -7"><span class='ocrx_word' id='word_1_570' title='bbox 1400 2505 1445 2527; x_wconf 75' lang='lat' dir='ltr'>ex</span> <span class='ocrx_word' id='word_1_571' title='bbox 1474 2505 1512 2527; x_wconf 87' lang='lat' dir='ltr'>se</span> <span class='ocrx_word' id='word_1_572' title='bbox 1542 2491 1586 2527; x_wconf 92' lang='lat' dir='ltr'>ad</span> <span class='ocrx_word' id='word_1_573' title='bbox 1614 2492 1754 2529; x_wconf 88' lang='lat' dir='ltr'>malum</span> <span class='ocrx_word' id='word_1_574' title='bbox 1785 2490 1866 2527; x_wconf 88' lang='lat' dir='ltr'>talis</span> <span class='ocrx_word' id='word_1_575' title='bbox 1891 2490 2040 2526; x_wconf 78' lang='lat' dir='ltr'>affectio</span> <span class='ocrx_word' id='word_1_576' title='bbox 2063 2490 2188 2533; x_wconf 74' lang='lat' dir='ltr'>vadit,</span> <span class='ocrx_word' id='word_1_577' title='bbox 2216 2489 2281 2526; x_wconf 83' lang='lat' dir='ltr'>sed</span> <span class='ocrx_word' id='word_1_578' title='bbox 2310 2491 2385 2526; x_wconf 85' lang='lat' dir='ltr'>fre-</span> 
     </span>
    </p>
   </div>
   <div class='ocr_carea' id='block_1_13' title="bbox 340 2548 2385 2602">
    <p class='ocr_par' dir='ltr' id='par_1_14' title="bbox 340 2548 2385 2602">
     <span class='ocr_line' id='line_1_79' title="bbox 340 2548 2385 2602; baseline -0.001 -14"><span class='ocrx_word' id='word_1_579' title='bbox 340 2561 378 2589; x_wconf 64' lang='lat' dir='ltr'>vt</span> <span class='ocrx_word' id='word_1_580' title='bbox 392 2553 642 2589; x_wconf 81' lang='lat' dir='ltr'>tumultuetur</span> <span class='ocrx_word' id='word_1_581' title='bbox 659 2553 769 2589; x_wconf 73' lang='lat' dir='ltr'>foris:</span> <span class='ocrx_word' id='word_1_582' title='bbox 791 2551 1215 2602; x_wconf 85' lang='lat' dir='ltr'>tantummodohortum</span> <span class='ocrx_word' id='word_1_583' title='bbox 1232 2551 1332 2587; x_wconf 87' lang='lat' dir='ltr'>intus</span> <span class='ocrx_word' id='word_1_584' title='bbox 1352 2553 1382 2586; x_wconf 90' lang='lat' dir='ltr'>D</span> <span class='ocrx_word' id='word_1_585' title='bbox 1400 2558 1559 2597; x_wconf 87' lang='lat' dir='ltr'>quenter</span> <span class='ocrx_word' id='word_1_586' title='bbox 1587 2550 1711 2586; x_wconf 79' lang='lat' dir='ltr'>evadit</span> <span class='ocrx_word' id='word_1_587' title='bbox 1739 2549 1786 2586; x_wconf 88' lang='lat' dir='ltr'>ad</span> <span class='ocrx_word' id='word_1_588' title='bbox 1808 2548 1965 2585; x_wconf 90' lang='lat' dir='ltr'>bonum.</span> <span class='ocrx_word' id='word_1_589' title='bbox 1999 2552 2081 2586; x_wconf 65' lang='lat' dir='ltr'>Non</span> <span class='ocrx_word' id='word_1_590' title='bbox 2103 2548 2282 2598; x_wconf 76' lang='lat' dir='ltr'>pertingit</span> <span class='ocrx_word' id='word_1_591' title='bbox 2309 2562 2385 2598; x_wconf 88' lang='lat' dir='ltr'>quo</span> 
     </span>
    </p>
   </div>
   <div class='ocr_carea' id='block_1_14' title="bbox 341 2610 1334 3176">
    <p class='ocr_par' dir='ltr' id='par_1_15' title="bbox 341 2610 1334 3176">
     <span class='ocr_line' id='line_1_80' title="bbox 343 2610 1332 2660; baseline -0.003 -13"><span class='ocrx_word' id='word_1_592' title='bbox 343 2624 419 2647; x_wconf 87' lang='lat' dir='ltr'>non</span> <span class='ocrx_word' id='word_1_593' title='bbox 444 2611 598 2660; x_wconf 87' lang='lat' dir='ltr'>perllet,</span> <span class='ocrx_word' id='word_1_594' title='bbox 624 2611 723 2647; x_wconf 89' lang='lat' dir='ltr'>intro</span> <span class='ocrx_word' id='word_1_595' title='bbox 745 2624 821 2647; x_wconf 90' lang='lat' dir='ltr'>non</span> <span class='ocrx_word' id='word_1_596' title='bbox 845 2619 1039 2660; x_wconf 88' lang='lat' dir='ltr'>penetret,</span> <span class='ocrx_word' id='word_1_597' title='bbox 1061 2610 1228 2646; x_wconf 89' lang='lat' dir='ltr'>intimam</span> <span class='ocrx_word' id='word_1_598' title='bbox 1249 2622 1332 2657; x_wconf 69' lang='lat' dir='ltr'>quze</span> 
     </span>
     <span class='ocr_line' id='line_1_81' title="bbox 343 2668 1330 2718; baseline -0.001 -13"><span class='ocrx_word' id='word_1_599' title='bbox 343 2679 399 2705; x_wconf 77' lang='lat' dir='ltr'>est</span> <span class='ocrx_word' id='word_1_600' title='bbox 418 2670 453 2704; x_wconf 93' lang='lat' dir='ltr'>in</span> <span class='ocrx_word' id='word_1_601' title='bbox 472 2670 642 2714; x_wconf 71' lang='lat' dir='ltr'>Christo,</span> <span class='ocrx_word' id='word_1_602' title='bbox 663 2683 738 2706; x_wconf 92' lang='lat' dir='ltr'>non</span> <span class='ocrx_word' id='word_1_603' title='bbox 761 2671 992 2718; x_wconf 75' lang='lat' dir='ltr'>constringat</span> <span class='ocrx_word' id='word_1_604' title='bbox 1009 2669 1133 2705; x_wconf 87' lang='lat' dir='ltr'>cordis</span> <span class='ocrx_word' id='word_1_605' title='bbox 1154 2668 1330 2704; x_wconf 83' lang='lat' dir='ltr'>laetitiam.</span> 
     </span>
     <span class='ocr_line' id='line_1_82' title="bbox 345 2726 1332 2776; baseline -0.002 -12"><span class='ocrx_word' id='word_1_606' title='bbox 345 2729 526 2775; x_wconf 80' lang='lat' dir='ltr'>Quando,</span> <span class='ocrx_word' id='word_1_607' title='bbox 548 2729 729 2771; x_wconf 88' lang='lat' dir='ltr'>Domine,</span> <span class='ocrx_word' id='word_1_608' title='bbox 753 2742 797 2764; x_wconf 86' lang='lat' dir='ltr'>cx</span> <span class='ocrx_word' id='word_1_609' title='bbox 815 2729 962 2776; x_wconf 59' lang='lat' dir='ltr'>inte-gro</span> <span class='ocrx_word' id='word_1_610' title='bbox 980 2727 1124 2776; x_wconf 72' lang='lat' dir='ltr'>gelidus</span> <span class='ocrx_word' id='word_1_611' title='bbox 1143 2727 1203 2762; x_wconf 88' lang='lat' dir='ltr'>ille</span> <span class='ocrx_word' id='word_1_612' title='bbox 1224 2726 1332 2775; x_wconf 72' lang='lat' dir='ltr'>spiri-</span> 
     </span>
     <span class='ocr_line' id='line_1_83' title="bbox 345 2786 1333 2835; baseline -0.001 -13"><span class='ocrx_word' id='word_1_613' title='bbox 345 2797 402 2823; x_wconf 60' lang='lat' dir='ltr'>tus·</span> <span class='ocrx_word' id='word_1_614' title='bbox 421 2788 610 2835; x_wconf 62' lang='lat' dir='ltr'>quiescet?</span> <span class='ocrx_word' id='word_1_615' title='bbox 626 2787 778 2835; x_wconf 70' lang='lat' dir='ltr'>‹puindo</span> <span class='ocrx_word' id='word_1_616' title='bbox 795 2788 887 2832; x_wconf 86' lang='lat' dir='ltr'>erit,</span> <span class='ocrx_word' id='word_1_617' title='bbox 908 2786 1039 2835; x_wconf 85' lang='lat' dir='ltr'>utjain</span> <span class='ocrx_word' id='word_1_618' title='bbox 1061 2799 1137 2823; x_wconf 91' lang='lat' dir='ltr'>non</span> <span class='ocrx_word' id='word_1_619' title='bbox 1160 2786 1333 2822; x_wconf 88' lang='lat' dir='ltr'>timeatur</span> 
     </span>
     <span class='ocr_line' id='line_1_84' title="bbox 343 2844 1332 2894; baseline 0.004 -13"><span class='ocrx_word' id='word_1_620' title='bbox 343 2861 363 2881; x_wconf 83' lang='lat' dir='ltr'>a</span> <span class='ocrx_word' id='word_1_621' title='bbox 390 2846 479 2881; x_wconf 77' lang='lat' dir='ltr'>l&#39;acic</span> <span class='ocrx_word' id='word_1_622' title='bbox 513 2846 658 2894; x_wconf 64' lang='lat' dir='ltr'>trigoris</span> <span class='ocrx_word' id='word_1_623' title='bbox 689 2845 797 2894; x_wconf 68' lang='lat' dir='ltr'>ejus?</span> <span class='ocrx_word' id='word_1_624' title='bbox 824 2845 992 2882; x_wconf 80' lang='lat' dir='ltr'>Fundata</span> <span class='ocrx_word' id='word_1_625' title='bbox 1012 2854 1067 2881; x_wconf 68' lang='lat' dir='ltr'>est</span> <span class='ocrx_word' id='word_1_626' title='bbox 1098 2844 1228 2881; x_wconf 70' lang='lat' dir='ltr'>civitas</span> <span class='ocrx_word' id='word_1_627' title='bbox 1253 2852 1332 2885; x_wconf 69' lang='lat' dir='ltr'>tua.</span> 
     </span>
     <span class='ocr_line' id='line_1_85' title="bbox 345 2902 1334 2952; baseline -0.002 -13"><span class='ocrx_word' id='word_1_628' title='bbox 345 2905 476 2939; x_wconf 58' lang='lat' dir='ltr'>tun-iu„</span> <span class='ocrx_word' id='word_1_629' title='bbox 517 2905 707 2952; x_wconf 82' lang='lat' dir='ltr'>plantatus</span> <span class='ocrx_word' id='word_1_630' title='bbox 743 2905 780 2940; x_wconf 90' lang='lat' dir='ltr'>in</span> <span class='ocrx_word' id='word_1_631' title='bbox 815 2904 992 2941; x_wconf 87' lang='lat' dir='ltr'>lateribus</span> <span class='ocrx_word' id='word_1_632' title='bbox 1027 2902 1225 2952; x_wconf 87' lang='lat' dir='ltr'>aquilonis.</span> <span class='ocrx_word' id='word_1_633' title='bbox 1268 2903 1334 2938; x_wconf 82' lang='lat' dir='ltr'>llic</span> 
     </span>
     <span class='ocr_line' id='line_1_86' title="bbox 346 2961 1334 3012; baseline -0.002 -15"><span class='ocrx_word' id='word_1_634' title='bbox 346 2973 477 2999; x_wconf 52' lang='lat' dir='ltr'>memus</span> <span class='ocrx_word' id='word_1_635' title='bbox 506 2964 540 2998; x_wconf 91' lang='lat' dir='ltr'>in</span> <span class='ocrx_word' id='word_1_636' title='bbox 564 2963 763 3012; x_wconf 70' lang='lat' dir='ltr'>Scripturis</span> <span class='ocrx_word' id='word_1_637' title='bbox 795 2963 925 2999; x_wconf 70' lang='lat' dir='ltr'>dexter</span> <span class='ocrx_word' id='word_1_638' title='bbox 954 2971 1118 2999; x_wconf 68' lang='lat' dir='ltr'>vocatur.</span> <span class='ocrx_word' id='word_1_639' title='bbox 1147 2961 1236 2999; x_wconf 82' lang='lat' dir='ltr'>Ideo</span> <span class='ocrx_word' id='word_1_640' title='bbox 1261 2961 1334 2997; x_wconf 80' lang='lat' dir='ltr'>Job</span> 
     </span>
     <span class='ocr_line' id='line_1_87' title="bbox 344 3022 1332 3071; baseline -0.002 -14"><span class='ocrx_word' id='word_1_641' title='bbox 344 3023 452 3058; x_wconf 83' lang='lat' dir='ltr'>taleni</span> <span class='ocrx_word' id='word_1_642' title='bbox 483 3035 596 3071; x_wconf 62' lang='lat' dir='ltr'>snper</span> <span class='ocrx_word' id='word_1_643' title='bbox 623 3037 666 3056; x_wconf 80' lang='lat' dir='ltr'>eo</span> <span class='ocrx_word' id='word_1_644' title='bbox 688 3022 839 3071; x_wconf 75' lang='lat' dir='ltr'>deponit</span> <span class='ocrx_word' id='word_1_645' title='bbox 864 3023 1053 3070; x_wconf 86' lang='lat' dir='ltr'>querelam</span> <span class='ocrx_word' id='word_1_646' title='bbox 1084 3036 1090 3057; x_wconf 94' lang='lat'><strong>:</strong></span> <span class='ocrx_word' id='word_1_647' title='bbox 1117 3024 1178 3057; x_wconf 80' lang='lat' dir='ltr'>Ad</span> <span class='ocrx_word' id='word_1_648' title='bbox 1202 3023 1332 3056; x_wconf 67' lang='lat' dir='ltr'>‹lme-</span> 
     </span>
     <span class='ocr_line' id='line_1_88' title="bbox 344 3081 1331 3129; baseline -0.003 -13"><span class='ocrx_word' id='word_1_649' title='bbox 344 3095 448 3123; x_wconf 79' lang='lat' dir='ltr'>ram,</span> <span class='ocrx_word' id='word_1_650' title='bbox 482 3081 625 3129; x_wconf 83' lang='lat' dir='ltr'>inquit,</span> <span class='ocrx_word' id='word_1_651' title='bbox 663 3085 825 3116; x_wconf 54' lang='lat' dir='ltr'>(histem</span> <span class='ocrx_word' id='word_1_652' title='bbox 854 3085 1084 3116; x_wconf 62' lang='lat' dir='ltr'>calamutnlm</span> <span class='ocrx_word' id='word_1_653' title='bbox 1114 3094 1208 3115; x_wconf 60' lang='grc' dir='ltr'>ωιτν</span> <span class='ocrx_word' id='word_1_654' title='bbox 1239 3084 1331 3114; x_wconf 66' lang='lat' dir='ltr'>illic-a</span> 
     </span>
     <span class='ocr_line' id='line_1_89' title="bbox 341 3140 1331 3176; baseline -0.001 -2"><span class='ocrx_word' id='word_1_655' title='bbox 341 3148 615 3175; x_wconf 44' lang='lat' dir='ltr'>staret-erum&amp;</span> <span class='ocrx_word' id='word_1_656' title='bbox 638 3145 726 3176; x_wconf 80' lang='lat' dir='ltr'>Jure</span> <span class='ocrx_word' id='word_1_657' title='bbox 745 3149 894 3176; x_wconf 80' lang='lat' dir='ltr'>ventum</span> <span class='ocrx_word' id='word_1_658' title='bbox 912 3141 1014 3176; x_wconf 85' lang='lat' dir='ltr'>illuni</span> <span class='ocrx_word' id='word_1_659' title='bbox 1035 3140 1207 3176; x_wconf 71' lang='lat' dir='ltr'>dextrum</span> <span class='ocrx_word' id='word_1_660' title='bbox 1228 3154 1331 3175; x_wconf 71' lang='lat' dir='ltr'>xoea-</span> 
     </span>
    </p>
   </div>
   <div class='ocr_carea' id='block_1_15' title="bbox 390 3265 654 3301">
    <p class='ocr_par' dir='ltr' id='par_1_16' title="bbox 390 3265 654 3301">
     <span class='ocr_line' id='line_1_90' title="bbox 390 3265 654 3301; baseline 0.004 -7"><span class='ocrx_word' id='word_1_661' title='bbox 390 3265 475 3295; x_wconf 75' lang='lat' dir='ltr'>¹.l‹›l›</span> <span class='ocrx_word' id='word_1_662' title='bbox 495 3276 577 3301; x_wconf 73' lang='lat' dir='ltr'>nx,</span> <span class='ocrx_word' id='word_1_663' title='bbox 608 3270 654 3295; x_wconf 72' lang='grc' dir='ltr'>Γ).</span> 
     </span>
    </p>
   </div>
   <div class='ocr_carea' id='block_1_16' title="bbox 1398 2607 2385 3188">
    <p class='ocr_par' dir='ltr' id='par_1_17' title="bbox 1398 2607 2385 3188">
     <span class='ocr_line' id='line_1_91' title="bbox 1398 2607 2384 2658; baseline -0.001 -14"><span class='ocrx_word' id='word_1_664' title='bbox 1398 2610 1541 2658; x_wconf 69' lang='lat' dir='ltr'>pergit,</span> <span class='ocrx_word' id='word_1_665' title='bbox 1560 2609 1624 2646; x_wconf 84' lang='lat' dir='ltr'>scd</span> <span class='ocrx_word' id='word_1_666' title='bbox 1650 2610 1735 2645; x_wconf 74' lang='lat' dir='ltr'>facit</span> <span class='ocrx_word' id='word_1_667' title='bbox 1759 2612 1856 2645; x_wconf 88' lang='lat' dir='ltr'>Deus</span> <span class='ocrx_word' id='word_1_668' title='bbox 1872 2609 1982 2645; x_wconf 92' lang='lat' dir='ltr'>ctiam</span> <span class='ocrx_word' id='word_1_669' title='bbox 2006 2607 2052 2644; x_wconf 85' lang='lat' dir='ltr'>de</span> <span class='ocrx_word' id='word_1_670' title='bbox 2073 2608 2279 2644; x_wconf 90' lang='lat' dir='ltr'>tentatione</span> <span class='ocrx_word' id='word_1_671' title='bbox 2295 2621 2384 2657; x_wconf 92' lang='lat' dir='ltr'>pro—</span> 
     </span>
     <span class='ocr_line' id='line_1_92' title="bbox 1398 2667 2384 2717; baseline 0 -14"><span class='ocrx_word' id='word_1_672' title='bbox 1398 2678 1567 2705; x_wconf 70' lang='lat' dir='ltr'>xentum.</span> <span class='ocrx_word' id='word_1_673' title='bbox 1589 2669 1750 2716; x_wconf 86' lang='lat' dir='ltr'>Quando</span> <span class='ocrx_word' id='word_1_674' title='bbox 1776 2669 1856 2704; x_wconf 60' lang='lat' dir='ltr'>vult</span> <span class='ocrx_word' id='word_1_675' title='bbox 1886 2668 1966 2717; x_wconf 84' lang='lat' dir='ltr'>ipse</span> <span class='ocrx_word' id='word_1_676' title='bbox 1986 2667 2128 2704; x_wconf 84' lang='lat' dir='ltr'>inducit</span> <span class='ocrx_word' id='word_1_677' title='bbox 2150 2667 2384 2715; x_wconf 88' lang='lat' dir='ltr'>aquilonem,</span> 
     </span>
     <span class='ocr_line' id='line_1_93' title="bbox 1398 2726 2383 2775; baseline -0.001 -12"><span class='ocrx_word' id='word_1_678' title='bbox 1398 2728 1551 2775; x_wconf 86' lang='lat' dir='ltr'>quando</span> <span class='ocrx_word' id='word_1_679' title='bbox 1570 2728 1647 2763; x_wconf 76' lang='lat' dir='ltr'>rult</span> <span class='ocrx_word' id='word_1_680' title='bbox 1664 2727 1771 2770; x_wconf 87' lang='lat' dir='ltr'>dicit,</span> <span class='ocrx_word' id='word_1_681' title='bbox 1796 2730 1950 2774; x_wconf 66' lang='lat' dir='ltr'>Aquilo,</span> <span class='ocrx_word' id='word_1_682' title='bbox 1977 2739 2095 2774; x_wconf 76' lang='lat' dir='ltr'>surge.</span> <span class='ocrx_word' id='word_1_683' title='bbox 2123 2728 2165 2762; x_wconf 78' lang='lat' dir='ltr'>Et</span> <span class='ocrx_word' id='word_1_684' title='bbox 2185 2726 2213 2761; x_wconf 81' lang='lat' dir='ltr'>si</span> <span class='ocrx_word' id='word_1_685' title='bbox 2235 2726 2383 2762; x_wconf 85' lang='lat' dir='ltr'>interim</span> 
     </span>
     <span class='ocr_line' id='line_1_94' title="bbox 1399 2785 2384 2835; baseline -0.001 -14"><span class='ocrx_word' id='word_1_686' title='bbox 1399 2786 1445 2821; x_wconf 85' lang='lat' dir='ltr'>de</span> <span class='ocrx_word' id='word_1_687' title='bbox 1464 2786 1544 2835; x_wconf 78' lang='lat' dir='ltr'>ejus</span> <span class='ocrx_word' id='word_1_688' title='bbox 1566 2787 1732 2823; x_wconf 86' lang='lat' dir='ltr'>molestia</span> <span class='ocrx_word' id='word_1_689' title='bbox 1753 2787 1940 2835; x_wconf 88' lang='lat' dir='ltr'>quereris,</span> <span class='ocrx_word' id='word_1_690' title='bbox 1961 2785 2053 2822; x_wconf 91' lang='lat' dir='ltr'>scito</span> <span class='ocrx_word' id='word_1_691' title='bbox 2074 2793 2108 2821; x_wconf 89' lang='lat' dir='ltr'>te</span> <span class='ocrx_word' id='word_1_692' title='bbox 2130 2785 2193 2821; x_wconf 90' lang='lat' dir='ltr'>tali</span> <span class='ocrx_word' id='word_1_693' title='bbox 2213 2786 2384 2834; x_wconf 79' lang='lat' dir='ltr'>magiste-</span> 
     </span>
     <span class='ocr_line' id='line_1_95' title="bbox 1402 2844 2385 2889; baseline -0.002 -8"><span class='ocrx_word' id='word_1_694' title='bbox 1402 2846 1456 2881; x_wconf 85' lang='lat' dir='ltr'>rio</span> <span class='ocrx_word' id='word_1_695' title='bbox 1484 2853 1521 2881; x_wconf 88' lang='lat' dir='ltr'>et</span> <span class='ocrx_word' id='word_1_696' title='bbox 1549 2845 1856 2889; x_wconf 88' lang='lat' dir='ltr'>commemorari‚</span> <span class='ocrx_word' id='word_1_697' title='bbox 1882 2853 1918 2880; x_wconf 89' lang='lat' dir='ltr'>et</span> <span class='ocrx_word' id='word_1_698' title='bbox 1945 2844 2189 2881; x_wconf 83' lang='lat' dir='ltr'>commoneri.</span> <span class='ocrx_word' id='word_1_699' title='bbox 2211 2846 2385 2880; x_wconf 87' lang='lat' dir='ltr'>Comme-</span> 
     </span>
     <span class='ocr_line' id='line_1_96' title="bbox 1400 2901 2385 2951; baseline -0.001 -12"><span class='ocrx_word' id='word_1_700' title='bbox 1400 2903 1578 2949; x_wconf 66' lang='lat' dir='ltr'>moratis,</span> <span class='ocrx_word' id='word_1_701' title='bbox 1603 2912 1640 2939; x_wconf 88' lang='lat' dir='ltr'>ut</span> <span class='ocrx_word' id='word_1_702' title='bbox 1663 2903 1848 2951; x_wconf 87' lang='lat' dir='ltr'>aquilonis</span> <span class='ocrx_word' id='word_1_703' title='bbox 1868 2903 2040 2939; x_wconf 68' lang='lat' dir='ltr'>viciniam</span> <span class='ocrx_word' id='word_1_704' title='bbox 2068 2901 2257 2947; x_wconf 84' lang='lat' dir='ltr'>attendas;</span> <span class='ocrx_word' id='word_1_705' title='bbox 2279 2915 2385 2938; x_wconf 92' lang='lat' dir='ltr'>com-</span> 
     </span>
     <span class='ocr_line' id='line_1_97' title="bbox 1402 2961 2385 3010; baseline 0 -13"><span class='ocrx_word' id='word_1_706' title='bbox 1402 2963 1588 3007; x_wconf 78' lang='lat' dir='ltr'>moneris,</span> <span class='ocrx_word' id='word_1_707' title='bbox 1613 2970 1649 2998; x_wconf 92' lang='lat' dir='ltr'>ut</span> <span class='ocrx_word' id='word_1_708' title='bbox 1671 2962 1829 3009; x_wconf 68' lang='lat' dir='ltr'>rigorem</span> <span class='ocrx_word' id='word_1_709' title='bbox 1851 2961 1931 3010; x_wconf 83' lang='lat' dir='ltr'>ejus</span> <span class='ocrx_word' id='word_1_710' title='bbox 1950 2962 2117 3010; x_wconf 73' lang='lat' dir='ltr'>effugias.</span> <span class='ocrx_word' id='word_1_711' title='bbox 2151 2965 2234 2998; x_wconf 71' lang='lat' dir='ltr'>Non</span> <span class='ocrx_word' id='word_1_712' title='bbox 2259 2961 2385 2998; x_wconf 88' lang='lat' dir='ltr'>subest</span> 
     </span>
     <span class='ocr_line' id='line_1_98' title="bbox 1402 3019 2384 3068; baseline -0.001 -12"><span class='ocrx_word' id='word_1_713' title='bbox 1402 3021 1490 3065; x_wconf 87' lang='lat' dir='ltr'>tibi,</span> <span class='ocrx_word' id='word_1_714' title='bbox 1519 3021 1606 3057; x_wconf 86' lang='lat' dir='ltr'>dnm</span> <span class='ocrx_word' id='word_1_715' title='bbox 1638 3021 1671 3056; x_wconf 85' lang='lat' dir='ltr'>in</span> <span class='ocrx_word' id='word_1_716' title='bbox 1706 3020 1882 3057; x_wconf 83' lang='lat' dir='ltr'>lateribus</span> <span class='ocrx_word' id='word_1_717' title='bbox 1908 3020 2094 3068; x_wconf 86' lang='lat' dir='ltr'>aquilonis</span> <span class='ocrx_word' id='word_1_718' title='bbox 2111 3021 2202 3057; x_wconf 84' lang='lat' dir='ltr'>situs</span> <span class='ocrx_word' id='word_1_719' title='bbox 2225 3034 2282 3063; x_wconf 72' lang='grc' dir='ltr'>υ5,</span> <span class='ocrx_word' id='word_1_720' title='bbox 2304 3019 2384 3068; x_wconf 81' lang='lat' dir='ltr'>ejus</span> 
     </span>
     <span class='ocr_line' id='line_1_99' title="bbox 1400 3078 2384 3127; baseline 0 -13"><span class='ocrx_word' id='word_1_721' title='bbox 1400 3094 1412 3113; x_wconf 72' lang='lat' dir='ltr'>x</span> <span class='ocrx_word' id='word_1_722' title='bbox 1426 3080 1569 3115; x_wconf 79' lang='lat' dir='ltr'>ieiniam</span> <span class='ocrx_word' id='word_1_723' title='bbox 1595 3081 1717 3127; x_wconf 59' lang='lat' dir='ltr'>sug-,ere</span> <span class='ocrx_word' id='word_1_724' title='bbox 1738 3094 1744 3114; x_wconf 69' lang='grc' dir='ltr'><em>τ</em></span> <span class='ocrx_word' id='word_1_725' title='bbox 1765 3078 1828 3115; x_wconf 74' lang='lat' dir='ltr'>sed</span> <span class='ocrx_word' id='word_1_726' title='bbox 1851 3087 1972 3115; x_wconf 87' lang='lat' dir='ltr'>tamen</span> <span class='ocrx_word' id='word_1_727' title='bbox 1993 3078 2207 3115; x_wconf 73' lang='lat' dir='ltr'>violentiam</span> <span class='ocrx_word' id='word_1_728' title='bbox 2226 3079 2384 3114; x_wconf 61' lang='lat' dir='ltr'>eradere</span> 
     </span>
     <span class='ocr_line' id='line_1_100' title="bbox 1398 3137 2382 3188; baseline 0 -16"><span class='ocrx_word' id='word_1_729' title='bbox 1398 3148 1517 3188; x_wconf 70' lang='lat' dir='ltr'>potes.</span> <span class='ocrx_word' id='word_1_730' title='bbox 1536 3143 1632 3176; x_wconf 89' lang='lat' dir='ltr'>Dum</span> <span class='ocrx_word' id='word_1_731' title='bbox 1652 3138 1709 3174; x_wconf 88' lang='lat' dir='ltr'>hic</span> <span class='ocrx_word' id='word_1_732' title='bbox 1726 3151 1874 3183; x_wconf 73' lang='lat' dir='ltr'>sumus,</span> <span class='ocrx_word' id='word_1_733' title='bbox 1895 3150 2041 3186; x_wconf 76' lang='lat' dir='ltr'>semper</span> <span class='ocrx_word' id='word_1_734' title='bbox 2059 3151 2071 3171; x_wconf 70' lang='lat' dir='ltr'>x</span> <span class='ocrx_word' id='word_1_735' title='bbox 2085 3137 2201 3173; x_wconf 71' lang='lat' dir='ltr'>icinus</span> <span class='ocrx_word' id='word_1_736' title='bbox 2218 3145 2282 3173; x_wconf 88' lang='lat' dir='ltr'>cst.</span> <span class='ocrx_word' id='word_1_737' title='bbox 2306 3141 2382 3172; x_wconf 65' lang='lat' dir='ltr'>Non</span> 
     </span>
    </p>
   </div>
  </div>
 </body>
</html>
