2504 3928
315 79 387 114 435

311 155 551 192 continentiae
585 152 719 187 limites
746 150 1025 199 circumscripta
1054 160 1140 187 sunt
1176 150 1301 187 omnia

1038 75 1272 112 GUIGOMS
1301 76 1641 112 catt'rustfasts

1310 147 1358 165 10!

2281 77 2356 112 4:315

1372 158 1444 185 tam
1465 163 1603 186 severae
1623 150 1892 200 imponendum
1915 164 1989 187 uon
2008 159 2075 188 est.
2092 151 2262 189 Otiosum
2280 164 2357 188 nou

312 213 539 255 necessaria3
558 219 596 246 ut
617 210 662 245 sit
679 208 780 257 quod
797 209 910 244 fortes
924 209 1094 257 cupiant,
1110 218 1146 246 et
1162 209 1300 246 inlirmi
1319 214 1349 246 Α
1366 216 1421 244 est
1441 221 1572 244 vacare
1597 211 1692 253 Deo,
1714 209 1790 244 imo
1811 209 2001 257 negotium
2019 209 2256 257 negotiorum
2278 222 2357 246 om-

312 285 386 309 non
409 271 590 317 refugiant
613 284 620 305 :
644 282 711 304 nec
732 268 888 304 ulterius
903 269 1091 316 quantitas
1108 282 1302 305 concesso-

313 344 394 366 rum
418 329 552 365 laedere
569 327 685 376 possit
707 328 742 363 in
761 328 887 376 aliquo
908 328 1091 363 utentium
1113 341 1196 363 cum
1218 341 1301 376 gra-

313 390 446 424 tiarum
464 388 610 424 actione
627 386 914 428 conscientiam;
934 399 1000 422 nec
1020 399 1104 434 quae
1124 394 1210 422 sunt
1227 399 1302 422 am·

313 456 460 496 putata,
496 455 639 482 tentare
669 445 827 481 (lelieant
858 446 1091 494 aliquatenus
1124 446 1161 481 in
1192 458 1302 481 servo

311 507 378 543 Dei
402 506 572 554 corporis
593 504 688 541 bene
710 505 942 553 morigerati,
971 514 1007 541 et
1037 514 1136 542 recte
1155 504 1302 541 educati

311 565 585 601 sufficientiam.
610 568 651 601 In
673 564 830 612 quibus,
858 564 950 600 sicut
981 565 1157 600 Salomon
1189 564 1300 599 dicit:

316 625 391 668 Qui
411 623 578 658 ambula!
596 627 824 671 simpliciter.
848 622 1021 658 anilmlat
1045 622 1272 668 confidenter
1293 636 1303 655 .·

312 685 378 730 qui
403 696 490 718 vcro
511 687 640 717 mentis
671 691 724 718 rs!
750 684 873 723 dume,
896 692 1040 717 corrue-t
1059 687 1097 716 In
1118 684 1255 716 malum
1276 688 1299 716 ¹.

315 741 415 778 Licet
449 741 547 777 enim
578 741 777 777 necessitas
805 740 856 776 sic
878 740 922 775 sit
955 740 1143 783 ordinata,
1167 748 1207 775 ut
1236 752 1303 775 nec

313 800 474 849 querelae
505 800 660 836 ulterius
692 801 738 835 sit
767 800 872 834 locus
902 799 1018 843 ullus,
1049 808 1086 834 et
1114 799 1236 835 omnis
1257 799 1303 834 sit

311 859 551 908 superfluitas
580 866 772 907 amputata
797 872 803 892 :
824 857 962 905 siquid
985 865 1107 893 tamen
1140 858 1197 893 vel
1229 871 1302 906 pu-

1368 268 1470 303 nium
1500 267 1571 303 hoc
1599 276 1665 303 est.
1690 267 1800 315 Quod
1830 268 2059 317 quicumque
2091 268 2128 304 in
2161 268 2251 304 cella
2281 280 2357 305 non

1367 328 1441 374 agit
1470 327 1629 363 fideliter
1658 335 1694 363 et
1726 327 1926 372 ferventer,
1959 326 2225 376 quodcumque
2255 327 2355 377 agit,

1367 384 1469 434 quod
1489 394 1645 434 propter
1664 385 1735 421 hoc
1753 398 1828 421 non
1852 386 1944 433 agit,
1965 386 2103 422 scilicet
2123 394 2164 421 ut
2184 389 2264 423 Deo
2284 399 2358 422 ser-

1368 445 1503 488 viatur,
1518 445 1552 480 in
1571 443 1734 493 eoquod
1751 445 1846 492 agit,
1862 445 2012 480 otiatur.
2030 443 2102 482 Ubi
2120 456 2190 492 pro
2204 443 2358 481 vitando

1368 503 1444 538 otio
1461 503 1580 539 otiosa
1598 503 1729 539 sectari
1753 503 1948 539 ridiculum
1966 511 2032 538 est.
2047 503 2216 540 Otiosum
2233 511 2357 539 autem

1368 572 1439 604 est.
1467 563 1570 611 quod
1603 563 1742 599 nullam
1775 561 1885 598 habet
1916 563 2134 606 utilitatem,
2168 563 2226 598 vel
2257 563 2359 599 utiti-

1369 620 1452 655 tatis
1472 620 1731 655 intentionem.
1757 623 1838 656 Non
1859 628 1982 656 autem
2004 620 2074 656 ltoc
2097 619 2357 657 tantummodo

1369 679 1554 727 agendum
1576 687 1650 722 est,
1681 687 1722 714 ut
1753 692 1837 714 cum
1859 679 1982 728 aliqua
2003 679 2269 724 delectatione,
2300 679 2356 716 vel

1369 738 1449 773 sine
1469 738 1598 786 grandi
1629 751 1764 774 nausea
1792 739 1858 774 otii
1887 738 1965 775 dies
1995 739 2245 787 transigatur:
2267 739 2331 775 sed
2347 766 2356 782 ‚

1370 805 1408 833 ut
1429 797 1540 832 etiam
1571 797 1617 833 ‹le
1638 805 1786 846 peracta
1807 797 1904 833 dieta
1922 797 1967 833 ad
1989 798 2197 845 profectum
2227 797 2360 833 mentis

1369 868 1516 904 semper
1543 855 1685 904 aliquid
1710 856 1746 891 in
1769 856 1994 891 conscicntia
2015 856 2191 900 resideat,
2219 855 2360 904 aliquid

311 917 425 959 blice,
448 917 505 953 vel
529 917 705 966 privatim
727 915 941 952 addendum
962 924 1035 958 est,
1056 917 1113 952 vel
1135 917 1302 953 miuuen-
1323 915 1348 948 B
1368 914 1537 963 quotidie
1561 916 1595 950 in
1627 914 1841 950 thesaurum
1870 915 1996 951 cordis
2026 923 2263 963 congeratur.
2286 918 2361 952 Nec

312 975 420 1019 (lum,
443 975 514 1011 hoc
542 975 578 1010 in
602 975 740 1011 Prioris
756 982 810 1010 est
839 973 1010 1018 arbitrio,
1033 973 1173 1023 absque
1200 975 1303 1011 omni

312 1034 490 1082 scrupulo
505 1033 762 1069 obedientium
777 1032 1014 1069 subditorum
1025 1062 1034 1077 ,
1049 1034 1107 1069 vel
1125 1034 1302 1082 periculo.

366 1094 426 1130 ¹20.
460 1092 717 1129 Instituendus
744 1101 798 1128 cst
829 1105 918 1140 crgo
946 1104 1066 1127 novus
1086 1093 1238 1128 eremita
1259 1093 1304 1129 ad

311 1152 522 1188 communis
537 1152 782 1187 institutionis
797 1164 967 1186 normam
984 1151 1306 1200 concupiscentias

310 1212 432 1247 carnis
447 1224 522 1247 suae
538 1211 814 1260 praeteritorum
831 1218 1069 1258 peccatorum
1086 1211 1306 1258 poenitentia

311 1271 489 1306 continua
518 1270 693 1311 domare,
715 1278 751 1305 et
778 1269 824 1305 ad
853 1268 1127 1305 contemnenda
1146 1277 1278 1305 caetcra
1293 1297 1302 1312 ,

311 1329 356 1365 ad
378 1330 434 1365 sui
455 1330 570 1378 ipsius
590 1338 849 1377 contemptum
881 1329 1020 1364 venire.
1048 1329 1305 1365 Prremunien-

311 1389 381 1424 dus
412 1397 467 1424 est
501 1387 647 1424 assidue
679 1397 809 1423 contra
844 1388 1086 1431 tentationes,
1114 1389 1236 1424 acrius
1267 1388 1303 1423 in

311 1447 517 1483 solitarium
547 1447 731 1482 novitium
754 1446 1018 1490 desaevientes;
1043 1459 1128 1482 cum
1154 1459 1303 1483 servum

311 1506 378 1542 Dei
392 1506 505 1554 gratis
519 1508 599 1542 Deo
615 1505 840 1541 servientem
859 1517 934 1540 uon
949 1513 1092 1541 cessent
1106 1505 1305 1541 sollicitare

313 1566 401 1602 vitia
419 1565 590 1601 mercede
607 1564 741 1601 oblatae
759 1564 1030 1607 delectationis,
1051 1564 1202 1600 diabolo
1219 1578 1305 1613 sug-

313 1633 487 1673 gerente,
507 1637 618 1660 carne
639 1625 945 1673 concupiscente,
966 1625 1102 1660 saeculo
1121 1625 1304 1673 concupi—

314 1683 449 1720 scenda
481 1684 685 1731 ingerente.
720 1686 853 1719 Tentat
886 1683 986 1719 enim
1023 1696 1091 1718 nos
1121 1684 1305 1720 Dominus

315 1747 412 1779 Deus
429 1751 570 1785 noster,
590 1751 715 1778 utrum
733 1742 929 1790 diligamus
943 1755 1026 1777 eum
1042 1755 1088 1778 an
1107 1755 1182 1778 non
1202 1757 1208 1778 :
1228 1756 1303 1778 non

314 1811 352 1837 ut
371 1802 449 1850 ipse
465 1802 570 1849 quasi
594 1801 763 1836 nesciens
783 1809 976 1849 agnoscat,
999 1801 1063 1836 sed
1092 1809 1130 1836 ut
1158 1801 1305 1849 plenius

312 1861 383 1897 hoc
405 1861 442 1896 in
463 1861 540 1909 ipsa
559 1859 667 1896 nobis
687 1861 890 1896 tentatione
906 1860 1125 1896 innotescat.
1148 1861 1218 1898 Sed
1234 1861 1305 1897 illae

315 1920 540 1956 tentationes
562 1920 667 1956 facile
688 1921 905 1964 vincuntur,
927 1928 962 1956 et
991 1920 1095 1956 facile
1123 1933 1143 1956 a
1165 1921 1308 1957 ratione

314 1979 366 2015 eis
407 1979 631 2023 occurritur,
673 1992 756 2027 quae
799 1979 857 2015 vel
890 1987 1072 2027 suspectae
1104 1987 1209 2020 sunt,
1249 1980 1307 2015 vel

316 2038 436 2085 prima
457 2037 548 2073 facie
574 2038 678 2073 malae
710 2050 789 2074 esse
821 2038 1060 2073 innotescunt
1082 2052 1088 2073 ε
1111 2051 1193 2085 quae
1217 2051 1308 2074 vero

315 2095 384 2131 sub
412 2096 536 2144 specie
567 2094 656 2132 boni
688 2109 726 2132 se
746 2097 941 2145 ingerunt,
962 2105 998 2132 et
1020 2095 1208 2132 difficilius
1228 2096 1306 2133 dis-

314 2162 533 2197 cernuntur,
562 2162 597 2190 et
639 2155 886 2204 periculosius
915 2155 1180 2192 admittuntur.
1208 2156 1309 2193 Sicut

315 2213 414 2249 enim
433 2213 652 2249 difficillime.
674 2222 822 2250 tenetur
843 2214 976 2250 modus
996 2215 1032 2249 in
1049 2227 1094 2249 eo
1113 2214 1215 2262 quod
1239 2214 1309 2251 bo-

317 2284 405 2306 num
438 2284 516 2307 esse
550 2271 737 2315 creditur3
771 2272 819 2307 ita
851 2285 926 2308 non
956 2285 1106 2321 semper
1127 2281 1227 2309 tutus
1256 2284 1310 2310 est

316 2331 439 2366 omnis
458 2329 547 2366 boni
569 2330 771 2379 appetitus.

656 2461 833 2499 CAPL'T
866 2462 978 2500 vlu.

318 2574 423 2599 Otium
437 2575 627 2610 quantopere
649 2569 732 2598 omni
753 2569 894 2608 religioso
916 2568 1084 2610 praesertim
1107 2567 1246 2598 solitario
1267 2568 1311 2599 t'u-

410 2621 553 2663 giendum
567 2645 574 2655 ,
597 2628 624 2652 et
645 2632 712 2662 qua?
728 2621 769 2651 illi
785 2621 1002 2663 occupationes
1018 2621 1215 2652 conveniant.

372 2741 432 2775 21.
466 2739 642 2777 Omnium
675 2747 798 2775 autem
830 2739 1079 2775 tentationum
1103 2747 1140 2774 et
1168 2740 1311 2788 cogita-

320 2799 463 2834 tionum
497 2798 677 2834 malarum
708 2806 743 2833 et
775 2797 964 2833 inutilium
995 2797 1160 2841 sentina,
1194 2798 1312 2834 otium

320 2865 386 2892 cst.
417 2860 567 2893 Summa
599 2857 736 2893 etenim
770 2857 905 2892 mentis
936 2856 1076 2892 malitia
1109 2864 1164 2892 est
1194 2857 1313 2892 otium

323 2916 431 2950 ineis.
452 2918 650 2963 Nunquam
669 2916 810 2951 otiosus
826 2916 871 2952 sit
892 2928 1023 2952 servus
1041 2916 1126 2960 Dei,
1143 2916 1315 2964 quamvis

320 2989 339 3009 a
356 2978 433 3010 Deo
452 2974 600 3009 feriatus
616 2975 672 3009 sit.
691 2978 833 3010 Nomen
851 2974 992 3023 quippe
1010 2984 1081 3010 tam
1099 2982 1312 3023 suspectum

320 3042 353 3068 ct
379 3046 514 3068 sanum
539 3041 573 3067 ct
597 3034 727 3075 molle,
750 3033 801 3068 rci
826 3042 896 3069 tam
920 3043 1048 3078 certae,
1071 3042 1143 3070 tam
1163 3043 1311 3078 sancta),

372 3162 469 3189 *prox
506 3171 521 3187 x
564 3164 593 3189 ¹3.
669 3162 775 3189 ’ism
814 3170 861 3189 ιι,
885 3163 914 3187 ἵ).

1370 989 1412 1012 ea
1429 975 1487 1011 die
1504 974 1626 1011 bonus
1643 975 1765 1011 cellita
1781 988 1819 1011 se
1841 976 1974 1011 vixisse
1992 973 2103 1011 debet
2123 975 2335 1011 existimare
2349 1002 2358 1018 ,

1371 1035 1496 1083 inqua
1517 1035 1567 1071 nil
1585 1048 1715 1070 eorum
1735 1047 1774 1071 se
1793 1034 1908 1083 egisse
1932 1034 2081 1077 molit,
2100 1042 2257 1083 propter
2277 1047 2361 1083 quae

1371 1094 1406 1129 in
1426 1094 1517 1130 cella
1539 1094 1691 1130 vivitur.

1425 1152 1485 1189 2²2.
1507 1153 1650 1200 Quaeris
1669 1152 1759 1200 quid
1778 1165 1881 1200 agas,
1898 1153 1956 1188 vel
1974 1153 2008 1188 in
2031 1165 2107 1201 quo
2125 1160 2159 1188 te
2175 1154 2363 1202 occupes?

1372 1211 1538 1247 Primum
1557 1220 1660 1248 extra
1690 1211 1952 1259 quotidianum
1981 1212 2195 1247 orationum
2221 1211 2363 1247 sacrifi-

1371 1269 1488 1313 cium,
1517 1271 1573 1305 vel
1603 1270 1771 1306 lectionis
1801 1269 1986 1313 studium,
2018 1269 2247 1317 quotidianae.
2269 1282 2363 1305 con-

1370 1329 1533 1364 scientiae
1549 1328 1790 1371 discussioni,
1807 1328 2082 1372 emendationi,
2098 1341 2245 1364 morum
2262 1340 2363 1364 com-

1371 1387 1549 1436 positioni
1569 1400 1655 1436 pars
1674 1399 1739 1422 sua
1759 1385 1832 1422 diei
1853 1386 2020 1435 neganda
2038 1399 2113 1422 nou
2133 1394 2200 1422 cst.
2223 1386 2364 1423 Deinde

1371 1445 1606 1495 operandum
1630 1454 1685 1482 est
1713 1445 1854 1493 aliquid
1876 1444 2049 1480 manibus
2073 1445 2175 1493 quod
2197 1444 2364 1494 injungi-

1372 1513 1444 1549 tur,
1469 1518 1545 1541 nou
1567 1513 1640 1540 tam
1666 1503 1770 1552 quod
1790 1503 1956 1539 animum
1978 1503 2200 1540 delectando
2219 1503 2266 1540 ad
2293 1504 2363 1540 lto-

1372 1576 1449 1599 ram
1477 1563 1659 1607 detineat,
1687 1575 1799 1610 quam
1827 1562 1929 1611 quod
1951 1562 2208 1611 spiritualibus
2234 1562 2365 1600 studiis

1371 1622 1656 1659 delectationem
1702 1629 1899 1658 conservet
1940 1630 1975 1657 et
2019 1622 2179 1666 nutriat;
2211 1623 2248 1658 in
2287 1635 2363 1671 quo

1322 1682 1349 1716 C
1371 1683 1582 1718 remittatur
1604 1681 1650 1717 ad
1676 1681 1807 1717 horam
1832 1681 1997 1722 animus,
2020 1693 2095 1717 non
2127 1681 2335 1717 resolvatur
2355 1695 2361 1715 :

1373 1740 1473 1777 uude
1490 1754 1528 1776 se
1555 1740 1658 1776 facile
1674 1753 1780 1783 mox,
1797 1748 1836 1775 ut
1853 1739 1921 1775 sibi
1939 1739 1984 1775 ad
2003 1752 2040 1775 se
2061 1739 2182 1788 ipsum
2203 1739 2364 1776 redeun-

1372 1798 1461 1834 dum
1486 1812 1565 1836 esse
1595 1799 1715 1834 visum
1744 1798 1874 1842 fuerit,
1901 1797 2075 1846 expediat
2102 1798 2182 1833 sine
2209 1806 2364 1834 contro-

1372 1858 1491 1894 x'ersia
1521 1856 1750 1893 inhibentis‘¹
1774 1856 1997 1899 voluntatis,
2029 1855 2171 1904 absque
2190 1856 2364 1905 contagio

1374 1925 1575 1953 contractae
1615 1915 1890 1959 delectationis,
1922 1914 1981 1950 vel
2019 1915 2206 1950 memoriae
2236 1915 2367 1963 imagi-

1374 1976 1508 2012 nantis.
1539 1979 1623 2013 Non
1653 1975 1751 2011 enim
1785 1975 1842 2010 vir
1874 1981 2030 2023 propter
2060 1973 2271 2019 mulierem,
2300 1972 2365 2009 sed

1375 2036 1508 2071 mulier
1539 2042 1697 2084 propter
1722 2034 1843 2069 virum
1860 2039 1887 2069 ².
1911 2036 1993 2070 Non
2022 2033 2230 2081 spiritualia
2259 2046 2368 2069 exer-

1374 2094 1462 2130 citia
1491 2101 1578 2130 sunt
1615 2101 1774 2142 propter
1803 2092 2032 2140 corporalia,
2066 2091 2129 2128 sed
2159 2091 2368 2141 corporalia

1376 2161 1531 2202 propter
1555 2151 1773 2201 spiritualia.
1793 2155 1995 2199 Propterea
2017 2150 2112 2186 sicut
2139 2151 2218 2186 viro
2243 2158 2368 2187 creato

1376 2212 1552 2247 collatum
1591 2219 1664 2252 cst,
1693 2210 1751 2246 vel
1782 2218 2038 2258 comparatum
2072 2209 2106 2245 ei
2137 2207 2366 2256 adjutorium

1376 2270 1494 2305 simile
1518 2269 1587 2306 sibi
1613 2282 1658 2305 ex
1681 2269 1759 2318 ipsa
1776 2268 1938 2304 hominis
1958 2266 2165 2303 substantia
2186 2282 2194 2303 :
2214 2267 2266 2303 sic
2283 2280 2367 2303 cum

1376 2329 1412 2364 in
1431 2327 1658 2376 adjutorium
1680 2326 1883 2376 spiritualis
1903 2325 2015 2362 studii
2039 2325 2246 2361 necessaria
2271 2325 2367 2369 sint,

1378 2400 1453 2423 non
1481 2396 1603 2423 tamen
1630 2387 1666 2423 in
1694 2387 1766 2422 hoc
1786 2398 1934 2434 semper
1957 2398 2063 2433 aeque
2087 2384 2291 2420 convenire
2313 2384 2370 2419 vi-

1326 2449 1356 2481 D
1377 2445 1514 2482 dentur
1529 2446 1654 2482 omnia
1669 2445 1880 2494 corporalia
1895 2444 2089 2487 exercitia,
2105 2443 2170 2479 sed
2184 2456 2269 2492 quae
2283 2456 2367 2479 cum

1377 2503 1633 2553 spiritualibus
1654 2504 1871 2552 propiorem
1889 2502 2066 2538 videntur
2082 2501 2219 2538 habere
2238 2502 2370 2537 simili-

1379 2563 1544 2599 tudinem
1563 2572 1599 2599 et
1625 2563 1866 2605 affinitatem;
1894 2562 1989 2597 sicut
2012 2560 2057 2596 ad
2084 2561 2369 2596 aedificationem

1377 2623 1607 2671 spiritualem
1637 2621 1806 2658 meditari
1836 2620 1939 2670 quod
1969 2619 2168 2663 scribatur,
2198 2619 2254 2655 vel
2280 2619 2372 2655 scri-

1378 2680 1466 2716 bere
1483 2680 1586 2728 quod
1604 2681 1760 2729 legatur.
1778 2679 1994 2716 Subdivalia
2011 2679 2109 2714 enim
2135 2678 2311 2714 exercitia
2335 2685 2373 2714 et

1378 2753 1513 2789 opera,
1540 2740 1634 2776 sicut
1660 2752 1788 2776 sensus
1817 2739 2048 2783 distrahunt,
2071 2738 2122 2774 sic
2142 2750 2242 2787 saepe
2260 2738 2371 2774 etiam

1378 2799 1549 2848 spiritum
1565 2799 1810 2844 exhauriunt,
1825 2798 1895 2834 nisi
1908 2811 1991 2834 cum
2006 2797 2178 2846 graviore
2193 2796 2372 2833 ruralium

1379 2857 1507 2895 labore
1530 2871 1688 2907 operum
1709 2859 1753 2893 sit
1777 2856 1899 2905 major
1918 2856 2096 2893 contritio
2117 2855 2288 2904 corporis
2305 2867 2370 2891 us·—

1380 2930 1452 2966 que
1482 2916 1527 2953 ad
1548 2916 1814 2952 contritionem
1846 2924 1881 2951 et
1914 2915 2210 2951 humiliationem
2233 2912 2370 2950 cordis.

1380 2977 1622 3026 Fatigationis
1640 2976 1739 3013 enim
1757 2988 1833 3011 suae
1853 2987 2025 3024 pressura
2043 2974 2260 3023 exprimunt
2276 2984 2373 3021 saepe

1382 3034 1674 3071 whcmentim·is
1695 3033 1868 3069 affectum
1890 3032 2112 3068 devotionis
2134 3031 2241 3078 Quod
2263 3031 2372 3066 ctiam

1484 3164 1492 3175 ⁴
1514 3162 1615 3192 Alias,
1639 3160 1728 3188 mlta-1
1739 3169 1825 3189 (nm,
