2418 3949
155 246 250 284 1289

808 248 970 284 SERMO
998 248 1062 283 DE
1091 245 1319 282 PASSIOXE
1347 248 1535 283 DOMINI.

2100 240 2198 276 1290

149 336 278 360 versus
314 323 533 360 maledictos
570 336 679 360 canes
704 323 788 359 illos
827 325 1040 373 proferret3
1074 321 1138 359 sed
1151 320 1315 367 ⁰³⁵rum,
1346 331 1382 359 et
1402 331 1481 359 esto
1502 321 1696 372 placabilis
1716 334 1830 370 super
1853 318 2094 356 multitudine
2118 331 2194 353 ma-

148 383 351 420 novissime
379 383 538 420 verbum
568 382 844 419 benedictionis
877 396 992 433 super
1010 382 1137 420 inimi·
1163 382 1192 414 A
1210 382 1298 418 litiae
1326 391 1475 419 nostrae.
1505 386 1599 419 Ecce
1625 394 1700 418 vox
1719 380 1911 430 sanguinis
1932 378 2054 415 fratris
2074 375 2193 413 nostri

148 455 212 479 cos
244 455 350 487 suos,
389 443 500 491 quale
531 455 549 478 a
580 441 715 478 saeculo
749 455 826 478 non
857 451 913 479 est
943 441 1135 486 auditum,

147 500 305 537 effudit?
337 501 436 548 Quid
468 501 540 537 hoc
569 501 652 536 viro
684 501 937 547 mansuetius,
957 500 1048 550 quid
1075 499 1138 536 be-

148 561 319 610 nignius,
339 561 463 597 anima
488 574 594 605 mea,
611 561 763 597 vidisti?
779 561 912 598 Adhuc
934 570 1057 597 autem
1080 569 1137 596 at-

149 619 286 655 tentius
322 620 498 665 intuere,
536 633 647 669 quam
688 620 820 668 grandi
858 619 1132 663 admiratione,

147 686 184 714 et
204 679 405 715 tenerrima
424 680 684 728 compassione
705 679 839 727 dignus
854 687 1024 728 apparet.
1042 678 1135 715 Vide

147 736 291 773 nudum
333 745 370 773 et
406 737 629 774 verberibus
673 739 896 783 laceratum,
936 739 973 774 in
1011 737 1135 774 medio

144 796 334 833 latronum
365 798 466 833 cruci
499 797 760 846 ignominiosae
788 798 919 834 ferreis
942 798 1058 834 clavis
1081 797 1137 833 af-

146 855 282 900 fixum,
311 864 417 892 aceto
446 856 484 892 in
513 869 624 892 cruce
653 864 849 906 potatum,
879 864 916 892 et
932 864 1017 906 post
1037 868 1135 891 nior-

146 922 220 951 tem
245 915 375 951 lancea
393 915 431 951 in
452 915 569 951 latere
600 916 838 952 vulneratum
856 944 865 961 ,
896 924 933 952 et
960 915 1135 964 copiosos

145 975 336 1023 sanguinis
375 975 475 1012 rivos
511 988 558 1011 ex
595 975 765 1024 quinque
805 974 1023 1011 vulneribus
1061 988 1135 1010 ma-

145 1046 276 1079 nuum,
307 1034 444 1083 pedum
472 1043 508 1071 et
534 1035 662 1071 lateris
687 1034 960 1070 effundentem.
987 1034 1134 1070 Fletum

143 1091 318 1129 deducite
332 1121 341 1137 ‚
373 1094 472 1129 oculi
494 1093 590 1138 mei,
611 1102 649 1130 et
667 1094 832 1142 liquesce
848 1122 857 1138 ‚
881 1093 1006 1129 anima
1026 1105 1109 1129 mea
1125 1121 1134 1137 ,
1154 1091 1182 1125 Β

145 1150 232 1199 igne
265 1152 536 1201 compassionis
565 1165 678 1201 super
706 1153 935 1188 contritione
965 1150 1138 1187 amabilis

145 1210 215 1246 viri
233 1210 366 1259 hujus,
383 1224 496 1260 quem
514 1211 553 1247 in
576 1219 674 1247 tanta
696 1210 945 1247 amaritudine
963 1219 1018 1246 tot
1033 1210 1138 1247 vides

145 1268 320 1305 affectum
340 1269 550 1307 doloribus.

200 1328 258 1364 12.
277 1331 321 1364 Et
333 1327 411 1377 jam
428 1328 580 1378 quidem
602 1329 752 1366 infirma
772 1329 875 1378 ejus,
894 1330 1017 1366 anima
1035 1342 1131 1375 mea,

144 1386 291 1433 vidisti,
321 1396 359 1424 et
384 1388 537 1424 miserta
566 1401 605 1424 es
633 1402 640 1424 :
670 1401 772 1424 nunc
800 1388 1030 1437 majestatem
1055 1387 1136 1436 ejus

146 1446 312 1492 attende,
329 1455 367 1483 et
384 1446 593 1483 miraberis.
609 1447 709 1494 Quid
730 1448 829 1483 enim
849 1448 899 1484 ait
921 1448 1136 1496 Scriptura?

145 1510 180 1542 A
199 1515 306 1542 sexta
337 1516 459 1542 autem
480 1507 571 1541 liora
593 1506 753 1542 tenehroe
772 1505 894 1554 sacloe
917 1516 999 1542 sunt
1031 1520 1140 1554 super

145 1572 356 1602 universam
385 1575 520 1602 terram
550 1569 732 1615 usquead
758 1568 885 1602 lteram
918 1570 1139 1603 7201111111.Et

144 1626 354 1663 obscuratus
388 1636 442 1662 est
481 1629 537 1662 sal
548 1655 558 1670 ,
595 1636 630 1662 ec
667 1630 789 1663 velam
829 1630 956 1676 templi
989 1616 1136 1662 scissum

147 1696 202 1723 est
221 1700 245 1722 (ι
262 1700 405 1722 summo
428 1700 542 1735 usque
564 1689 760 1730 deorumn
776 1696 810 1722 el
827 1696 926 1723 terra
946 1695 1043 1722 mota
1062 1696 1116 1722 est
1128 1714 1137 1730 ‚

146 1756 182 1783 ec
192 1755 315 1795 petroe
332 1750 458 1782 scissoe
476 1754 578 1791 sunt,
594 1754 630 1781 et
645 1754 882 1782 monumenta
897 1755 1025 1793 aperta
1041 1756 1138 1791 slent,

147 1815 185 1842 et
212 1807 328 1841 multa
358 1818 512 1853 corpora
545 1814 754 1840 sanctorum
770 1834 778 1850 ‚
797 1810 860 1853 qui
881 1805 1136 1849 dormiebant,

1201 445 1290 478 Jesu
1320 442 1453 478 clamat
1480 442 1525 478 ad
1558 451 1592 478 te
1625 442 1671 478 de
1701 454 1824 477 cruce.
1860 439 1957 487 Quid
1990 439 2088 474 enim
2113 445 2190 480 est,

1201 502 1378 547 Domine,
1399 502 1501 551 quod
1522 501 1661 551 pendet
1676 501 1713 537 in
1734 514 1788 537 ea.
1806 502 1820 537 Ρ
1836 500 1999 544 Pendet,
2021 499 2188 546 inquam,

1201 561 1287 610 quia
1300 561 1487 610 praeterita
1502 569 1676 610 tanquam
1692 560 1886 609 praesentia
1902 571 2025 596 coram
2043 565 2076 592 te
2091 564 2190 593 sunt.

1201 624 1412 670 Cognosce,
1441 623 1572 666 Pater,
1594 621 1756 656 tunicam
1777 619 1856 656 veri
1875 619 1940 654 filii
1961 618 2014 653 tui
2034 615 2187 664 Joseph.

1202 683 1283 717 Heu
1297 677 1401 725 isera
1417 684 1581 728 pessima
1599 681 1783 714 devoravit
1801 691 1881 713 eum
1893 675 1919 722 3,
1937 684 1972 712 et
1993 675 2191 711 conculea-

1202 740 1257 775 vit
1284 739 1320 774 in
1354 738 1480 775 furore
1509 752 1577 775 suo
1606 738 1872 774 vestimentum
1903 735 2003 784 ejus,
2038 746 2188 770 omnem

1202 798 1377 835 decorem
1402 797 1483 847 ejus
1504 798 1670 846 reliquiis
1690 797 1834 833 cruoris
1854 795 2076 844 inquinavit.
2100 796 2191 829 Eece

1202 857 1370 905 quinque
1401 857 1576 892 scissuras
1603 854 1862 892 lamentabiles
1890 855 1926 890 in
1953 866 1996 889 ea
2028 851 2188 900 reliquit.

1199 915 1314 960 Vide,
1343 915 1541 959 Domime,
1573 915 1729 964 pallium
1758 912 1860 962 quod
1890 913 1926 948 in
1950 924 2061 948 manu
2083 909 2190 946 adul-

1201 984 1288 1012 terae
1310 975 1581 1024 generationis,
1609 974 1646 1010 id
1667 982 1745 1018 est,
1768 972 1952 1021 AEgyptiae
1973 969 2192 1012 meretricis,

1200 1035 1382 1070 innocens
1402 1047 1497 1084 puer
1523 1042 1610 1070 tuus
1630 1032 1852 1081 dereliquit,
1876 1031 2070 1067 meliorem
2090 1029 2191 1065 aesti—

1202 1107 1307 1130 mans
1333 1094 1517 1142 jacturam
1549 1092 1791 1136 vestimenti,
1821 1103 1935 1139 quam
1973 1088 2192 1138 pudic-iti&

1204 1154 1396 1202 magisque
1429 1153 1595 1201 eligens,
1633 1152 1815 1201 spoliatus
1845 1150 1967 1186 carnis
2002 1149 2116 1198 pallio
2151 1147 2186 1182 in

1204 1226 1391 1250 carcerem
1413 1212 1544 1249 mortis
1565 1210 1792 1247 descendere
1807 1238 1817 1255 ,
1840 1222 1951 1258 quam
1974 1220 2044 1257 pro
2062 1205 2192 1242 mundi

1205 1272 1319 1322 gloria
1351 1271 1573 1308 adulterinae
1596 1269 1679 1305 voci
1713 1266 2004 1317 acquiescere⁵z
2035 1265 2105 1310 Illi,
2136 1264 2199 1299 in—

1200 1345 1312 1381 quam
1329 1360 1338 1376 ,
1369 1330 1455 1367 voci
1486 1343 1560 1379 qua
1590 1328 1729 1364 dictum
1753 1335 1828 1373 est,
1856 1327 1948 1361 Hoec
1976 1330 2103 1360 omnm
2132 1322 2196 1358 tila·

1201 1392 1319 1436 dabo,
1345 1396 1379 1426 si
1405 1392 1542 1437 cadens·
1569 1391 1782 1424 adoraveris
1808 1400 1866 1421 me
1883 1384 1907 1421 ⁵.
1933 1384 2044 1432 Quod
2065 1384 2196 1432 utiquc

1201 1460 1320 1496 esset,
1336 1450 1365 1487 si
1390 1450 1573 1486 dormiret
1590 1462 1674 1484 cum
1694 1447 1877 1484 adultera.

1259 1511 1316 1548 14.
1335 1514 1382 1547 Et
1399 1523 1513 1553 nunc,
1536 1508 1699 1545 Domine
1716 1510 1841 1551 Pater,
1858 1505 1997 1542 scimus
2012 1503 2099 1552 quia
2116 1504 2194 1551 ipse

1202 1572 1318 1609 Filius
1349 1579 1435 1606 tuus
1466 1568 1581 1613 vivit,
1610 1575 1647 1604 et
1674 1566 1891 1602 dominatur
1924 1564 1960 1600 in
1993 1571 2069 1599 tota
2099 1571 2197 1598 terra

1203 1629 1368 1680 AEgypti,
1383 1629 1466 1665 etin
1484 1627 1587 1665 omni
1604 1628 1686 1663 loeo
1707 1623 1975 1662 dominationis
1994 1631 2079 1659 ture.
2099 1621 2197 1658 Edu-

1204 1699 1286 1728 ctus
1306 1689 1405 1726 enim
1433 1687 1479 1724 ad
1504 1687 1705 1737 imperium
1729 1693 1834 1721 tuum
1858 1684 1905 1720 de
1926 1695 2074 1719 carcere
2093 1694 2196 1717 mor-

1206 1750 1251 1787 tis
1268 1757 1305 1785 et
1324 1748 1579 1790 infernorum,
1603 1753 1640 1782 et
1660 1753 1830 1781 attonsus
1847 1744 1884 1779 in
1906 1741 2198 1778 immortalitatis

1206 1820 1405 1852 coronam;
1438 1813 1580 1842 mutata
1609 1812 1712 1841 veste
1739 1803 1882 1847 carnis,
1907 1800 2196 1837 immortalitatis

144 1874 384 1901 ffl'rssoeem‘ll
399 1873 425 1902 ¹·
449 1866 576 1913 Qualis
597 1874 652 1902 est
671 1866 746 1907 hic,
778 1866 866 1914 quia
887 1874 923 1902 et
937 1865 1073 1902 coelum
1102 1874 1137 1901 et
1161 1864 1188 1900 C
1207 1867 1344 1904 decore
1363 1865 1556 1909 refloruit,
1579 1872 1615 1899 et
1635 1876 1718 1899 eum
1741 1861 1860 1911 gloria
1880 1860 2074 1908 suscepisti
2094 1872 2194 1895 enm.

146 1933 244 1961 terra
265 1925 548 1974 compatiuntur
571 1925 624 1970 ci,
648 1924 754 1974 cujus
780 1934 815 1962 et
841 1938 942 1961 mors
971 1934 1139 1962 mortuos

144 1984 332 2020 vivificat?
348 1987 539 2033 Cognosce
552 2013 560 2029 ‚
579 1985 704 2021 anima
723 1998 805 2021 mea
819 2013 828 2029 ,
850 1997 1035 2033 cognosce
1053 1999 1060 2020 ε
1081 1985 1139 2020 hic

145 2051 201 2079 est
222 2044 408 2080 Dominus
423 2047 524 2080 Deus
543 2053 670 2080 noster
688 2047 795 2080 Jesus
811 2043 998 2089 Christus,
1017 2044 1139 2080 Salva·

146 2110 205 2139 tor
234 2110 345 2147 tuus,
379 2103 595 2152 unigenitus
624 2103 693 2139 Dei
723 2103 839 2147 Fhus,
871 2115 983 2139 verus
1015 2106 1137 2147 Deus,

143 2174 255 2198 verus
287 2163 421 2209 homo3
454 2163 518 2212 qui
549 2163 651 2199 solus
676 2162 746 2199 sub
772 2163 850 2199 sole
884 2163 964 2200 sine
994 2162 1137 2198 macula

145 2222 325 2259 inventus
349 2231 418 2259 est.
447 2226 494 2260 Et
519 2236 604 2259 ecce
633 2236 717 2259 cum
741 2223 930 2259 sceleratis
947 2222 1140 2272 quomodo

146 2290 340 2332 reputatus
370 2291 448 2328 est,
481 2291 517 2319 et
548 2283 655 2332 quasi
685 2283 878 2332 leprosus,
912 2283 1141 2320 novissimus

145 2341 313 2378 virorum
329 2343 552 2379 aestimatus:
571 2351 607 2379 et
623 2351 798 2392 tanquam
811 2342 1024 2379 abortivum
1039 2343 1140 2392 quod

146 2400 344 2450 projicitur
369 2415 390 2438 a
414 2401 548 2446 vulva,
580 2402 632 2437 sic
661 2401 854 2450 projectus
878 2410 934 2438 est
963 2401 1010 2438 ab
1033 2410 1140 2438 utero

146 2460 275 2498 matris
295 2473 391 2506 suae,
421 2460 578 2496 infelicis
598 2463 817 2509 Synagogae.
846 2464 920 2498 Iste
952 2461 1140 2497 formosus

145 2532 222 2568 prae
245 2520 327 2556 (iliis
349 2519 545 2556 hominum
559 2550 568 2566 ,
589 2534 700 2569 quam
728 2520 906 2558 deformis
928 2521 1045 2557 factus
1063 2524 1137 2557 est!

145 2579 215 2615 Hic
237 2579 453 2615 vulneratus
474 2589 630 2629 propter
653 2581 870 2630 iniquitates
890 2590 1057 2625 nostraS,
1078 2588 1136 2617 at-

145 2638 254 2674 tritus
278 2646 333 2674 est
357 2647 514 2687 propter
533 2639 673 2675 scelera
691 2648 819 2676 nostra
838 2646 866 2685 ²,
897 2649 934 2676 et
960 2639 1077 2676 factus
1095 2639 1131 2674 in
1152 2642 1183 2674 D
1202 2651 1341 2674 nocens
1357 2637 1472 2674 Filius
1491 2645 1576 2672 tuus
1600 2649 1606 2670 :

146 2695 407 2733 holocaustum
423 2698 631 2734 suavissimi
644 2698 772 2734 odoris
786 2699 822 2735 in
839 2707 1043 2748 conspectu
1060 2707 1139 2743 tuo,

144 2759 252 2793 Pater
264 2765 411 2793 aeternre
427 2757 570 2806 gloriae,
585 2765 625 2793 ut
639 2744 826 2794 averteres
841 2757 1137 2806 indignationem

147 2824 246 2852 tuam
268 2829 288 2852 a
312 2815 442 2861 nobis,
465 2825 502 2853 et
528 2817 733 2854 consedere
755 2831 822 2854 nos
845 2816 915 2853 sibi
943 2817 1081 2853 faceret
1102 2817 1137 2853 in

147 2875 373 2912 coelestibus.

204 2935 263 2971 13.
285 2935 460 2984 Respice,
486 2936 644 2973 Domine
657 2965 666 2982 ,
685 2945 813 2973 sancte
833 2940 964 2980 Pater,
989 2936 1034 2972 de
1051 2948 1135 2972 san-

148 2994 293 3030 ctuario
314 3003 397 3040 tuo,
419 3003 456 3031 et
473 2994 520 3031 de
536 2997 684 3032 excelso
705 2997 886 3033 coelorum
904 2995 1120 3032 habitaculo
1132 3024 1140 3040 ,

149 3061 184 3089 et
216 3053 361 3090 intuere
393 3054 489 3090 hanc
516 3063 789 3092 sacrosanctam
819 3055 1002 3101 hostiam,
1030 3069 1141 3104 quam

150 3112 216 3149 tibi
233 3113 345 3149 offert
360 3126 516 3162 maguus
532 3115 704 3150 Pontifex
724 3123 864 3161 noster,
880 3124 1030 3152 sanctus
1047 3129 1143 3165 puer

151 3179 237 3211 tuus
258 3172 445 3209 Dominus
465 3176 592 3219 Jesus,
612 3187 681 3223 pro
702 3175 863 3223 peccatis
880 3175 1034 3210 fratrum
1054 3187 1143 3210 suo-

203 3311 207 3323 ¹
230 3304 341 3334 unuh.
364 3317 479 3340 xxvii,
502 3309 542 3336 fia
558 3331 564 3342 ,
585 3311 638 3343 51,
661 3312 714 3343 11⁴),
739 3315 765 3337 vt
791 3312 860 3339 l.u‹·.
885 3319 964 3337 xxiii
980 3330 986 3339 .
1017 3310 1075 3338 ἰἰ.
1112 3312 1158 3338 '=.1.

154 3359 242 3389 ἰ’-20.
264 3376 302 3380 -·
321 3355 334 3378 5
349 3358 462 3389 Mauh.
485 3371 529 3398 iv,
553 3363 584 3391 9.

1205 1925 1425 1975 Subjugavit
1453 1923 1552 1961 enim
1584 1922 1655 1960 sihi
1684 1920 1888 1959 Pharaonis
1919 1920 2136 1968 imperium,
2163 1927 2200 1955 et

1205 1998 1289 2022 cum
1324 1983 1514 2032 triumpho
1543 1981 1684 2026 nobili,
1720 1981 1859 2016 virtute
1892 1978 2047 2028 propria
2082 1978 2197 2013 coelos

1205 2044 1425 2095 penetravit.
1452 2047 1497 2080 Et
1513 2055 1595 2078 ecce
1613 2041 1731 2090 gloria
1748 2048 1785 2076 et
1804 2039 1951 2075 honore
1969 2046 2171 2074 coronatus
2186 2068 2194 2081 ,

1206 2105 1242 2140 in
1274 2104 1405 2140 dextra
1434 2101 1636 2150 majestatis
1657 2108 1730 2136 tuae
1751 2099 1887 2135 assistit
1904 2097 2024 2133 vultui
2041 2105 2105 2132 tuo
2127 2109 2196 2145 pro

1205 2162 1325 2199 nobis.
1348 2164 1442 2200 Caro
1463 2160 1562 2197 enim
1586 2167 1622 2196 et
1644 2159 1756 2195 frater
1778 2165 1905 2193 noster
1921 2164 1989 2192 est.
2014 2155 2192 2204 Respice,

1205 2222 1384 2267 Domine,
1416 2221 1452 2257 in
1483 2220 1611 2256 faciem
1640 2217 1776 2256 Christi
1808 2216 1882 2261 tui,
1903 2215 1967 2264 qui
1992 2213 2057 2250 tibi
2077 2227 2195 2262 usque

1205 2282 1252 2318 ad
1280 2289 1439 2318 mortem
1468 2278 1650 2315 obediens
1678 2277 1796 2313 factus
1816 2283 1894 2320 est3
1928 2287 1997 2309 nce
2022 2272 2198 2308 recedant

1206 2340 1254 2377 ab
1274 2334 1393 2377 oc'ulis
1420 2339 1492 2376 tuis
1514 2337 1702 2374 cicatrices
1722 2335 1803 2384 ejus
1824 2335 1861 2370 in
1884 2341 2107 2383 perpetuum
2126 2360 2135 2376 ‚
2161 2341 2199 2367 ut

1207 2400 1422 2438 memineris
1449 2406 1627 2448 quantam
1653 2395 1701 2432 ab
1727 2408 1772 2431 eo
1790 2406 1861 2443 pro
1880 2392 2042 2442 peccatis
2064 2392 2198 2427 nostris

1205 2459 1494 2497 satisfactionem
1517 2456 1717 2506 receperis.
1737 2454 1912 2496 Utinam,
1931 2451 2112 2495 Domine,
2136 2464 2197 2499 ap-

1205 2519 1346 2570 pendas
1363 2518 1402 2555 in
1416 2525 1550 2554 statera
1562 2523 1712 2565 peccata
1723 2511 1862 2562 quibus
1875 2511 1964 2547 iram
1981 2510 2199 2555 meruimus,

1203 2588 1240 2616 et
1259 2579 1507 2616 calamitatem
1520 2605 1529 2621 ,
1552 2587 1664 2624 quam
1691 2586 1762 2623 pro
1779 2570 1889 2608 nobis
1909 2583 2039 2619 passus
2064 2578 2119 2606 est
2137 2570 2194 2604 in-

1632 2642 1745 2677 certe,
1759 2631 1936 2674 Domine,
1954 2630 2031 2665 haee
2046 2628 2198 2678 gravior

1206 2696 1422 2746 apparebit,
1454 2704 1491 2732 et
1522 2693 1638 2742 magis
1670 2692 1803 2740 digna,
1832 2698 1872 2725 ut
1901 2698 2059 2738 propter
2079 2689 2196 2737 ipsam

1206 2756 1376 2793 effundas
1396 2766 1597 2804 supernos
1621 2749 1912 2788 misericordiam
1936 2757 2035 2783 tuam
2050 2776 2058 2792 ‚
2084 2760 2196 2795 quam

1207 2816 1273 2852 fuit
1293 2816 1353 2851 illa
1368 2844 1376 2860 ,
1396 2823 1435 2850 ut
1458 2828 1527 2864 pro
1545 2812 1707 2863 peccatis
1725 2809 1860 2846 nostris
1876 2808 2070 2844 contineas
2090 2807 2124 2842 iu
2145 2807 2196 2842 ira

1207 2873 1479 2912 misericordias
1498 2882 1590 2908 tuas.
1612 2870 1759 2908 Gratias
1782 2867 1846 2904 tibi
1860 2898 1868 2911 ‚
1890 2867 2050 2904 Domine
2067 2869 2193 2907 Pau-r,

1208 2936 1339 2972 referat
1370 2933 1494 2970 omnis
1513 2933 1640 2981 lingua
1666 2944 1735 2980 pro
1761 2926 2107 2978 supei-aluimlantia
2129 2925 2198 2961 bo-

1209 2995 1334 3031 nitatis
1357 3002 1449 3037 tuae‚
1470 2992 1535 3041 qui
1562 2991 1674 3027 unico
1699 2990 1793 3026 Filio
1813 2987 1935 3024 cordis
1958 2987 2008 3022 tui
2036 2999 2111 3021 nou
2131 2999 2195 3034 pc-

1209 3053 1381 3104 percisti;
1401 3051 1464 3088 sed
1485 3064 1552 3100 pro
1572 3048 1681 3086 nobis
1698 3047 1875 3084 omnihus
1892 3047 1994 3083 illum
2014 3044 2195 3080 tradidiai

1209 3114 1245 3150 in
1265 3121 1439 3153 mortem,
1457 3120 1496 3148 ut
1513 3124 1598 3147 euin
1616 3118 1791 3158 tanquam
1810 3107 1954 3144 fidelem
1973 3105 2197 3142 advocatum

1209 3173 1434 3210 haberemus
1453 3184 1577 3207 coram
1600 3177 1635 3205 te
1653 3168 1688 3204 in
1709 3166 1824 3204 cudis.

1252 3313 1261 3326 ’
1290 3306 1355 3336 rai.
1384 3315 1455 3333 ιιιι.
1477 3321 1518 3326 --
1538 3301 1649 3332 3t'1en.
1669 3311 1808 3333 xxxxii,
1832 3301 1888 3328 ζΗ.
1926 3316 1950 3318 -r
1979 3295 2201 3325 ⁴1d.xxx.x,
