2418 3949
146 232 215 268 881

143 308 368 353 carnalium,
400 307 465 356 qui
499 315 643 343 tantum
678 318 827 343 carnem
856 313 1048 342 noverunt
1075 305 1132 341 in-
1146 303 1175 322 ⁴⁵

145 376 254 404 tueri.

197 426 258 463 20.
277 425 387 473 Quod
407 434 444 462 et
465 438 534 462 nos
554 425 758 462 manifestis
777 423 984 461 rationibus
1000 435 1136 473 possu-

144 499 227 522 mus
247 483 472 535 approbare.
499 485 665 522 Primum
691 483 842 533 quidem
865 496 935 533 per
958 483 1134 519 affectum

144 544 433 594 compassionis,
462 543 598 580 deinde
625 556 694 592 per
721 543 909 579 defectum
936 541 1132 592 passionis.

143 606 190 641 Et
209 604 296 652 quia
316 616 403 640 vere
422 611 636 652 susceperat
655 603 871 639 affectiones
896 609 1061 646 nostras,
1082 600 1134 636 vi-

143 662 298 700 deamus
313 662 507 712 quomodo
523 663 619 699 affici
635 663 757 699 solent
771 662 942 698 homines
955 661 1054 697 circa
1066 672 1131 696 eos

141 735 237 772 quos
251 730 440 768 amant,ut
450 734 519 771 per
531 730 663 758 notum
677 721 724 757 ad
735 722 906 770 ignotum
922 720 1129 756 veniamus.

141 782 234 830 Quis
249 781 391 818 nesciat
415 781 606 817 hominem
632 781 730 817 circa
747 781 908 817 amicum
930 792 1039 816 suum
1062 792 1130 828 pe-

141 841 365 876 riclitantem
388 852 488 889 saepe
513 848 617 876 tanto
638 840 775 876 affectu
794 847 831 876 et
847 839 979 876 dolore
996 851 1127 875 move-

140 899 191 945 ri,
206 907 248 935 ut
261 898 432 948 corporis
447 898 503 934 sui
520 898 790 935 detrimentum
806 899 993 935 incurrat?
1006 898 1043 936 Si
1059 898 1131 934 hoc

138 964 292 1006 praestat
314 956 428 993 homo
458 956 622 1003 homini;
642 965 826 1006 quantum
856 961 977 994 Deum
1005 957 1131 994 homi-

139 1029 224 1054 nem
243 1020 370 1054 Jesum
391 1025 502 1067 putas
519 1017 664 1054 homini
687 1018 925 1067 praestitisse?
942 1018 979 1055 Si
1002 1026 1040 1054 tu
1057 1030 1128 1067 pro

896 231 961 265 DE
991 227 1220 266 PASSIONE
1251 229 1439 264 DOMINI.

1181 303 1273 339 5,ςιιῖι
1289 307 1382 347 alas,
1403 313 1440 340 et
1459 308 1606 340 noluisti
1625 306 1662 341 4?
1687 306 1886 343 Videamus
1913 305 2005 355 quid
2024 304 2095 342 sibi
2124 306 2194 343 hoc

1147 364 1178 397 A
1199 363 1309 408 velit,
1337 363 1439 412 quod
1463 364 1650 401 Dominus
1680 378 1718 401 se
1743 365 1890 414 gallinae
1914 365 2054 414 magis,
2082 378 2194 414 quam

2119 229 2194 266 882

1201 422 1308 458 alteri
1338 423 1489 459 animali
1519 424 1641 461 voluit
1673 438 1905 474 comparare.
1942 425 2062 473 Quia,
2096 432 2138 461 ut
2174 438 2195 462 a

1200 481 1337 517 sanctis
1370 481 1541 519 Patribus
1574 491 1746 528 tenetur,
1775 484 1860 520 ideo
1886 484 2022 520 factum
2053 492 2128 528 est,
2154 492 2194 520 ut

1199 540 1435 589 exprimatur
1469 542 1775 592 incomparabilis
1806 543 1962 579 affectus
1991 543 2193 580 charitatis.

1198 599 1349 636 Nullum
1382 601 1481 637 enim
1515 602 1653 638 animal
1685 603 1782 638 circa
1812 603 1935 652 pullos
1960 615 2049 639 suos
2090 610 2193 638 tanta

1199 659 1459 708 compassione
1484 668 1677 705 movetur,
1709 661 1804 696 sicut
1833 662 1983 710 gallina.
2013 661 2070 697 Fit
2089 661 2191 696 enim

1199 725 1279 753 toto
1300 730 1460 767 corpore
1481 718 1628 767 hispida
1642 747 1650 763 ,
1675 731 1768 754 voce
1786 732 1896 756 rauca
1912 748 1921 765 ,
1944 728 2023 756 toto
2044 719 2193 756 fervens

1198 777 1346 822 animo,
1366 785 1403 813 et
1423 777 1600 814 omnibus
1617 778 1796 815 membris
1822 779 1969 815 infirma
1984 808 1993 825 ,
2014 787 2050 816 et
2072 791 2192 828 usque

1197 835 1243 872 ad
1268 848 1485 885 supremum
1514 837 1699 874 desectum
1727 839 1962 887 perveniens.
1989 839 2023 875 Si
2044 851 2134 887 ergo
2154 839 2192 874 in

1197 903 1341 931 tanturn
1377 895 1491 944 pullis
1522 897 1597 933 suis
1631 898 1766 946 gallina
1807 899 1944 934 animal
1975 898 2192 934 irrationale

1195 955 1441 1004 compatitur3
1463 964 1606 1004 quanto
1627 965 1735 1006 putas
1761 958 1946 1007 optimum
1967 961 2094 995 Jesum
2118 958 2193 994 hu-

1196 1027 1308 1051 mano
1339 1016 1466 1064 generi
1495 1016 1606 1053 fuisse
1640 1019 1908 1066 compassum?
1936 1017 1983 1054 ad
2011 1020 2214 1066 quantam'

138 1089 216 1113 uno
231 1076 385 1114 homine
405 1089 474 1127 per
493 1077 794 1126 compassionem
815 1078 1025 1127 periculum
1046 1089 1132 1113 cor-
1148 1077 1176 1111 B
1195 1082 1303 1123 putas
1332 1087 1418 1110 eum
1450 1073 1681 1111 debilitatem
1710 1084 1747 1111 et
1776 1075 2031 1112 infirmitatem
2058 1088 2194 1125 perve-

138 1136 268 1185 porale
295 1137 476 1183 incurris;
505 1136 596 1186 quid
623 1145 733 1186 putas
765 1137 971 1173 Dominum
999 1139 1126 1173 Jesum

137 1209 209 1245 pro
225 1196 401 1234 omnibus
418 1195 634 1233 hominibus
653 1196 853 1232 tolerasse?
872 1199 1013 1233 Omnes
1029 1195 1129 1232 enim

137 1255 194 1293 sui
221 1264 348 1302 erant,
377 1264 416 1293 et
442 1268 574 1292 omnes
602 1256 810 1292 mortaliter
835 1256 976 1293 infirmi
1005 1264 1126 1293 erant.

136 1317 245 1354 Certe
260 1316 436 1353 novimus
448 1317 606 1354 Paulum
625 1317 837 1366 apostolum
851 1316 897 1353 de
912 1329 951 1353 se
965 1316 1103 1354 dixisse
1120 1331 1128 1352 :

140 1377 235 1423 Quis
255 1377 479 1424 infirmatur,
501 1386 536 1412 et
554 1391 622 1426 ego
647 1391 720 1412 non
741 1377 959 1423 infirmor¹?
979 1380 1026 1414 Et
1042 1389 1130 1413 vere

135 1448 182 1473 eo
201 1449 320 1485 usque
341 1436 624 1481 infirmabatur,
646 1446 706 1481 ut,
729 1436 921 1485 sicutipse
940 1435 986 1472 de
1007 1449 1045 1473 se
1070 1437 1126 1472 fa-

138 1502 254 1538 tetur,
289 1495 489 1544 praesentia
519 1494 602 1544 ejus
634 1503 731 1532 esset
759 1494 997 1544 despicabilis
1023 1501 1126 1541 ²;et‚

137 1554 233 1591 sicut
262 1554 334 1601 ait,
363 1556 529 1591 splundus
560 1555 654 1590 milti
679 1556 876 1602 crucg'fixus
902 1564 972 1599 est,
998 1564 1035 1591 et
1063 1569 1130 1604 ego

138 1615 275 1649 mundo
288 1613 312 1650 3.
329 1613 492 1650 Mundus
513 1614 656 1663 quippe
671 1614 702 1650 ei
727 1614 928 1650 crucifixus
948 1622 1049 1659 erat',
1066 1615 1131 1663 qui

137 1673 264 1710 omnia
283 1686 368 1723 quae
391 1673 523 1710 mundi
547 1682 672 1719 erant,
695 1682 871 1722 tanquam
893 1681 1042 1709 mortua
1068 1687 1131 1710 re-

137 1731 305 1782 putabat.
322 1735 408 1782 Ipse
423 1746 515 1770 vero
533 1732 676 1769 mundo
692 1734 803 1769 etiam
818 1734 1019 1770 crucifixus
1032 1742 1130 1779 erat3

137 1792 224 1840 quia
249 1792 371 1842 ipsum
394 1801 553 1842 propter
578 1792 729 1829 crebras
753 1793 1059 1842 compassionum
1081 1793 1132 1829 si-

1199 1134 1323 1170 nisse?
1359 1142 1501 1183 quanta
1529 1134 1650 1183 ipsum
1681 1144 1791 1184 putas
1828 1136 1944 1172 macie
1978 1135 2191 1172 confectum

1199 1193 1331 1237 fuisse,
1354 1193 1419 1243 qui
1441 1206 1511 1243 pro
1533 1193 1710 1230 omnibus
1736 1195 1976 1243 cognoscitur
2002 1193 2196 1229 doluisse?

1194 1253 1305 1290 Unde
1329 1253 1467 1290 Isaias:
1493 1256 1586 1289 Vere
1610 1257 1805 1303 languores
1825 1264 1965 1290 nostros
1990 1258 2066 1302 ipse
2093 1255 2190 1295 tulit,

1195 1322 1231 1348 et
1240 1323 1396 1362 peccata
1411 1323 1535 1349 nostra
1558 1319 1637 1361 ipse
1650 1318 1810 1362 portavit
1824 1314 1851 1350 ⁵.

1250 1371 1311 1408 22.
1334 1372 1404 1409 Sed
1421 1372 1467 1408 ad
1485 1373 1668 1422 passionis
1680 1373 1758 1422 jam
1774 1373 1962 1410 defectum
1979 1373 2190 1410 veniamus.

1195 1432 1409 1469 Passionem
1427 1441 1551 1469 autem
1570 1446 1646 1469 non
1668 1433 1774 1469 illum
1798 1433 1895 1470 diem
1916 1446 2034 1469 unum
2056 1432 2193 1481 appel—

1195 1492 1333 1537 lamus,
1351 1505 1427 1541 quo
1439 1500 1610 1529 mortuus
1628 1493 1714 1538 fuit,
1731 1492 1795 1529 sed
1813 1502 1928 1529 totam
1945 1493 2060 1529 vitam
2078 1492 2190 1528 illius.

1196 1555 1289 1588 Tota
1309 1551 1409 1587 enim
1429 1552 1505 1587 vita
1522 1551 1659 1589 Christi
1684 1565 1775 1588 crux
1798 1553 1868 1588 fuit
1890 1561 1926 1589 et
1950 1551 2189 1600 martyrium.

1195 1611 1364 1648 Breviter
1387 1624 1477 1660 ergo
1501 1611 1690 1657 dicamus,
1708 1612 1772 1648 sed
1799 1611 2016 1648 meditando
2046 1610 2194 1660 longius

1196 1670 1443 1706 immoremur
1457 1699 1466 1713 ‚
1489 1678 1639 1719 quantae
1666 1670 1777 1707 fuerit
1806 1671 1994 1720 parcitatis
2014 1671 2053 1706 in
2073 1669 2192 1706 absti-

1198 1731 1348 1776 nentia3
1375 1743 1487 1779 quam
1510 1730 1680 1780 prolixus
1700 1731 1866 1767 fueritin
1891 1731 2048 1780 vigilii53
2074 1742 2187 1779 quam

1199 1791 1375 1839 frequens
1394 1791 1432 1826 in
1467 1790 1727 1835 orationibu53
1751 1791 1788 1826 in
1812 1790 1961 1836 labore,
1989 1791 2025 1826 in
2055 1789 2193 1826 sudore

137 1851 214 1888 mul
231 1859 267 1888 et
280 1853 497 1901 passionum
515 1852 751 1888 infirmitates
772 1865 932 1901 corpore
949 1860 1129 1888 extenua·
1151 1854 1176 1890 C
1196 1850 1322 1886 vultus
1342 1850 1397 1886 sui
1418 1863 1529 1898 quam
1548 1850 1718 1886 assiduus
1731 1879 1740 1896 ,
1761 1864 1843 1887 cum
1861 1850 2077 1887 circumiret
2089 1849 2193 1885 vicos

137 1919 216 1948 tum
235 1920 273 1948 et
293 1913 585 1948 exterminatum
602 1925 688 1948 eum
707 1912 871 1948 mundus
886 1911 1132 1958 abhorrebat,

140 1970 232 2007 nihil
249 1971 286 2007 in
306 1984 351 2008 eo
367 1972 565 2008 inveniens
581 1972 685 2021 quod
706 1972 912 2021 pertineret
929 1971 974 2007 ad
997 1972 1131 2020 ipsum.

137 2030 175 2066 Si
188 2043 277 2080 ergo
294 2031 432 2068 Paulus
449 2044 533 2067 cum
551 2031 826 2067 infirmantibus
843 2029 1110 2067 infirmabatur
1123 2059 1132 2076 ,

141 2103 226 2127 cum
244 2099 341 2127 esset
359 2103 566 2127 conservus
582 2100 619 2127 et
640 2091 767 2136 frater,
783 2104 866 2127 cum
884 2091 1077 2127 conservis
1096 2099 1132 2127 et

138 2148 336 2196 fratribus3
360 2149 451 2199 quid
472 2149 657 2199 benignus
673 2155 781 2188 Jesus
803 2151 990 2187 Dominus
1013 2159 1050 2187 et
1067 2163 1134 2200 pa-

138 2216 206 2255 ter,
218 2221 289 2258 pro
306 2217 476 2246 creatura
494 2218 530 2246 et
548 2209 657 2246 filiis?
677 2209 842 2247 Ardebat
857 2211 1008 2255 Paulus,
1026 2211 1132 2259 quasi

137 2276 233 2304 esset
251 2267 357 2305 radio
380 2269 470 2306 solis
489 2282 668 2306 accensus
687 2284 694 2305 :
713 2278 893 2319 quantum
911 2270 1034 2318 ipsum
1060 2272 1131 2307 So—

136 2327 209 2364 lem
229 2337 338 2378 putas
361 2329 569 2366 exarsisse?
589 2330 626 2366 Si
647 2342 767 2378 usque
791 2329 836 2365 ad
860 2337 999 2365 tantam
1023 2330 1131 2365 infir-

137 2387 304 2424 mitatem
330 2402 398 2438 per
417 2389 591 2425 affectum
612 2389 882 2438 compassionis
913 2388 1132 2425 accenditur

136 2446 202 2497 qui
222 2447 420 2484 scintillam
448 2447 637 2484 charitatis
667 2447 820 2493 liabuit3
850 2447 941 2496 quid
969 2448 1130 2484 sentien-

137 2505 226 2542 dum
247 2514 358 2556 putas
385 2506 432 2543 de
449 2507 529 2556 ipsa
547 2507 750 2553 Charitate,
772 2507 818 2544 de
834 2507 940 2556 cujus
959 2508 1129 2557 plenitu-

138 2565 226 2603 dine
242 2579 375 2604 omnes
392 2569 644 2616 acceperunt?

190 2626 250 2662 21.
270 2629 346 2663 Nec
365 2627 492 2676 aliquo
518 2627 633 2663 modo
658 2627 907 2664 dubitandum
922 2657 931 2673 ‚
949 2628 1041 2677 quin
1062 2628 1129 2664 in-

139 2685 351 2722 firmitatem
372 2694 409 2722 et
426 2687 777 2724 exterminationem
797 2688 968 2737 corporis
988 2688 1130 2724 incom-

138 2744 344 2794 parabilem
365 2747 606 2793 sustinuerit,
633 2747 698 2796 qui
722 2748 831 2784 etiam
864 2756 1019 2784 venerat
1044 2761 1129 2784 cru-

138 2817 217 2840 cem
240 2805 442 2849 sustinere,
456 2813 493 2841 et
510 2819 588 2855 prae
604 2807 746 2843 caeteris
763 2815 867 2842 tanto
885 2807 1000 2856 magis
1019 2807 1130 2843 suerit

138 2864 331 2900 consectus
344 2892 353 2909 ,
373 2872 516 2914 quanto
533 2864 653 2914 major
673 2866 710 2901 in
737 2878 783 2902 eo
805 2866 873 2902 suit
899 2866 1131 2915 compassio-

139 2922 198 2958 nis
223 2922 399 2969 affectus,
429 2923 494 2972 qui
523 2937 600 2960 non
631 2925 752 2960 solum
781 2925 897 2971 facta,
928 2925 990 2961 sed
1020 2926 1131 2962 etiam

139 2981 382 3030 cogitationes
402 2982 574 3032 inspexit.
595 2984 827 3033 Suffragatur
846 2984 903 3020 his
924 2984 1132 3021 rationibus

140 3041 323 3078 sententia
336 3041 451 3091 ipsius
467 3043 617 3079 Domini
638 3044 688 3080 sic
708 3043 865 3080 dicentis
884 3059 890 3080 :
909 3046 1129 3088 Jerusalem,

139 3102 340 3136 serm-alem
355 3128 366 3145 ‚
389 3105 528 3149 quoties
555 3104 656 3137 valui
676 3117 899 3152 congregare
907 3104 1014 3149 filios
1034 3113 1129 3147 mos,

138 3161 449 3206 quemadmodum
479 3163 626 3209 gallina
665 3173 862 3211 congregat
886 3165 1012 3210 pallos
1049 3175 1131 3197 suos

193 3298 198 3310 ¹
226 3294 250 3321 ll
273 3294 344 3321 (lor.
366 3303 417 3322 xi.
438 3296 488 3322 29.
567 3298 576 3311 ²
603 3293 645 3323 111,
664 3305 679 3322 ἐ
697 3317 703 3327 ,
732 3299 768 3323 w

135 3348 171 3374 ¹2.
247 3351 255 3357 '
278 3347 371 3374 Maur.
392 3356 459 3379 xiv,
481 3348 542 3381 1153,
567 3349 620 3375 3¹⁸.
703 3346 715 3364 Ν
737 3349 803 3375 Ι,111’.
828 3357 917 3382 xxti,
951 3349 1008 3377 m,
1039 3350 1070 3375 ’11

864 3293 1154 3324 *1ὶ.11111.11,11.>

1199 1918 1236 1946 et
1253 1910 1400 1946 castella
1418 1938 1427 1954 ,
1450 1910 1710 1959 evangelizans
1730 1918 1766 1946 et
1787 1924 1923 1947 curans
1943 1910 2132 1959 undique;
2157 1917 2194 1944 et

1199 1983 1310 2019 quam
1332 1968 1465 2005 crebro
1484 1969 1617 2005 famem
1642 1970 1797 2019 pertulit
1825 1979 1861 2007 et
1884 1971 1981 2007 sitim
2002 1970 2064 2006 ille
2083 1968 2194 2006 Panis

1199 2030 1331 2075 vivus,
1354 2030 1415 2066 ille
1443 2033 1542 2067 Fons
1567 2043 1673 2079 aquae
1702 2031 1868 2067 salientis
1890 2032 1927 2067 in
1949 2031 2061 2066 vitam
2083 2038 2193 2066 aeter-

1199 2103 1298 2126 nam.
1335 2089 1537 2127 Videamus
1575 2090 1676 2127 aliud
1712 2090 1900 2139 jejunium
1945 2089 2193 2139 quadraginta

1199 2149 1344 2186 dierum
1362 2157 1398 2185 et
1415 2149 1661 2199 quadraginta
1683 2150 1871 2196 noctium,
1893 2158 1978 2200 post
1998 2162 2093 2198 quos
2113 2161 2195 2184 esu-

1199 2209 1281 2254 riit;
1302 2208 1428 2258 etjam
1454 2222 1475 2245 a
1503 2210 1652 2246 deserto
1669 2210 1715 2246 ad
1736 2210 1908 2246 homines
1931 2209 2103 2246 redeunti
2127 2220 2195 2243 oc-

1198 2281 1393 2305 curramus
1407 2298 1416 2314 ,
1437 2278 1474 2305 et
1489 2270 1634 2306 vultum
1657 2270 1762 2305 illum
1778 2269 1977 2305 amabilem
2005 2268 2118 2304 tantis
2132 2267 2194 2316 je-

1194 2327 1313 2377 juniis
1329 2327 1612 2365 consideremus
1632 2328 1826 2365 afflictum.
1846 2332 1892 2365 Et
1912 2328 2052 2378 optime
2069 2327 2196 2376 posuit

1197 2387 1434 2437 Evangelista
1461 2396 1546 2437 post
1563 2387 1753 2436 jejunium
1771 2417 1780 2433 ‚
1814 2386 2010 2431 Esm·1'ic⁶;
2040 2395 2080 2423 ut
2100 2386 2193 2423 scias

1196 2451 1323 2484 Jesum
1338 2476 1347 2493 ,
1367 2460 1442 2483 non
1461 2447 1498 2483 in
1521 2447 1659 2484 virtute
1676 2447 1883 2484 divinitatis
1897 2477 1906 2493 ,
1928 2446 1993 2484 sed
2014 2445 2191 2482 humani-

1199 2507 1282 2543 tatis
1304 2519 1379 2542 suae
1393 2514 1525 2542 natura
1542 2506 1746 2555 jejunasse.
1764 2507 1862 2555 Quid
1877 2507 1977 2544 enim
1999 2518 2190 2555 inagnum,

1198 2567 1228 2603 si
1249 2566 1285 2602 in
1312 2566 1517 2602 divinitatis
1541 2566 1761 2603 fortitudine
1792 2567 2040 2616 quadraginta
2060 2564 2194 2600 diebus

1146 2631 1177 2665 D
1194 2625 1423 2674 jejunasset,
1447 2625 1483 2661 in
1507 2638 1580 2673 qua
1599 2638 1791 2674 nunquam
1812 2626 1965 2662 esuriit?

1250 2686 1311 2721 23.
1335 2684 1406 2721 Sed
1421 2684 1498 2732 jain
1515 2684 1560 2720 ad
1577 2684 1681 2720 11111111
1700 2685 1840 2721 ultimae
1859 2685 1930 2720 (liei
1950 2696 2108 2734 agonem
2127 2696 2192 2718 ve-

1197 2744 1364 2789 mamus,
1383 2752 1418 2780 ct
1438 2756 1567 2779 causas
1596 2743 1793 2779 deformati
1816 2744 1986 2793 corporis
2015 2741 2190 2792 nequibi-

1198 2818 1280 2841 mus
1300 2804 1486 2853 ignorawe.
1507 2803 1662 2852 Incipiat
1684 2816 1773 2853 crgo
1794 2803 2046 2840 consideratio
2064 2811 2192 2839 nostra

1199 2865 1236 2901 in
1257 2863 1389 2900 eodeni
1413 2863 1518 2908 loco,
1542 2862 1632 2906 ubi,
1660 2863 1742 2912 ipso
1761 2872 1852 2899 teste
1870 2893 1878 2908 ‚
1901 2877 1985 2899 cum
2007 2863 2192 2913 inciperet

1199 2936 1335 2973 pavere
1351 2931 1386 2958 et
1403 2921 1560 2966 nederc,
1586 2922 1700 2958 tristis
1728 2923 1795 2958 suit
1824 2923 1946 2959 anima
1968 2922 2049 2971 ejus
2075 2934 2193 2971 usque

1199 2983 1243 3019 ad
1267 2991 1425 3018 mortem
1443 2988 1467 3016 ἲ.
1492 2981 1615 3017 Sudor
1636 2983 1864 3030 sanguineus
1884 2983 2026 3019 orantis
2046 2991 2081 3018 ct
2103 2995 2194 3030 ago—

1200 3041 1354 3078 nizantis
1384 3040 1551 3076 membra
1571 3041 1722 3090 copiose
1749 3042 1935 3090 perfudit,
1970 3043 2018 3078 ita
2047 3050 2083 3077 ut
2113 3041 2190 3090 jaun

1200 3115 1271 3138 non
1294 3100 1414 3136 solutu
1447 3099 1666 3142 distillaret,
1685 3101 1749 3137 scd
1777 3102 1949 3150 guttatim
1976 3101 2192 3137 tlt-curreret

1200 3162 1234 3196 111
1258 3169 1392 3195 terrani
1410 3158 1436 3194 ⁸.
1470 3160 1719 3196 l'roccdamus
1740 3174 1860 3202 nunc,
1884 3170 1918 3197 et
1948 3162 2046 3197 illius
2075 3162 2194 3196 noctis

1985 3300 1988 3309 ¹
2022 3293 2118 3322 izuh
2150 3304 2190 3320 11.

1212 3293 1345 3323 18131111.
1368 3296 1535 3324 xx121..'.,'
1646 3305 1649 3308 ·
1679 3298 1733 3324 Ι-ςιι
1774 3306 1855 3325 1111,
1887 3308 1908 3324 ι,
