2418 3949
202 277 293 313 1161

196 352 276 388 avis
306 351 509 387 castissima
546 358 627 395 est,
663 350 827 399 solivaga
856 358 892 386 ct
928 351 1184 401 gemebunda,

972 277 1035 310 DE
1064 276 1178 311 JESU
1208 275 1477 311 DIJODENNI.

1195 350 1244 367 580*

2143 277 2238 312 lits.)

1254 364 1329 387 rem
1351 360 1542 400 aspectum
1561 352 1607 388 ab
1627 352 1803 388 omnibus
1831 351 2088 402 spiritualibus
2107 354 2236 389 exclu-

198 410 357 448 latebras
387 411 545 459 quaeris,
575 418 613 446 et
640 410 726 446 licet
752 410 850 446 inter
874 411 1012 448 multos
1043 411 1183 447 consti·
1203 410 1231 442 A
1252 410 1361 455 sisse,
1385 411 1505 447 donec
1521 411 1673 460 spiritus
1688 411 1838 460 grandis
1865 412 2120 460 pertransiens
2147 410 2238 448 sub—

198 478 318 516 tutus,
349 469 590 507 solitudinem
611 468 679 505 tibi
711 468 872 505 aedilicas
898 469 1180 518 quotidianam:

196 530 391 578 quomodo
415 529 550 578 gemis,
584 528 777 578 quomodo
806 537 959 574 aestuas,
993 529 1186 578 quomodo

195 588 333 636 quaeris
357 601 469 638 quem
494 588 612 637 diligit
639 588 763 624 anima
787 595 866 632 tua,
897 596 933 624 et
953 588 1090 624 amoris
1109 588 1185 623 vim

195 647 340 696 patiens
351 646 427 695 jam
442 655 551 697 optas
570 646 698 682 videre
714 659 827 695 quem
845 658 947 682 amas
965 661 973 682 z
990 646 1184 695 quomodo

196 718 297 742 nunc
322 705 526 750 blandiris,
555 718 656 742 nunc
680 704 726 741 ad
746 703 900 752 majoris
920 704 1096 740 desiderii
1124 705 1185 740 in-

194 765 383 801 centivum
415 765 578 801 suaviter
600 763 817 812 indignaris.
846 767 954 800 Nunc
981 775 1106 800 moras
1123 776 1186 800 ac-

195 836 324 869 cusas,
347 836 449 859 nunc
468 830 503 858 te
523 822 686 859 causaris
715 830 974 871 contemptum
997 837 1004 858 :
1027 835 1127 858 nunc
1151 830 1186 858 te

194 882 408 919 visitatione
431 881 626 925 ,confiteris
654 881 872 930 indignum3
903 889 941 917 et
967 881 1103 917 iterum
1139 881 1184 916 de

194 940 276 990 ejus
308 942 417 978 toties
445 950 601 991 experta
635 940 803 977 bonitate
833 941 1040 990 praesumis.
1078 943 1185 976 Nunc

193 1001 299 1048 quasi
318 1000 477 1036 ulterius
496 1013 574 1036 non
593 1000 782 1036 sustinens
794 1028 803 1045 ,
822 1000 1005 1050 spirituali
1020 998 1184 1048 quodam

193 1059 334 1108 litigio,
368 1059 427 1095 vel
473 1059 674 1095 luctamine
708 1060 883 1095 evincere
930 1058 1182 1095 retardantem

1252 476 1374 504 vertat
1386 477 1544 514 monteS‚
1557 478 1593 506 et
1604 478 1774 506 conterat
1785 478 1910 519 petras
1923 478 2009 506 ante
2022 470 2237 507 Dominum.

1252 530 1371 574 Quem
1409 528 1585 564 nimirum
1615 529 1785 578 spiritum
1820 529 1989 578 sequitur
2016 530 2239 574 commotio,

1251 586 1404 635 quando
1420 600 1523 623 mens
1537 588 1696 635 quadam
1715 588 2008 637 compunctione
2024 589 2237 634 resolvitur,

1251 654 1287 682 et
1306 646 1584 695 profluentibus
1601 647 1774 695 lacrymis
1799 648 1982 696 quidquid
2006 648 2042 684 in
2063 660 2101 684 se
2121 647 2240 684 sordi-

1251 703 1354 747 dum,
1378 705 1512 750 sentit,
1542 705 1739 742 adversum
1778 719 1816 742 se
1849 715 2036 742 commota
2070 707 2240 743 interiori

1251 762 1479 798 contritione
1501 763 1671 812 detergit.
1691 763 1803 801 Unde
1825 772 1907 800 orta
1926 777 1992 813 spe
2012 765 2097 813 igne
2112 766 2242 801 ineffa-

1250 820 1335 857 bilis
1355 821 1530 858 desiderii
1547 822 1772 867 exardescit,
1790 831 1827 859 et
1840 823 2032 872 spirituale
2048 824 2239 872 quoddam

1249 889 1438 917 certamen
1473 882 1543 918 init
1576 895 1661 918 cum
1693 886 1793 928 Deo,
1828 882 1948 918 donec
1980 884 2111 920 sibilus
2142 897 2242 919 aura:

1251 939 1371 976 tenuis
1388 940 1542 989 illapsus
1565 941 1784 989 praecordiis
1808 941 1881 977 leni
1919 950 2017 977 tactu
2056 943 2241 992 perstrin-

1250 999 1301 1047 git
1319 999 1514 1043 aflectum,
1537 1000 1756 1048 cunctisque
1774 1000 2081 1048 cogitationibus,
2099 1003 2243 1038 cunt-tis

1250 1058 1414 1094 motibus
1427 1087 1437 1103 ,
1458 1059 1602 1094 cunctis
1618 1058 1928 1104 distensionibus,
1955 1061 2100 1096 cunctis
2120 1061 2243 1097 verbis

193 1119 353 1155 conaris.
377 1121 468 1165 Quae
486 1126 573 1154 tunc
594 1118 793 1166 lacrymae?
815 1118 880 1166 qui
900 1118 1086 1166 gemitus?
1103 1129 1186 1165 quae
1202 1120 1230 1153 B
1250 1118 1451 1166 imponens
1470 1117 1676 1161 silentium,
1698 1130 1816 1165 usque
1845 1118 1892 1152 ad
1912 1118 2008 1166 ipsas
2028 1128 2154 1168 portas
2181 1125 2241 1156 Jc*

193 1177 384 1226 suspiria?
411 1190 495 1226 quae
515 1177 651 1212 voces?
668 1179 777 1212 Nune
799 1177 899 1212 oculi
920 1176 1011 1212 fletu
1034 1188 1183 1225 graveS,

192 1249 278 1273 cum
297 1236 440 1272 intimis
459 1234 683 1284 singultibus
708 1235 903 1284 eriguntur
931 1235 977 1271 ad
1009 1235 1145 1271 coelum
1176 1250 1183 1271 :

192 1308 295 1332 nunc
327 1308 460 1332 manus
496 1294 766 1344 expanduntur
801 1303 838 1331 et
870 1293 1023 1330 brachia
1052 1308 1059 1329 :
1086 1307 1187 1331 nunc

192 1354 356 1404 pectoris
395 1354 570 1390 tunsione
611 1353 743 1390 animae
780 1353 934 1389 tarditas
976 1361 1184 1390 accusatur.

192 1414 440 1451 Proferuntur
460 1413 610 1449 interim
638 1412 754 1449 verba
773 1412 853 1449 sine
873 1412 1082 1462 principio,
1107 1413 1187 1449 sine

194 1473 288 1518 line,
307 1485 472 1521 quorum
491 1484 561 1508 nec
579 1472 773 1508 sententiae
792 1471 982 1507 cohaercnt
1001 1470 1090 1517 sibi,
1118 1484 1187 1507 nec

194 1532 358 1569 rationes
375 1532 515 1568 similes
535 1539 645 1577 sunt;
677 1544 745 1567 nec
761 1530 921 1579 alicujus
943 1530 1080 1579 linguae
1102 1543 1187 1566 sen—

194 1603 257 1628 sus
267 1619 277 1637 ,
291 1591 350 1627 vel
369 1590 510 1627 idioma
527 1598 712 1635 servatur,
727 1589 879 1638 quando
893 1602 968 1625 vox
984 1589 1187 1638 aliquando

194 1649 397 1700 respondet
431 1650 600 1696 affectui,
629 1657 666 1685 et
700 1649 837 1685 iterum
867 1662 998 1685 vocem
1029 1649 1186 1685 affectus

194 1709 398 1759 intercipit.
422 1709 571 1747 Gaudet
587 1716 688 1745 certe
708 1708 792 1758 pius
812 1708 874 1744 ille
891 1711 999 1744 Jesus
1020 1708 1083 1744 tali
1108 1721 1187 1744 cer-

193 1769 332 1805 tamine
360 1768 553 1817 superari,
579 1775 617 1804 et
643 1767 725 1803 talis
752 1766 885 1802 animae
917 1766 978 1802 tali
1009 1766 1185 1802 instantia

191 1828 395 1864 delectatus
407 1855 416 1873 ,
439 1827 485 1864 ad
499 1827 784 1863 circumstantes
797 1826 962 1876 Angelos
975 1826 1157 1876 gloriatur
1175 1841 1182 1862 :

197 1890 278 1923 Vox·
295 1891 448 1924 turturis
468 1889 602 1923 audita
621 1896 675 1922 est
693 1891 730 1922 in
747 1895 847 1921 terra
864 1894 1002 1921 nostra.
1019 1889 1062 1922 In
1087 1894 1186 1922 terra
1204 1889 1230 1924 C

190 1947 291 1983 enim
316 1946 524 1983 viventium
554 1946 637 1982 talis
655 1958 731 1982 vox
751 1945 884 1981 animae
905 1944 1096 1980 aestuantis
1117 1957 1186 1979 au-

192 2007 309 2051 ditur,
338 2014 376 2042 et
405 2006 498 2042 tanti
527 2004 704 2042 desiderii
724 2004 820 2041 odor
840 2003 1083 2040 suavissimus
1099 2003 1183 2039 uni·

192 2078 337 2103 versam
364 2064 553 2101 demulcet
573 2064 760 2100 civitatem
782 2063 865 2099 Dei.
891 2062 950 2099 Sic
967 2061 1034 2098 tibi
1056 2062 1094 2098 in
1116 2074 1184 2098 an-

191 2124 280 2172 gulo
311 2123 473 2160 domatis
510 2123 616 2172 quasi
644 2122 733 2159 Eliae
762 2123 799 2158 in
829 2122 1030 2171 spelunca,
1062 2122 1185 2171 primo

191 2188 323 2220 transit
341 2188 491 2231 spiritus
509 2184 666 2229 grandis
683 2182 836 2229 etsorlc's
856 2182 1064 2217 subvertens
1081 2195 1186 2216 mon-

192 2254 262 2287 tes,
284 2252 320 2279 et
339 2252 528 2278 conterens
538 2251 668 2289 petras
687 2255 697 2275 .·
717 2241 781 2277 sed
800 2254 873 2276 non
900 2245 936 2275 in
954 2245 1088 2288 spiritu
1106 2243 1184 2275 Do-

192 2306 323 2338 minm.
355 2304 406 2337 Et
415 2310 500 2349 post
530 2305 701 2348 spiritum
722 2304 914 2335 commotio
930 2314 944 2343 ,·
967 2299 1031 2335 sed
1052 2313 1126 2334 non
1145 2303 1183 2333 in

191 2365 432 2396 commotione
462 2363 651 2395 Dominus.
683 2361 735 2394 Et
773 2368 860 2406 post
901 2363 1181 2394 commotionem

192 2423 288 2468 ignis
302 2433 315 2463 ;
335 2418 400 2455 scd
430 2431 503 2453 non
524 2422 562 2453 in
581 2421 665 2465 igne
685 2419 876 2453 Dominus.
900 2419 948 2452 Et
961 2427 1048 2465 post
1062 2422 1184 2465 ignem

194 2477 321 2514 sibilus
341 2491 449 2514 auroe
465 2481 608 2521 tenui«,
632 2485 669 2512 et
690 2475 741 2512 ibi
769 2476 956 2513 Dominus
970 2482 994 2512 ².
1024 2476 1069 2512 Hi
1098 2484 1185 2512 sunt

190 2536 342 2585 quidem
359 2535 514 2585 gradus,
529 2548 598 2584 per
614 2548 710 2584 quos
722 2535 759 2571 in
775 2535 946 2571 oratione
962 2547 1068 2571 mens
1083 2548 1185 2571 com—

192 2602 329 2643 puncta
352 2593 592 2637 conscendit,
611 2593 717 2642 quasi
740 2593 886 2642 virgula
914 2593 1005 2629 fumi
1032 2606 1076 2629 ex
1099 2606 1186 2628 aro-

1251 1178 1411 1214 rusalem
1429 1177 1590 1213 coelestis
1609 1176 1776 1212 animum
1797 1176 1968 1212 sublevat
1984 1180 2221 1227 contemplari

1253 1245 1341 1272 tem.
1359 1239 1464 1272 Tunc
1478 1236 1539 1272 ille
1557 1236 1620 1272 diu
1637 1236 1816 1284 quaesitus
1830 1264 1838 1280 ,
1860 1236 1970 1272 toties
1985 1246 2134 1285 rogatus
2146 1267 2154 1283 ‚
2170 1247 2242 1273 tam

1252 1296 1430 1333 ardenter
1460 1295 1712 1340 desideratus,
1735 1295 1928 1344 speciosus
1948 1296 2067 1331 forma
2095 1310 2173 1346 prce
2199 1298 2241 1332 fi„

1253 1355 1310 1391 liis
1328 1355 1547 1399 hominum,
1575 1354 1680 1402 quasi
1709 1367 1778 1403 per
1805 1354 1990 1390 cancellos
2010 1356 2245 1404 prospiciens

1252 1415 1385 1451 invitat
1397 1414 1443 1450 ad
1457 1414 1598 1459 oscula,
1612 1416 1741 1462 Surge,
1754 1414 1942 1462 inquiens,
1955 1428 2132 1463 propera,
2145 1422 2223 1451 mni
2234 1440 2243 1442 ἡ

1253 1487 1316 1518 ca,
1336 1482 1372 1509 et
1388 1477 1474 1509 veni
1488 1479 1514 1509 ².
1535 1476 1638 1509 Tunc
1656 1473 1869 1522 ingrediens
1884 1474 2089 1510 Jerusalem
2113 1476 2241 1510 transit

1251 1533 1287 1568 in
1308 1532 1432 1568 locum
1461 1531 1691 1568 tabernaculi
1711 1531 1940 1568 admirabilis
1961 1546 2079 1582 usque
2107 1534 2151 1569 ad
2172 1534 2241 1569 do-

1253 1604 1356 1627 mum
1374 1591 1456 1637 Dei,
1475 1591 1511 1627 in
1530 1604 1624 1627 voce
1644 1591 1907 1627 exsultationis
1926 1599 1963 1627 et
1982 1592 2238 1628 consessionis.

1252 1655 1356 1687 Tunc
1370 1651 1583 1700 amplexuS,
1597 1659 1686 1686 tunc
1701 1651 1850 1695 oscula3
1870 1658 1959 1686 tunc
1973 1652 2089 1697 canit,
2116 1656 2245 1687 Inveni

1252 1724 1359 1758 quem
1380 1713 1504 1759 diligit
1521 1714 1651 1745 anima
1669 1723 1773 1753 mea;
1791 1714 1893 1745 tenui
1906 1712 2009 1746 illam
2031 1725 2097 1746 nec
2118 1714 2237 1747 diruis

1251 1769 1365 1805 tam3.
1384 1773 1489 1805 Tunc
1508 1769 1545 1804 in
1560 1769 1765 1805 Jerusalem
1781 1769 1902 1805 affluit
1919 1769 2080 1815 deliciis,
2099 1779 2136 1807 et
2153 1771 2242 1807 srui—

1252 1827 1437 1865 turbonis
1447 1857 1456 1874 ‚
1468 1837 1505 1864 et
1519 1827 1618 1864 diem
1635 1828 1768 1864 festum
1783 1842 1865 1864 rum
1881 1829 2131 1866 exsultatione
2144 1832 2242 1867 colit.

1307 1888 1369 1924 23.
1401 1887 1723 1936 Obseeroitaque,
1740 1888 1789 1923 lili
1805 1888 2036 1934 charissime,
2055 1898 2243 1925 memento

1252 1946 1324 1982 mei
1345 1959 1430 1983 cum
1458 1945 1555 1982 bene
1588 1945 1654 1982 tibi
1677 1946 1806 1992 fuerit,
1838 1955 1886 1986 ut,
1909 1960 2084 1997 suggeras
2105 1949 2244 1984 dilecto

1252 2013 1338 2051 tuo,
1359 2006 1450 2053 Regi
1469 2013 1556 2048 tuo,
1578 2005 1642 2053 qui
1662 2014 1717 2041 cst
1735 2006 1772 2041 in
1795 2015 1944 2052 sancto,
1966 2015 2005 2043 ut
2029 2007 2163 2043 educat
2186 2020 2243 2042 mc

1251 2064 1298 2100 de
1315 2065 1386 2101 isto
1403 2078 1552 2101 carcere
1565 2093 1574 2110 ‚
1589 2065 1635 2100 de
1652 2065 1708 2101 his
1726 2065 1889 2102 tenebris
1902 2094 1911 2110 ‚
1930 2066 1976 2102 dc
1996 2067 2054 2103 his
2070 2067 2241 2109 vinculis,

1251 2132 1294 2160 ut
1314 2124 1463 2160 tandem
1480 2124 1694 2178 aliquando·
1705 2125 1882 2174 respirem
1905 2126 1941 2162 in
1960 2127 2098 2175 prioris
2118 2127 2242 2175 gaudii

1251 2183 1474 2219 libertatem.
1495 2184 1658 2219 Sentiam
1685 2192 1722 2219 et
1752 2197 1822 2234 ego
1850 2198 1961 2233 quam
1991 2198 2123 2233 magna
2147 2186 2242 2221 mul-

1252 2241 1372 2278 titudo
1396 2241 1604 2278 dulcedinis
1629 2242 1729 2279 illius
1750 2256 1861 2291 quam
1882 2243 2079 2279 abscondit
2105 2244 2217 2280 timcn
2234 2267 2241 2269 Δ

1251 2300 1349 2337 tibus
1377 2314 1428 2337 se.
1462 2300 1533 2337 Sed
1565 2301 1637 2337 heu
1650 2330 1658 2346 ‚
1696 2302 1767 2338 heu
1782 2330 1791 2345 ,
1814 2315 1898 2338 rara
1928 2304 2037 2348 liora,
2058 2312 2095 2339 et
2127 2316 2241 2352 parva

1250 2362 1374 2395 moral
1393 2359 1479 2395 felix
1501 2359 1565 2407 qui
1587 2359 1713 2395 triduo
1730 2360 1767 2396 in
1788 2360 1844 2396 his
1860 2361 1999 2409 poterit
2017 2363 2242 2397 commorari

1251 2418 1405 2454 deliciis.
1428 2421 1470 2454 In
1488 2417 1544 2453 his
1566 2417 1684 2454 tribus
1705 2417 1839 2454 diebus
1859 2419 2046 2468 triplicem
2071 2429 2238 2456 contem—

1250 2477 1428 2526 plationis
1454 2477 1575 2513 lucem
1609 2490 1684 2513 non
1716 2478 2030 2514 inconvenienter
2054 2479 2244 2529 intelligo,

1250 2536 1428 2585 quoniam
1447 2535 1631 2585 quidquid
1653 2536 1699 2572 de
1716 2540 1798 2573 Deo
1814 2537 1952 2586 poterit
1976 2551 2081 2574 mens
2099 2539 2239 2574 illumi-

1251 2605 1336 2632 nata
1366 2596 1526 2640 sentire,
1555 2603 1619 2631 aut
1647 2596 1692 2631 ad
1725 2597 1932 2644 potentiam
1968 2596 2066 2645 ejus,
2101 2606 2163 2633 aut
2197 2598 2242 2634 ad

193 2653 354 2689 matibus
374 2652 538 2701 myrrhae
564 2660 601 2688 et
622 2652 762 2697 thuris,
785 2660 821 2688 et
850 2652 1015 2688 universi
1039 2652 1186 2700 generis
1204 2657 1235 2690 D
1254 2654 1474 2702 sapientiam
1490 2682 1499 2698 ,
1527 2662 1591 2689 aut
1616 2653 1662 2689 ad
1688 2653 1892 2690 bonitatem
1917 2655 2103 2691 credimus
2130 2658 2241 2705 perti-

194 2713 360 2762 pulveris
378 2712 629 2761 pigmentarii.

247 2771 308 2808 22.
339 2771 410 2808 Sed
432 2771 510 2807 liaec
531 2769 596 2806 tibi
611 2769 682 2818 ipsi
699 2781 776 2805 non
799 2777 871 2805 tam
900 2768 1180 2817 investiganda,

194 2843 307 2879 quam
338 2831 375 2866 in
414 2831 494 2879 ipsa
533 2838 594 2865 tua
635 2829 808 2865 oratione
848 2827 1183 2864 animadvertenda

194 2890 400 2925 committo.
431 2889 639 2938 Diligenter
671 2900 760 2936 ergo
789 2887 960 2923 attendas
987 2900 1071 2923 cum
1112 2900 1184 2936 qua

196 2949 358 2998 primum
379 2948 598 2984 difficultate
615 2959 887 2995 nonnunquam
902 2945 1108 2993 ingrederis
1121 2959 1186 2982 cu-

196 3007 360 3044 biculum
376 3007 538 3056 pectoris
554 3006 620 3050 tui,
633 3014 673 3042 ut
688 3006 857 3041 invenias
873 3004 938 3041 tibi
951 3005 1183 3054 speluncam,

196 3068 231 3103 in
251 3079 325 3115 qua
343 3065 625 3117 quodammodo
641 3065 831 3115 sepeliaris
848 3064 885 3100 in
905 3064 1082 3100 omnibus
1101 3077 1184 3112 quae

197 3126 324 3162 mundi
336 3134 442 3170 sunt;
457 3134 493 3161 et
510 3137 594 3161 ores
611 3129 755 3162 Patrem
775 3133 879 3160 tuum
898 3124 935 3160 in
949 3123 1182 3160 abscondito.

198 3184 352 3220 Videtur
363 3184 567 3233 aliquando
581 3185 693 3220 corin
709 3184 861 3220 modum
879 3183 991 3219 silicis
1003 3183 1184 3218 duruisse.

198 3243 351 3280 videtur
371 3244 476 3292 quasi
500 3256 606 3280 mons
626 3244 760 3292 aliquis
787 3242 1009 3291 interjacens
1029 3242 1186 3277 interio-

250 3378 253 3387 ¹
282 3372 322 3398 ΙΙΙ
347 3373 516 3409 l'u·g.x1x,
543 3374 637 3400 ll·l.l
728 3374 937 3400 ’tanti-21¹.
969 3374 1015 3399 ll

1250 2724 1350 2747 nere.
1370 2712 1544 2748 Cernitur
1565 2713 1690 2760 itaque
1713 2713 1898 2749 Dominus
1914 2716 2022 2750 Jcsus
2041 2714 2245 2762 aliquando

1251 2770 1356 2806 l'ortis
1376 2778 1412 2806 et
1448 2779 1582 2819 potens
1613 2771 1648 2806 in
1672 2772 1822 2820 pra¹lio,
1853 2781 1893 2807 ut
1926 2773 2018 2809 scias
2051 2782 2103 2818 te,
2134 2775 2161 2809 si
2185 2775 2243 2809 di-

1252 2829 1386 2865 lexeris
1400 2842 1484 2864 eum
1497 2857 1506 2873 ,
1523 2838 1654 2865 contra
1671 2829 1853 2865 muudum
1866 2860 1875 2871 ,
1892 2840 2023 2867 contra
2038 2832 2242 2871 diabolum.

1251 2895 1382 2923 contra
1403 2899 1553 2922 omnem
1575 2887 1827 2936 principatum
1846 2897 1880 2924 ct
1904 2898 2125 2939 potestatem
2139 2921 2146 2934 ‚
2165 2891 2244 2939 rjus

1253 2945 1405 2981 dextera
1418 2945 1693 2995 protegendum
1706 2962 1714 2991 ;
1727 2947 1787 2982 cui
1802 2948 1972 2983 resistcre
1985 2961 2095 2984 nemo
2110 2958 2244 2998 potest.

1252 3003 1322 3040 sub
1351 3017 1428 3052 quo
1452 3013 1657 3040 curvantur
1673 3006 1737 3053 qui
1768 3015 1920 3054 portant
1945 3006 2075 3043 orbem

1253 3064 1415 3099 tenuerit
1434 3076 1566 3112 aquas,
1595 3065 1722 3101 omnia
1743 3065 2005 3109 sit-ralnuuur3
2031 3067 2058 3102 si
2082 3068 2245 3103 omiserit

1252 3136 1330 3166 eas,
1351 3122 1566 3159 subvertent
1587 3132 1735 3160 tvi-ram.

2103 3023 2109 3043 ς
2133 3010 2194 3056 qui
2215 3010 2242 3044 si

1307 3183 1367 3218 24.
1399 3183 1432 3217 Si
1455 3183 1566 3230 igitur
1583 3184 1736 3231 spiritus
1767 3192 1986 3232 potestatem
2017 3185 2156 3219 tntu-us
2184 3199 2220 3219 aa

1257 3242 1420 3278 crnderit
1445 3256 1556 3292 super
1585 3252 1639 3287 tr,
1663 3244 1690 3279 si
1720 3244 1891 3280 stimulus
1917 3245 2052 3279 acedia·
2080 3246 2221 3291 magii..

1103 3368 1158 3399 ἱ1σΙ
1198 3381 1255 3402 ιιι,
1282 3382 1302 3398 μ
