2418 3949
50 166 121 200 185

728 167 774 199 ΙΝ
805 164 1031 206 CANTICA,
1060 164 1222 199 SERMO
1250 166 1406 200 XXVII.

47 241 124 276 scio
143 240 172 276 si
191 240 293 289 quod
315 248 459 276 scutum
488 240 534 276 ad
556 241 830 289 protegendum
851 240 1036 277 efficacius
1057 238 1069 255 ὃ

2023 172 2093 206 186

1075 238 1283 276 υ(Ὸηνθιῒί.
1315 241 1463 290 Ubique
1492 243 1590 278 illam
1618 252 1726 292 urget
1754 245 1913 282 charitas
1936 247 2097 292 Christi,

47 299 110 344 sit,
129 312 241 348 quam
269 299 351 335 talis
374 299 571 348 amplexus
591 299 728 336 dilecti.
751 303 886 349 Igneus
903 308 976 346 est,
999 307 1035 335 et
1051 301 1082 334 A
1102 311 1249 335 sursum
1271 300 1318 335 ad
1342 300 1447 336 illum
1476 302 1625 350 rapiens
1641 331 1650 347 ,
1673 303 1849 340 deorsum
1871 313 2028 354 propter
2051 307 2098 341 il·-

45 358 131 394 ideo
155 359 280 395 omnia
302 359 374 395 tela
391 358 606 407 nequissimi
628 359 736 407 ignea
757 359 975 409 exstinguit,
998 366 1035 394 et

46 418 142 466 ignis
170 418 292 466 ignem
313 417 510 453 consumit.
535 418 571 455 Si
600 418 686 454 fidei
713 427 860 454 scutum
882 418 944 454 illa
967 431 1035 453 ex-

47 476 215 525 stinguit,
227 476 421 525 quomodo
437 489 514 512 non
531 476 932 525 magisveritatisbono
944 489 1037 525 pro-

49 535 184 584 tegitur
206 537 341 585 clypeo
354 565 362 580 ,
381 536 445 584 qui
462 535 706 572 absconditur
729 535 765 571 in
785 536 910 572 calore
928 534 1036 583 ejus?

48 598 112 631 Est
145 595 243 631 enim
279 595 447 630 veritatis
480 595 622 631 fervida
652 594 867 639 meditatio,
901 606 1037 643 sugge-

47 653 185 690 stiones
219 653 359 689 inimici
393 653 489 689 male
524 653 659 701 ignitas
688 661 773 690 ante
808 652 1035 701 exstinguit,

46 725 158 760 quam
182 711 228 748 ad
249 720 411 748 mentem
432 712 662 761 pertingant.
679 716 784 749 Inter
807 712 935 762 sponsi
955 725 1037 747 am-

47 771 180 820 plexus
199 779 236 807 et
255 770 444 807 charitatis
466 772 636 820 negotia,
658 784 735 807 non
762 781 870 808 vacat
890 785 1037 821 sponsae

47 829 244 879 peregrina
273 830 344 866 tela
375 830 576 880 suscipere.
600 834 700 867 Bene
729 831 810 867 talis
841 832 998 881 clypeus
1017 845 1037 868 a

47 890 145 926 collo
169 902 316 939 sponsae
342 889 550 939 dependet,
576 902 621 926 eo
646 890 747 938 quod
774 899 848 926 tam
869 891 1038 928 succensi

46 949 240 997 amplexus
260 948 415 998 gratiam
436 949 633 998 experitur
656 950 736 985 sola
759 949 931 994 dilectio,
960 952 1038 987 sola

1101 358 1179 394 lum
1207 358 1379 405 trahens,
1406 360 1470 395 sed
1502 374 1578 396 non
1610 370 1741 399 tenens
1762 363 1922 409 diutius,
1943 363 2030 400 dum
2054 365 2100 400 ad

1101 431 1186 454 suas
1205 418 1366 455 subinde
1387 420 1536 457 delicias
1552 421 1589 457 in
1608 435 1800 459 excessum
1819 424 1990 460 recurrit.
2008 425 2099 461 1d‹··0

1101 477 1212 523 (licit,
1238 478 1355 514 Ubera
1383 488 1449 514 tua
1473 482 1568 516 sieut
1593 481 1739 516 ltimmlt'
1767 496 1914 530 caprea:
1932 487 2104 532 gemelli,-

1102 534 1204 583 quod
1224 548 1373 585 semper
1393 537 1646 586 circumspicit
1667 549 1814 576 montes
1834 554 1978 589 pascuae
2003 555 2095 587 suae,

1102 592 1203 641 quod
1224 593 1270 628 ad
1290 606 1436 642 pascuae
1457 595 1581 630 locum
1598 595 1698 631 illam
1718 607 1913 635 convertat
1929 608 1965 636 et
1981 602 2102 650 rapiat

1103 661 1192 689 nota
1212 654 1387 700 refectio,
1409 654 1511 703 quod
1530 655 1576 690 ad
1596 657 1725 705 sponsi
1744 659 1819 694 lilia
1834 659 1907 695 levi
1926 661 2019 697 saltu
2038 676 2101 697 su-

1101 712 1182 749 bito
1208 712 1398 750 relabatur
1413 742 1422 758 ,
1444 713 1547 750 unde
1568 714 1723 752 delicate
1742 717 1878 754 refecta
1895 720 2102 757 coelestium

1102 772 1223 809 succis
1253 772 1480 819 herbarum,
1509 774 1670 811 distenta
1698 775 1817 812 ubera
1847 777 1893 813 ad
1924 781 2102 827 parvulos

1102 832 1236 868 iterato
1263 842 1442 882 reportet.
1472 834 1544 870 Sed
1565 848 1649 884 quae
1680 835 1726 871 de
1747 835 1928 873 uberibus
1947 838 2026 875 istis
2047 840 2103 875 ‹li—

1103 891 1220 928 cenda
1239 901 1342 937 sunt,
1365 906 1442 929 non
1461 903 1622 943 possunt
1638 908 1747 931 aures
1766 895 1927 944 fatigatae
1948 898 2101 934 forsitan

1105 959 1142 987 et
1164 951 1258 988 hora
1281 952 1426 1002 fugiens
1449 962 1604 1002 portare
1625 955 1762 999 modo,
1784 963 1822 991 et
1840 964 1972 1005 potum
1996 957 2102 993 lactis

48 1007 138 1044 tales
158 1007 265 1043 novit
284 1020 456 1044 excessus
476 1021 483 1043 :
501 1016 539 1043 et
562 1015 726 1044 mentem
751 1007 889 1044 faciens
908 1008 1036 1045 adhae-
1056 1009 1082 1042 B
1103 1009 1150 1046 ab
1180 1009 1362 1048 uberibus
1386 1012 1466 1049 istis
1486 1013 1713 1062 exprimere.
1737 1013 1903 1052 Uberius
1929 1015 2045 1051 otium
2069 1025 2105 1052 et

47 1079 130 1103 rere
157 1070 259 1112 Deo,
287 1079 404 1103 unum
424 1066 471 1102 ad
491 1066 624 1102 horam
651 1080 736 1103 cum
764 1067 830 1103 illo
863 1067 1036 1117 spiritum

46 1126 171 1162 efficit.
186 1129 339 1162 Beatum
357 1126 469 1176 plane
488 1125 626 1162 collum
640 1153 649 1171 ‚
664 1125 702 1161 in
717 1139 793 1174 quo
813 1139 938 1162 sermo
958 1130 1037 1163 Do—

47 1185 137 1221 mini
157 1185 287 1234 igneus
311 1194 500 1231 moratur3
523 1199 543 1221 a
564 1199 639 1234 quo
657 1186 761 1222 velut
780 1194 926 1222 scutum
948 1199 1035 1235 gra-

48 1244 92 1280 tis
116 1244 304 1294 dependet
322 1244 557 1293 amplexibus
582 1244 700 1281 Patris
730 1244 912 1291 Verbum,
935 1246 1038 1281 veri-

47 1311 119 1348 tas,
146 1311 182 1340 et
210 1304 341 1340 virtus.
368 1308 426 1340 An
455 1317 533 1340 non
563 1303 629 1339 tibi
657 1303 813 1340 delicate
844 1313 1037 1354 protectus

47 1362 216 1409 videtur,
238 1363 304 1412 qui
334 1362 470 1400 talibus
493 1371 697 1399 coronatur
725 1372 761 1399 et
782 1364 1038 1401 circumdatur

48 1423 215 1472 undique
236 1423 350 1459 scutis
373 1432 458 1460 ante
484 1432 521 1460 et
549 1425 677 1460 retro?
695 1423 830 1460 Fidelis
850 1425 1033 1476 paxillus,

46 1481 84 1517 in
116 1495 193 1530 quo
225 1490 280 1518 tot
308 1482 455 1518 diversa
483 1495 659 1518 vasorum
691 1495 827 1531 genera
854 1484 1034 1533 pendent.

46 1544 145 1577 Bene
164 1541 243 1578 haec
262 1555 283 1578 a
305 1542 403 1577 collo
420 1542 609 1578 charitatis
632 1542 821 1591 pendent,
838 1543 940 1592 quod
956 1543 1036 1593 ipsa

47 1600 93 1636 sit
114 1600 242 1636 unctio
262 1614 345 1649 quae
371 1613 439 1637 nos
459 1601 568 1637 docet
584 1601 630 1637 de
645 1601 841 1648 omnibus,
859 1610 896 1638 et
909 1603 1036 1640 omnia

47 1659 211 1708 suggerit
227 1674 234 1695 :
255 1659 358 1708 quod
377 1659 415 1695 in
432 1659 512 1709 ipsa
530 1673 661 1696 omnes
681 1661 807 1709 gratiae
829 1662 1035 1698 conferun-

48 1726 128 1763 tur,
146 1726 182 1753 et
205 1718 420 1754 referuntur
445 1718 492 1754 ad
512 1718 630 1767 ipsam
646 1747 655 1764 ,
676 1727 713 1755 et
735 1732 779 1755 ex
800 1719 915 1769 ipsius
941 1734 1036 1770 pen-

1103 1070 1235 1105 horam
1256 1069 1471 1107 liberiorem
1499 1071 1696 1109 orantibus
1719 1072 1829 1110 vobis
1842 1101 1851 1118 ,
1870 1087 1954 1110 cum
1973 1076 2104 1111 Domi-

1103 1142 1173 1164 nus
1193 1128 1360 1175 dederit,
1376 1131 1453 1167 oris
1469 1131 1588 1167 nostri
1606 1132 1773 1168 officium
1792 1146 1870 1169 non
1888 1133 2100 1184 denegabo,

1103 1189 1206 1237 ipse,
1234 1188 1274 1224 in
1296 1188 1378 1237 ejus
1406 1190 1596 1238 praeconia
1617 1199 1821 1240 praestante
1845 1193 2012 1242 copiam,
2038 1196 2103 1243 qui

1103 1255 1256 1296 praestat
1288 1248 1484 1294 affectum,
1511 1249 1659 1286 Christo
1688 1254 1797 1297 Jesu,
1822 1252 1886 1300 qui
1912 1265 1995 1288 cum
2024 1256 2104 1289 Deo

1102 1308 1210 1342 Patre
1237 1313 1274 1342 et
1296 1306 1436 1355 Spiritu
1461 1315 1590 1344 sancto
1611 1308 1705 1344 vivit
1723 1317 1760 1344 et
1780 1318 1911 1359 regnat
1931 1324 2000 1360 per
2017 1325 2102 1348 om-

1103 1365 1164 1401 nia
1184 1366 1319 1402 saecula
1337 1366 1572 1404 saeculorum.
1591 1370 1723 1404 Amen.

1146 1504 1212 1513 §nnus
1218 1502 1702 1516 v==m===v=xv==¹=v=xzmmslvx=====¹===
1709 1508 1988 1519 mmnmsznxQ==ae==s¹=1³
1998 1511 2005 1519 ι

1324 1632 1576 1689 SERMO
1619 1635 1867 1692 XXVII.

46 1785 176 1813 santur
209 1785 246 1813 et
279 1777 497 1826 penduntur·
541 1791 727 1815 mensura.
770 1781 883 1815 llIslle
917 1784 1036 1829 cfflpei
1059 1778 1084 1813 C
1102 1788 1173 1815 Duo
1201 1784 1295 1816 ubera
1323 1793 1375 1816 ίιια
1399 1788 1479 1818 sicut
1501 1787 1564 1818 duo
1585 1788 1710 1820 hinnuli
1734 1800 1854 1834 capreae
1883 1790 2027 1834 gemelli,
2052 1796 2106 1837 qui

42 1838 209 1884 pendent
223 1850 272 1872 ea:
292 1850 336 1872 ea
349 1865 360 1880 ,
377 1841 496 1872 omnis
516 1847 712 1872 armatura
721 1836 891 1886 sortium.
904 1844 1039 1877 Arma-

49 1903 130 1931 tura
161 1896 291 1944 plane,
319 1908 431 1943 quam
460 1896 596 1931 Paulus
621 1895 667 1931 ad
697 1896 879 1944 Ephesios
904 1911 1039 1934 nume-

47 1961 104 1989 rat
122 1960 144 1989 ¹.
182 1956 313 1989 Omnis
340 1963 532 1989 armatura
553 1952 732 2000 sortium,
759 1955 796 1991 id
822 1964 876 1992 est
906 1970 1039 1993 aman—-

46 2012 150 2048 tium.
178 2015 297 2048 Fortis
319 2022 372 2048 est
402 2014 500 2049 enim
528 2023 568 2049 at
593 2027 688 2049 mors
724 2017 873 2050 dilectio
890 2021 915 2052 ².
940 2016 1038 2064 Quid

47 2073 164 2120 ergo?
186 2079 328 2107 tantum
355 2071 406 2107 ibi
434 2081 521 2107 sunt
549 2086 652 2108 arma
679 2074 854 2118 fortium,
876 2088 952 2109 non
976 2077 1036 2109 in-

49 2130 205 2166 fantium
224 2130 362 2166 ubera?
379 2130 407 2166 si
425 2131 572 2166 excedit
592 2131 698 2178 quasi
720 2132 831 2167 turris
848 2132 1034 2180 quaedam,

48 2189 207 2226 charitas
233 2202 309 2225 non
330 2189 620 2225 condescendit?
642 2192 724 2224 Sive
744 2200 865 2225 meme
885 2193 1038 2226 (wc-etli-

48 2260 141 2292 mecs,
178 2251 279 2290 Deo;
301 2250 373 2283 slve
402 2247 515 2283 sobrii
545 2261 683 2291 sumus,
718 2247 836 2284 vobis.
867 2249 1039 2285 Charitas

51 2308 184 2343 Christi
203 2316 306 2355 m‘get
326 2321 390 2342 nos
406 2305 430 2343 3.

99 2368 136 2403 9.
170 2366 331 2403 Audistis
363 2366 605 2402 excedentem
635 2381 642 2402 :
671 2366 785 2403 vultis
809 2366 974 2404 sobriam
1002 2378 1038 2405 et

47 2425 408 2462 condescendentem
445 2426 614 2475 accipere
650 2429 854 2475 sponsam?
892 2427 1035 2472 Ubera,

47 2485 188 2535 inquit,
216 2495 278 2522 tan
301 2491 395 2521 sicut
424 2488 494 2521 duo
523 2487 673 2521 hinnuli
702 2500 852 2534 caprece
877 2491 1037 2535 gemelli.

1147 1846 1321 1885 pascamur
1345 1841 1375 1870 in
1403 1839 1497 1877 liliis,
1521 1841 1620 1872 donec
1645 1844 1765 1886 aspIret
1785 1843 1872 1882 dies,
1904 1852 1962 1876 etc.
1987 1849 2106 1879 (Tantic.

1150 1902 1218 1933 cap.
1240 1903 1285 1930 xv,
1306 1889 1372 1928 §pia
1393 1897 1410 1924 5
1427 1917 1434 1931 ,
1456 1900 1488 1924 ϋ.

1161 2132 1194 2167 1.
1235 2131 1376 2168 Videtis
1399 2160 1409 2177 ,
1450 2133 1608 2179 fratres,
1645 2137 1840 2184 quomodo
1882 2151 1949 2175 nec
1988 2141 2105 2178 ubera

1104 2202 1252 2238 sponsa:
1286 2191 1396 2227 laude
1431 2192 1642 2240 privantur.
1679 2198 1725 2231 Et
1757 2196 1909 2244 quidem
1945 2199 2105 2236 uberum

1103 2249 1301 2298 usurpatio
1337 2250 1514 2299 frequens
1547 2260 1624 2288 tum
1654 2254 1692 2289 in
1719 2255 1800 2291 aliis
1824 2256 1937 2303 locis,
1964 2266 2040 2295 tuni
2072 2261 2106 2296 in

1108 2309 1187 2344 istis
1214 2309 1403 2359 praecipue
1430 2312 1604 2348 Canticis.
1634 2314 1731 2349 Vino
1760 2314 1873 2352 ubera
1899 2319 2078 2366 praeferti
2101 2349 2109 2360 ,

1105 2366 1215 2403 botro
1254 2369 1453 2416 confert⁵‚
1497 2372 1676 2408 assimilat
1719 2374 1846 2411 turri6
1877 2391 1885 2412 :
1929 2386 1965 2413 et
2006 2381 2109 2428 qnod

1105 2439 1205 2463 nunc
1230 2427 1266 2462 in
1297 2429 1473 2477 praesenti
1502 2439 1580 2476 est,
1610 2435 1708 2478 Duo,
1734 2434 1883 2483 inquit,
1911 2437 2021 2473 ubera
2048 2449 2111 2475 {aa

1106 2487 1177 2521 duo
1198 2491 1290 2522 sicut
1315 2488 1463 2523 hinnuli
1491 2503 1641 2538 caprea?
1663 2496 1832 2539 gemelli,
1859 2500 1924 2542 qui
1940 2510 2109 2544 pascun—

46 2547 150 2581 Bona
176 2545 287 2581 turris
307 2558 466 2594 sponsa,
489 2559 573 2594 quae
593 2559 631 2581 se
653 2558 720 2594 per
741 2547 1039 2584 conversationis
1057 2547 1089 2580 D
1106 2554 1165 2580 lm·
1195 2550 1232 2581 iu
1264 2550 1360 2582 liliis.
1392 2548 1534 2584 Videtis
1565 2563 1676 2598 quam
1713 2553 1911 2603 multiplex
1943 2555 2102 2594 uberum

47 2603 281 2653 disciplinam
305 2604 471 2653 undique
497 2604 654 2649 claudit,
677 2613 713 2640 et
733 2617 803 2654 per
826 2606 1040 2655 Scriptura-

48 2676 130 2700 rum
155 2662 364 2700 doctrinam
394 2663 463 2699 sibi
484 2664 638 2713 clypeos
661 2665 813 2713 copiose
835 2666 1038 2714 appendit,

47 2731 83 2758 et
120 2736 188 2772 per
221 2723 550 2772 contemplationis
581 2736 774 2759 excessum
811 2723 847 2759 in
878 2723 1039 2761 sublime

48 2784 217 2832 assurgit.
240 2784 362 2833 Ipsius
384 2775 494 2819 e‘tiam
517 2784 749 2820 continentia
772 2784 896 2829 fortis,
918 2793 954 2820 et
971 2785 1041 2821 do-

48 2843 167 2879 ctrina
198 2843 341 2888 fidelis,
366 2852 402 2879 et
427 2856 600 2879 excessus
635 2843 823 2879 coelestis:
852 2851 975 2880 tamen
1005 2854 1041 2880 ct

48 2901 128 2951 ejus
159 2901 368 2938 sublimitas
397 2902 696 2939 condescendere
723 2902 876 2948 didicit,
905 2912 941 2939 ct
969 2904 1041 2939 do-

48 2961 178 2997 ctrina:
209 2961 316 3010 eopia
347 2960 393 2996 ad
424 2960 662 2997 sobrictatmn
693 2960 828 2997 deduci
846 2990 854 3006 ‚
881 2970 916 2997 et
942 2962 1043 3011 rigor

49 3019 253 3069 liquescere
281 3021 318 3057 in
349 3021 548 3069 quamdam
572 3020 808 3057 rationabilis
830 3022 932 3057 lactis
955 3022 1040 3058 dul—

49 3079 218 3116 cedinem
234 3108 243 3124 ,
265 3087 302 3116 et
321 3093 423 3116 arma
441 3079 593 3116 fortium
614 3080 650 3115 in
671 3080 905 3116 intirmorum
925 3080 1040 3117 ubera

101 3213 107 3227 ¹
126 3207 237 3249 Ephes,
258 3219 309 3243 vt,
335 3211 443 3239 13-18.
460 3227 503 3230 -—
522 3214 533 3228 ²
550 3208 670 3238 Cantic.
695 3220 767 3241 rm.
786 3213 873 3238 snm-*⁴
894 3207 906 3230 ³
923 3213 949 3240 ll
969 3212 1039 3240 Cor.
1058 3213 1167 3243 v.1:3.
1191 3213 1241 3240 1⁷1.
1262 3229 1300 3232 —w
1322 3211 1335 3235 ⁴⁸
1354 3211 1472 3242 (Tanlic.
1491 3223 1513 3248 1,
1539 3218 1620 3243 1.-
1647 3212 1658 3234 5
1683 3215 1726 3244 ld.
1748 3227 1807 3247 wi.
1828 3219 1857 3246 ,”,

55 3264 103 3291 10.
117 3280 158 3284 —
174 3267 186 3290 7
204 3265 215 3291 Ι
231 3260 339 3291 Thess.
359 3273 396 3298 ιι,
420 3265 450 3292 7.

1105 2606 1396 2642 commendatio.
1428 2608 1461 2642 bi
1492 2617 1611 2645 mater
1638 2619 1693 2646 est
1709 2639 1717 2654 ‚
1742 2620 1952 2650 maternum
1976 2626 2108 2664 pectus

1105 2664 1286 2700 uberibus
1306 2678 1432 2700 carcre
1452 2679 1527 2702 non
1551 2667 1669 2704 decet.
1686 2669 1812 2706 Lbet-a
1834 2682 1990 2709 noverat
2013 2679 2109 2711 l‘an-

1106 2723 1162 2758 lus
1188 2722 1326 2760 babere
1354 2737 1438 2759 cuni
1461 2725 1597 2761 diceret
1630 2742 1637 2762 ε
1672 2730 1780 2764 Facti
1813 2744 1938 2766 summ
1967 2740 2115 2781 pam-uli

1108 2787 1146 2817 il!
1164 2787 1282 2818 medio
1298 2794 1473 2826 murtrum,
1491 2789 1672 2832 quomodo
1687 2792 1719 2823 si
1731 2790 2110 2840 nutrix-sbvent-list«vs

1107 2857 1191 2878 suos
1207 2849 1232 2879 7.
1259 2847 1315 2879 An
1340 2857 1414 2879 non
1440 2845 1505 2880 tibi
1528 2846 1678 2883 videtur
1701 2848 1820 2885 sactus
1839 2852 1944 2899 quasi
1968 2853 2109 2890 hinnu-

1110 2903 1185 2947 lus,
1205 2903 1267 2951 qui
1296 2903 1412 2939 lactus
1431 2912 1486 2939 est
1509 2907 1615 2953 quasi
1636 2910 1844 2956 parvulus?
1862 2911 1973 2948 Unde
2000 2914 2110 2949 sore-

1109 2961 1171 2998 bat
1202 2963 1296 2998 lilios
1324 2964 1428 3012 quasi
1451 2965 1597 3010 nutrix,
1620 2967 1648 3002 si
1678 2981 1752 3003 non
1781 2969 1941 3007 babebat
1968 2973 2080 3010 ubera
2097 2978 2110 3010 Ξι

1109 3023 1222 3070 Quasi
1257 3021 1332 3058 duo
1363 3023 1510 3060 hinnuli
1537 3039 1682 3075 caprere
1713 3027 1789 3063 dno
1819 3030 1881 3065 lilii
1909 3033 2108 3069 Ecclcsiw:

1109 3082 1200 3117 alter
1224 3081 1270 3116 de
1287 3082 1604 3129 Circunmisione,
1623 3086 1718 3122 alter
1737 3087 1782 3123 de
1801 3089 2000 3126 Gentibus.
2022 3092 2113 3127 Πάν

1939 3216 1953 3237 s*
1973 3219 2013 3248 ltl.
2034 3232 2109 3255 xiii,
