<?xml version="1.0" encoding="UTF-8"?>
<!DOCTYPE html PUBLIC "-//W3C//DTD XHTML 1.0 Transitional//EN"
    "http://www.w3.org/TR/xhtml1/DTD/xhtml1-transitional.dtd">
<html xmlns="http://www.w3.org/1999/xhtml" xml:lang="en" lang="en">
 <head>
  <title>
</title>
<meta http-equiv="Content-Type" content="text/html;charset=utf-8" />
  <meta name='ocr-system' content='tesseract 3.04.00' />
  <meta name='ocr-capabilities' content='ocr_page ocr_carea ocr_par ocr_line ocrx_word'/>
</head>
<body>
  <div class='ocr_page' id='page_1' title='image "./operaomniapostho05bern_0138.png"; bbox 0 0 2504 3928; ppageno 0'>
   <div class='ocr_carea' id='block_1_1' title="bbox 336 151 408 186">
    <p class='ocr_par' dir='ltr' id='par_1_1' title="bbox 336 151 408 186">
     <span class='ocr_line' id='line_1_1' title="bbox 336 151 408 186; baseline -0.028 0"><span class='ocrx_word' id='word_1_1' title='bbox 336 151 408 186; x_wconf 68' lang='lat'><strong>2133</strong></span> 
     </span>
    </p>
   </div>
   <div class='ocr_carea' id='block_1_2' title="bbox 337 225 1319 272">
    <p class='ocr_par' dir='ltr' id='par_1_2' title="bbox 337 225 1319 272">
     <span class='ocr_line' id='line_1_2' title="bbox 337 225 1319 272; baseline 0.002 -11"><span class='ocrx_word' id='word_1_2' title='bbox 337 225 480 261; x_wconf 78' lang='lat' dir='ltr'><strong>Libano</strong></span> <span class='ocrx_word' id='word_1_3' title='bbox 497 238 627 262; x_wconf 83' lang='lat' dir='ltr'><strong>serena</strong></span> <span class='ocrx_word' id='word_1_4' title='bbox 657 225 910 272; x_wconf 61' lang='lat' dir='ltr'><strong>intelligentia*</strong></span> <span class='ocrx_word' id='word_1_5' title='bbox 930 237 1034 272; x_wconf 59' lang='lat' dir='ltr'><strong>aqua*</strong></span> <span class='ocrx_word' id='word_1_6' title='bbox 1059 225 1152 260; x_wconf 71' lang='lat' dir='ltr'><strong>viva·</strong></span> <span class='ocrx_word' id='word_1_7' title='bbox 1173 227 1291 263; x_wconf 78' lang='lat' dir='ltr'><strong>lhutnt</strong></span> <span class='ocrx_word' id='word_1_8' title='bbox 1310 242 1319 271; x_wconf 76' lang='lat'>3</span> 
     </span>
    </p>
   </div>
   <div class='ocr_carea' id='block_1_3' title="bbox 1101 150 1614 186">
    <p class='ocr_par' dir='ltr' id='par_1_3' title="bbox 1101 150 1614 186">
     <span class='ocr_line' id='line_1_3' title="bbox 1101 150 1614 186; baseline -0.002 -1"><span class='ocrx_word' id='word_1_9' title='bbox 1101 151 1387 186; x_wconf 73' lang='lat' dir='ltr'><strong>Glt,t.t·‘.m··.tt·t‘t</strong></span> <span class='ocrx_word' id='word_1_10' title='bbox 1419 150 1614 186; x_wconf 68' lang='lat' dir='ltr'><strong>Annx&#39;rts</strong></span> 
     </span>
    </p>
   </div>
   <div class='ocr_carea' id='block_1_4' title="bbox 2304 148 2373 185">
    <p class='ocr_par' dir='ltr' id='par_1_4' title="bbox 2304 148 2373 185">
     <span class='ocr_line' id='line_1_4' title="bbox 2304 148 2373 185; baseline 0.014 -1"><span class='ocrx_word' id='word_1_11' title='bbox 2304 148 2350 185; x_wconf 72' lang='lat'><strong>‘26</strong></span> <span class='ocrx_word' id='word_1_12' title='bbox 2363 152 2373 185; x_wconf 80' lang='grc' dir='ltr'>ἰ</span> 
     </span>
    </p>
   </div>
   <div class='ocr_carea' id='block_1_5' title="bbox 1391 226 2375 274">
    <p class='ocr_par' dir='ltr' id='par_1_5' title="bbox 1391 226 2375 274">
     <span class='ocr_line' id='line_1_5' title="bbox 1391 226 2375 274; baseline 0.001 -13"><span class='ocrx_word' id='word_1_13' title='bbox 1391 234 1442 261; x_wconf 81' lang='lat' dir='ltr'><strong>est</strong></span> <span class='ocrx_word' id='word_1_14' title='bbox 1466 226 1501 261; x_wconf 89' lang='lat' dir='ltr'><strong>in</strong></span> <span class='ocrx_word' id='word_1_15' title='bbox 1523 226 1670 261; x_wconf 77' lang='lat' dir='ltr'><strong>Christo</strong></span> <span class='ocrx_word' id='word_1_16' title='bbox 1685 229 1771 262; x_wconf 69' lang='lat' dir='ltr'><strong>,lesu</strong></span> <span class='ocrx_word' id='word_1_17' title='bbox 1795 226 1956 261; x_wconf 86' lang='lat' dir='ltr'><strong>Domino</strong></span> <span class='ocrx_word' id='word_1_18' title='bbox 1974 233 2102 261; x_wconf 83' lang='lat' dir='ltr'><strong>nostro</strong></span> <span class='ocrx_word' id='word_1_19' title='bbox 2121 252 2130 270; x_wconf 93' lang='lat'>‚</span> <span class='ocrx_word' id='word_1_20' title='bbox 2149 226 2211 274; x_wconf 84' lang='lat' dir='ltr'><strong>qui</strong></span> <span class='ocrx_word' id='word_1_21' title='bbox 2234 226 2323 262; x_wconf 55' lang='lat' dir='ltr'><strong>tivit</strong></span> <span class='ocrx_word' id='word_1_22' title='bbox 2343 235 2375 261; x_wconf 85' lang='lat' dir='ltr'><strong>et</strong></span> 
     </span>
    </p>
   </div>
   <div class='ocr_carea' id='block_1_6' title="bbox 336 284 2310 334">
    <p class='ocr_par' dir='ltr' id='par_1_6' title="bbox 336 284 2310 334">
     <span class='ocr_line' id='line_1_6' title="bbox 336 284 2310 334; baseline 0 -14"><span class='ocrx_word' id='word_1_23' title='bbox 336 285 424 333; x_wconf 87' lang='lat' dir='ltr'><strong>qnia</strong></span> <span class='ocrx_word' id='word_1_24' title='bbox 445 285 512 320; x_wconf 83' lang='lat' dir='ltr'><strong>nisi</strong></span> <span class='ocrx_word' id='word_1_25' title='bbox 531 284 780 329; x_wconf 75' lang='lat' dir='ltr'><strong>credideritis,</strong></span> <span class='ocrx_word' id='word_1_26' title='bbox 803 297 877 320; x_wconf 94' lang='lat' dir='ltr'><strong>non</strong></span> <span class='ocrx_word' id='word_1_27' title='bbox 897 284 1109 332; x_wconf 69' lang='lat' dir='ltr'><strong>intelligetis</strong></span> <span class='ocrx_word' id='word_1_28' title='bbox 1127 291 1148 320; x_wconf 90' lang='lat'><strong>¹.</strong></span> <span class='ocrx_word' id='word_1_29' title='bbox 1172 286 1321 321; x_wconf 86' lang='lat' dir='ltr'><strong>Intelle-</strong></span> <span class='ocrx_word' id='word_1_30' title='bbox 1346 285 1371 317; x_wconf 90' lang='grc' dir='ltr'>Λ</span> <span class='ocrx_word' id='word_1_31' title='bbox 1392 293 1516 333; x_wconf 73' lang='lat' dir='ltr'><strong>regnat</strong></span> <span class='ocrx_word' id='word_1_32' title='bbox 1536 297 1601 334; x_wconf 89' lang='lat' dir='ltr'><strong>per</strong></span> <span class='ocrx_word' id='word_1_33' title='bbox 1617 284 1742 320; x_wconf 82' lang='lat' dir='ltr'><strong>omnia</strong></span> <span class='ocrx_word' id='word_1_34' title='bbox 1765 285 1896 321; x_wconf 78' lang='lat' dir='ltr'><strong>saecula</strong></span> <span class='ocrx_word' id='word_1_35' title='bbox 1919 285 2154 321; x_wconf 74' lang='lat' dir='ltr'><strong>szeculorum.</strong></span> <span class='ocrx_word' id='word_1_36' title='bbox 2180 288 2310 321; x_wconf 84' lang='lat' dir='ltr'><strong>Amen.</strong></span> 
     </span>
    </p>
   </div>
   <div class='ocr_carea' id='block_1_7' title="bbox 335 341 1326 981">
    <p class='ocr_par' dir='ltr' id='par_1_7' title="bbox 335 341 1326 981">
     <span class='ocr_line' id='line_1_7' title="bbox 336 341 1323 392; baseline 0.002 -14"><span class='ocrx_word' id='word_1_37' title='bbox 336 352 417 380; x_wconf 84' lang='lat' dir='ltr'><strong>ctus</strong></span> <span class='ocrx_word' id='word_1_38' title='bbox 436 352 559 379; x_wconf 85' lang='lat' dir='ltr'><strong>autem</strong></span> <span class='ocrx_word' id='word_1_39' title='bbox 583 342 729 384; x_wconf 82' lang='lat' dir='ltr'><strong>bonus,</strong></span> <span class='ocrx_word' id='word_1_40' title='bbox 765 341 872 390; x_wconf 81' lang='lat' dir='ltr'><strong>cujus</strong></span> <span class='ocrx_word' id='word_1_41' title='bbox 901 344 1170 392; x_wconf 85' lang='lat' dir='ltr'><strong>contemplatio</strong></span> <span class='ocrx_word' id='word_1_42' title='bbox 1200 354 1323 380; x_wconf 76' lang='lat' dir='ltr'><strong>maiict</strong></span> 
     </span>
     <span class='ocr_line' id='line_1_8' title="bbox 338 401 1322 440; baseline 0.001 -2"><span class='ocrx_word' id='word_1_43' title='bbox 338 402 374 438; x_wconf 88' lang='lat' dir='ltr'><strong>in</strong></span> <span class='ocrx_word' id='word_1_44' title='bbox 403 402 577 438; x_wconf 60' lang='lat' dir='ltr'><strong>saa-ulum</strong></span> <span class='ocrx_word' id='word_1_45' title='bbox 608 401 746 437; x_wconf 70' lang='lat' dir='ltr'><strong>saeculi.</strong></span> <span class='ocrx_word' id='word_1_46' title='bbox 777 401 844 437; x_wconf 85' lang='lat' dir='ltr'><strong>llic</strong></span> <span class='ocrx_word' id='word_1_47' title='bbox 867 409 921 437; x_wconf 85' lang='lat' dir='ltr'><strong>est</strong></span> <span class='ocrx_word' id='word_1_48' title='bbox 954 414 1041 437; x_wconf 79' lang='lat' dir='ltr'><strong>vere</strong></span> <span class='ocrx_word' id='word_1_49' title='bbox 1062 403 1203 439; x_wconf 70' lang='lat' dir='ltr'><strong>vivens.</strong></span> <span class='ocrx_word' id='word_1_50' title='bbox 1233 408 1322 440; x_wconf 57' lang='lat' dir='ltr'><strong>INam</strong></span> 
     </span>
     <span class='ocr_line' id='line_1_9' title="bbox 338 461 1324 509; baseline 0.002 -13"><span class='ocrx_word' id='word_1_51' title='bbox 338 461 412 496; x_wconf 70' lang='lat' dir='ltr'><strong>vita</strong></span> <span class='ocrx_word' id='word_1_52' title='bbox 429 470 568 496; x_wconf 62' lang='lat' dir='ltr'><strong>veterna</strong></span> <span class='ocrx_word' id='word_1_53' title='bbox 590 461 667 496; x_wconf 66' lang='lat' dir='ltr'><strong>haec</strong></span> <span class='ocrx_word' id='word_1_54' title='bbox 689 469 744 496; x_wconf 85' lang='lat' dir='ltr'><strong>est</strong></span> <span class='ocrx_word' id='word_1_55' title='bbox 763 469 803 497; x_wconf 91' lang='lat' dir='ltr'><strong>ut</strong></span> <span class='ocrx_word' id='word_1_56' title='bbox 823 473 1093 509; x_wconf 67' lang='lat' dir='ltr'><strong>cognoscamus</strong></span> <span class='ocrx_word' id='word_1_57' title='bbox 1121 475 1236 498; x_wconf 91' lang='lat' dir='ltr'><strong>unnm</strong></span> <span class='ocrx_word' id='word_1_58' title='bbox 1259 476 1324 498; x_wconf 81' lang='lat' dir='ltr'><strong>ve—</strong></span> 
     </span>
     <span class='ocr_line' id='line_1_10' title="bbox 338 519 1323 568; baseline 0.003 -14"><span class='ocrx_word' id='word_1_59' title='bbox 338 532 419 554; x_wconf 87' lang='lat' dir='ltr'><strong>rum</strong></span> <span class='ocrx_word' id='word_1_60' title='bbox 449 523 590 564; x_wconf 86' lang='lat' dir='ltr'><strong>Deum,</strong></span> <span class='ocrx_word' id='word_1_61' title='bbox 612 527 649 555; x_wconf 89' lang='lat' dir='ltr'><strong>et</strong></span> <span class='ocrx_word' id='word_1_62' title='bbox 677 532 788 567; x_wconf 88' lang='lat' dir='ltr'><strong>quem</strong></span> <span class='ocrx_word' id='word_1_63' title='bbox 819 519 897 568; x_wconf 91' lang='lat' dir='ltr'><strong>ipsc</strong></span> <span class='ocrx_word' id='word_1_64' title='bbox 925 519 1021 554; x_wconf 90' lang='lat' dir='ltr'><strong>misit</strong></span> <span class='ocrx_word' id='word_1_65' title='bbox 1055 523 1181 556; x_wconf 77' lang='lat' dir='ltr'><strong>Jesum</strong></span> <span class='ocrx_word' id='word_1_66' title='bbox 1217 521 1323 558; x_wconf 81' lang='lat' dir='ltr'><strong>Chri-</strong></span> 
     </span>
     <span class='ocr_line' id='line_1_11' title="bbox 336 578 1325 627; baseline -0.001 -13"><span class='ocrx_word' id='word_1_67' title='bbox 336 586 435 614; x_wconf 82' lang='lat' dir='ltr'><strong>stum</strong></span> <span class='ocrx_word' id='word_1_68' title='bbox 452 584 477 613; x_wconf 90' lang='lat'><strong>².</strong></span> <span class='ocrx_word' id='word_1_69' title='bbox 497 581 540 614; x_wconf 76' lang='lat' dir='ltr'><strong>Et</strong></span> <span class='ocrx_word' id='word_1_70' title='bbox 557 578 634 627; x_wconf 91' lang='lat' dir='ltr'><strong>ipse</strong></span> <span class='ocrx_word' id='word_1_71' title='bbox 650 578 817 615; x_wconf 79' lang='lat' dir='ltr'><strong>Christus</strong></span> <span class='ocrx_word' id='word_1_72' title='bbox 838 586 965 613; x_wconf 86' lang='lat' dir='ltr'><strong>noster</strong></span> <span class='ocrx_word' id='word_1_73' title='bbox 984 586 1035 613; x_wconf 87' lang='lat' dir='ltr'><strong>est</strong></span> <span class='ocrx_word' id='word_1_74' title='bbox 1056 578 1219 615; x_wconf 85' lang='lat' dir='ltr'><strong>Libanus</strong></span> <span class='ocrx_word' id='word_1_75' title='bbox 1234 608 1242 624; x_wconf 88' lang='lat'><strong>,</strong></span> <span class='ocrx_word' id='word_1_76' title='bbox 1262 579 1325 614; x_wconf 92' lang='lat' dir='ltr'><strong>dc-</strong></span> 
     </span>
     <span class='ocr_line' id='line_1_12' title="bbox 336 636 1322 686; baseline 0.003 -15"><span class='ocrx_word' id='word_1_77' title='bbox 336 636 556 673; x_wconf 88' lang='lat' dir='ltr'><strong>lcctationes</strong></span> <span class='ocrx_word' id='word_1_78' title='bbox 581 637 684 673; x_wconf 68' lang='lat' dir='ltr'><strong>vivas</strong></span> <span class='ocrx_word' id='word_1_79' title='bbox 702 636 863 672; x_wconf 88' lang='lat' dir='ltr'><strong>fundens</strong></span> <span class='ocrx_word' id='word_1_80' title='bbox 882 649 965 672; x_wconf 77' lang='lat' dir='ltr'><strong>cunt</strong></span> <span class='ocrx_word' id='word_1_81' title='bbox 983 636 1125 686; x_wconf 88' lang='lat' dir='ltr'><strong>impetu</strong></span> <span class='ocrx_word' id='word_1_82' title='bbox 1145 638 1180 673; x_wconf 90' lang='lat' dir='ltr'><strong>in</strong></span> <span class='ocrx_word' id='word_1_83' title='bbox 1201 639 1322 674; x_wconf 85' lang='lat' dir='ltr'><strong>sinum</strong></span> 
     </span>
     <span class='ocr_line' id='line_1_13' title="bbox 336 694 1322 746; baseline 0.003 -16"><span class='ocrx_word' id='word_1_84' title='bbox 336 694 490 732; x_wconf 53' lang='lat' dir='ltr'><strong>dilectam</strong></span> <span class='ocrx_word' id='word_1_85' title='bbox 514 700 596 745; x_wconf 84' lang='lat' dir='ltr'><strong>lpse</strong></span> <span class='ocrx_word' id='word_1_86' title='bbox 617 696 782 733; x_wconf 85' lang='lat' dir='ltr'><strong>Libanus</strong></span> <span class='ocrx_word' id='word_1_87' title='bbox 796 725 804 741; x_wconf 87' lang='lat'><strong><em>‚</em></strong></span> <span class='ocrx_word' id='word_1_88' title='bbox 823 705 859 732; x_wconf 93' lang='lat' dir='ltr'><strong>ct</strong></span> <span class='ocrx_word' id='word_1_89' title='bbox 887 697 964 746; x_wconf 90' lang='lat' dir='ltr'><strong>ipse</strong></span> <span class='ocrx_word' id='word_1_90' title='bbox 986 697 1110 741; x_wconf 71' lang='lat' dir='ltr'><strong>rivus;</strong></span> <span class='ocrx_word' id='word_1_91' title='bbox 1140 697 1322 746; x_wconf 93' lang='lat' dir='ltr'><strong>siquidem</strong></span> 
     </span>
     <span class='ocr_line' id='line_1_14' title="bbox 337 755 1325 804; baseline 0.003 -15"><span class='ocrx_word' id='word_1_92' title='bbox 337 755 416 804; x_wconf 88' lang='lat' dir='ltr'><strong>ipse</strong></span> <span class='ocrx_word' id='word_1_93' title='bbox 429 763 483 791; x_wconf 88' lang='lat' dir='ltr'><strong>est</strong></span> <span class='ocrx_word' id='word_1_94' title='bbox 504 755 646 791; x_wconf 86' lang='lat' dir='ltr'><strong>candor</strong></span> <span class='ocrx_word' id='word_1_95' title='bbox 671 755 763 791; x_wconf 86' lang='lat' dir='ltr'><strong>lucis</strong></span> <span class='ocrx_word' id='word_1_96' title='bbox 785 764 957 799; x_wconf 65' lang='lat' dir='ltr'><strong>ceterum,</strong></span> <span class='ocrx_word' id='word_1_97' title='bbox 983 764 1019 791; x_wconf 91' lang='lat' dir='ltr'><strong>et</strong></span> <span class='ocrx_word' id='word_1_98' title='bbox 1035 757 1224 792; x_wconf 88' lang='lat' dir='ltr'><strong>emanatio</strong></span> <span class='ocrx_word' id='word_1_99' title='bbox 1246 756 1325 792; x_wconf 86' lang='lat' dir='ltr'><strong>sin-</strong></span> 
     </span>
     <span class='ocr_line' id='line_1_15' title="bbox 335 814 1324 863; baseline 0.003 -15"><span class='ocrx_word' id='word_1_100' title='bbox 335 814 533 850; x_wconf 80' lang='lat' dir='ltr'><strong>cerissima.</strong></span> <span class='ocrx_word' id='word_1_101' title='bbox 557 814 794 850; x_wconf 87' lang='lat' dir='ltr'><strong>Delectabilis</strong></span> <span class='ocrx_word' id='word_1_102' title='bbox 811 815 922 863; x_wconf 84' lang='lat' dir='ltr'><strong>plane</strong></span> <span class='ocrx_word' id='word_1_103' title='bbox 938 823 1073 863; x_wconf 86' lang='lat' dir='ltr'><strong>puteus</strong></span> <span class='ocrx_word' id='word_1_104' title='bbox 1095 816 1251 851; x_wconf 83' lang='lat' dir='ltr'><strong>affectus</strong></span> <span class='ocrx_word' id='word_1_105' title='bbox 1269 825 1324 852; x_wconf 87' lang='lat' dir='ltr'><strong>est</strong></span> 
     </span>
     <span class='ocr_line' id='line_1_16' title="bbox 335 873 1323 922; baseline 0.004 -16"><span class='ocrx_word' id='word_1_106' title='bbox 335 884 501 921; x_wconf 68' lang='lat' dir='ltr'><strong>sponsce,</strong></span> <span class='ocrx_word' id='word_1_107' title='bbox 534 874 569 909; x_wconf 92' lang='lat' dir='ltr'><strong>in</strong></span> <span class='ocrx_word' id='word_1_108' title='bbox 591 887 702 922; x_wconf 91' lang='lat' dir='ltr'><strong>quem</strong></span> <span class='ocrx_word' id='word_1_109' title='bbox 724 874 852 909; x_wconf 73' lang='lat' dir='ltr'><strong>a‘terni</strong></span> <span class='ocrx_word' id='word_1_110' title='bbox 885 873 1060 910; x_wconf 88' lang='lat' dir='ltr'><strong>candoris</strong></span> <span class='ocrx_word' id='word_1_111' title='bbox 1087 874 1200 919; x_wconf 85' lang='lat' dir='ltr'><strong>radii,</strong></span> <span class='ocrx_word' id='word_1_112' title='bbox 1230 888 1272 910; x_wconf 88' lang='lat' dir='ltr'><strong>ac</strong></span> <span class='ocrx_word' id='word_1_113' title='bbox 1296 875 1323 910; x_wconf 88' lang='lat' dir='ltr'><strong>si</strong></span> 
     </span>
     <span class='ocr_line' id='line_1_17' title="bbox 335 931 1326 981; baseline 0.002 -15"><span class='ocrx_word' id='word_1_114' title='bbox 335 931 486 980; x_wconf 84' lang='lat' dir='ltr'><strong>quidam</strong></span> <span class='ocrx_word' id='word_1_115' title='bbox 508 932 554 968; x_wconf 91' lang='lat' dir='ltr'><strong>de</strong></span> <span class='ocrx_word' id='word_1_116' title='bbox 572 933 716 969; x_wconf 87' lang='lat' dir='ltr'><strong>Libano</strong></span> <span class='ocrx_word' id='word_1_117' title='bbox 732 933 841 969; x_wconf 71' lang='lat' dir='ltr'><strong>rivuli</strong></span> <span class='ocrx_word' id='word_1_118' title='bbox 858 941 893 968; x_wconf 87' lang='lat' dir='ltr'><strong>ct</strong></span> <span class='ocrx_word' id='word_1_119' title='bbox 907 934 1135 981; x_wconf 74' lang='lat' dir='ltr'><strong>colliguntur</strong></span> <span class='ocrx_word' id='word_1_120' title='bbox 1148 941 1184 968; x_wconf 91' lang='lat' dir='ltr'><strong>et</strong></span> <span class='ocrx_word' id='word_1_121' title='bbox 1203 934 1326 969; x_wconf 87' lang='lat' dir='ltr'><strong>effun-</strong></span> 
     </span>
    </p>
   </div>
   <div class='ocr_carea' id='block_1_8' title="bbox 334 990 1368 1041">
    <p class='ocr_par' dir='ltr' id='par_1_8' title="bbox 334 990 1368 1041">
     <span class='ocr_line' id='line_1_18' title="bbox 334 990 1368 1041; baseline -0.001 -15"><span class='ocrx_word' id='word_1_122' title='bbox 334 990 500 1034; x_wconf 86' lang='lat' dir='ltr'><strong>duntur,</strong></span> <span class='ocrx_word' id='word_1_123' title='bbox 543 1000 583 1027; x_wconf 89' lang='lat' dir='ltr'><strong>ut</strong></span> <span class='ocrx_word' id='word_1_124' title='bbox 620 992 729 1028; x_wconf 81' lang='lat' dir='ltr'><strong>flores</strong></span> <span class='ocrx_word' id='word_1_125' title='bbox 759 1001 795 1027; x_wconf 85' lang='lat' dir='ltr'><strong>et</strong></span> <span class='ocrx_word' id='word_1_126' title='bbox 834 992 963 1028; x_wconf 87' lang='lat' dir='ltr'><strong>hortos</strong></span> <span class='ocrx_word' id='word_1_127' title='bbox 994 992 1146 1040; x_wconf 75' lang='lat' dir='ltr'><strong>irrigent</strong></span> <span class='ocrx_word' id='word_1_128' title='bbox 1181 992 1321 1041; x_wconf 80' lang='lat' dir='ltr'><strong>sponsi.</strong></span> <span class='ocrx_word' id='word_1_129' title='bbox 1345 992 1368 1025; x_wconf 88' lang='lat' dir='ltr'>B</span> 
     </span>
    </p>
   </div>
   <div class='ocr_carea' id='block_1_9' title="bbox 334 1049 1328 1746">
    <p class='ocr_par' dir='ltr' id='par_1_9' title="bbox 335 1049 1322 1217">
     <span class='ocr_line' id='line_1_19' title="bbox 335 1049 1320 1100; baseline 0.001 -15"><span class='ocrx_word' id='word_1_130' title='bbox 335 1052 460 1086; x_wconf 90' lang='lat' dir='ltr'><strong>Bonus</strong></span> <span class='ocrx_word' id='word_1_131' title='bbox 478 1063 566 1100; x_wconf 86' lang='lat' dir='ltr'><strong>ergo</strong></span> <span class='ocrx_word' id='word_1_132' title='bbox 583 1049 768 1095; x_wconf 87' lang='lat' dir='ltr'><strong>Libanus,</strong></span> <span class='ocrx_word' id='word_1_133' title='bbox 790 1050 826 1086; x_wconf 93' lang='lat' dir='ltr'><strong>in</strong></span> <span class='ocrx_word' id='word_1_134' title='bbox 844 1062 954 1099; x_wconf 89' lang='lat' dir='ltr'><strong>quem</strong></span> <span class='ocrx_word' id='word_1_135' title='bbox 974 1050 1066 1086; x_wconf 91' lang='lat' dir='ltr'><strong>nihil</strong></span> <span class='ocrx_word' id='word_1_136' title='bbox 1086 1050 1320 1098; x_wconf 87' lang='lat' dir='ltr'><strong>inquinatum</strong></span> 
     </span>
     <span class='ocr_line' id='line_1_20' title="bbox 336 1108 1322 1159; baseline 0.001 -16"><span class='ocrx_word' id='word_1_137' title='bbox 336 1108 514 1144; x_wconf 77' lang='lat' dir='ltr'><strong>incurrit:</strong></span> <span class='ocrx_word' id='word_1_138' title='bbox 537 1117 572 1144; x_wconf 90' lang='lat' dir='ltr'><strong>et</strong></span> <span class='ocrx_word' id='word_1_139' title='bbox 593 1122 748 1159; x_wconf 84' lang='lat' dir='ltr'><strong>magnus</strong></span> <span class='ocrx_word' id='word_1_140' title='bbox 781 1109 942 1159; x_wconf 90' lang='lat' dir='ltr'><strong>impetus</strong></span> <span class='ocrx_word' id='word_1_141' title='bbox 958 1137 967 1154; x_wconf 91' lang='lat'><strong>,</strong></span> <span class='ocrx_word' id='word_1_142' title='bbox 996 1109 1059 1158; x_wconf 91' lang='lat' dir='ltr'><strong>qui</strong></span> <span class='ocrx_word' id='word_1_143' title='bbox 1089 1109 1192 1145; x_wconf 90' lang='lat' dir='ltr'><strong>nullo</strong></span> <span class='ocrx_word' id='word_1_144' title='bbox 1218 1122 1322 1145; x_wconf 93' lang='lat' dir='ltr'><strong>com-</strong></span> 
     </span>
     <span class='ocr_line' id='line_1_21' title="bbox 335 1167 715 1217; baseline 0.008 -16"><span class='ocrx_word' id='word_1_145' title='bbox 335 1167 435 1216; x_wconf 86' lang='lat' dir='ltr'><strong>pesci</strong></span> <span class='ocrx_word' id='word_1_146' title='bbox 455 1167 561 1204; x_wconf 82' lang='lat' dir='ltr'><strong>obice</strong></span> <span class='ocrx_word' id='word_1_147' title='bbox 581 1177 715 1217; x_wconf 87' lang='lat' dir='ltr'><strong>potest.</strong></span> 
     </span>
    </p>

    <p class='ocr_par' dir='ltr' id='par_1_10' title="bbox 334 1226 1328 1746">
     <span class='ocr_line' id='line_1_22' title="bbox 389 1226 1324 1277; baseline 0.002 -16"><span class='ocrx_word' id='word_1_148' title='bbox 389 1228 425 1261; x_wconf 79' lang='lat'><strong>9.</strong></span> <span class='ocrx_word' id='word_1_149' title='bbox 462 1227 634 1276; x_wconf 90' lang='lat' dir='ltr'><strong>Denique</strong></span> <span class='ocrx_word' id='word_1_150' title='bbox 668 1227 719 1263; x_wconf 93' lang='lat' dir='ltr'><strong>illi</strong></span> <span class='ocrx_word' id='word_1_151' title='bbox 754 1240 860 1276; x_wconf 69' lang='lat' dir='ltr'><strong>aqu-”e</strong></span> <span class='ocrx_word' id='word_1_152' title='bbox 890 1240 974 1263; x_wconf 92' lang='lat' dir='ltr'><strong>cum</strong></span> <span class='ocrx_word' id='word_1_153' title='bbox 1010 1226 1151 1277; x_wconf 89' lang='lat' dir='ltr'><strong>impetu</strong></span> <span class='ocrx_word' id='word_1_154' title='bbox 1183 1228 1324 1273; x_wconf 80' lang='lat' dir='ltr'><strong>fluunt,</strong></span> 
     </span>
     <span class='ocr_line' id='line_1_23' title="bbox 335 1284 1324 1334; baseline 0.002 -15"><span class='ocrx_word' id='word_1_155' title='bbox 335 1297 445 1332; x_wconf 88' lang='lat' dir='ltr'><strong>quem</strong></span> <span class='ocrx_word' id='word_1_156' title='bbox 467 1298 535 1321; x_wconf 87' lang='lat' dir='ltr'><strong>nec</strong></span> <span class='ocrx_word' id='word_1_157' title='bbox 560 1284 792 1334; x_wconf 88' lang='lat' dir='ltr'><strong>persecutio,</strong></span> <span class='ocrx_word' id='word_1_158' title='bbox 827 1297 894 1320; x_wconf 90' lang='lat' dir='ltr'><strong>nec</strong></span> <span class='ocrx_word' id='word_1_159' title='bbox 919 1285 1032 1321; x_wconf 88' lang='lat' dir='ltr'><strong>fames</strong></span> <span class='ocrx_word' id='word_1_160' title='bbox 1051 1313 1060 1331; x_wconf 93' lang='lat'><strong>,</strong></span> <span class='ocrx_word' id='word_1_161' title='bbox 1088 1298 1156 1321; x_wconf 89' lang='lat' dir='ltr'><strong>nec</strong></span> <span class='ocrx_word' id='word_1_162' title='bbox 1177 1285 1324 1334; x_wconf 86' lang='lat' dir='ltr'><strong>pericu-</strong></span> 
     </span>
     <span class='ocr_line' id='line_1_24' title="bbox 336 1343 1328 1393; baseline 0 -14"><span class='ocrx_word' id='word_1_163' title='bbox 336 1343 410 1379; x_wconf 91' lang='lat' dir='ltr'><strong>lum</strong></span> <span class='ocrx_word' id='word_1_164' title='bbox 424 1371 433 1387; x_wconf 94' lang='lat'><strong>‚</strong></span> <span class='ocrx_word' id='word_1_165' title='bbox 457 1355 525 1380; x_wconf 89' lang='lat' dir='ltr'><strong>nec</strong></span> <span class='ocrx_word' id='word_1_166' title='bbox 542 1344 691 1380; x_wconf 88' lang='lat' dir='ltr'><strong>nuditas</strong></span> <span class='ocrx_word' id='word_1_167' title='bbox 706 1372 715 1389; x_wconf 84' lang='lat'><strong>,</strong></span> <span class='ocrx_word' id='word_1_168' title='bbox 736 1356 804 1379; x_wconf 87' lang='lat' dir='ltr'><strong>nec</strong></span> <span class='ocrx_word' id='word_1_169' title='bbox 821 1343 966 1392; x_wconf 88' lang='lat' dir='ltr'><strong>gladius</strong></span> <span class='ocrx_word' id='word_1_170' title='bbox 980 1372 990 1388; x_wconf 88' lang='lat'><strong>,</strong></span> <span class='ocrx_word' id='word_1_171' title='bbox 1012 1356 1184 1392; x_wconf 87' lang='lat' dir='ltr'><strong>separare</strong></span> <span class='ocrx_word' id='word_1_172' title='bbox 1205 1352 1328 1393; x_wconf 87' lang='lat' dir='ltr'><strong>potest</strong></span> 
     </span>
     <span class='ocr_line' id='line_1_25' title="bbox 334 1401 1327 1451; baseline 0.001 -13"><span class='ocrx_word' id='word_1_173' title='bbox 334 1414 355 1437; x_wconf 90' lang='lat' dir='ltr'><strong>a</strong></span> <span class='ocrx_word' id='word_1_174' title='bbox 370 1402 547 1438; x_wconf 73' lang='lat' dir='ltr'><strong>charitate</strong></span> <span class='ocrx_word' id='word_1_175' title='bbox 565 1402 644 1438; x_wconf 85' lang='lat' dir='ltr'><strong>Dei.</strong></span> <span class='ocrx_word' id='word_1_176' title='bbox 662 1405 731 1438; x_wconf 90' lang='lat' dir='ltr'><strong>Tot</strong></span> <span class='ocrx_word' id='word_1_177' title='bbox 758 1401 996 1438; x_wconf 88' lang='lat' dir='ltr'><strong>credentibus</strong></span> <span class='ocrx_word' id='word_1_178' title='bbox 1020 1402 1168 1451; x_wconf 85' lang='lat' dir='ltr'><strong>populis</strong></span> <span class='ocrx_word' id='word_1_179' title='bbox 1191 1401 1327 1451; x_wconf 89' lang='lat' dir='ltr'><strong>objecti</strong></span> 
     </span>
     <span class='ocr_line' id='line_1_26' title="bbox 336 1461 1328 1510; baseline 0.002 -14"><span class='ocrx_word' id='word_1_180' title='bbox 336 1469 422 1496; x_wconf 85' lang='lat' dir='ltr'><strong>sunt</strong></span> <span class='ocrx_word' id='word_1_181' title='bbox 459 1461 585 1497; x_wconf 85' lang='lat' dir='ltr'><strong>obices</strong></span> <span class='ocrx_word' id='word_1_182' title='bbox 613 1461 894 1506; x_wconf 75' lang='lat' dir='ltr'><strong>scandalorum,</strong></span> <span class='ocrx_word' id='word_1_183' title='bbox 927 1468 981 1496; x_wconf 89' lang='lat' dir='ltr'><strong>tot</strong></span> <span class='ocrx_word' id='word_1_184' title='bbox 1009 1461 1190 1510; x_wconf 76' lang='lat' dir='ltr'><strong>oppositae</strong></span> <span class='ocrx_word' id='word_1_185' title='bbox 1213 1462 1328 1498; x_wconf 90' lang='lat' dir='ltr'><strong>moles</strong></span> 
     </span>
     <span class='ocr_line' id='line_1_27' title="bbox 339 1519 1328 1569; baseline 0.001 -14"><span class='ocrx_word' id='word_1_186' title='bbox 339 1529 635 1565; x_wconf 85' lang='lat' dir='ltr'><strong>tormentorum,</strong></span> <span class='ocrx_word' id='word_1_187' title='bbox 657 1528 693 1556; x_wconf 91' lang='lat' dir='ltr'><strong>et</strong></span> <span class='ocrx_word' id='word_1_188' title='bbox 713 1528 835 1556; x_wconf 89' lang='lat' dir='ltr'><strong>tamen</strong></span> <span class='ocrx_word' id='word_1_189' title='bbox 856 1532 1004 1569; x_wconf 90' lang='lat' dir='ltr'><strong>semper</strong></span> <span class='ocrx_word' id='word_1_190' title='bbox 1025 1519 1146 1556; x_wconf 83' lang='lat' dir='ltr'><strong>lluunt</strong></span> <span class='ocrx_word' id='word_1_191' title='bbox 1162 1533 1266 1569; x_wconf 82' lang='lat' dir='ltr'><strong>aquae</strong></span> <span class='ocrx_word' id='word_1_192' title='bbox 1282 1520 1328 1556; x_wconf 86' lang='lat' dir='ltr'><strong>de</strong></span> 
     </span>
     <span class='ocr_line' id='line_1_28' title="bbox 338 1576 1326 1629; baseline 0 -13"><span class='ocrx_word' id='word_1_193' title='bbox 338 1578 495 1616; x_wconf 88' lang='lat' dir='ltr'><strong>Libano.</strong></span> <span class='ocrx_word' id='word_1_194' title='bbox 523 1583 638 1628; x_wconf 66' lang='lat' dir='ltr'><strong>Aqua&gt;</strong></span> <span class='ocrx_word' id='word_1_195' title='bbox 657 1579 756 1615; x_wconf 89' lang='lat' dir='ltr'><strong>enim</strong></span> <span class='ocrx_word' id='word_1_196' title='bbox 779 1579 909 1628; x_wconf 87' lang='lat' dir='ltr'><strong>populi</strong></span> <span class='ocrx_word' id='word_1_197' title='bbox 930 1587 1017 1615; x_wconf 90' lang='lat' dir='ltr'><strong>sunt</strong></span> <span class='ocrx_word' id='word_1_198' title='bbox 1034 1576 1059 1614; x_wconf 85' lang='lat'><strong>³.</strong></span> <span class='ocrx_word' id='word_1_199' title='bbox 1093 1580 1215 1629; x_wconf 83' lang='lat' dir='ltr'><strong>Magni</strong></span> <span class='ocrx_word' id='word_1_200' title='bbox 1240 1579 1326 1616; x_wconf 92' lang='lat' dir='ltr'><strong>obi-</strong></span> 
     </span>
     <span class='ocr_line' id='line_1_29' title="bbox 335 1637 1324 1688; baseline 0.003 -16"><span class='ocrx_word' id='word_1_201' title='bbox 335 1651 414 1682; x_wconf 89' lang='lat' dir='ltr'><strong>ces,</strong></span> <span class='ocrx_word' id='word_1_202' title='bbox 437 1638 500 1675; x_wconf 87' lang='lat' dir='ltr'><strong>sed</strong></span> <span class='ocrx_word' id='word_1_203' title='bbox 524 1637 642 1687; x_wconf 86' lang='lat' dir='ltr'><strong>major</strong></span> <span class='ocrx_word' id='word_1_204' title='bbox 662 1638 832 1687; x_wconf 84' lang='lat' dir='ltr'><strong>impetus.</strong></span> <span class='ocrx_word' id='word_1_205' title='bbox 856 1637 892 1674; x_wconf 90' lang='lat' dir='ltr'><strong>Si</strong></span> <span class='ocrx_word' id='word_1_206' title='bbox 912 1637 1057 1674; x_wconf 90' lang='lat' dir='ltr'><strong>coneris</strong></span> <span class='ocrx_word' id='word_1_207' title='bbox 1076 1651 1324 1688; x_wconf 79' lang='lat' dir='ltr'><strong>compescere,</strong></span> 
     </span>
     <span class='ocr_line' id='line_1_30' title="bbox 335 1695 1327 1746; baseline 0.002 -15"><span class='ocrx_word' id='word_1_208' title='bbox 335 1697 420 1746; x_wconf 88' lang='lat' dir='ltr'><strong>plus</strong></span> <span class='ocrx_word' id='word_1_209' title='bbox 437 1696 622 1741; x_wconf 85' lang='lat' dir='ltr'><strong>increscit,</strong></span> <span class='ocrx_word' id='word_1_210' title='bbox 641 1704 677 1732; x_wconf 89' lang='lat' dir='ltr'><strong>et</strong></span> <span class='ocrx_word' id='word_1_211' title='bbox 694 1695 904 1745; x_wconf 84' lang='lat' dir='ltr'><strong>perrumpit</strong></span> <span class='ocrx_word' id='word_1_212' title='bbox 919 1695 1120 1732; x_wconf 89' lang='lat' dir='ltr'><strong>obstantia.</strong></span> <span class='ocrx_word' id='word_1_213' title='bbox 1140 1697 1327 1746; x_wconf 83' lang='lat' dir='ltr'><strong>Repulsus</strong></span> 
     </span>
    </p>
   </div>
   <div class='ocr_carea' id='block_1_10' title="bbox 1392 419 2379 429">
    <p class='ocr_par' dir='ltr' id='par_1_11' title="bbox 1392 419 2379 429">
     <span class='ocr_line' id='line_1_31' title="bbox 1392 419 2379 429; baseline 0 0"><span class='ocrx_word' id='word_1_214' title='bbox 1392 419 2379 429; x_wconf 49' lang='grc' dir='ltr'><strong>ιιιιιιιιιιιιιιιιιιιιιιιιιιιιιιιιιιιιιιιιιιιιιιιιιιιιιιιιιιιιιιιιιιιιιι</strong></span> 
     </span>
    </p>
   </div>
   <div class='ocr_carea' id='block_1_11' title="bbox 1564 545 2208 602">
    <p class='ocr_par' dir='ltr' id='par_1_12' title="bbox 1564 545 2208 602">
     <span class='ocr_line' id='line_1_32' title="bbox 1564 545 2208 602; baseline -0.008 -1"><span class='ocrx_word' id='word_1_215' title='bbox 1564 545 1818 602; x_wconf 79' lang='lat' dir='ltr'>SERMO</span> <span class='ocrx_word' id='word_1_216' title='bbox 1875 545 1923 600; x_wconf 86' lang='lat' dir='ltr'>X</span> <span class='ocrx_word' id='word_1_217' title='bbox 1936 545 1982 599; x_wconf 90' lang='lat' dir='ltr'><strong>X</strong></span> <span class='ocrx_word' id='word_1_218' title='bbox 1996 545 2208 600; x_wconf 85' lang='lat' dir='ltr'>XVIII.</span> 
     </span>
    </p>
   </div>
   <div class='ocr_carea' id='block_1_12' title="bbox 1390 682 2376 780">
    <p class='ocr_par' dir='ltr' id='par_1_13' title="bbox 1390 682 2376 780">
     <span class='ocr_line' id='line_1_33' title="bbox 1390 682 2376 728; baseline 0 -15"><span class='ocrx_word' id='word_1_219' title='bbox 1390 685 1505 727; x_wconf 68' lang='lat' dir='ltr'><strong>Surge,</strong></span> <span class='ocrx_word' id='word_1_220' title='bbox 1528 684 1656 728; x_wconf 74' lang='lat' dir='ltr'><strong>aquil‹›,·</strong></span> <span class='ocrx_word' id='word_1_221' title='bbox 1681 693 1710 715; x_wconf 83' lang='lat' dir='ltr'><strong>c!</strong></span> <span class='ocrx_word' id='word_1_222' title='bbox 1734 685 1826 720; x_wconf 62' lang='lat' dir='ltr'><strong>veui,</strong></span> <span class='ocrx_word' id='word_1_223' title='bbox 1852 691 1971 722; x_wconf 74' lang='lat' dir='ltr'><strong>simler,</strong></span> <span class='ocrx_word' id='word_1_224' title='bbox 1991 685 2094 728; x_wconf 72' lang='lat' dir='ltr'><strong>persta</strong></span> <span class='ocrx_word' id='word_1_225' title='bbox 2121 682 2241 714; x_wconf 75' lang='lat' dir='ltr'><strong>leorlmn</strong></span> <span class='ocrx_word' id='word_1_226' title='bbox 2267 693 2376 713; x_wconf 72' lang='lat' dir='ltr'><strong>&#39;nc-emi.</strong></span> 
     </span>
     <span class='ocr_line' id='line_1_34' title="bbox 1683 736 2085 780; baseline 0 -12"><span class='ocrx_word' id='word_1_227' title='bbox 1683 738 1801 769; x_wconf 70' lang='lat' dir='ltr'><strong>(lautic.</strong></span> <span class='ocrx_word' id='word_1_228' title='bbox 1819 749 1887 780; x_wconf 91' lang='lat' dir='ltr'><strong>cap.</strong></span> <span class='ocrx_word' id='word_1_229' title='bbox 1907 750 1951 776; x_wconf 79' lang='grc' dir='ltr'><strong>ιν,</strong></span> <span class='ocrx_word' id='word_1_230' title='bbox 1974 736 2011 773; x_wconf 56' lang='lat'><strong>5¹.</strong></span> <span class='ocrx_word' id='word_1_231' title='bbox 2035 741 2085 768; x_wconf 78' lang='grc'><strong>16.</strong></span> 
     </span>
    </p>
   </div>
   <div class='ocr_carea' id='block_1_13' title="bbox 1786 864 1993 878">
    <p class='ocr_par' dir='ltr' id='par_1_14' title="bbox 1786 864 1993 878">
     <span class='ocr_line' id='line_1_35' title="bbox 1786 864 1993 878; baseline -0.005 -2"><span class='ocrx_word' id='word_1_232' title='bbox 1786 870 1790 871; x_wconf 43' lang='lat'><em>⁷</em></span> <span class='ocrx_word' id='word_1_233' title='bbox 1802 864 1993 878; x_wconf 44' lang='lat' dir='ltr'><strong>*too-⁷&gt;—</strong></span> 
     </span>
    </p>
   </div>
   <div class='ocr_carea' id='block_1_14' title="bbox 1388 990 2383 1746">
    <p class='ocr_par' dir='ltr' id='par_1_15' title="bbox 1388 990 2383 1746">
     <span class='ocr_line' id='line_1_36' title="bbox 1449 990 2379 1038; baseline -0.001 -12"><span class='ocrx_word' id='word_1_234' title='bbox 1449 992 1478 1026; x_wconf 90' lang='grc'><strong>1.</strong></span> <span class='ocrx_word' id='word_1_235' title='bbox 1505 990 1729 1027; x_wconf 80' lang='lat' dir='ltr'><strong>Affectiones</strong></span> <span class='ocrx_word' id='word_1_236' title='bbox 1748 990 1874 1026; x_wconf 84' lang='lat' dir='ltr'><strong>dulces</strong></span> <span class='ocrx_word' id='word_1_237' title='bbox 1893 998 1929 1025; x_wconf 87' lang='lat' dir='ltr'><strong>et</strong></span> <span class='ocrx_word' id='word_1_238' title='bbox 1947 997 2082 1025; x_wconf 85' lang='lat' dir='ltr'><strong>sanctae</strong></span> <span class='ocrx_word' id='word_1_239' title='bbox 2097 1017 2107 1033; x_wconf 90' lang='lat'><strong>,</strong></span> <span class='ocrx_word' id='word_1_240' title='bbox 2128 996 2216 1024; x_wconf 90' lang='lat' dir='ltr'><strong>sunt</strong></span> <span class='ocrx_word' id='word_1_241' title='bbox 2233 1001 2379 1038; x_wconf 67' lang='lat' dir='ltr'><strong>spons-”e</strong></span> 
     </span>
     <span class='ocr_line' id='line_1_37' title="bbox 1388 1047 2380 1098; baseline -0.002 -13"><span class='ocrx_word' id='word_1_242' title='bbox 1388 1058 1567 1085; x_wconf 84' lang='lat' dir='ltr'><strong>aromata.</strong></span> <span class='ocrx_word' id='word_1_243' title='bbox 1590 1054 1678 1086; x_wconf 64' lang='lat' dir='ltr'><strong>IN&#39;am</strong></span> <span class='ocrx_word' id='word_1_244' title='bbox 1700 1050 1778 1098; x_wconf 87' lang='lat' dir='ltr'><strong>ipsa</strong></span> <span class='ocrx_word' id='word_1_245' title='bbox 1795 1058 1849 1085; x_wconf 86' lang='lat' dir='ltr'><strong>est</strong></span> <span class='ocrx_word' id='word_1_246' title='bbox 1864 1050 2008 1085; x_wconf 87' lang='lat' dir='ltr'><strong>hortus.</strong></span> <span class='ocrx_word' id='word_1_247' title='bbox 2029 1053 2166 1085; x_wconf 81' lang='lat' dir='ltr'><strong>Austro</strong></span> <span class='ocrx_word' id='word_1_248' title='bbox 2184 1047 2296 1083; x_wconf 81' lang='lat' dir='ltr'><strong>flante</strong></span> <span class='ocrx_word' id='word_1_249' title='bbox 2313 1048 2380 1084; x_wconf 89' lang='lat' dir='ltr'><strong>ista</strong></span> 
     </span>
     <span class='ocr_line' id='line_1_38' title="bbox 1391 1106 2380 1157; baseline -0.001 -14"><span class='ocrx_word' id='word_1_250' title='bbox 1391 1109 1511 1144; x_wconf 80' lang='lat' dir='ltr'><strong>fluunt</strong></span> <span class='ocrx_word' id='word_1_251' title='bbox 1540 1110 1576 1144; x_wconf 92' lang='lat' dir='ltr'><strong>in</strong></span> <span class='ocrx_word' id='word_1_252' title='bbox 1615 1109 1764 1145; x_wconf 83' lang='lat' dir='ltr'><strong>delicias</strong></span> <span class='ocrx_word' id='word_1_253' title='bbox 1797 1108 1948 1157; x_wconf 87' lang='lat' dir='ltr'><strong>sponsi,</strong></span> <span class='ocrx_word' id='word_1_254' title='bbox 1983 1107 2046 1143; x_wconf 90' lang='lat' dir='ltr'><strong>sed</strong></span> <span class='ocrx_word' id='word_1_255' title='bbox 2088 1107 2274 1155; x_wconf 88' lang='lat' dir='ltr'><strong>aquilonis</strong></span> <span class='ocrx_word' id='word_1_256' title='bbox 2302 1106 2380 1143; x_wconf 75' lang='lat' dir='ltr'><strong>lia-c</strong></span> 
     </span>
     <span class='ocr_line' id='line_1_39' title="bbox 1391 1164 2379 1216; baseline -0.003 -14"><span class='ocrx_word' id='word_1_257' title='bbox 1391 1166 1525 1203; x_wconf 91' lang='lat' dir='ltr'><strong>iterum</strong></span> <span class='ocrx_word' id='word_1_258' title='bbox 1560 1167 1796 1203; x_wconf 85' lang='lat' dir='ltr'><strong>inclementia</strong></span> <span class='ocrx_word' id='word_1_259' title='bbox 1831 1167 1937 1203; x_wconf 75' lang='lat' dir='ltr'><strong>sistit.</strong></span> <span class='ocrx_word' id='word_1_260' title='bbox 1983 1165 2153 1216; x_wconf 80' lang='lat' dir='ltr'><strong>Frigidus</strong></span> <span class='ocrx_word' id='word_1_261' title='bbox 2188 1173 2244 1201; x_wconf 91' lang='lat' dir='ltr'><strong>est</strong></span> <span class='ocrx_word' id='word_1_262' title='bbox 2279 1164 2379 1200; x_wconf 91' lang='lat' dir='ltr'><strong>enim</strong></span> 
     </span>
     <span class='ocr_line' id='line_1_40' title="bbox 1391 1225 2380 1275; baseline -0.005 -12"><span class='ocrx_word' id='word_1_263' title='bbox 1391 1235 1527 1263; x_wconf 89' lang='lat' dir='ltr'><strong>ventus</strong></span> <span class='ocrx_word' id='word_1_264' title='bbox 1549 1227 1699 1275; x_wconf 91' lang='lat' dir='ltr'><strong>aquilo,</strong></span> <span class='ocrx_word' id='word_1_265' title='bbox 1718 1235 1755 1262; x_wconf 89' lang='lat' dir='ltr'><strong>ct</strong></span> <span class='ocrx_word' id='word_1_266' title='bbox 1775 1225 1820 1262; x_wconf 91' lang='lat' dir='ltr'><strong>ad</strong></span> <span class='ocrx_word' id='word_1_267' title='bbox 1847 1226 1972 1261; x_wconf 71' lang='lat' dir='ltr'><strong>ilatum</strong></span> <span class='ocrx_word' id='word_1_268' title='bbox 1994 1226 2075 1273; x_wconf 82' lang='lat' dir='ltr'><strong>ejus</strong></span> <span class='ocrx_word' id='word_1_269' title='bbox 2101 1231 2265 1260; x_wconf 86' lang='lat' dir='ltr'><strong>aromata</strong></span> <span class='ocrx_word' id='word_1_270' title='bbox 2289 1235 2380 1259; x_wconf 90' lang='lat' dir='ltr'><strong>cou-</strong></span> 
     </span>
     <span class='ocr_line' id='line_1_41' title="bbox 1390 1281 2381 1334; baseline -0.005 -13"><span class='ocrx_word' id='word_1_271' title='bbox 1390 1285 1572 1334; x_wconf 90' lang='lat' dir='ltr'><strong>gelantnr.</strong></span> <span class='ocrx_word' id='word_1_272' title='bbox 1591 1284 1791 1332; x_wconf 84' lang='lat' dir='ltr'><strong>Quamdiu,</strong></span> <span class='ocrx_word' id='word_1_273' title='bbox 1810 1284 1984 1327; x_wconf 79' lang='lat' dir='ltr'><strong>Domine,</strong></span> <span class='ocrx_word' id='word_1_274' title='bbox 2007 1282 2240 1319; x_wconf 83' lang='lat' dir='ltr'><strong>adversitatis</strong></span> <span class='ocrx_word' id='word_1_275' title='bbox 2254 1281 2381 1330; x_wconf 89' lang='lat' dir='ltr'><strong>aquilo</strong></span> 
     </span>
     <span class='ocr_line' id='line_1_42' title="bbox 1393 1339 2381 1393; baseline -0.002 -14"><span class='ocrx_word' id='word_1_276' title='bbox 1393 1344 1562 1393; x_wconf 79' lang='lat' dir='ltr'><strong>regiones</strong></span> <span class='ocrx_word' id='word_1_277' title='bbox 1597 1352 1742 1380; x_wconf 90' lang='lat' dir='ltr'><strong>nostras</strong></span> <span class='ocrx_word' id='word_1_278' title='bbox 1781 1344 1954 1393; x_wconf 82' lang='lat' dir='ltr'><strong>premet?</strong></span> <span class='ocrx_word' id='word_1_279' title='bbox 1976 1342 2155 1391; x_wconf 77' lang='lat' dir='ltr'><strong>quaindiu</strong></span> <span class='ocrx_word' id='word_1_280' title='bbox 2188 1339 2381 1378; x_wconf 84' lang='lat' dir='ltr'><strong>incumbet</strong></span> 
     </span>
     <span class='ocr_line' id='line_1_43' title="bbox 1393 1401 2381 1452; baseline -0.003 -14"><span class='ocrx_word' id='word_1_281' title='bbox 1393 1403 1552 1439; x_wconf 82' lang='lat' dir='ltr'><strong>hortulis</strong></span> <span class='ocrx_word' id='word_1_282' title='bbox 1589 1403 1749 1439; x_wconf 79' lang='lat' dir='ltr'><strong>nostris?</strong></span> <span class='ocrx_word' id='word_1_283' title='bbox 1784 1403 1985 1452; x_wconf 90' lang='lat' dir='ltr'><strong>quamdiu,</strong></span> <span class='ocrx_word' id='word_1_284' title='bbox 2016 1406 2104 1438; x_wconf 85' lang='lat' dir='ltr'><strong>Jcsu</strong></span> <span class='ocrx_word' id='word_1_285' title='bbox 2132 1401 2256 1447; x_wconf 87' lang='lat' dir='ltr'><strong>bone,</strong></span> <span class='ocrx_word' id='word_1_286' title='bbox 2288 1413 2381 1436; x_wconf 88' lang='lat' dir='ltr'><strong>con-</strong></span> 
     </span>
     <span class='ocr_line' id='line_1_44' title="bbox 1393 1460 2379 1511; baseline -0.003 -13"><span class='ocrx_word' id='word_1_287' title='bbox 1393 1462 1548 1511; x_wconf 82' lang='lat' dir='ltr'><strong>stringet</strong></span> <span class='ocrx_word' id='word_1_288' title='bbox 1570 1470 1734 1498; x_wconf 80' lang='lat' dir='ltr'><strong>aromata</strong></span> <span class='ocrx_word' id='word_1_289' title='bbox 1754 1470 1882 1498; x_wconf 89' lang='lat' dir='ltr'><strong>nostra</strong></span> <span class='ocrx_word' id='word_1_290' title='bbox 1902 1461 2001 1510; x_wconf 81' lang='lat' dir='ltr'><strong>rigor</strong></span> <span class='ocrx_word' id='word_1_291' title='bbox 2015 1460 2230 1509; x_wconf 81' lang='lat' dir='ltr'><strong>aquilonis?</strong></span> <span class='ocrx_word' id='word_1_292' title='bbox 2251 1464 2379 1504; x_wconf 85' lang='lat' dir='ltr'><strong>Parce,</strong></span> 
     </span>
     <span class='ocr_line' id='line_1_45' title="bbox 1394 1519 2382 1571; baseline -0.003 -14"><span class='ocrx_word' id='word_1_293' title='bbox 1394 1522 1576 1567; x_wconf 86' lang='lat' dir='ltr'><strong>Domine,</strong></span> <span class='ocrx_word' id='word_1_294' title='bbox 1601 1534 1712 1571; x_wconf 90' lang='lat' dir='ltr'><strong>parce</strong></span> <span class='ocrx_word' id='word_1_295' title='bbox 1745 1521 1792 1557; x_wconf 88' lang='lat' dir='ltr'><strong>ab</strong></span> <span class='ocrx_word' id='word_1_296' title='bbox 1825 1520 2002 1570; x_wconf 89' lang='lat' dir='ltr'><strong>aquilone</strong></span> <span class='ocrx_word' id='word_1_297' title='bbox 2021 1533 2168 1570; x_wconf 85' lang='lat' dir='ltr'><strong>sponsae</strong></span> <span class='ocrx_word' id='word_1_298' title='bbox 2192 1527 2278 1557; x_wconf 82' lang='lat' dir='ltr'><strong>tuae.</strong></span> <span class='ocrx_word' id='word_1_299' title='bbox 2309 1519 2382 1555; x_wconf 89' lang='lat' dir='ltr'><strong>Diu</strong></span> 
     </span>
     <span class='ocr_line' id='line_1_46' title="bbox 1394 1576 2383 1630; baseline -0.003 -14"><span class='ocrx_word' id='word_1_300' title='bbox 1394 1581 1574 1629; x_wconf 88' lang='lat' dir='ltr'><strong>estquod</strong></span> <span class='ocrx_word' id='word_1_301' title='bbox 1605 1589 1732 1630; x_wconf 88' lang='lat' dir='ltr'><strong>urget,</strong></span> <span class='ocrx_word' id='word_1_302' title='bbox 1765 1580 1866 1630; x_wconf 89' lang='lat' dir='ltr'><strong>quod</strong></span> <span class='ocrx_word' id='word_1_303' title='bbox 1899 1580 2063 1629; x_wconf 85' lang='lat' dir='ltr'><strong>premit,</strong></span> <span class='ocrx_word' id='word_1_304' title='bbox 2095 1579 2198 1628; x_wconf 90' lang='lat' dir='ltr'><strong>quod</strong></span> <span class='ocrx_word' id='word_1_305' title='bbox 2231 1576 2383 1614; x_wconf 88' lang='lat' dir='ltr'><strong>incubat</strong></span> 
     </span>
     <span class='ocr_line' id='line_1_47' title="bbox 1393 1637 2383 1687; baseline -0.002 -13"><span class='ocrx_word' id='word_1_306' title='bbox 1393 1638 1544 1687; x_wconf 88' lang='lat' dir='ltr'><strong>spiritus</strong></span> <span class='ocrx_word' id='word_1_307' title='bbox 1567 1638 1625 1674; x_wconf 90' lang='lat' dir='ltr'><strong>hic</strong></span> <span class='ocrx_word' id='word_1_308' title='bbox 1645 1638 1761 1674; x_wconf 86' lang='lat' dir='ltr'><strong>durus</strong></span> <span class='ocrx_word' id='word_1_309' title='bbox 1784 1647 1820 1674; x_wconf 89' lang='lat' dir='ltr'><strong>et</strong></span> <span class='ocrx_word' id='word_1_310' title='bbox 1850 1638 2063 1675; x_wconf 86' lang='lat' dir='ltr'><strong>vehemens.</strong></span> <span class='ocrx_word' id='word_1_311' title='bbox 2094 1637 2286 1675; x_wconf 87' lang='lat' dir='ltr'><strong>Cumulata</strong></span> <span class='ocrx_word' id='word_1_312' title='bbox 2314 1649 2383 1673; x_wconf 88' lang='lat' dir='ltr'><strong>nos</strong></span> 
     </span>
     <span class='ocr_line' id='line_1_48' title="bbox 1394 1695 2382 1746; baseline -0.001 -14"><span class='ocrx_word' id='word_1_313' title='bbox 1394 1697 1560 1745; x_wconf 88' lang='lat' dir='ltr'><strong>undique</strong></span> <span class='ocrx_word' id='word_1_314' title='bbox 1577 1697 1713 1746; x_wconf 87' lang='lat' dir='ltr'><strong>premit</strong></span> <span class='ocrx_word' id='word_1_315' title='bbox 1730 1696 1946 1733; x_wconf 83' lang='lat' dir='ltr'><strong>adversitas.</strong></span> <span class='ocrx_word' id='word_1_316' title='bbox 1968 1696 2036 1733; x_wconf 87' lang='lat' dir='ltr'><strong>Dic</strong></span> <span class='ocrx_word' id='word_1_317' title='bbox 2058 1696 2092 1732; x_wconf 89' lang='lat' dir='ltr'><strong>ei</strong></span> <span class='ocrx_word' id='word_1_318' title='bbox 2105 1725 2114 1742; x_wconf 95' lang='lat'><strong>,</strong></span> <span class='ocrx_word' id='word_1_319' title='bbox 2135 1695 2298 1732; x_wconf 85' lang='lat' dir='ltr'><strong>Domine</strong></span> <span class='ocrx_word' id='word_1_320' title='bbox 2313 1724 2322 1741; x_wconf 93' lang='lat'><strong>,</strong></span> <span class='ocrx_word' id='word_1_321' title='bbox 2341 1703 2382 1731; x_wconf 89' lang='lat' dir='ltr'><strong>ut</strong></span> 
     </span>
    </p>
   </div>
   <div class='ocr_carea' id='block_1_15' title="bbox 334 1754 2378 1806">
    <p class='ocr_par' dir='ltr' id='par_1_16' title="bbox 334 1754 2378 1806">
     <span class='ocr_line' id='line_1_49' title="bbox 334 1754 2378 1806; baseline -0.001 -14"><span class='ocrx_word' id='word_1_322' title='bbox 334 1755 501 1806; x_wconf 82' lang='lat' dir='ltr'><strong>exsurgit</strong></span> <span class='ocrx_word' id='word_1_323' title='bbox 529 1755 567 1792; x_wconf 92' lang='lat' dir='ltr'><strong>in</strong></span> <span class='ocrx_word' id='word_1_324' title='bbox 604 1755 816 1800; x_wconf 89' lang='lat' dir='ltr'><strong>cumulum,</strong></span> <span class='ocrx_word' id='word_1_325' title='bbox 854 1763 890 1790; x_wconf 88' lang='lat' dir='ltr'><strong>et</strong></span> <span class='ocrx_word' id='word_1_326' title='bbox 924 1754 1193 1804; x_wconf 89' lang='lat' dir='ltr'><strong>impedimento</strong></span> <span class='ocrx_word' id='word_1_327' title='bbox 1226 1756 1326 1792; x_wconf 88' lang='lat' dir='ltr'><strong>lucra</strong></span> <span class='ocrx_word' id='word_1_328' title='bbox 1350 1758 1548 1804; x_wconf 80' lang='lat' dir='ltr'><strong>Csurgat,</strong></span> <span class='ocrx_word' id='word_1_329' title='bbox 1579 1764 1620 1792; x_wconf 93' lang='lat' dir='ltr'><strong>ut</strong></span> <span class='ocrx_word' id='word_1_330' title='bbox 1639 1755 1766 1800; x_wconf 86' lang='lat' dir='ltr'><strong>cedat,</strong></span> <span class='ocrx_word' id='word_1_331' title='bbox 1800 1764 1840 1791; x_wconf 89' lang='lat' dir='ltr'><strong>ut</strong></span> <span class='ocrx_word' id='word_1_332' title='bbox 1868 1755 1964 1791; x_wconf 87' lang='lat' dir='ltr'><strong>sinat</strong></span> <span class='ocrx_word' id='word_1_333' title='bbox 1995 1756 2117 1791; x_wconf 89' lang='lat' dir='ltr'><strong>locum</strong></span> <span class='ocrx_word' id='word_1_334' title='bbox 2146 1767 2226 1792; x_wconf 82' lang='lat' dir='ltr'><strong>esse</strong></span> <span class='ocrx_word' id='word_1_335' title='bbox 2258 1754 2378 1803; x_wconf 84' lang='lat' dir='ltr'><strong>respi—</strong></span> 
     </span>
    </p>
   </div>
   <div class='ocr_carea' id='block_1_16' title="bbox 334 1813 1329 2512">
    <p class='ocr_par' dir='ltr' id='par_1_17' title="bbox 334 1813 1329 2512">
     <span class='ocr_line' id='line_1_50' title="bbox 335 1813 1328 1864; baseline 0.001 -13"><span class='ocrx_word' id='word_1_336' title='bbox 335 1816 584 1864; x_wconf 87' lang='lat' dir='ltr'><strong>conquirens,</strong></span> <span class='ocrx_word' id='word_1_337' title='bbox 610 1827 649 1851; x_wconf 90' lang='lat' dir='ltr'><strong>se</strong></span> <span class='ocrx_word' id='word_1_338' title='bbox 677 1813 855 1850; x_wconf 74' lang='lat' dir='ltr'><strong>diffundit</strong></span> <span class='ocrx_word' id='word_1_339' title='bbox 883 1813 1048 1850; x_wconf 91' lang='lat' dir='ltr'><strong>uberius.</strong></span> <span class='ocrx_word' id='word_1_340' title='bbox 1082 1817 1182 1850; x_wconf 91' lang='lat' dir='ltr'><strong>Puro</strong></span> <span class='ocrx_word' id='word_1_341' title='bbox 1210 1815 1328 1852; x_wconf 88' lang='lat' dir='ltr'><strong>amori</strong></span> 
     </span>
     <span class='ocr_line' id='line_1_51' title="bbox 334 1872 1328 1924; baseline -0.001 -13"><span class='ocrx_word' id='word_1_342' title='bbox 334 1875 445 1911; x_wconf 90' lang='lat' dir='ltr'><strong>etiam</strong></span> <span class='ocrx_word' id='word_1_343' title='bbox 463 1874 532 1924; x_wconf 87' lang='lat' dir='ltr'><strong>ipsi</strong></span> <span class='ocrx_word' id='word_1_344' title='bbox 549 1873 676 1910; x_wconf 88' lang='lat' dir='ltr'><strong>obices</strong></span> <span class='ocrx_word' id='word_1_345' title='bbox 694 1881 945 1922; x_wconf 84' lang='lat' dir='ltr'><strong>cooperantur</strong></span> <span class='ocrx_word' id='word_1_346' title='bbox 966 1873 1003 1908; x_wconf 91' lang='lat' dir='ltr'><strong>in</strong></span> <span class='ocrx_word' id='word_1_347' title='bbox 1024 1872 1165 1909; x_wconf 91' lang='lat' dir='ltr'><strong>bonnm</strong></span> <span class='ocrx_word' id='word_1_348' title='bbox 1181 1901 1190 1919; x_wconf 94' lang='lat'><strong>,</strong></span> <span class='ocrx_word' id='word_1_349' title='bbox 1217 1883 1253 1910; x_wconf 91' lang='lat' dir='ltr'><strong>et</strong></span> <span class='ocrx_word' id='word_1_350' title='bbox 1270 1875 1328 1910; x_wconf 92' lang='lat' dir='ltr'><strong>in-</strong></span> 
     </span>
     <span class='ocr_line' id='line_1_52' title="bbox 336 1931 1327 1981; baseline 0.002 -13"><span class='ocrx_word' id='word_1_351' title='bbox 336 1941 524 1968; x_wconf 86' lang='lat' dir='ltr'><strong>crementa</strong></span> <span class='ocrx_word' id='word_1_352' title='bbox 540 1932 638 1981; x_wconf 87' lang='lat' dir='ltr'><strong>capit</strong></span> <span class='ocrx_word' id='word_1_353' title='bbox 654 1940 788 1968; x_wconf 81' lang='lat' dir='ltr'><strong>vexata</strong></span> <span class='ocrx_word' id='word_1_354' title='bbox 803 1932 922 1968; x_wconf 74' lang='lat' dir='ltr'><strong>virtus</strong></span> <span class='ocrx_word' id='word_1_355' title='bbox 938 1931 1098 1980; x_wconf 91' lang='lat' dir='ltr'><strong>injuriis.</strong></span> <span class='ocrx_word' id='word_1_356' title='bbox 1120 1936 1252 1969; x_wconf 88' lang='lat' dir='ltr'><strong>Nonne</strong></span> <span class='ocrx_word' id='word_1_357' title='bbox 1270 1947 1327 1970; x_wconf 93' lang='lat' dir='ltr'><strong>me</strong></span> 
     </span>
     <span class='ocr_line' id='line_1_53' title="bbox 335 1990 1327 2039; baseline -0.001 -12"><span class='ocrx_word' id='word_1_358' title='bbox 335 1990 468 2027; x_wconf 85' lang='lat' dir='ltr'><strong>silente</strong></span> <span class='ocrx_word' id='word_1_359' title='bbox 495 1991 562 2027; x_wconf 88' lang='lat' dir='ltr'><strong>ista</strong></span> <span class='ocrx_word' id='word_1_360' title='bbox 591 1998 749 2039; x_wconf 87' lang='lat' dir='ltr'><strong>possunt</strong></span> <span class='ocrx_word' id='word_1_361' title='bbox 778 1998 975 2039; x_wconf 85' lang='lat' dir='ltr'><strong>percutere</strong></span> <span class='ocrx_word' id='word_1_362' title='bbox 994 1990 1241 2028; x_wconf 85' lang='lat' dir='ltr'><strong>conscientias</strong></span> <span class='ocrx_word' id='word_1_363' title='bbox 1259 2004 1327 2028; x_wconf 91' lang='lat' dir='ltr'><strong>eo-</strong></span> 
     </span>
     <span class='ocr_line' id='line_1_54' title="bbox 335 2049 1327 2098; baseline 0.002 -13"><span class='ocrx_word' id='word_1_364' title='bbox 335 2062 439 2095; x_wconf 81' lang='lat' dir='ltr'><strong>rum,</strong></span> <span class='ocrx_word' id='word_1_365' title='bbox 461 2063 622 2098; x_wconf 89' lang='lat' dir='ltr'><strong>qnorum</strong></span> <span class='ocrx_word' id='word_1_366' title='bbox 653 2061 758 2085; x_wconf 89' lang='lat' dir='ltr'><strong>amor</strong></span> <span class='ocrx_word' id='word_1_367' title='bbox 788 2049 939 2085; x_wconf 84' lang='lat' dir='ltr'><strong>incertis</strong></span> <span class='ocrx_word' id='word_1_368' title='bbox 973 2057 1010 2085; x_wconf 90' lang='lat' dir='ltr'><strong>et</strong></span> <span class='ocrx_word' id='word_1_369' title='bbox 1041 2050 1131 2086; x_wconf 86' lang='lat' dir='ltr'><strong>locis</strong></span> <span class='ocrx_word' id='word_1_370' title='bbox 1154 2058 1192 2086; x_wconf 92' lang='lat' dir='ltr'><strong>et</strong></span> <span class='ocrx_word' id='word_1_371' title='bbox 1223 2051 1327 2088; x_wconf 85' lang='lat' dir='ltr'><strong>horis</strong></span> 
     </span>
     <span class='ocr_line' id='line_1_55' title="bbox 336 2108 1325 2159; baseline 0.002 -15"><span class='ocrx_word' id='word_1_372' title='bbox 336 2108 441 2154; x_wconf 81' lang='lat' dir='ltr'><strong>fluit3</strong></span> <span class='ocrx_word' id='word_1_373' title='bbox 461 2109 526 2157; x_wconf 91' lang='lat' dir='ltr'><strong>qui</strong></span> <span class='ocrx_word' id='word_1_374' title='bbox 566 2108 718 2156; x_wconf 88' lang='lat' dir='ltr'><strong>quidem</strong></span> <span class='ocrx_word' id='word_1_375' title='bbox 752 2108 797 2144; x_wconf 90' lang='lat' dir='ltr'><strong>ad</strong></span> <span class='ocrx_word' id='word_1_376' title='bbox 832 2116 978 2157; x_wconf 90' lang='lat' dir='ltr'><strong>tempus</strong></span> <span class='ocrx_word' id='word_1_377' title='bbox 1005 2109 1189 2159; x_wconf 86' lang='lat' dir='ltr'><strong>diligunt,</strong></span> <span class='ocrx_word' id='word_1_378' title='bbox 1217 2118 1254 2146; x_wconf 88' lang='lat' dir='ltr'><strong>et</strong></span> <span class='ocrx_word' id='word_1_379' title='bbox 1286 2111 1325 2146; x_wconf 91' lang='lat' dir='ltr'><strong>in</strong></span> 
     </span>
     <span class='ocr_line' id='line_1_56' title="bbox 335 2166 1325 2216; baseline 0.002 -13"><span class='ocrx_word' id='word_1_380' title='bbox 335 2175 504 2216; x_wconf 86' lang='lat' dir='ltr'><strong>tempore</strong></span> <span class='ocrx_word' id='word_1_381' title='bbox 528 2166 779 2203; x_wconf 86' lang='lat' dir='ltr'><strong>tribulationis</strong></span> <span class='ocrx_word' id='word_1_382' title='bbox 801 2167 1004 2202; x_wconf 83' lang='lat' dir='ltr'><strong>recedunt?</strong></span> <span class='ocrx_word' id='word_1_383' title='bbox 1027 2168 1125 2214; x_wconf 81' lang='lat' dir='ltr'><strong>Quid</strong></span> <span class='ocrx_word' id='word_1_384' title='bbox 1146 2168 1230 2203; x_wconf 88' lang='lat' dir='ltr'><strong>dico</strong></span> <span class='ocrx_word' id='word_1_385' title='bbox 1259 2168 1325 2205; x_wconf 89' lang='lat' dir='ltr'><strong>tri-</strong></span> 
     </span>
     <span class='ocr_line' id='line_1_57' title="bbox 337 2225 1326 2273; baseline 0.001 -11"><span class='ocrx_word' id='word_1_386' title='bbox 337 2226 561 2262; x_wconf 84' lang='lat' dir='ltr'><strong>bulationis?</strong></span> <span class='ocrx_word' id='word_1_387' title='bbox 581 2226 698 2262; x_wconf 88' lang='lat' dir='ltr'><strong>Etiam</strong></span> <span class='ocrx_word' id='word_1_388' title='bbox 730 2225 873 2273; x_wconf 75' lang='lat' dir='ltr'><strong>exiguae</strong></span> <span class='ocrx_word' id='word_1_389' title='bbox 905 2234 941 2261; x_wconf 93' lang='lat' dir='ltr'><strong>et</strong></span> <span class='ocrx_word' id='word_1_390' title='bbox 961 2225 1085 2261; x_wconf 79' lang='lat' dir='ltr'><strong>dubiae</strong></span> <span class='ocrx_word' id='word_1_391' title='bbox 1111 2226 1326 2264; x_wconf 88' lang='lat' dir='ltr'><strong>tentationis</strong></span> 
     </span>
     <span class='ocr_line' id='line_1_58' title="bbox 337 2283 1325 2334; baseline 0 -13"><span class='ocrx_word' id='word_1_392' title='bbox 337 2298 527 2333; x_wconf 89' lang='lat' dir='ltr'><strong>nunquam</strong></span> <span class='ocrx_word' id='word_1_393' title='bbox 546 2285 702 2329; x_wconf 90' lang='lat' dir='ltr'><strong>molem,</strong></span> <span class='ocrx_word' id='word_1_394' title='bbox 721 2284 785 2320; x_wconf 89' lang='lat' dir='ltr'><strong>sed</strong></span> <span class='ocrx_word' id='word_1_395' title='bbox 806 2283 950 2320; x_wconf 82' lang='lat' dir='ltr'><strong>obicem</strong></span> <span class='ocrx_word' id='word_1_396' title='bbox 970 2285 1081 2334; x_wconf 89' lang='lat' dir='ltr'><strong>passi,</strong></span> <span class='ocrx_word' id='word_1_397' title='bbox 1101 2285 1204 2321; x_wconf 87' lang='lat' dir='ltr'><strong>facile</strong></span> <span class='ocrx_word' id='word_1_398' title='bbox 1223 2299 1325 2322; x_wconf 92' lang='lat' dir='ltr'><strong>com-</strong></span> 
     </span>
     <span class='ocr_line' id='line_1_59' title="bbox 339 2343 1326 2394; baseline 0.001 -14"><span class='ocrx_word' id='word_1_399' title='bbox 339 2352 542 2394; x_wconf 87' lang='lat' dir='ltr'><strong>pescuntur</strong></span> <span class='ocrx_word' id='word_1_400' title='bbox 560 2371 570 2389; x_wconf 93' lang='lat'><strong>,</strong></span> <span class='ocrx_word' id='word_1_401' title='bbox 589 2352 625 2379; x_wconf 92' lang='lat' dir='ltr'><strong>et</strong></span> <span class='ocrx_word' id='word_1_402' title='bbox 645 2343 786 2379; x_wconf 68' lang='lat' dir='ltr'><strong>reflexo</strong></span> <span class='ocrx_word' id='word_1_403' title='bbox 807 2344 1000 2392; x_wconf 90' lang='lat' dir='ltr'><strong>proposito</strong></span> <span class='ocrx_word' id='word_1_404' title='bbox 1017 2344 1159 2393; x_wconf 88' lang='lat' dir='ltr'><strong>impetu</strong></span> <span class='ocrx_word' id='word_1_405' title='bbox 1180 2345 1326 2381; x_wconf 88' lang='lat' dir='ltr'><strong>irrevo-</strong></span> 
     </span>
     <span class='ocr_line' id='line_1_60' title="bbox 339 2402 1328 2452; baseline 0.002 -14"><span class='ocrx_word' id='word_1_406' title='bbox 339 2402 449 2439; x_wconf 85' lang='lat' dir='ltr'><strong>cabili</strong></span> <span class='ocrx_word' id='word_1_407' title='bbox 469 2403 514 2439; x_wconf 91' lang='lat' dir='ltr'><strong>ad</strong></span> <span class='ocrx_word' id='word_1_408' title='bbox 534 2402 720 2439; x_wconf 75' lang='lat' dir='ltr'><strong>saecutaria</strong></span> <span class='ocrx_word' id='word_1_409' title='bbox 742 2411 866 2438; x_wconf 85' lang='lat' dir='ltr'><strong>ruunt.</strong></span> <span class='ocrx_word' id='word_1_410' title='bbox 889 2403 924 2439; x_wconf 83' lang='lat' dir='ltr'><strong>Si</strong></span> <span class='ocrx_word' id='word_1_411' title='bbox 946 2403 1202 2440; x_wconf 86' lang='lat' dir='ltr'><strong>inclamaveris</strong></span> <span class='ocrx_word' id='word_1_412' title='bbox 1219 2403 1328 2452; x_wconf 86' lang='lat' dir='ltr'><strong>juxta</strong></span> 
     </span>
     <span class='ocr_line' id='line_1_61' title="bbox 341 2461 1329 2512; baseline 0.002 -15"><span class='ocrx_word' id='word_1_413' title='bbox 341 2462 584 2512; x_wconf 86' lang='lat' dir='ltr'><strong>prophetam,</strong></span> <span class='ocrx_word' id='word_1_414' title='bbox 606 2464 727 2506; x_wconf 73' lang='lat' dir='ltr'><strong>State,</strong></span> <span class='ocrx_word' id='word_1_415' title='bbox 754 2461 902 2505; x_wconf 69' lang='lat' dir='ltr'><strong>.s·tate¹&#39;·;</strong></span> <span class='ocrx_word' id='word_1_416' title='bbox 926 2474 1001 2497; x_wconf 93' lang='lat' dir='ltr'><strong>non</strong></span> <span class='ocrx_word' id='word_1_417' title='bbox 1030 2470 1085 2499; x_wconf 91' lang='lat' dir='ltr'><strong>est</strong></span> <span class='ocrx_word' id='word_1_418' title='bbox 1112 2462 1176 2511; x_wconf 93' lang='lat' dir='ltr'><strong>qui</strong></span> <span class='ocrx_word' id='word_1_419' title='bbox 1202 2475 1329 2499; x_wconf 87' lang='lat' dir='ltr'><strong>rever-</strong></span> 
     </span>
    </p>
   </div>
   <div class='ocr_carea' id='block_1_17' title="bbox 1390 1813 2384 2510">
    <p class='ocr_par' dir='ltr' id='par_1_18' title="bbox 1390 1813 2384 2510">
     <span class='ocr_line' id='line_1_62' title="bbox 1394 1813 2381 1863; baseline -0.001 -14"><span class='ocrx_word' id='word_1_420' title='bbox 1394 1813 1516 1850; x_wconf 87' lang='lat' dir='ltr'><strong>randi.</strong></span> <span class='ocrx_word' id='word_1_421' title='bbox 1539 1814 1741 1850; x_wconf 86' lang='lat' dir='ltr'><strong>Infortunii</strong></span> <span class='ocrx_word' id='word_1_422' title='bbox 1762 1822 1962 1863; x_wconf 89' lang='lat' dir='ltr'><strong>paupertas</strong></span> <span class='ocrx_word' id='word_1_423' title='bbox 1992 1814 2127 1851; x_wconf 85' lang='lat' dir='ltr'><strong>sterilis</strong></span> <span class='ocrx_word' id='word_1_424' title='bbox 2143 1822 2215 1859; x_wconf 90' lang='lat' dir='ltr'><strong>est,</strong></span> <span class='ocrx_word' id='word_1_425' title='bbox 2241 1821 2277 1849; x_wconf 86' lang='lat' dir='ltr'><strong>et</strong></span> <span class='ocrx_word' id='word_1_426' title='bbox 2299 1826 2381 1862; x_wconf 87' lang='lat' dir='ltr'><strong>gra-</strong></span> 
     </span>
     <span class='ocr_line' id='line_1_63' title="bbox 1394 1872 2382 1921; baseline 0 -14"><span class='ocrx_word' id='word_1_427' title='bbox 1394 1885 1457 1908; x_wconf 87' lang='lat' dir='ltr'><strong>ves</strong></span> <span class='ocrx_word' id='word_1_428' title='bbox 1481 1872 1647 1921; x_wconf 88' lang='lat' dir='ltr'><strong>undique</strong></span> <span class='ocrx_word' id='word_1_429' title='bbox 1669 1872 1830 1921; x_wconf 90' lang='lat' dir='ltr'><strong>parturit</strong></span> <span class='ocrx_word' id='word_1_430' title='bbox 1849 1885 1967 1908; x_wconf 88' lang='lat' dir='ltr'><strong>casus.</strong></span> <span class='ocrx_word' id='word_1_431' title='bbox 2000 1875 2072 1908; x_wconf 82' lang='lat' dir='ltr'><strong>Res</strong></span> <span class='ocrx_word' id='word_1_432' title='bbox 2097 1872 2255 1908; x_wconf 85' lang='lat' dir='ltr'><strong>inlirmae</strong></span> <span class='ocrx_word' id='word_1_433' title='bbox 2277 1872 2382 1908; x_wconf 85' lang='lat' dir='ltr'><strong>facile</strong></span> 
     </span>
     <span class='ocr_line' id='line_1_64' title="bbox 1392 1930 2382 1979; baseline 0 -13"><span class='ocrx_word' id='word_1_434' title='bbox 1392 1930 1582 1967; x_wconf 80' lang='lat' dir='ltr'><strong>laednntur</strong></span> <span class='ocrx_word' id='word_1_435' title='bbox 1595 1959 1605 1977; x_wconf 91' lang='lat'><strong>,</strong></span> <span class='ocrx_word' id='word_1_436' title='bbox 1624 1939 1661 1967; x_wconf 91' lang='lat' dir='ltr'><strong>et</strong></span> <span class='ocrx_word' id='word_1_437' title='bbox 1680 1930 1907 1967; x_wconf 85' lang='lat' dir='ltr'><strong>infelicitatis</strong></span> <span class='ocrx_word' id='word_1_438' title='bbox 1926 1930 2082 1979; x_wconf 90' lang='lat' dir='ltr'><strong>abyssus</strong></span> <span class='ocrx_word' id='word_1_439' title='bbox 2105 1931 2213 1966; x_wconf 88' lang='lat' dir='ltr'><strong>aliam</strong></span> <span class='ocrx_word' id='word_1_440' title='bbox 2235 1931 2382 1966; x_wconf 81' lang='lat' dir='ltr'><strong>invocat</strong></span> 
     </span>
     <span class='ocr_line' id='line_1_65' title="bbox 1393 1989 2382 2027; baseline -0.001 -1"><span class='ocrx_word' id='word_1_441' title='bbox 1393 1990 1430 2026; x_wconf 90' lang='lat' dir='ltr'><strong>in</strong></span> <span class='ocrx_word' id='word_1_442' title='bbox 1451 2004 1543 2027; x_wconf 87' lang='lat' dir='ltr'><strong>voce</strong></span> <span class='ocrx_word' id='word_1_443' title='bbox 1566 1998 1834 2026; x_wconf 88' lang='lat' dir='ltr'><strong>cataractarum</strong></span> <span class='ocrx_word' id='word_1_444' title='bbox 1858 1998 2005 2026; x_wconf 90' lang='lat' dir='ltr'><strong>tuarum</strong></span> <span class='ocrx_word' id='word_1_445' title='bbox 2023 1989 2050 2026; x_wconf 83' lang='lat'><strong>⁵.</strong></span> <span class='ocrx_word' id='word_1_446' title='bbox 2069 1990 2225 2027; x_wconf 91' lang='lat' dir='ltr'><strong>Occulte</strong></span> <span class='ocrx_word' id='word_1_447' title='bbox 2244 1989 2382 2026; x_wconf 80' lang='lat' dir='ltr'><strong>adver-</strong></span> 
     </span>
     <span class='ocr_line' id='line_1_66' title="bbox 1392 2048 2384 2098; baseline -0.002 -12"><span class='ocrx_word' id='word_1_448' title='bbox 1392 2062 1474 2086; x_wconf 91' lang='lat' dir='ltr'><strong>sum</strong></span> <span class='ocrx_word' id='word_1_449' title='bbox 1496 2062 1566 2086; x_wconf 92' lang='lat' dir='ltr'><strong>nos</strong></span> <span class='ocrx_word' id='word_1_450' title='bbox 1591 2062 1702 2085; x_wconf 89' lang='lat' dir='ltr'><strong>vocas</strong></span> <span class='ocrx_word' id='word_1_451' title='bbox 1733 2049 1916 2095; x_wconf 74' lang='lat' dir='ltr'><strong>adversa3</strong></span> <span class='ocrx_word' id='word_1_452' title='bbox 1948 2057 1986 2085; x_wconf 85' lang='lat' dir='ltr'><strong>et</strong></span> <span class='ocrx_word' id='word_1_453' title='bbox 2015 2048 2207 2098; x_wconf 90' lang='lat' dir='ltr'><strong>quomodo</strong></span> <span class='ocrx_word' id='word_1_454' title='bbox 2233 2049 2262 2084; x_wconf 89' lang='lat' dir='ltr'><strong>si</strong></span> <span class='ocrx_word' id='word_1_455' title='bbox 2284 2048 2384 2085; x_wconf 86' lang='lat' dir='ltr'><strong>dicas</strong></span> 
     </span>
     <span class='ocr_line' id='line_1_67' title="bbox 1391 2107 2383 2158; baseline -0.002 -14"><span class='ocrx_word' id='word_1_456' title='bbox 1391 2109 1578 2157; x_wconf 90' lang='lat' dir='ltr'><strong>aquiloni,</strong></span> <span class='ocrx_word' id='word_1_457' title='bbox 1595 2112 1752 2156; x_wconf 80' lang='lat' dir='ltr'><strong>Insurge</strong></span> <span class='ocrx_word' id='word_1_458' title='bbox 1764 2137 1773 2153; x_wconf 91' lang='lat'>‚</span> <span class='ocrx_word' id='word_1_459' title='bbox 1790 2120 1920 2157; x_wconf 85' lang='lat' dir='ltr'><strong>preme</strong></span> <span class='ocrx_word' id='word_1_460' title='bbox 1938 2136 1948 2154; x_wconf 92' lang='lat'><strong>,</strong></span> <span class='ocrx_word' id='word_1_461' title='bbox 1968 2108 2128 2158; x_wconf 86' lang='lat' dir='ltr'><strong>posside.</strong></span> <span class='ocrx_word' id='word_1_462' title='bbox 2150 2110 2300 2151; x_wconf 78' lang='lat' dir='ltr'><strong>anus,</strong></span> <span class='ocrx_word' id='word_1_463' title='bbox 2323 2107 2383 2143; x_wconf 92' lang='lat' dir='ltr'><strong>in-</strong></span> 
     </span>
     <span class='ocr_line' id='line_1_68' title="bbox 1391 2165 2382 2215; baseline -0.001 -13"><span class='ocrx_word' id='word_1_464' title='bbox 1391 2167 1471 2215; x_wconf 89' lang='lat' dir='ltr'><strong>quit</strong></span> <span class='ocrx_word' id='word_1_465' title='bbox 1490 2167 1623 2212; x_wconf 90' lang='lat' dir='ltr'><strong>Isaias,</strong></span> <span class='ocrx_word' id='word_1_466' title='bbox 1645 2166 1692 2201; x_wconf 81' lang='lat' dir='ltr'><strong>ab</strong></span> <span class='ocrx_word' id='word_1_467' title='bbox 1714 2170 1889 2214; x_wconf 76' lang='lat' dir='ltr'><strong>aquilone</strong></span> <span class='ocrx_word' id='word_1_468' title='bbox 1915 2171 2039 2202; x_wconf 73' lang='lat' dir='ltr'><strong>veniet</strong></span> <span class='ocrx_word' id='word_1_469' title='bbox 2059 2165 2086 2202; x_wconf 75' lang='lat'><strong>⁶.</strong></span> <span class='ocrx_word' id='word_1_470' title='bbox 2116 2165 2233 2203; x_wconf 90' lang='lat' dir='ltr'><strong>Nobis</strong></span> <span class='ocrx_word' id='word_1_471' title='bbox 2257 2174 2382 2201; x_wconf 89' lang='lat' dir='ltr'><strong>autem</strong></span> 
     </span>
     <span class='ocr_line' id='line_1_69' title="bbox 1391 2226 2384 2275; baseline -0.001 -12"><span class='ocrx_word' id='word_1_472' title='bbox 1391 2240 1467 2263; x_wconf 89' lang='lat' dir='ltr'><strong>non</strong></span> <span class='ocrx_word' id='word_1_473' title='bbox 1490 2235 1562 2262; x_wconf 90' lang='lat' dir='ltr'><strong>tam</strong></span> <span class='ocrx_word' id='word_1_474' title='bbox 1583 2227 1705 2263; x_wconf 87' lang='lat' dir='ltr'><strong>sumus</strong></span> <span class='ocrx_word' id='word_1_475' title='bbox 1722 2240 1832 2275; x_wconf 89' lang='lat' dir='ltr'><strong>quam</strong></span> <span class='ocrx_word' id='word_1_476' title='bbox 1853 2227 2001 2262; x_wconf 78' lang='lat' dir='ltr'><strong>flamma</strong></span> <span class='ocrx_word' id='word_1_477' title='bbox 2013 2226 2091 2275; x_wconf 87' lang='lat' dir='ltr'><strong>jam</strong></span> <span class='ocrx_word' id='word_1_478' title='bbox 2111 2226 2280 2262; x_wconf 90' lang='lat' dir='ltr'><strong>imminet</strong></span> <span class='ocrx_word' id='word_1_479' title='bbox 2299 2226 2384 2262; x_wconf 86' lang='lat' dir='ltr'><strong>ollae</strong></span> 
     </span>
     <span class='ocr_line' id='line_1_70' title="bbox 1390 2285 2382 2336; baseline 0.003 -16"><span class='ocrx_word' id='word_1_480' title='bbox 1390 2298 1578 2321; x_wconf 84' lang='lat' dir='ltr'><strong>suecensae</strong></span> <span class='ocrx_word' id='word_1_481' title='bbox 1598 2297 1618 2320; x_wconf 84' lang='lat' dir='ltr'><strong>a</strong></span> <span class='ocrx_word' id='word_1_482' title='bbox 1643 2285 1734 2321; x_wconf 89' lang='lat' dir='ltr'><strong>faeie</strong></span> <span class='ocrx_word' id='word_1_483' title='bbox 1753 2286 1951 2334; x_wconf 89' lang='lat' dir='ltr'><strong>aquilonis.</strong></span> <span class='ocrx_word' id='word_1_484' title='bbox 1980 2286 2037 2322; x_wconf 88' lang='lat' dir='ltr'><strong>Ab</strong></span> <span class='ocrx_word' id='word_1_485' title='bbox 2057 2287 2232 2335; x_wconf 83' lang='lat' dir='ltr'><strong>aquilone</strong></span> <span class='ocrx_word' id='word_1_486' title='bbox 2253 2287 2382 2336; x_wconf 82' lang='lat' dir='ltr'><strong>frigus,</strong></span> 
     </span>
     <span class='ocr_line' id='line_1_71' title="bbox 1390 2343 2383 2392; baseline 0.003 -14"><span class='ocrx_word' id='word_1_487' title='bbox 1390 2351 1426 2379; x_wconf 90' lang='lat' dir='ltr'><strong>et</strong></span> <span class='ocrx_word' id='word_1_488' title='bbox 1445 2343 1492 2379; x_wconf 87' lang='lat' dir='ltr'><strong>al)</strong></span> <span class='ocrx_word' id='word_1_489' title='bbox 1508 2343 1685 2392; x_wconf 90' lang='lat' dir='ltr'><strong>aquilone</strong></span> <span class='ocrx_word' id='word_1_490' title='bbox 1707 2344 1865 2380; x_wconf 78' lang='lat' dir='ltr'><strong>flamma.</strong></span> <span class='ocrx_word' id='word_1_491' title='bbox 1884 2348 1938 2381; x_wconf 88' lang='lat' dir='ltr'><strong>Ita</strong></span> <span class='ocrx_word' id='word_1_492' title='bbox 1958 2353 2012 2381; x_wconf 91' lang='lat' dir='ltr'><strong>est</strong></span> <span class='ocrx_word' id='word_1_493' title='bbox 2028 2374 2037 2390; x_wconf 91' lang='lat'><strong>,</strong></span> <span class='ocrx_word' id='word_1_494' title='bbox 2059 2345 2233 2382; x_wconf 90' lang='lat' dir='ltr'><strong>Domine.</strong></span> <span class='ocrx_word' id='word_1_495' title='bbox 2252 2349 2295 2383; x_wconf 92' lang='lat' dir='ltr'><strong>In</strong></span> <span class='ocrx_word' id='word_1_496' title='bbox 2312 2345 2383 2381; x_wconf 91' lang='lat' dir='ltr'><strong>du-</strong></span> 
     </span>
     <span class='ocr_line' id='line_1_72' title="bbox 1393 2402 2382 2451; baseline 0.003 -13"><span class='ocrx_word' id='word_1_497' title='bbox 1393 2402 1473 2438; x_wconf 88' lang='lat' dir='ltr'><strong>ritia</strong></span> <span class='ocrx_word' id='word_1_498' title='bbox 1490 2416 1622 2439; x_wconf 88' lang='lat' dir='ltr'><strong>manns</strong></span> <span class='ocrx_word' id='word_1_499' title='bbox 1646 2411 1716 2439; x_wconf 64' lang='lat' dir='ltr'><strong>ture</strong></span> <span class='ocrx_word' id='word_1_500' title='bbox 1744 2403 1951 2440; x_wconf 76' lang='lat' dir='ltr'><strong>adversaris</strong></span> <span class='ocrx_word' id='word_1_501' title='bbox 1977 2404 2085 2451; x_wconf 92' lang='lat' dir='ltr'><strong>mihi,</strong></span> <span class='ocrx_word' id='word_1_502' title='bbox 2117 2404 2382 2441; x_wconf 64' lang='lat' dir='ltr'><strong>misericordiae</strong></span> 
     </span>
     <span class='ocr_line' id='line_1_73' title="bbox 1395 2461 2384 2510; baseline 0.002 -14"><span class='ocrx_word' id='word_1_503' title='bbox 1395 2469 1466 2497; x_wconf 84' lang='lat' dir='ltr'><strong>tuae</strong></span> <span class='ocrx_word' id='word_1_504' title='bbox 1501 2474 1614 2497; x_wconf 80' lang='lat' dir='ltr'><strong>venas</strong></span> <span class='ocrx_word' id='word_1_505' title='bbox 1650 2461 1864 2510; x_wconf 82' lang='lat' dir='ltr'><strong>restringi53</strong></span> <span class='ocrx_word' id='word_1_506' title='bbox 1899 2461 1984 2497; x_wconf 91' lang='lat' dir='ltr'><strong>ideo</strong></span> <span class='ocrx_word' id='word_1_507' title='bbox 2022 2471 2201 2499; x_wconf 86' lang='lat' dir='ltr'><strong>exaestuat</strong></span> <span class='ocrx_word' id='word_1_508' title='bbox 2235 2463 2384 2499; x_wconf 90' lang='lat' dir='ltr'><strong>animus</strong></span> 
     </span>
    </p>
   </div>
   <div class='ocr_carea' id='block_1_18' title="bbox 342 2519 2380 2571">
    <p class='ocr_par' dir='ltr' id='par_1_19' title="bbox 342 2519 2380 2571">
     <span class='ocr_line' id='line_1_74' title="bbox 342 2519 2380 2571; baseline 0 -15"><span class='ocrx_word' id='word_1_509' title='bbox 342 2528 452 2556; x_wconf 88' lang='lat' dir='ltr'><strong>tatur.</strong></span> <span class='ocrx_word' id='word_1_510' title='bbox 479 2521 585 2557; x_wconf 79' lang='lat' dir='ltr'><strong>Nulla</strong></span> <span class='ocrx_word' id='word_1_511' title='bbox 615 2520 698 2556; x_wconf 84' lang='lat' dir='ltr'><strong>illos</strong></span> <span class='ocrx_word' id='word_1_512' title='bbox 727 2519 918 2569; x_wconf 89' lang='lat' dir='ltr'><strong>persuasio</strong></span> <span class='ocrx_word' id='word_1_513' title='bbox 944 2529 1115 2566; x_wconf 78' lang='lat' dir='ltr'><strong>revocat,</strong></span> <span class='ocrx_word' id='word_1_514' title='bbox 1144 2534 1220 2556; x_wconf 92' lang='lat' dir='ltr'><strong>non</strong></span> <span class='ocrx_word' id='word_1_515' title='bbox 1244 2534 1331 2571; x_wconf 87' lang='lat' dir='ltr'><strong>per-</strong></span> <span class='ocrx_word' id='word_1_516' title='bbox 1346 2527 1378 2560; x_wconf 92' lang='lat' dir='ltr'><strong>D</strong></span> <span class='ocrx_word' id='word_1_517' title='bbox 1397 2533 1502 2557; x_wconf 89' lang='lat' dir='ltr'><strong>meus</strong></span> <span class='ocrx_word' id='word_1_518' title='bbox 1517 2549 1526 2565; x_wconf 93' lang='lat'><strong>,</strong></span> <span class='ocrx_word' id='word_1_519' title='bbox 1549 2529 1585 2555; x_wconf 88' lang='lat' dir='ltr'><strong>ct</strong></span> <span class='ocrx_word' id='word_1_520' title='bbox 1604 2521 1641 2556; x_wconf 92' lang='lat' dir='ltr'><strong>in</strong></span> <span class='ocrx_word' id='word_1_521' title='bbox 1661 2520 1904 2557; x_wconf 84' lang='lat' dir='ltr'><strong>meditatione</strong></span> <span class='ocrx_word' id='word_1_522' title='bbox 1925 2533 2007 2557; x_wconf 90' lang='lat' dir='ltr'><strong>mea</strong></span> <span class='ocrx_word' id='word_1_523' title='bbox 2035 2521 2252 2558; x_wconf 81' lang='lat' dir='ltr'><strong>exardescet</strong></span> <span class='ocrx_word' id='word_1_524' title='bbox 2275 2521 2380 2571; x_wconf 84' lang='lat' dir='ltr'><strong>ignis.</strong></span> 
     </span>
    </p>
   </div>
   <div class='ocr_carea' id='block_1_19' title="bbox 337 2577 1330 3101">
    <p class='ocr_par' dir='ltr' id='par_1_20' title="bbox 337 2577 1330 3101">
     <span class='ocr_line' id='line_1_75' title="bbox 340 2577 1327 2627; baseline 0 -12"><span class='ocrx_word' id='word_1_525' title='bbox 340 2579 481 2615; x_wconf 89' lang='lat' dir='ltr'><strong>secutio</strong></span> <span class='ocrx_word' id='word_1_526' title='bbox 507 2577 566 2627; x_wconf 84' lang='lat' dir='ltr'><strong>pia</strong></span> <span class='ocrx_word' id='word_1_527' title='bbox 593 2577 777 2627; x_wconf 79' lang='lat' dir='ltr'><strong>magistri,</strong></span> <span class='ocrx_word' id='word_1_528' title='bbox 801 2590 875 2613; x_wconf 90' lang='lat' dir='ltr'><strong>non</strong></span> <span class='ocrx_word' id='word_1_529' title='bbox 904 2577 1119 2624; x_wconf 86' lang='lat' dir='ltr'><strong>infelicitas,</strong></span> <span class='ocrx_word' id='word_1_530' title='bbox 1146 2591 1230 2627; x_wconf 82' lang='lat' dir='ltr'><strong>quae</strong></span> <span class='ocrx_word' id='word_1_531' title='bbox 1253 2579 1327 2615; x_wconf 87' lang='lat' dir='ltr'><strong>fre-</strong></span> 
     </span>
     <span class='ocr_line' id='line_1_76' title="bbox 339 2636 1330 2686; baseline 0.001 -14"><span class='ocrx_word' id='word_1_532' title='bbox 339 2644 500 2686; x_wconf 90' lang='lat' dir='ltr'><strong>quenter</strong></span> <span class='ocrx_word' id='word_1_533' title='bbox 512 2644 547 2672; x_wconf 89' lang='lat' dir='ltr'><strong>et</strong></span> <span class='ocrx_word' id='word_1_534' title='bbox 563 2636 637 2672; x_wconf 85' lang='lat' dir='ltr'><strong>fere</strong></span> <span class='ocrx_word' id='word_1_535' title='bbox 652 2648 800 2685; x_wconf 89' lang='lat' dir='ltr'><strong>semper</strong></span> <span class='ocrx_word' id='word_1_536' title='bbox 816 2644 871 2672; x_wconf 86' lang='lat' dir='ltr'><strong>est</strong></span> <span class='ocrx_word' id='word_1_537' title='bbox 884 2636 921 2671; x_wconf 94' lang='lat' dir='ltr'><strong>in</strong></span> <span class='ocrx_word' id='word_1_538' title='bbox 943 2636 1013 2672; x_wconf 83' lang='lat' dir='ltr'><strong>viis</strong></span> <span class='ocrx_word' id='word_1_539' title='bbox 1029 2650 1172 2673; x_wconf 86' lang='lat' dir='ltr'><strong>eorum.</strong></span> <span class='ocrx_word' id='word_1_540' title='bbox 1194 2638 1330 2674; x_wconf 89' lang='lat' dir='ltr'><strong>Fluunt</strong></span> 
     </span>
     <span class='ocr_line' id='line_1_77' title="bbox 339 2693 1326 2739; baseline -0.001 -7"><span class='ocrx_word' id='word_1_541' title='bbox 339 2704 374 2732; x_wconf 92' lang='lat' dir='ltr'><strong>et</strong></span> <span class='ocrx_word' id='word_1_542' title='bbox 395 2703 509 2732; x_wconf 88' lang='lat' dir='ltr'><strong>ruunt</strong></span> <span class='ocrx_word' id='word_1_543' title='bbox 528 2703 563 2731; x_wconf 85' lang='lat' dir='ltr'><strong>et</strong></span> <span class='ocrx_word' id='word_1_544' title='bbox 587 2702 786 2739; x_wconf 87' lang='lat' dir='ltr'><strong>corruunt,</strong></span> <span class='ocrx_word' id='word_1_545' title='bbox 810 2702 850 2729; x_wconf 89' lang='lat' dir='ltr'><strong>ut</strong></span> <span class='ocrx_word' id='word_1_546' title='bbox 876 2693 1007 2731; x_wconf 85' lang='lat' dir='ltr'><strong>bibant</strong></span> <span class='ocrx_word' id='word_1_547' title='bbox 1027 2695 1066 2732; x_wconf 88' lang='lat' dir='ltr'><strong>in</strong></span> <span class='ocrx_word' id='word_1_548' title='bbox 1093 2697 1151 2732; x_wconf 90' lang='lat' dir='ltr'><strong>via</strong></span> <span class='ocrx_word' id='word_1_549' title='bbox 1176 2697 1222 2732; x_wconf 86' lang='lat' dir='ltr'><strong>de</strong></span> <span class='ocrx_word' id='word_1_550' title='bbox 1248 2705 1326 2732; x_wconf 87' lang='lat' dir='ltr'><strong>tor-</strong></span> 
     </span>
     <span class='ocr_line' id='line_1_78' title="bbox 340 2755 1330 2804; baseline -0.001 -12"><span class='ocrx_word' id='word_1_551' title='bbox 340 2764 445 2792; x_wconf 84' lang='lat' dir='ltr'><strong>rente</strong></span> <span class='ocrx_word' id='word_1_552' title='bbox 464 2755 686 2804; x_wconf 81' lang='lat' dir='ltr'><strong>voluptatis‚</strong></span> <span class='ocrx_word' id='word_1_553' title='bbox 709 2767 792 2803; x_wconf 76' lang='lat' dir='ltr'><strong>quae</strong></span> <span class='ocrx_word' id='word_1_554' title='bbox 819 2767 895 2790; x_wconf 92' lang='lat' dir='ltr'><strong>non</strong></span> <span class='ocrx_word' id='word_1_555' title='bbox 917 2755 1118 2801; x_wconf 82' lang='lat' dir='ltr'><strong>exaltabit,</strong></span> <span class='ocrx_word' id='word_1_556' title='bbox 1148 2756 1211 2793; x_wconf 88' lang='lat' dir='ltr'><strong>sed</strong></span> <span class='ocrx_word' id='word_1_557' title='bbox 1237 2769 1330 2792; x_wconf 92' lang='lat' dir='ltr'><strong>con-</strong></span> 
     </span>
     <span class='ocr_line' id='line_1_79' title="bbox 338 2814 1327 2864; baseline 0.002 -15"><span class='ocrx_word' id='word_1_558' title='bbox 338 2814 529 2863; x_wconf 79' lang='lat' dir='ltr'><strong>quassabit</strong></span> <span class='ocrx_word' id='word_1_559' title='bbox 559 2814 594 2849; x_wconf 95' lang='lat' dir='ltr'><strong>in</strong></span> <span class='ocrx_word' id='word_1_560' title='bbox 623 2822 719 2849; x_wconf 88' lang='lat' dir='ltr'><strong>terra</strong></span> <span class='ocrx_word' id='word_1_561' title='bbox 747 2814 867 2862; x_wconf 82' lang='lat' dir='ltr'><strong>capita</strong></span> <span class='ocrx_word' id='word_1_562' title='bbox 889 2827 1032 2851; x_wconf 88' lang='lat' dir='ltr'><strong>eorum.</strong></span> <span class='ocrx_word' id='word_1_563' title='bbox 1054 2815 1154 2851; x_wconf 88' lang='lat' dir='ltr'><strong>Beati</strong></span> <span class='ocrx_word' id='word_1_564' title='bbox 1177 2815 1327 2864; x_wconf 89' lang='lat' dir='ltr'><strong>quidem</strong></span> 
     </span>
     <span class='ocr_line' id='line_1_80' title="bbox 339 2872 1327 2924; baseline 0.002 -15"><span class='ocrx_word' id='word_1_565' title='bbox 339 2873 563 2910; x_wconf 88' lang='lat' dir='ltr'><strong>immaculati</strong></span> <span class='ocrx_word' id='word_1_566' title='bbox 586 2874 621 2908; x_wconf 92' lang='lat' dir='ltr'><strong>in</strong></span> <span class='ocrx_word' id='word_1_567' title='bbox 640 2872 700 2909; x_wconf 85' lang='lat' dir='ltr'><strong>via</strong></span> <span class='ocrx_word' id='word_1_568' title='bbox 714 2901 723 2917; x_wconf 88' lang='lat'><strong>,</strong></span> <span class='ocrx_word' id='word_1_569' title='bbox 751 2873 815 2921; x_wconf 91' lang='lat' dir='ltr'><strong>qui</strong></span> <span class='ocrx_word' id='word_1_570' title='bbox 837 2872 1029 2909; x_wconf 87' lang='lat' dir='ltr'><strong>ambulant</strong></span> <span class='ocrx_word' id='word_1_571' title='bbox 1049 2874 1085 2910; x_wconf 86' lang='lat' dir='ltr'><strong>in</strong></span> <span class='ocrx_word' id='word_1_572' title='bbox 1106 2874 1185 2924; x_wconf 88' lang='lat' dir='ltr'><strong>lege</strong></span> <span class='ocrx_word' id='word_1_573' title='bbox 1210 2874 1327 2911; x_wconf 89' lang='lat' dir='ltr'><strong>chari-</strong></span> 
     </span>
     <span class='ocr_line' id='line_1_81' title="bbox 339 2931 1329 2982; baseline 0.001 -14"><span class='ocrx_word' id='word_1_574' title='bbox 339 2933 421 2968; x_wconf 84' lang='lat' dir='ltr'><strong>tatis</strong></span> <span class='ocrx_word' id='word_1_575' title='bbox 436 2962 445 2978; x_wconf 97' lang='lat'><strong>,</strong></span> <span class='ocrx_word' id='word_1_576' title='bbox 465 2933 529 2981; x_wconf 94' lang='lat' dir='ltr'><strong>qui</strong></span> <span class='ocrx_word' id='word_1_577' title='bbox 544 2931 738 2968; x_wconf 86' lang='lat' dir='ltr'><strong>ambulant</strong></span> <span class='ocrx_word' id='word_1_578' title='bbox 755 2932 792 2967; x_wconf 90' lang='lat' dir='ltr'><strong>in</strong></span> <span class='ocrx_word' id='word_1_579' title='bbox 815 2932 954 2981; x_wconf 87' lang='lat' dir='ltr'><strong>impetu</strong></span> <span class='ocrx_word' id='word_1_580' title='bbox 976 2932 1203 2982; x_wconf 91' lang='lat' dir='ltr'><strong>ubicumque</strong></span> <span class='ocrx_word' id='word_1_581' title='bbox 1220 2933 1329 2970; x_wconf 88' lang='lat' dir='ltr'><strong>fuerit</strong></span> 
     </span>
     <span class='ocr_line' id='line_1_82' title="bbox 340 2990 1327 3040; baseline 0.003 -15"><span class='ocrx_word' id='word_1_582' title='bbox 340 2991 500 3040; x_wconf 86' lang='lat' dir='ltr'><strong>impetus</strong></span> <span class='ocrx_word' id='word_1_583' title='bbox 528 2990 700 3040; x_wconf 88' lang='lat' dir='ltr'><strong>spiritus,</strong></span> <span class='ocrx_word' id='word_1_584' title='bbox 723 2999 760 3026; x_wconf 90' lang='lat' dir='ltr'><strong>et</strong></span> <span class='ocrx_word' id='word_1_585' title='bbox 786 3002 860 3026; x_wconf 90' lang='lat' dir='ltr'><strong>non</strong></span> <span class='ocrx_word' id='word_1_586' title='bbox 882 3000 1147 3038; x_wconf 84' lang='lat' dir='ltr'><strong>revertuntur,</strong></span> <span class='ocrx_word' id='word_1_587' title='bbox 1167 3005 1234 3029; x_wconf 80' lang='lat' dir='ltr'><strong>nee</strong></span> <span class='ocrx_word' id='word_1_588' title='bbox 1257 2993 1327 3028; x_wconf 85' lang='lat' dir='ltr'><strong>ali-</strong></span> 
     </span>
     <span class='ocr_line' id='line_1_83' title="bbox 337 3049 1328 3101; baseline 0.004 -17"><span class='ocrx_word' id='word_1_589' title='bbox 337 3063 414 3099; x_wconf 93' lang='lat' dir='ltr'><strong>quo</strong></span> <span class='ocrx_word' id='word_1_590' title='bbox 436 3058 656 3100; x_wconf 84' lang='lat' dir='ltr'><strong>separantur</strong></span> <span class='ocrx_word' id='word_1_591' title='bbox 681 3049 874 3086; x_wconf 86' lang='lat' dir='ltr'><strong>obstaculo</strong></span> <span class='ocrx_word' id='word_1_592' title='bbox 894 3063 913 3086; x_wconf 88' lang='lat' dir='ltr'><strong>a</strong></span> <span class='ocrx_word' id='word_1_593' title='bbox 936 3050 1114 3087; x_wconf 84' lang='lat' dir='ltr'><strong>charitate</strong></span> <span class='ocrx_word' id='word_1_594' title='bbox 1133 3052 1223 3098; x_wconf 90' lang='lat' dir='ltr'><strong>Dei,</strong></span> <span class='ocrx_word' id='word_1_595' title='bbox 1244 3065 1328 3101; x_wconf 78' lang='lat' dir='ltr'><strong>quae</strong></span> 
     </span>
    </p>
   </div>
   <div class='ocr_carea' id='block_1_20' title="bbox 1393 2579 2385 3101">
    <p class='ocr_par' dir='ltr' id='par_1_21' title="bbox 1395 2579 2383 2850">
     <span class='ocr_line' id='line_1_84' title="bbox 1395 2579 2381 2629; baseline 0.001 -13"><span class='ocrx_word' id='word_1_596' title='bbox 1395 2579 1529 2616; x_wconf 72' lang='lat' dir='ltr'><strong>Gravis</strong></span> <span class='ocrx_word' id='word_1_597' title='bbox 1548 2579 1615 2615; x_wconf 88' lang='lat' dir='ltr'><strong>istc</strong></span> <span class='ocrx_word' id='word_1_598' title='bbox 1632 2579 1753 2615; x_wconf 79' lang='lat' dir='ltr'><strong>anxiae</strong></span> <span class='ocrx_word' id='word_1_599' title='bbox 1770 2579 2035 2616; x_wconf 88' lang='lat' dir='ltr'><strong>sollicitudinis</strong></span> <span class='ocrx_word' id='word_1_600' title='bbox 2052 2580 2148 2629; x_wconf 85' lang='lat' dir='ltr'><strong>ignis</strong></span> <span class='ocrx_word' id='word_1_601' title='bbox 2163 2589 2239 2627; x_wconf 87' lang='lat' dir='ltr'><strong>est,</strong></span> <span class='ocrx_word' id='word_1_602' title='bbox 2265 2589 2303 2617; x_wconf 90' lang='lat' dir='ltr'><strong>et</strong></span> <span class='ocrx_word' id='word_1_603' title='bbox 2317 2593 2381 2617; x_wconf 90' lang='lat' dir='ltr'><strong>ca-</strong></span> 
     </span>
     <span class='ocr_line' id='line_1_85' title="bbox 1396 2637 2383 2688; baseline 0.003 -16"><span class='ocrx_word' id='word_1_604' title='bbox 1396 2638 1474 2673; x_wconf 88' lang='lat' dir='ltr'><strong>lore</strong></span> <span class='ocrx_word' id='word_1_605' title='bbox 1494 2637 1574 2686; x_wconf 85' lang='lat' dir='ltr'><strong>ejus</strong></span> <span class='ocrx_word' id='word_1_606' title='bbox 1593 2646 1759 2673; x_wconf 77' lang='lat' dir='ltr'><strong>armnata</strong></span> <span class='ocrx_word' id='word_1_607' title='bbox 1777 2651 1851 2673; x_wconf 92' lang='lat' dir='ltr'><strong>non</strong></span> <span class='ocrx_word' id='word_1_608' title='bbox 1870 2638 1992 2673; x_wconf 71' lang='lat' dir='ltr'><strong>{luunt</strong></span> <span class='ocrx_word' id='word_1_609' title='bbox 2008 2667 2018 2682; x_wconf 90' lang='lat'><strong>,</strong></span> <span class='ocrx_word' id='word_1_610' title='bbox 2046 2638 2111 2675; x_wconf 85' lang='lat' dir='ltr'><strong>scd</strong></span> <span class='ocrx_word' id='word_1_611' title='bbox 2133 2639 2250 2687; x_wconf 86' lang='lat' dir='ltr'><strong>magis</strong></span> <span class='ocrx_word' id='word_1_612' title='bbox 2263 2639 2293 2675; x_wconf 91' lang='lat' dir='ltr'><strong>si</strong></span> <span class='ocrx_word' id='word_1_613' title='bbox 2309 2652 2383 2688; x_wconf 89' lang='lat' dir='ltr'><strong>qua</strong></span> 
     </span>
     <span class='ocr_line' id='line_1_86' title="bbox 1395 2696 2382 2746; baseline 0 -14"><span class='ocrx_word' id='word_1_614' title='bbox 1395 2697 1485 2733; x_wconf 91' lang='lat' dir='ltr'><strong>sinis</strong></span> <span class='ocrx_word' id='word_1_615' title='bbox 1506 2697 1642 2740; x_wconf 76' lang='lat' dir='ltr'><strong>fluore,</strong></span> <span class='ocrx_word' id='word_1_616' title='bbox 1676 2696 1863 2732; x_wconf 85' lang='lat' dir='ltr'><strong>siccantur</strong></span> <span class='ocrx_word' id='word_1_617' title='bbox 1891 2697 2030 2732; x_wconf 88' lang='lat' dir='ltr'><strong>ssuenta</strong></span> <span class='ocrx_word' id='word_1_618' title='bbox 2055 2711 2062 2733; x_wconf 74' lang='grc' dir='ltr'>ε</span> <span class='ocrx_word' id='word_1_619' title='bbox 2085 2697 2291 2746; x_wconf 83' lang='lat' dir='ltr'><strong>praesertim</strong></span> <span class='ocrx_word' id='word_1_620' title='bbox 2318 2696 2382 2733; x_wconf 90' lang='lat' dir='ltr'><strong>ubi</strong></span> 
     </span>
     <span class='ocr_line' id='line_1_87' title="bbox 1395 2755 2382 2805; baseline 0.003 -15"><span class='ocrx_word' id='word_1_621' title='bbox 1395 2755 1510 2804; x_wconf 85' lang='lat' dir='ltr'><strong>magis</strong></span> <span class='ocrx_word' id='word_1_622' title='bbox 1531 2755 1722 2804; x_wconf 76' lang='lat' dir='ltr'><strong>magisque</strong></span> <span class='ocrx_word' id='word_1_623' title='bbox 1748 2755 2015 2792; x_wconf 87' lang='lat' dir='ltr'><strong>adversitatum</strong></span> <span class='ocrx_word' id='word_1_624' title='bbox 2042 2756 2188 2805; x_wconf 87' lang='lat' dir='ltr'><strong>aperire</strong></span> <span class='ocrx_word' id='word_1_625' title='bbox 2211 2769 2249 2793; x_wconf 89' lang='lat' dir='ltr'><strong>se</strong></span> <span class='ocrx_word' id='word_1_626' title='bbox 2276 2755 2382 2793; x_wconf 90' lang='lat' dir='ltr'><strong>vide-</strong></span> 
     </span>
     <span class='ocr_line' id='line_1_88' title="bbox 1396 2822 1635 2850; baseline -0.008 0"><span class='ocrx_word' id='word_1_627' title='bbox 1396 2822 1456 2850; x_wconf 87' lang='lat' dir='ltr'><strong>tur</strong></span> <span class='ocrx_word' id='word_1_628' title='bbox 1475 2828 1635 2850; x_wconf 78' lang='lat' dir='ltr'><strong>occasu).</strong></span> 
     </span>
    </p>

    <p class='ocr_par' dir='ltr' id='par_1_22' title="bbox 1393 2873 2385 3101">
     <span class='ocr_line' id='line_1_89' title="bbox 1448 2873 2380 2923; baseline 0.001 -14"><span class='ocrx_word' id='word_1_629' title='bbox 1448 2874 1481 2909; x_wconf 82' lang='lat'><strong>2.</strong></span> <span class='ocrx_word' id='word_1_630' title='bbox 1505 2874 1663 2910; x_wconf 85' lang='lat' dir='ltr'><strong>Domine</strong></span> <span class='ocrx_word' id='word_1_631' title='bbox 1676 2902 1685 2919; x_wconf 92' lang='lat'>‚</span> <span class='ocrx_word' id='word_1_632' title='bbox 1701 2873 1811 2909; x_wconf 92' lang='lat' dir='ltr'><strong>dolor</strong></span> <span class='ocrx_word' id='word_1_633' title='bbox 1831 2886 1936 2910; x_wconf 87' lang='lat' dir='ltr'><strong>meus</strong></span> <span class='ocrx_word' id='word_1_634' title='bbox 1955 2874 1990 2909; x_wconf 93' lang='lat' dir='ltr'><strong>in</strong></span> <span class='ocrx_word' id='word_1_635' title='bbox 2009 2881 2212 2923; x_wconf 89' lang='lat' dir='ltr'><strong>conspectu</strong></span> <span class='ocrx_word' id='word_1_636' title='bbox 2231 2881 2295 2910; x_wconf 92' lang='lat' dir='ltr'><strong>tuo</strong></span> <span class='ocrx_word' id='word_1_637' title='bbox 2312 2882 2380 2919; x_wconf 88' lang='lat' dir='ltr'><strong>est,</strong></span> 
     </span>
     <span class='ocr_line' id='line_1_90' title="bbox 1393 2932 2385 2982; baseline 0.001 -14"><span class='ocrx_word' id='word_1_638' title='bbox 1393 2941 1428 2969; x_wconf 93' lang='lat' dir='ltr'><strong>et</strong></span> <span class='ocrx_word' id='word_1_639' title='bbox 1441 2933 1599 2982; x_wconf 81' lang='lat' dir='ltr'><strong>gemitus</strong></span> <span class='ocrx_word' id='word_1_640' title='bbox 1620 2945 1723 2968; x_wconf 89' lang='lat' dir='ltr'><strong>meus</strong></span> <span class='ocrx_word' id='word_1_641' title='bbox 1746 2947 1766 2968; x_wconf 88' lang='lat' dir='ltr'><strong>a</strong></span> <span class='ocrx_word' id='word_1_642' title='bbox 1788 2942 1822 2969; x_wconf 89' lang='lat' dir='ltr'><strong>te</strong></span> <span class='ocrx_word' id='word_1_643' title='bbox 1840 2946 1914 2969; x_wconf 90' lang='lat' dir='ltr'><strong>non</strong></span> <span class='ocrx_word' id='word_1_644' title='bbox 1934 2941 1989 2969; x_wconf 88' lang='lat' dir='ltr'><strong>est</strong></span> <span class='ocrx_word' id='word_1_645' title='bbox 2003 2932 2256 2970; x_wconf 88' lang='lat' dir='ltr'><strong>absconditus.</strong></span> <span class='ocrx_word' id='word_1_646' title='bbox 2274 2933 2385 2970; x_wconf 92' lang='lat' dir='ltr'><strong>Solli-</strong></span> 
     </span>
     <span class='ocr_line' id='line_1_91' title="bbox 1393 2992 2384 3030; baseline 0.002 -2"><span class='ocrx_word' id='word_1_647' title='bbox 1393 2992 1569 3029; x_wconf 90' lang='lat' dir='ltr'><strong>citudinis</strong></span> <span class='ocrx_word' id='word_1_648' title='bbox 1589 3005 1680 3028; x_wconf 71' lang='lat' dir='ltr'><strong>meze</strong></span> <span class='ocrx_word' id='word_1_649' title='bbox 1698 2992 1790 3028; x_wconf 91' lang='lat' dir='ltr'><strong>ratio</strong></span> <span class='ocrx_word' id='word_1_650' title='bbox 1808 3001 1894 3028; x_wconf 89' lang='lat' dir='ltr'><strong>nota</strong></span> <span class='ocrx_word' id='word_1_651' title='bbox 1916 3001 1970 3028; x_wconf 89' lang='lat' dir='ltr'><strong>est</strong></span> <span class='ocrx_word' id='word_1_652' title='bbox 1987 2992 2053 3028; x_wconf 88' lang='lat' dir='ltr'><strong>tibi</strong></span> <span class='ocrx_word' id='word_1_653' title='bbox 2079 3006 2086 3027; x_wconf 91' lang='lat'>:</span> <span class='ocrx_word' id='word_1_654' title='bbox 2119 2992 2183 3029; x_wconf 90' lang='lat' dir='ltr'><strong>sed</strong></span> <span class='ocrx_word' id='word_1_655' title='bbox 2211 2992 2384 3030; x_wconf 83' lang='lat' dir='ltr'><strong>moeroris</strong></span> 
     </span>
     <span class='ocr_line' id='line_1_92' title="bbox 1394 3051 2382 3101; baseline -0.001 -13"><span class='ocrx_word' id='word_1_656' title='bbox 1394 3052 1507 3101; x_wconf 84' lang='lat' dir='ltr'><strong>magis</strong></span> <span class='ocrx_word' id='word_1_657' title='bbox 1542 3051 1665 3088; x_wconf 84' lang='lat' dir='ltr'><strong>dicere</strong></span> <span class='ocrx_word' id='word_1_658' title='bbox 1700 3051 1902 3087; x_wconf 87' lang='lat' dir='ltr'><strong>debueram</strong></span> <span class='ocrx_word' id='word_1_659' title='bbox 1930 3066 1939 3097; x_wconf 68' lang='grc' dir='ltr'>ς</span> <span class='ocrx_word' id='word_1_660' title='bbox 1973 3051 2187 3087; x_wconf 88' lang='lat' dir='ltr'><strong>sollicitudo</strong></span> <span class='ocrx_word' id='word_1_661' title='bbox 2213 3052 2312 3088; x_wconf 88' lang='lat' dir='ltr'><strong>enim</strong></span> <span class='ocrx_word' id='word_1_662' title='bbox 2344 3052 2382 3087; x_wconf 93' lang='lat' dir='ltr'><strong>in</strong></span> 
     </span>
    </p>
   </div>
   <div class='ocr_carea' id='block_1_21' title="bbox 389 3181 2383 3225">
    <p class='ocr_par' dir='ltr' id='par_1_23' title="bbox 389 3181 2383 3225">
     <span class='ocr_line' id='line_1_93' title="bbox 389 3181 2383 3225; baseline 0.001 -13"><span class='ocrx_word' id='word_1_663' title='bbox 389 3188 399 3203; x_wconf 79' lang='lat'><strong>¹</strong></span> <span class='ocrx_word' id='word_1_664' title='bbox 422 3182 488 3213; x_wconf 83' lang='lat' dir='ltr'><strong>lsai.</strong></span> <span class='ocrx_word' id='word_1_665' title='bbox 509 3193 568 3218; x_wconf 82' lang='lat' dir='ltr'><strong>vu,</strong></span> <span class='ocrx_word' id='word_1_666' title='bbox 584 3187 617 3220; x_wconf 83' lang='grc'><strong>9,</strong></span> <span class='ocrx_word' id='word_1_667' title='bbox 644 3193 703 3213; x_wconf 84' lang='lat' dir='ltr'><strong>sec.</strong></span> <span class='ocrx_word' id='word_1_668' title='bbox 730 3185 829 3214; x_wconf 81' lang='lat' dir='ltr'><strong>Lxx.</strong></span> <span class='ocrx_word' id='word_1_669' title='bbox 858 3202 896 3205; x_wconf 92' lang='lat'><strong>——</strong></span> <span class='ocrx_word' id='word_1_670' title='bbox 927 3187 937 3202; x_wconf 85' lang='lat'>²</span> <span class='ocrx_word' id='word_1_671' title='bbox 955 3186 1045 3215; x_wconf 82' lang='lat' dir='ltr'><strong>Joan.</strong></span> <span class='ocrx_word' id='word_1_672' title='bbox 1070 3195 1153 3218; x_wconf 65' lang='lat' dir='ltr'><strong>xvir,</strong></span> <span class='ocrx_word' id='word_1_673' title='bbox 1179 3187 1208 3213; x_wconf 73' lang='lat'><strong>53.</strong></span> <span class='ocrx_word' id='word_1_674' title='bbox 1231 3203 1271 3205; x_wconf 31' lang='grc' dir='ltr'><strong>-ν</strong></span> <span class='ocrx_word' id='word_1_675' title='bbox 1302 3182 1314 3205; x_wconf 82' lang='lat'>3</span> <span class='ocrx_word' id='word_1_676' title='bbox 1339 3187 1435 3225; x_wconf 81' lang='lat' dir='ltr'><strong>Apoc.</strong></span> <span class='ocrx_word' id='word_1_677' title='bbox 1455 3193 1535 3221; x_wconf 82' lang='lat' dir='ltr'><strong>xvu,</strong></span> <span class='ocrx_word' id='word_1_678' title='bbox 1560 3186 1610 3214; x_wconf 72' lang='lat'><strong>15.</strong></span> <span class='ocrx_word' id='word_1_679' title='bbox 1633 3202 1672 3206; x_wconf 83' lang='lat'><strong>--</strong></span> <span class='ocrx_word' id='word_1_680' title='bbox 1700 3182 1714 3209; x_wconf 65' lang='lat'><strong>⁴⁸</strong></span> <span class='ocrx_word' id='word_1_681' title='bbox 1736 3182 1868 3214; x_wconf 76' lang='lat' dir='ltr'><strong>Nahum.</strong></span> <span class='ocrx_word' id='word_1_682' title='bbox 1895 3194 1940 3221; x_wconf 89' lang='grc' dir='ltr'><strong>ιι,</strong></span> <span class='ocrx_word' id='word_1_683' title='bbox 1970 3186 2053 3214; x_wconf 82' lang='lat'><strong>8.—-</strong></span> <span class='ocrx_word' id='word_1_684' title='bbox 2076 3181 2088 3203; x_wconf 79' lang='lat'><strong>⁵</strong></span> <span class='ocrx_word' id='word_1_685' title='bbox 2105 3183 2182 3215; x_wconf 82' lang='lat' dir='ltr'><strong>Psat.</strong></span> <span class='ocrx_word' id='word_1_686' title='bbox 2202 3194 2270 3220; x_wconf 67' lang='grc' dir='ltr'>λιι,</span> <span class='ocrx_word' id='word_1_687' title='bbox 2295 3187 2326 3214; x_wconf 78' lang='grc'><strong>8.</strong></span> <span class='ocrx_word' id='word_1_688' title='bbox 2343 3202 2383 3206; x_wconf 91' lang='grc'><strong>--</strong></span> 
     </span>
    </p>
   </div>
   <div class='ocr_carea' id='block_1_22' title="bbox 339 3234 590 3272">
    <p class='ocr_par' dir='ltr' id='par_1_24' title="bbox 339 3234 590 3272">
     <span class='ocr_line' id='line_1_94' title="bbox 339 3234 590 3272; baseline -0.016 -5"><span class='ocrx_word' id='word_1_689' title='bbox 339 3234 354 3256; x_wconf 77' lang='lat'><strong>⁶</strong></span> <span class='ocrx_word' id='word_1_690' title='bbox 369 3235 437 3267; x_wconf 77' lang='lat' dir='ltr'><strong>lsai.</strong></span> <span class='ocrx_word' id='word_1_691' title='bbox 455 3246 521 3272; x_wconf 75' lang='lat' dir='ltr'><strong>xiv,</strong></span> <span class='ocrx_word' id='word_1_692' title='bbox 539 3238 590 3265; x_wconf 80' lang='grc'><strong>31.</strong></span> 
     </span>
    </p>
   </div>
  </div>
 </body>
</html>
