2418 3949
131 205 204 241 937

882 205 947 240 DE
976 203 1172 239 PASSION
1179 203 1206 236 E
1235 202 1426 237 DOMINI.

131 280 263 318 dubito
283 280 423 317 multos
443 280 638 330 utriusque
655 292 765 316 sexus
791 280 953 329 virgines
974 280 1011 316 in
1034 277 1162 316 cor-⁴⁸

2103 204 2179 240 938

1165 276 1338 328 ‘³perbire
1348 285 1373 322 ⁰,
1393 278 1552 327 perdere
1570 279 1842 328 virginitatem,
1857 289 1893 317 et
1908 292 1976 330 per
1992 280 2064 316 hoc
2080 292 2176 317 con-

129 353 224 390 pore
245 340 443 377 defunctos
466 353 565 385 esse,
588 348 625 377 et
643 339 860 386 salvandos,
885 340 950 388 qui
975 352 1118 388 nequa-
1134 340 1167 373 A
1186 337 1315 386 sequi,
1340 337 1561 374 humilitatis
1579 339 1771 376 virtutem.

129 412 242 449 quam
268 400 448 449 virginale
468 400 665 449 praemium
692 399 950 436 merebuntur.
978 398 1119 436 Mortui

129 459 227 496 enim
242 468 351 505 sunt,
371 459 435 509 qui
455 472 616 510 corpore
631 459 782 508 quidem
799 458 1031 508 incorrupti,
1054 457 1119 495 sed

130 527 256 556 mente
276 520 443 569 corrupti
462 527 590 565 erant;
617 519 698 569 ipsa
718 527 842 555 tamen
868 518 1003 554 mentis
1030 531 1117 555 cor-

129 579 306 628 ruptione
323 592 400 616 non
417 580 589 629 exigente
604 592 668 616 eos
684 579 731 616 ad
748 586 907 615 mortem
925 586 1117 623 aeternam,

128 640 217 689 quia
230 640 413 690 legitimas
430 639 579 690 nuptias
595 638 876 689 exspectabant,
890 638 969 675 sine
981 638 1118 688 quibus

130 699 231 736 nulla
248 699 376 736 illicita
393 699 584 736 connubia
603 699 807 736 voluerunt
827 707 1060 748 perpetrare.
1082 699 1122 734 Sc·

130 760 229 796 enim
244 788 253 805 ,
271 759 367 796 sicut
385 759 436 795 ait
459 760 683 808 Apostolus,
707 763 872 807 nupserit
898 763 1023 807 vii-go,
1046 772 1120 794 non

124 823 330 866 peccaviv,
355 831 438 867 quae
463 818 542 854 sola
571 826 714 855 tantum
739 819 934 868 voluptate
967 817 1117 868 nupsit,

129 877 300 926 quamvis
313 876 392 926 jam
413 877 451 913 in
480 885 605 913 mente
624 877 757 913 florem
784 877 1006 927 virginitatis
1032 889 1119 914 cor—

129 936 243 986 rupit.
261 936 457 974 Consentit
468 936 554 973 huic
576 937 772 973 sententiae
787 937 919 974 beatus
940 937 1119 986 Augusti—

129 1007 220 1041 nus,
249 994 396 1041 dicens,
428 993 528 1043 quod
552 1007 790 1044 nequaquam
814 995 923 1044 virgo
950 995 1119 1044 aspirans

1237 397 1300 433 97.
1331 397 1505 434 Cavenda
1532 406 1618 434 sunt
1643 407 1767 435 autem
1794 398 2002 449 virginibus
2027 412 2175 436 summo

1184 455 1309 493 studio
1341 456 1424 493 loca
1444 465 1481 493 et
1509 465 1678 507 tempora
1708 459 1997 509 corruptoribus
2028 472 2174 510 oppor-

1186 524 1292 561 tuna,
1324 528 1372 553 ne
1401 516 1431 552 si
1459 529 1533 553 suae
1562 518 1799 567 corruptioni
1825 532 1892 568 per
1923 519 2175 570 insipientiam

1184 587 1287 611 suam
1310 575 1546 611 occasionem
1570 575 1818 625 praebuerint,
1841 577 1930 627 ipsae
1951 577 2020 614 sibi
2041 578 2175 614 merito

1185 635 1358 672 nocuisse
1373 634 1574 671 videantur
1586 663 1596 680 ‚
1615 644 1652 672 et
1668 649 1734 673 sua
1750 649 1892 673 corona
1908 638 2118 687 priventur.
2139 637 2176 674 Si

1186 695 1288 732 enim
1310 694 1516 732 Bethsabee
1541 709 1618 732 non
1646 709 1684 732 se
1710 697 1900 746 impudice
1927 698 2004 734 sive
2029 698 2176 734 incaute

1185 755 1335 791 lavisset
1354 755 1391 790 in
1413 755 1572 800 solario,
1594 764 1631 792 et
1650 758 1820 793 Susanna
1840 758 1877 793 in
1898 758 2089 807 pomario,
2109 757 2176 794 ubi

1185 814 1306 850 videri
1330 821 1505 864 poterant
1533 815 1660 863 aliquo
1686 816 1819 861 mod03
1849 829 2086 866 nequaquam
2114 817 2177 853 illa

1185 874 1424 920 adulterium,
1440 887 1508 911 nec
1521 874 1592 912 ista
1608 876 1740 912 mortis
1756 876 1961 926 periculum
1977 877 2176 913 incidisset.

1185 935 1310 971 Cautae
1326 933 1401 969 sint
1423 934 1602 983 virgines,
1622 935 1718 971 sicut
1737 944 1825 972 sunt
1841 944 1962 972 castae.
1983 939 2178 972 Fenestras

1185 993 1384 1030 oculorum
1403 1001 1440 1029 et
1459 994 1606 1030 aurium
1634 1008 1787 1031 suarum
1809 995 1955 1031 discant
1981 994 2176 1041 obserare,

129 1054 177 1091 ad
196 1054 349 1104 nuptias
371 1054 506 1091 melior
533 1063 590 1090 est
611 1054 769 1091 muliere
795 1054 946 1103 nuptias
970 1054 1119 1104 adepta,
1137 1052 1165 1085 B
1186 1053 1312 1089 vultus
1329 1051 1577 1099 abscondere,
1598 1067 1644 1090 ne
1660 1054 1720 1091 vel
1740 1053 1825 1099 sibi,
1847 1054 2012 1091 videndo
2032 1055 2092 1091 vel
2112 1069 2180 1091 au-

129 1127 215 1151 cum
233 1127 276 1151 ea
295 1127 379 1164 quae
391 1113 470 1163 jam
492 1115 636 1164 nupsit,
655 1127 732 1151 uno
752 1115 799 1150 sit
817 1114 900 1150 viro
923 1122 1121 1159 contenta;

129 1182 292 1224 nuptura
310 1186 401 1210 vero
417 1187 590 1223 quaerens
608 1187 675 1224 per
691 1187 842 1210 omnem
860 1173 1046 1223 populum
1063 1173 1123 1210 cui

129 1234 340 1278 adhaereat,
363 1247 447 1270 cum
467 1232 642 1283 pluribus
662 1246 813 1270 necesse
833 1241 889 1270 est
914 1232 1122 1270 fornicetur

130 1294 256 1330 animo
269 1300 294 1330 ².
314 1293 441 1330 Placet
457 1294 556 1330 enim
577 1294 630 1330 illi
646 1293 759 1331 hodie
778 1306 888 1339 unus,
909 1306 990 1329 cras
1012 1293 1119 1338 alter,

130 1353 267 1390 deinde
285 1354 414 1390 tertius
433 1362 471 1391 et
485 1362 660 1403 quartus,
677 1362 715 1391 et
734 1354 898 1391 fortassis
917 1354 1044 1403 plures
1061 1368 1068 1390 z
1087 1362 1124 1389 et

129 1412 325 1462 quomodo
353 1413 383 1450 si
413 1413 495 1450 talis
523 1414 701 1460 moritur,
731 1414 906 1451 meritum
937 1413 1124 1450 obtinebit

129 1472 353 1523 virginitatis
371 1472 625 1522 incorruptae?

182 1531 245 1568 96.
267 1535 405 1569 Utrum
425 1540 549 1568 autem
578 1532 744 1581 virgines
771 1532 857 1577 illae,
883 1544 966 1581 quae
988 1532 1026 1568 vi
1052 1545 1123 1582 op-

131 1591 348 1641 primuntur
361 1600 447 1641 post
463 1592 689 1641 virginitatis
704 1600 850 1637 votum,
868 1604 937 1629 nec
957 1591 1125 1640 aliquan-

131 1651 180 1688 do
197 1652 441 1688 consentiunt
456 1652 712 1701 corruptioni3
731 1652 791 1688 vel
812 1652 883 1688 illae
898 1651 1022 1698 etiam,
1038 1664 1124 1701 quae

131 1719 218 1748 ante
233 1719 362 1748 votum
383 1710 587 1760 aliquando
612 1711 658 1747 ad
685 1710 836 1760 nuptias
861 1711 1126 1760 aspiraverunt

131 1769 237 1806 firma
253 1778 392 1816 mente,
411 1770 498 1807 licet
512 1778 643 1820 postea
657 1770 878 1820 poenitentia
892 1769 1013 1807 ductae
1031 1778 1125 1807 voto

1187 1112 1327 1150 diendo
1353 1112 1457 1162 quod
1488 1113 1584 1150 forte
1608 1126 1687 1150 non
1712 1113 1884 1162 expedit,
1905 1122 2062 1150 mortem
2086 1116 2181 1151 asci-

1187 1180 1292 1209 scant
1319 1187 1327 1209 :
1359 1185 1406 1209 ne
1435 1172 1525 1209 dum
1559 1171 1606 1208 ab
1641 1173 1721 1209 aliis
1743 1173 1902 1209 incautae
1931 1172 2109 1209 videntur
2144 1182 2183 1210 et

1187 1232 1405 1279 audiuntur,
1422 1233 1536 1283 ipsos,
1554 1234 1726 1283 quamvis
1740 1233 1973 1284 ignoranter,
1994 1233 2180 1270 occidant.

1188 1292 1300 1342 Quod
1326 1306 1426 1343 saepe
1452 1294 1651 1343 contigisse
1677 1293 1944 1343 cognovimus,
1963 1293 2029 1330 illo
2048 1306 2183 1344 sugge-

1190 1361 1297 1390 rente
1319 1362 1356 1390 et
1376 1353 1593 1399 insidiante,
1613 1354 1660 1390 de
1680 1367 1756 1404 quo
1779 1354 1959 1403 scriptum
1977 1362 2032 1390 est
2051 1368 2058 1390 :
2078 1355 2187 1390 Sedet

1190 1417 1228 1448 in
1251 1415 1398 1448 insidiis
1412 1426 1492 1448 cum
1509 1413 1680 1449 divitibus
1694 1418 1732 1448 in
1750 1416 1915 1458 occultis,
1934 1422 1973 1449 ut
1990 1414 2188 1460 interficiat

1191 1472 1458 1508 innocentem3.
1483 1475 1540 1509 De
1565 1473 1646 1510 aliis
1670 1485 1762 1509 vero
1793 1486 1878 1522 quae
1897 1473 1956 1510 vel
1982 1473 2185 1522 aliquando

1189 1541 1276 1570 ante
1293 1541 1438 1578 votum,
1457 1533 1515 1569 vel
1534 1541 1621 1582 post
1636 1533 1716 1569 sola
1734 1533 1928 1570 voluntate
1945 1533 2059 1582 lapsae
2076 1543 2185 1580 sunt;

1191 1592 1284 1628 mihi
1304 1592 1469 1638 videtur,
1489 1592 1568 1629 sine
1588 1591 1810 1643 praejudicio
1831 1591 2035 1641 cujuslibet
2050 1594 2186 1630 melio—

1190 1651 1241 1687 ris
1265 1652 1484 1697 sententiae,
1509 1651 1614 1701 quod
1638 1652 1864 1702 virginitatis
1897 1665 2076 1689 coronam
2107 1667 2185 1690 non

1190 1710 1376 1757 amittant,
1395 1711 1425 1747 si
1445 1719 1569 1748 tamen
1587 1712 1698 1749 citius
1713 1711 1760 1748 ad
1775 1720 1907 1748 votum
1924 1712 2129 1759 redierunt,
2150 1723 2187 1750 et

1189 1770 1228 1806 in
1243 1783 1289 1807 eo
1302 1770 1462 1808 fideliter
1477 1779 1767 1821 permanserunt
1785 1786 1793 1808 :
1814 1770 1879 1808 sed
1897 1779 2020 1808 tamen
2036 1785 2186 1810 coronae

129 1829 308 1866 castitatis
324 1842 364 1865 se
384 1829 702 1875 constrinxerint3
719 1829 796 1866 sive
811 1830 922 1866 etiam
938 1829 1023 1876 illae,
1042 1843 1125 1879 quae
1145 1829 1172 1864 C
1191 1829 1366 1867 meritum
1389 1838 1484 1880 puto
1504 1831 1715 1880 aliqualiter
1735 1830 2035 1867 imminuendum
2053 1844 2187 1869 secun-

130 1897 217 1938 post
244 1897 375 1926 votum
408 1888 613 1938 aliquando
644 1889 724 1926 sola
752 1889 946 1926 voluntate
979 1902 1000 1926 a
1032 1897 1124 1926 voto

130 1949 372 1986 continentiae
392 1949 620 1995 resilierunt,
641 1949 706 1986 sed
727 1962 855 1986 rursus
874 1949 921 1986 ad
939 1949 1017 1986 voti
1035 1962 1126 1986 con-

131 2008 305 2045 stantiam
325 2008 537 2054 redierunt,
556 2017 594 2045 et
612 2021 732 2058 usque
753 2009 791 2045 in
813 2010 924 2045 finem
946 2022 1124 2059 perseve—

131 2076 312 2105 raverunt
335 2084 345 2105 t
371 2076 497 2105 utrum
512 2097 521 2113 ,
543 2069 697 2118 iuquam
713 2097 722 2114 ,
751 2069 840 2105 tales
867 2069 1031 2117 virgines
1053 2069 1127 2105 sint

128 2127 285 2177 praemio
315 2128 566 2173 coronandae,
597 2129 716 2165 fateor
743 2142 802 2164 me
831 2141 877 2164 ex
904 2128 1127 2165 auctoritate

129 2187 287 2224 nescire.
305 2190 352 2224 Et
368 2187 439 2224 hoc
459 2188 574 2237 magis
594 2188 814 2237 peritiorum
835 2187 1046 2233 hominum,
1067 2188 1125 2224 vel

128 2254 229 2283 certe
240 2246 370 2283 divino
383 2247 509 2296 potius
521 2246 677 2284 arbitrio
688 2249 809 2284 sentio
821 2247 1124 2297 relinquendum.

128 2306 222 2344 Dico
241 2314 366 2342 autem
393 2307 509 2356 magis
535 2307 746 2357 opinando,
775 2320 886 2357 quam
909 2306 1126 2343 definiendo

129 2365 175 2403 de
190 2365 335 2416 primis,
350 2379 434 2416 quae
451 2367 527 2403 vim
553 2367 766 2417 patiuntur,
784 2367 813 2404 si
833 2379 1026 2416 nunquam
1050 2379 1127 2402 suae

129 2426 385 2476 corruptioni,
418 2439 487 2464 nec
518 2427 734 2473 voluntate,
771 2440 839 2464 nec
876 2426 1126 2464 delectatione

130 2486 392 2533 consentiunt,
414 2486 525 2524 beato
553 2488 730 2538 virginali
755 2488 911 2538 praemio
939 2500 1015 2524 non
1046 2500 1126 2524 esse

131 2546 366 2596 spoliandas-»⁸
382 2575 393 2592 ,
424 2547 528 2596 quod
547 2561 594 2585 ex
614 2548 740 2585 verbis
764 2549 889 2586 Luciae
920 2548 968 2599 (si
1001 2556 1124 2584 tamen

131 2605 345 2642 authentica
375 2607 593 2657 videantur)
622 2609 774 2645 videtur
806 2621 917 2658 posse
945 2614 1172 2658 compro-D

133 2664 213 2701 bari
228 2663 257 2701 Ι).
281 2665 317 2702 Si
346 2666 456 2702 etiam
485 2679 553 2715 per
571 2667 809 2714 violentiam,
831 2677 867 2705 ct
887 2681 961 2704 non
986 2681 1005 2704 a
1029 2680 1123 2704 con-

134 2724 394 2771 sentientibus,
415 2727 561 2763 castitas
581 2728 774 2777 virginalis
792 2728 994 2773 amittitur,
1015 2740 1127 2777 spero

134 2784 236 2834 quod
261 2785 342 2822 talis
370 2786 520 2823 amissio
551 2787 729 2824 castitatis
751 2788 843 2837 ipsis
869 2787 1128 2824 amittentibus

135 2845 241 2881 cedat
261 2844 299 2881 in
319 2844 460 2882 bonum
485 2860 492 2882 :
519 2847 606 2896 quia
629 2847 724 2883 sorte
746 2848 915 2897 permisit
936 2860 998 2884 cas
1021 2846 1129 2883 beni·

135 2917 231 2955 gnus
258 2908 365 2941 Jesus
386 2905 447 2941 tali
474 2905 575 2942 bono
602 2907 776 2956 spoliari,
806 2907 909 2956 quod
942 2906 1130 2956 praescivit

137 2964 235 3013 ipsas
251 2976 326 3000 non
341 2963 437 3001 bene
454 2978 597 3002 usuras.
613 2966 713 3002 L‘tile
728 2967 826 3002 enim
844 2966 1128 3015 cssetaliquam,

137 3036 221 3072 quae
248 3032 404 3074 propter
428 3025 656 3075 virginitatis
682 3027 855 3063 meritum
886 3025 1040 3063 deberet
1073 3039 1131 3062 su-

1190 1888 1279 1926 dum
1313 1890 1559 1927 mutationem
1589 1890 1815 1935 voluntatis,
1843 1898 1885 1926 ut
1913 1890 1944 1927 si
1972 1903 2047 1939 qua
2072 1891 2187 1942 longo

1191 1958 1376 2000 tempore,
1394 1951 1454 1987 vel
1474 1950 1581 1987 firma
1596 1951 1793 1987 voluntate
1813 1950 1978 2000 perstitit
1997 1950 2035 1986 in
2054 1951 2189 1988 volun-

1191 2019 1265 2047 tate
1294 2010 1490 2060 frangendi
1516 2019 1646 2048 votum
1667 2010 1912 2061 virginitatis,
1941 2018 2045 2047 tanto
2065 2012 2190 2049 minus

1191 2068 1326 2107 habeat
1346 2071 1467 2107 meriti
1485 2071 1520 2107 in
1541 2083 1692 2107 corona.
1714 2074 1903 2119 Integram
1919 2083 2011 2107 vero
2031 2072 2187 2109 omnino

1191 2142 1369 2166 coronam
1411 2130 1555 2166 aestimo
1591 2143 1827 2179 possessuras
1840 2158 1849 2174 ,
1887 2143 1971 2179 quae
2004 2144 2024 2167 a
2056 2132 2189 2181 primis

1191 2190 1300 2226 annis
1315 2190 1390 2226 suis
1406 2190 1655 2239 virginitatem
1675 2202 1816 2240 sponso
1834 2202 1903 2226 suo
1922 2191 2084 2228 Domino
2099 2195 2187 2229 Jesu

1192 2261 1333 2285 vovere
1352 2257 1390 2286 et
1407 2261 1631 2286 conservare
1649 2249 1889 2286 studuerunt.

1508 2380 1685 2419 CAPL'T
1714 2380 1869 2419 XXIX.

1192 2495 1285 2536 Quod
1311 2495 1366 2526 flos
1385 2495 1441 2526 lilii
1464 2495 1627 2526 inclinatus
1644 2494 1683 2526 ad
1703 2501 1816 2526 terram
1839 2494 1947 2526 doceat
1971 2494 2189 2528 humilitatem.

1243 2609 1304 2645 98.
1335 2610 1411 2644 Nec
1440 2607 1761 2657 praetereundum,
1784 2606 1886 2656 quod
1919 2607 1998 2656 ipse
2030 2606 2099 2643 llos
2124 2608 2188 2645 lilii

1194 2677 1267 2705 tam
1284 2667 1394 2711 altus,
1415 2674 1489 2703 tam
1511 2666 1706 2711 candidus,
1729 2674 1802 2702 tam
1815 2664 2024 2713 jucundus,
2041 2679 2190 2716 semper

1192 2729 1396 2766 reclinatur
1418 2726 1464 2763 ad
1492 2735 1641 2763 terram.
1666 2725 1764 2773 Quid
1784 2725 1895 2762 nobis
1915 2739 1982 2775 per
1997 2726 2067 2762 lioc
2086 2727 2188 2763 aliud

1193 2800 1306 2837 quam
1329 2786 1517 2822 humilitas
1537 2784 1848 2821 commemlatur?
1869 2787 1990 2834 Caput
2010 2786 2109 2821 enim
2133 2786 2190 2821 in-

1194 2848 1334 2884 clinare
1359 2845 1404 2881 ad
1426 2854 1578 2889 terram,
1601 2853 1656 2880 cst
1677 2852 1838 2880 mentem
1868 2853 2034 2880 nostram
2064 2845 2109 2881 ad
2127 2860 2192 2894 go·

1196 2907 1429 2944 nerationcm
1461 2913 1647 2941 terrenam
1682 2913 1718 2941 et
1746 2905 1979 2952 fragilitatem
2012 2904 2058 2942 de
2093 2915 2190 2942 tvi-m

1196 2973 1426 3003 contractam
1448 2965 1651 3009 inllcctcrc,
1674 2978 1720 3001 nc
1740 2964 1786 3000 dc
1808 2963 1916 3000 nobis
1936 2965 2075 3014 aliquid
2097 2980 2192 3016 prat·-

1199 3038 1345 3062 sumcrc
1365 3024 1523 3060 omnino
1549 3023 1777 3069 audeamus,
1806 3023 1895 3060 dum
1916 3037 1984 3061 uos
2013 3025 2132 3062 lutum
2156 3037 2188 3062 ct

190 3167 199 3182 ¹
216 3165 227 3193 1
243 3163 316 3193 Cor.
331 3174 379 3193 vn
393 3187 400 3201 ,
415 3166 469 3195 28.
486 3182 527 3186 —
551 3169 562 3185 ²
580 3165 645 3196 Lib.
661 3166 699 3196 de
711 3172 816 3196 sancta
831 3165 1034 3207 Virginssate,
1049 3176 1119 3207 cap.
1141 3167 1173 3207 l]
1186 3189 1192 3195 .
1207 3182 1248 3186 ——
1268 3161 1279 3183 3
1301 3163 1380 3195 Psat.
1397 3174 1435 3198 ι,
1458 3166 1489 3193 8.

187 3225 202 3241 ·’·
218 3221 299 3251 Vide
317 3224 443 3262 August.
458 3223 512 3254 lib.
533 3227 542 3254 1
562 3224 600 3255 ‹lc
614 3225 746 3256 Cis-itate
763 3225 819 3256 Dei
834 3249 841 3262 ,
857 3235 927 3266 cap.
950 3227 1060 3254 10-20.
1079 3242 1119 3246 -—·
1133 3216 1147 3239 Ι)
1163 3221 1334 3264 Respondit
1350 3221 1431 3253 enim
1446 3221 1609 3254 Paschasio
1628 3232 1635 3251 :
1656 3238 1668 3247 «ι
1684 3224 1853 3262 Nunquam
1870 3221 2054 3263 inquinatur
2067 3233 2191 3265 corpus,

146 3287 157 3300 ι
176 3272 233 3304 nisi
251 3273 290 3304 dc
309 3284 460 3305 consensu
481 3276 600 3307 mentis.
623 3277 652 3307 Si
675 3277 802 3307 inxitam
823 3287 871 3306 nu·
899 3276 1005 3306 violari
1032 3275 1157 3310 feceris,
1185 3275 1308 3306 castitas
1331 3273 1406 3305 mihi
1431 3273 1641 3316 duplicabitur
1664 3273 1701 3304 ad
1728 3283 1888 3303 coronam.
1908 3289 1918 3299 υ

144 3325 289 3356 Dru-ml).
310 3343 348 3348 —
366 3332 378 3346 ι’
396 3327 474 3357 vide
490 3331 616 3369 August.
637 3330 689 3360 lib.
716 3334 723 3360 Ι
746 3329 784 3359 (lv
805 3328 935 3359 (lixitatc
952 3329 1005 3359 tit-i
1019 3352 1026 3365 ,
1045 3339 1112 3370 cap.
1132 3331 1186 3358 QS.

1943 3273 2032 3314 Apud
2057 3277 2126 3305 Sur,
2158 3280 2194 3306 w
