2418 3949
225 220 293 256 821

219 298 422 339 miseretur
443 308 483 336 ut
510 301 648 349 pietas,
677 301 744 337 scit
773 310 812 337 ut
834 302 990 347 veritas,
1007 301 1150 350 judicat
1171 309 1212 336 ut

224 358 404 406 aequitas,
422 359 598 408 praesidet
619 368 659 396 ut
683 360 868 409 maJestas.

275 417 340 454 40.
364 421 446 454 Non
464 419 754 469 comprehendis
772 419 854 468 ejus
869 419 1124 464 altitudinem,
1143 418 1213 454 nisi

221 477 378 514 vilescas
395 479 496 528 apud
514 488 549 516 te
565 481 884 529 contemplatione
903 479 997 528 ejus,
1018 483 1093 516 Nee
1112 490 1214 515 com-

222 537 425 585 prehendis
446 537 526 587 ejus
556 539 875 588 magnitudinem,
896 539 967 575 nisi
989 550 1128 588 parms
1147 538 1213 572 fias

221 597 259 632 in
293 597 412 633 oculis
449 597 542 641 tuis,
580 597 786 646 subjiciens
824 606 860 634 te
896 597 1001 633 omni
1034 603 1213 632 creaturae

221 663 380 705 propter
409 656 546 706 ipsum.
583 660 685 693 Deus
717 657 877 693 charitas
917 664 973 692 est
993 662 1017 692 ¹.
1053 654 1212 704 Spiritus

221 722 370 751 sanctus
397 715 606 764 specialiter
634 715 824 752 charitatis
856 715 1011 751 nomine
1035 714 1209 762 designa—

221 781 294 809 tur.
310 777 395 822 Ipse
415 781 470 809 est
489 786 595 810 amor
616 776 736 812 Patris
755 784 793 812 et
817 768 919 819 Filii,
939 783 976 811 et
993 773 1155 810 suavitas
1176 780 1214 808 et

219 831 361 876 unitas,
388 840 425 867 et
446 832 616 868 osculum
647 841 684 869 et
713 834 927 883 amplexus3
958 841 996 870 et
1027 831 1212 882 quidquid

218 888 416 926 amborum
456 903 658 928 commune
692 905 772 928 esse
809 900 946 941 potest.
986 892 1082 939 Quia
1119 903 1210 926 vero

218 960 287 997 per
304 949 459 997 gratiam
480 949 643 999 Spiritus
667 951 785 987 sancti
803 951 928 987 anima
945 950 1109 987 hominis
1129 953 1210 986 Deo

218 1006 438 1044 mirabiliter
476 1009 627 1054 unitur,
657 1009 851 1046 sciendum
886 1019 941 1046 est
971 1009 1075 1059 quod
1109 1009 1207 1045 idem

896 227 1181 262 TRACTATUS
1209 226 1272 260 DE
1302 227 1590 262 CHARITATE.

1221 298 1288 317 ⁴0⁴·

2199 226 2272 263 522

1280 299 1427 348 lstijam
1445 303 1593 338 coeleste
1611 316 1766 351 reguum
1785 304 1909 353 adepti
1928 312 2037 348 sunt,
2056 317 2131 340 non
2149 303 2271 340 solum

1237 363 1264 393 A
1283 360 1328 395 ad
1357 360 1594 406 habendum,
1633 363 1696 399 sed
1727 363 1808 400 aliis
1838 363 2122 400 conferendum.
2151 367 2272 410 Quam

1281 418 1393 454 fallax
1420 427 1458 455 et
1483 419 1672 457 delusoria
1698 422 1745 458 sit
1775 422 1836 458 illa
1864 423 2074 471 perniciosa
2101 421 2275 464 felicitas,

1280 490 1391 526 quam
1414 478 1585 527 plerique
1606 479 1642 515 in
1664 481 1786 517 carnis
1807 482 2001 531 voluptate
2020 481 2276 524 constituunt,

1280 536 1318 572 in
1347 535 1444 572 libro
1474 538 1717 586 experientiae
1744 539 1879 588 legitur
1903 541 2152 585 incessanter,
2181 539 2271 576 dum

1278 595 1317 631 in
1345 608 1458 644 opere
1489 596 1734 645 impudicitiae
1760 599 1834 635 cito
1867 601 2035 648 praeterit
2065 599 2169 649 quod
2203 599 2269 635 de-

1279 654 1411 698 lectat,
1438 663 1476 690 et
1500 665 1696 704 permanet
1716 657 1796 694 sine
1818 659 1891 694 line
1917 658 2019 707 quod
2042 659 2192 695 cruciat.
2213 661 2269 695 De

1279 712 1417 749 talibus
1446 713 1649 762 lugendum
1675 716 1803 763 potius
1829 718 1950 753 sentio
1969 730 2081 766 quam
2108 718 2268 766 loquen-

1278 772 1383 808 dum.
1407 773 1506 820 Quid
1525 786 1615 822 ergo
1636 774 1826 823 indignius
1852 776 2017 821 homini,
2045 790 2157 825 quam
2185 777 2269 813 ani-

1279 844 1376 867 mam
1407 844 1533 876 suam,
1570 846 1641 882 pro
1673 847 1746 882 qua
1782 834 1950 871 Christus
1984 844 2154 872 mortuus
2190 845 2267 880 est,

1278 891 1402 927 viliori
1439 892 1536 940 parti
1571 892 1627 928 sui
1660 894 1832 942 corporis
1870 894 2118 938 substituere,
2157 903 2193 930 et
2230 908 2268 931 se

1276 948 1398 986 brutis
1417 958 1454 985 et
1478 950 1799 989 irrationabilibus
1819 954 2080 990 conformare?
2097 954 2267 1003 Apertis—

1275 1010 1367 1045 sime
1387 1009 1523 1058 liquet,
1542 1023 1655 1059 quam
1674 1013 1909 1060 perniciosus
1932 1014 1980 1049 sit
1999 1027 2106 1049 amor
2127 1013 2266 1058 carnis,

217 1066 380 1116 Spiritus
405 1068 442 1104 in
464 1068 527 1105 illa
555 1069 694 1105 unione
723 1069 887 1106 donator
910 1078 965 1106 est
990 1077 1027 1105 et
1050 1069 1206 1105 donum.
1230 1066 1257 1099 B
1274 1078 1311 1105 et
1325 1082 1414 1106 usus
1427 1068 1613 1115 libidinis,
1627 1070 1673 1106 ad
1687 1084 1849 1120 quorum
1867 1072 2151 1109 detestationem
2167 1076 2267 1109 Deus

217 1126 378 1175 Spiritus
404 1128 504 1164 enim
525 1137 582 1165 est
614 1128 677 1178 qui
699 1129 865 1165 vivificat
885 1129 1058 1178 spiritum
1086 1128 1210 1164 homi-

217 1185 293 1230 nis,
314 1194 352 1221 et
378 1185 501 1236 ipsum
529 1188 681 1224 instruit
708 1197 746 1225 et
771 1188 951 1224 informat
978 1192 1100 1225 Deum
1123 1188 1210 1224 dili-

216 1257 326 1293 gere,
349 1258 521 1293 quaerere
540 1255 578 1284 et
597 1248 787 1294 invenire,
809 1256 936 1284 tenere
959 1256 996 1284 et
1015 1248 1101 1284 frui.
1126 1251 1211 1297 Ipse

216 1312 272 1341 est
288 1305 502 1342 sollicitudo
523 1307 780 1355 quaerentibus
802 1308 1008 1344 Dominum
1029 1308 1066 1343 in
1087 1307 1210 1343 humi-

217 1364 339 1410 litate,
362 1365 480 1414 pietas
500 1365 735 1402 adhortantis
758 1366 798 1402 in
820 1367 957 1416 spiritu
977 1374 1014 1403 et
1037 1367 1208 1403 veritate.

216 1427 302 1473 Ipse
322 1432 378 1460 est
407 1425 589 1474 sapientia
622 1425 847 1463 invenientis
860 1455 869 1472 ,
892 1439 1000 1463 amor
1018 1425 1209 1471 habentis,

217 1482 394 1531 gaudium
416 1484 655 1532 perfruentis.

577 1617 752 1655 CAPL'T
780 1618 851 1656 XI.

266 1733 302 1760 lu
322 1729 415 1761 rebus
434 1731 546 1761 creatis
571 1730 713 1762 stabilem
735 1731 912 1762 felicitatem
935 1741 998 1762 nou
1018 1731 1164 1763 iuvenili.

1275 1128 1322 1164 de
1350 1137 1562 1178 purpurata
1590 1130 1788 1166 meretrice
1817 1131 2101 1168 exsecutoribus
2131 1132 2271 1179 angelis

1277 1187 1367 1225 dicit
1384 1203 1392 1224 :
1415 1190 1606 1234 Quantum
1625 1192 1802 1225 exaltavit
1825 1204 1863 1225 se
1883 1195 1920 1225 in
1943 1192 2106 1233 deliciis,
2129 1200 2270 1225 tantum

1277 1250 1365 1283 (late
1379 1253 1416 1283 ei
1435 1257 1654 1283 tormentum
1676 1257 1711 1283 et
1731 1251 1871 1284 lactum
1889 1248 1914 1284 3.

1330 1307 1391 1343 42.
1423 1310 1551 1344 Restat
1568 1307 1767 1356 prosequi,
1781 1307 1883 1357 quod
1900 1308 1937 1344 in
1952 1307 2151 1356 voluptate
2170 1320 2266 1343 ocu-

1277 1366 1401 1403 lorum
1422 1374 1459 1402 et
1473 1367 1636 1412 aurium,
1658 1375 1960 1416 caeterorumque
1976 1380 2152 1403 sensuum
2165 1394 2174 1410 ‚
2193 1379 2268 1402 non

1276 1434 1333 1463 est
1351 1425 1548 1462 beatitudo
1562 1427 1618 1462 vel
1639 1427 1806 1476 requies;
1832 1427 1897 1464 sed
1923 1439 2047 1476 neque
2061 1427 2098 1462 in
2118 1426 2173 1462 bis
2188 1439 2272 1474 quae

1277 1485 1469 1534 pertinent
1495 1484 1542 1521 ad
1566 1484 1719 1522 delicias
1747 1486 1835 1522 vitae
1864 1485 1999 1534 hujus,
2020 1485 2066 1522 ad
2095 1484 2271 1521 ambitio-

1279 1557 1361 1580 sum
1377 1544 1560 1580 bonorem
1573 1572 1582 1588 ,
1601 1544 1647 1580 ad
1664 1545 1843 1593 potentiae
1866 1545 2115 1581 dominatum.
2135 1544 2268 1581 Veniat

1280 1617 1370 1653 ergo
1389 1604 1592 1640 ditissimus
1609 1618 1693 1650 rex,
1717 1605 2018 1654 potentissimus,
2039 1604 2272 1654 sapientissi-

1282 1676 1364 1700 mus
1383 1670 1420 1698 et
1439 1661 1742 1708 delicatissimus,
1756 1664 1932 1701 Salomon
1955 1663 2114 1707 scilicet,
2133 1662 2274 1712 etquid

1283 1723 1329 1759 de
1351 1724 1422 1758 line
1445 1723 1574 1758 talium
1593 1721 1739 1770 judicet
1757 1723 1964 1759 audiamus.
1991 1726 2107 1768 Dixi,
2130 1723 2271 1771 inquit,

1283 1787 1322 1817 in
1334 1784 1442 1818 corde
1453 1795 1534 1817 meo
1546 1811 1556 1826 ‚
1580 1783 1728 1818 Vadam
1746 1791 1780 1818 et
1791 1785 1942 1831 affluam
1960 1785 2103 1817 deliciis
2116 1779 2271 1828 etfruar

270 1841 331 1877 41.
355 1844 473 1878 Porro
502 1842 654 1891 quidam
683 1843 731 1879 ad
753 1843 1026 1893 perfruendum
1048 1842 1117 1880 sibi
1138 1843 1208 1879 eli-
1230 1842 1256 1877 C
1275 1840 1388 1877 bonis.
1427 1844 1472 1877 Et
1499 1840 1597 1876 infra
1615 1856 1623 1877 :
1642 1842 1837 1887 sEclificavi
1865 1844 2014 1885 (tomos,
2039 1850 2075 1877 et
2098 1844 2267 1889 plantavi

217 1908 312 1950 gunt
332 1913 375 1937 ea
391 1915 475 1950 quae
495 1902 754 1952 peremptoria
775 1911 864 1939 sunt
885 1903 1027 1940 salutis.
1054 1906 1211 1940 Veneno

217 1960 316 1996 enim
335 1961 551 2010 cupiditatis
571 1962 712 2007 infecti,
731 1975 752 1998 a
767 1961 909 1998 malitia
930 1961 1042 2011 hujus
1063 1962 1207 2006 mundi,

219 2019 410 2057 fallacibus
431 2020 589 2066 divitiis,
619 2022 845 2058 transitoriis
862 2030 899 2058 et
919 2021 1150 2067 honoribus,
1172 2023 1210 2058 in

218 2080 479 2129 voluptatibus
506 2081 651 2126 carnis,
683 2081 884 2130 saeculique
915 2080 1109 2118 favoribus
1134 2094 1211 2118 suae

217 2140 438 2176 intentionis
465 2141 576 2176 [inem
606 2141 862 2185 constituunt,
892 2148 930 2177 et
959 2141 995 2176 in
1022 2140 1101 2184 his,
1127 2153 1211 2189 quae

219 2207 307 2235 sunt
335 2207 486 2236 aeternae
520 2199 773 2237 damnationis
802 2200 969 2244 occasio,
998 2200 1209 2236 felicitatem

218 2271 322 2295 suam
348 2259 438 2296 falsa
457 2259 662 2308 opinione,
691 2259 798 2308 quasi
825 2259 1051 2296 somniando
1073 2258 1210 2308 depin-

217 2326 320 2367 gunt.
350 2318 422 2356 Sed
443 2318 507 2355 ubi
538 2319 647 2368 copia
676 2318 891 2355 divitiarum
923 2318 1044 2367 major
1065 2317 1210 2355 exube-

218 2385 296 2422 rat,
333 2376 383 2414 ibi
419 2391 457 2414 se
492 2378 643 2427 gravior
683 2378 854 2415 molestia
891 2376 1211 2422 sollicitudinum,

219 2436 333 2474 totius
351 2436 612 2486 perturbativa
639 2437 776 2486 quietis
796 2436 975 2472 incendit.
1005 2436 1212 2473 Rationalis

218 2495 344 2545 itaque
376 2496 500 2532 anima
535 2496 618 2532 licet
647 2495 692 2532 ad
722 2508 906 2532 summam
939 2494 1210 2531 beatitudinem

219 2553 475 2591 desideranter
499 2555 662 2604 aspiret,
696 2555 777 2591 aliis
805 2563 928 2591 tamen
960 2553 1210 2599 abstrahitur,

219 2620 257 2648 et
275 2626 355 2649 eam
376 2613 547 2662 quaedam
573 2614 661 2650 salsa
689 2613 873 2650 felicitatis
896 2614 1020 2662 imago
1045 2612 1209 2658 deludit,

219 2680 284 2708 aut
304 2685 400 2708 vera?
421 2673 578 2709 miseriae
597 2673 804 2709 similitudo
832 2673 1008 2710 deterret.
1030 2674 1123 2720 Quis
1143 2686 1209 2709 au-

222 2740 293 2767 tem
312 2740 584 2782 paupertatem,
604 2733 920 2782 persecutionem,
936 2732 1209 2782 aegritudinem,

220 2792 382 2836 luctum,
407 2792 565 2837 famem,
585 2805 662 2828 non
689 2800 839 2842 reputet
860 2805 1031 2841 magnam
1054 2792 1212 2828 miseriae

221 2850 460 2900 portionem?
481 2852 564 2888 Istis
593 2859 716 2888 tamen
748 2860 786 2888 et
812 2865 900 2888 vera
932 2851 1081 2889 miseria
1113 2865 1210 2902 prae-

221 2918 396 2954 cavetur,
412 2919 448 2946 et
476 2924 565 2947 vera
584 2910 780 2948 beatitudo
800 2911 1019 2960 acquiritur.
1043 2915 1117 2948 Nee
1139 2911 1210 2947 mi-

223 2983 318 3006 rum.
349 2973 551 3019 Paupertas
579 2971 683 3020 regni
709 2971 872 3008 coelestis
893 2971 1114 3021 acquisitiva
1141 2981 1208 3008 est.

224 3029 322 3065 Beati
360 3029 458 3066 enim
495 3043 698 3079 pauperes,
732 3030 911 3079 quoniam
951 3031 1119 3080 ipsorum
1156 3039 1211 3065 est

224 3103 378 3137 regnum
399 3090 595 3126 coelorum.
629 3090 727 3126 Beati
757 3090 821 3140 qui
851 3091 1002 3139 lugent,
1030 3090 1093 3138 qui
1125 3102 1211 3125 esu-

226 3150 346 3195 riunt,
370 3150 434 3199 qui
460 3150 759 3199 perseeutimiem
790 3150 1002 3199 patiuntur,
1030 3149 1118 3198 qnia
1142 3149 1212 3198 ipsi

225 3208 491 3246 saturabuntur
506 3218 515 3230 ¹
542 3210 613 3245 :illi
633 3210 927 3246 consolationem
948 3209 1146 3257 recipient,
1176 3216 1212 3243 et

278 3338 452 3369 ·.1υ;ιιι.υ,
476 3341 583 3366 11ὶ.-
605 3342 613 3353 ’
633 3336 850 3371 ,xta-1111.x,.2„
874 3350 889 3364 .·
907 3360 913 3368 ,
933 3341 961 3363 s..
986 3354 995 3357 --

1045 3335 1163 3375 ἱᾹΙΠιΓ.
1183 3346 1217 3364 R*
1231 3347 1266 3364 ΙΙΙ
1282 3359 1287 3367 ,

1280 1903 1426 1945 vineas,
1451 1899 1529 1948 secl
1560 1901 1682 1935 hortos
1708 1912 1743 1936 et
1758 1907 1958 1950 pomaria,
1988 1911 2026 1938 ct
2055 1906 2196 1936 consevi
2224 1915 2268 1935 en

1278 1964 1397 1995 cuncti
1411 1965 1558 2007 generis
1582 1959 1783 1996 arboribus.
1808 1964 1853 1997 Et
1880 1961 1997 1997 multa
2027 1960 2161 1997 similia
2182 1973 2271 2009 per-

1278 2019 1471 2069 sequendo
1497 2019 1646 2068 adjecit.
1671 2023 1826 2056 Possedi
1843 2035 1960 2057 sen-os
1974 2031 2008 2057 et
2024 2023 2185 2056 ancillas
2200 2049 2209 2065 ‚
2237 2029 2273 2054 ct

1269 2077 1462 2126 fiimiliam
1484 2082 1637 2115 multam
1656 2085 1767 2115 nimis
1779 2109 1787 2122 ,
1810 2085 2019 2116 coacervavi
2036 2081 2127 2115 milii
2139 2092 2268 2114 auram

1277 2149 1314 2175 e!
1338 2148 1554 2188 argentam,
1589 2139 1816 2175 substantias
1846 2154 1970 2188 regum
1992 2150 2026 2176 et
2051 2143 2266 2188 provincia-

1278 2213 1369 2236 rum.
1388 2202 1433 2236 Et
1448 2198 1593 2236 addens
1614 2199 1660 2235 de
1678 2200 1871 2249 voluptate
1891 2200 2038 2236 aurium
2056 2214 2063 2235 :
2084 2201 2186 2243 Feci,
2208 2198 2268 2234 in-

1277 2258 1380 2307 quit,
1401 2259 1494 2293 milei
1511 2267 1719 2294 cantatores
1739 2268 1775 2295 ct
1788 2264 2021 2294 cantatrices.
2039 2260 2083 2294 Et
2097 2265 2183 2307 post
2197 2257 2275 2293 baee

1277 2315 1436 2365 subjecit
1477 2331 1485 2353 τ
1515 2319 1711 2365 Quidquid
1732 2319 2033 2353 desideraverunt
2061 2320 2156 2352 oculi
2176 2320 2248 2351 mci
2261 2343 2271 2358 ‚

1277 2389 1351 2410 aaa
1380 2380 1511 2424 negavi
1538 2380 1610 2420 eis,
1646 2390 1713 2411 nec
1727 2375 1907 2424 prohibui
1927 2390 1989 2410 cor
2016 2389 2157 2420 moiun,
2180 2379 2271 2422 qum

1277 2439 1377 2471 omni
1393 2439 1586 2483 voluptate
1603 2435 1816 2483 frueretur,
1834 2445 1867 2472 et
1889 2435 2090 2471 oblectaret
2104 2449 2143 2470 sc
2162 2439 2200 2469 in
2217 2435 2270 2469 ln's

1276 2508 1364 2542 quoe
1377 2508 1612 2542 paraveram.
1648 2495 1747 2542 Quid
1760 2525 1769 2541 ,
1787 2509 1917 2544 quaeso
1930 2525 1940 2541 ,
1981 2495 2198 2540 delicatius,
2232 2502 2267 2530 et

1277 2554 1369 2603 quid
1387 2553 1595 2602 jucundius
1612 2556 1626 2591 9
1643 2556 1847 2593 Continuat
1875 2565 1999 2592 autem
2029 2556 2206 2593 Salomon
2233 2563 2269 2589 et

1229 2618 1261 2652 D
1278 2613 1471 2664 subjungit
1489 2629 1496 2650 ;
1519 2615 1680 2662 Cumque
1695 2621 1948 2650 convertissem
1967 2629 2024 2650 mc·
2037 2643 2047 2657 ,
2063 2614 2206 2663 inquit,
2225 2616 2277 2647 ml

1281 2683 1409 2709 cancta
1436 2688 1550 2722 opera
1583 2689 1684 2717 inca,
1717 2680 1755 2710 iu
1776 2675 2138 2722 quibu«.=-ml11‹·‹›r‹1m
2155 2701 2162 2714 ,
2192 2675 2273 2708 vidi

1280 2738 1319 2768 in
1343 2733 1513 2768 omnibux
1531 2738 1736 2769 vanitatem
1752 2743 1785 2768 ct
1799 2736 1886 2782 affli(
1899 2743 2035 2768 ltttlti'llt
2052 2737 2199 2780 spitum
2211 2759 2220 2773 ,
2240 2741 2274 2766 ε’(

1279 2794 1618 2840 nihilpa·rm‹1m·re
1639 2793 1702 2828 sul}
1720 2795 1796 2828 solz·
1813 2802 1834 2828 ¹.
1864 2793 2094 2829 Sententiam
2116 2791 2267 2841 quidem

1278 2853 1489 2900 generalem
1508 2853 1736 2900 praemiserat
1759 2852 1886 2888 ‹lit-ens
1904 2867 1911 2888 :
1936 2854 2020 2886 l'idi
2037 2862 2166 2886 cuncta
2185 2865 2271 2898 quet·

1266 2912 1367 2957 fiunt
1383 2911 1448 2946 sub
1466 2915 1562 2954 .s‹1le;
1582 2921 1617 2947 et
1635 2926 1716 2948 cccc
1732 2918 1860 2948 omnia
1880 2916 2028 2948 vanitas
2050 2920 2084 2946 ct
2112 2913 2266 2959 afflictio

1277 2974 1423 3018 spiritus
1433 2969 1455 3005 ⁵.

1313 3336 1339 3365 .·.
1422 3338 1479 3366 ⁴1«
1512 3337 1547 3366 l··.
