2504 3928
356 167 426 203 139

352 244 519 288 tristitia,
537 243 644 291 eujus
671 242 716 278 ad
745 255 810 277 cor
840 241 1117 278 consolationes
1143 243 1338 293 inspiratio
1355 244 1369 261 ⁶

1115 167 1403 204 GtLLtzBERTI
1433 171 1629 206 ABBATIS

1373 245 1385 261 ²
1405 259 1532 282 nonne
1552 248 1720 283 omnium
1738 247 1783 283 ad
1803 255 1838 283 te
1856 246 1970 283 trahis
1988 246 2250 295 animosi‘Ego
2264 275 2274 293 ‚
2290 246 2389 284 bone

2317 170 2389 207 140

352 303 517 350 loquitur
537 302 684 345 divina,
701 310 736 336 et
752 300 797 336 de
817 300 987 336 convalle
1006 301 1228 350 plorationis
1246 317 1341 339 evo-
1359 309 1386 342 Α
1406 309 1512 351 Jesu,
1531 306 1813 342 resurrectionis
1833 314 1904 342 tuae
1921 318 1996 343 non
2015 313 2191 354 exspecto
2211 306 2364 355 gloriam
2377 334 2388 352 ,

352 369 429 405 cat,
448 361 554 409 cujus
570 374 590 396 a
605 361 729 396 furore
751 359 891 396 Judicis
909 372 984 395 non
1003 359 1174 397 turbatur
1192 363 1337 408 oculus,

354 428 394 455 ut
411 419 538 456 videre
566 420 686 455 valeat
707 432 831 467 regem
867 419 1105 456 Salomonem
1133 423 1338 470 tranquillo

354 487 505 528 aspectu
524 479 559 514 in
578 478 638 513 die
660 478 793 514 laetitiae
815 478 938 514 cordis
957 477 1050 526 ejus.

407 538 442 572 3.
459 536 631 584 Egrcdim
639 541 701 581 1'm',
711 539 813 582 silice
829 540 930 581 Sion,
951 547 984 573 ct
996 540 1118 574 videte
1135 553 1256 588 regem
1272 543 1338 576 Sa-

353 597 548 630 lomonem.
576 595 632 631 llli
651 596 750 631 enim
768 595 953 632 habentur
970 596 1071 645 digni
1094 597 1161 634 hac
1184 599 1266 635 laeta
1287 600 1339 635 vi-

354 655 479 699 sione,
503 656 567 703 qui
587 668 626 691 se
645 655 806 704 quadam
830 657 1060 706 poenitentiae
1083 658 1161 706 lege
1187 660 1339 695 conclu-

354 713 470 749 serint
485 741 494 758 ,
533 722 570 750 et
607 714 812 763 disciplinae
842 717 1116 752 coarctaverint
1148 717 1338 764 custodia,

354 786 515 822 quornm
534 775 656 810 renuit
670 775 793 811 anima
810 776 1008 812 consolari.
1026 777 1087 812 Vis
1105 790 1213 813 nosse
1226 791 1338 826 quam

353 831 453 868 bona
470 833 517 869 sit
532 833 744 870 conclusio?
759 837 891 870 Hortus
906 836 1204 884 c011clusus,s‹ms
1217 842 1340 886 sigua-

352 902 408 927 tas
423 899 444 928 ¹.
468 896 593 940 Surge,
606 907 787 941 propera,
809 899 930 929 amica
951 908 1051 938 mea,
1076 905 1110 931 ct
1130 901 1215 931 veni
1231 903 1256 933 ².
1278 898 1341 934 Vi-

354 950 419 986 des
431 950 509 998 jam
530 952 723 999 quomodo
751 953 849 989 illam
871 953 1022 999 invitat,
1043 962 1078 989 et
1096 955 1250 990 amicam
1270 969 1338 991 vo-

352 1017 434 1054 cat,
458 1023 541 1058 quae
567 1024 604 1046 sc
627 1011 744 1060 ipsam
773 1011 998 1048 concludere
1024 1013 1157 1048 novit?
1177 1013 1287 1060 Quod
1311 1014 1340 1050 si
1358 1012 1384 1046 B

351 1069 536 1104 conclusae
565 1070 670 1114 estis,
704 1070 818 1106 nolite
846 1069 990 1117 egredi,
1026 1070 1146 1106 donec
1173 1072 1339 1109 Christus

349 1139 418 1162 vos
441 1127 583 1163 invitet.
611 1131 763 1176 Egressa
789 1137 844 1164 est
864 1129 981 1174 Dina,
1017 1142 1092 1165 non
1119 1129 1275 1175 educta,
1302 1139 1338 1167 et

349 1198 496 1233 egressa
519 1194 573 1221 est
599 1199 675 1222 non
702 1195 741 1222 ut
767 1200 889 1236 regent
916 1188 1176 1234 Salomonem,
1203 1189 1267 1224 scd
1297 1199 1338 1226 ut

350 1243 526 1279 mulieres
549 1243 691 1280 videret
716 1246 876 1294 regionis
898 1245 994 1281 illius
1012 1244 1036 1282 ³.
1061 1246 1159 1294 Quid
1182 1247 1339 1285 invene-

350 1302 425 1346 rit,
449 1315 516 1338 vos
541 1303 669 1339 nostis.
691 1307 765 1340 Vos
789 1304 915 1352 egredi
938 1295 1072 1351 nolite,
1096 1307 1163 1342 nisi
1186 1307 1337 1355 quando

348 1373 414 1396 vos
438 1369 502 1396 aut
530 1374 709 1409 sponsus,
748 1371 811 1398 aut
832 1364 962 1411 sponsi
990 1364 1150 1400 invitant
1178 1365 1335 1402 sodales.

348 1422 526 1468 Egressus
546 1429 601 1456 est
622 1425 784 1457 Lazarus
808 1435 892 1458 cum
913 1423 1016 1459 illum
1041 1424 1227 1461 Dominus
1251 1439 1338 1462 evo—

345 1488 445 1514 caret
461 1480 507 1515 ad
528 1480 641 1516 vitam
658 1482 684 1516 4.
713 1484 891 1529 Egressus
923 1491 978 1518 est
1006 1486 1085 1519 Noe
1117 1483 1163 1518 de
1190 1497 1233 1520 ea
1253 1498 1336 1534 quae

346 1538 468 1586 ipsum
494 1538 590 1574 inter
621 1538 731 1587 liujus
754 1540 885 1576 mundi
912 1541 1046 1577 fluctus
1069 1542 1223 1578 illaesum
1252 1557 1337 1580 arca

344 1597 547 1642 conclusit;
569 1598 633 1634 sed
654 1612 822 1647 egressus
843 1609 899 1636 est
915 1614 999 1636 cum
1016 1601 1048 1636 ei
1071 1602 1222 1638 reclusit
1242 1603 1336 1639 ostia

343 1656 529 1692 Dominus
546 1655 571 1691 ⁵.
595 1659 773 1704 Egressus
793 1667 848 1694 est
866 1658 1052 1695 Abraham
1071 1659 1117 1695 de
1141 1669 1239 1697 terra
1255 1674 1333 1707 sua,

343 1722 385 1749 ut
414 1715 714 1763 repromissionis
740 1725 876 1752 terrani
898 1717 1063 1763 videret3
1090 1719 1154 1755 sed
1177 1729 1334 1757 vocatus

1405 376 1474 400 nec
1490 365 1774 401 admirationem
1804 378 1922 401 meam
1942 364 2176 402 ascendentis
2194 364 2233 400 in
2253 365 2388 401 coelum

1405 436 1556 459 reservo
1578 424 1775 473 potentiae,
1798 423 1861 459 sed
1889 423 2010 459 statim
2044 423 2080 458 in
2112 423 2216 459 initio
2241 435 2390 459 annun-

1407 482 1589 528 tiationis,
1610 483 1667 518 vel
1686 483 1887 519 nativitatis
1908 491 1980 518 tuae
1996 494 2107 517 voces
2125 482 2299 530 angelicae
2323 495 2391 518 au-

1408 556 1465 578 res
1485 556 1583 579 meas
1599 544 1831 592 percellunt,
1851 550 1888 578 et
1908 554 2038 578 rumor
2057 553 2178 577 novus
2194 542 2392 591 stupefacit

1406 614 1485 647 mc,
1509 611 1545 638 et
1570 603 1614 638 ad
1639 616 1676 639 se
1697 603 1792 652 rapit
1820 602 1965 638 insueta
1985 601 2050 637 lux
2070 608 2201 636 exorta
2223 600 2260 636 in
2282 608 2389 637 tene-

1405 661 1493 699 bris.
1514 662 1618 699 Nuda
1634 663 1740 706 visio,
1758 670 1794 698 et
1809 674 1892 710 quae
1908 673 1946 696 se
1962 660 1998 696 in
2015 660 2170 696 affectus
2183 659 2390 709 condignos

1406 734 1481 757 non
1501 721 1694 766 transfert,
1715 719 1934 769 ignorantiae
1953 726 1989 755 et
2005 718 2161 754 caecitati
2180 731 2391 754 connume—

1407 789 1521 816 ratur.
1556 780 1676 816 Vultis
1711 780 1893 816 visionem
1932 778 2159 814 fructuosam
2192 778 2392 827 accipere?

1410 841 1588 876 VIderunt
1604 842 1746 883 insulae,
1767 848 1800 874 et
1814 844 2022 882 timuerunt,
2045 847 2078 872 et
2091 846 2256 872 extrema
2281 846 2391 873 terroe

1405 898 1680 946 obstupuerunt,
1703 907 1736 933 ct
1749 905 1990 941 accesserunt,
2003 896 2053 932 ait
2070 896 2182 932 Isaias
2195 902 2234 931 ¹⁰.
2250 895 2391 934 Videtis

1405 970 1500 1006 quos
1516 958 1694 994 virtutum
1724 958 1866 994 fructus
1892 955 1960 992 Dei
1986 955 2081 991 visio
2102 954 2221 1003 pariat
2243 968 2251 991 t
2276 954 2390 991 timo-

1406 1028 1504 1060 rem,
1526 1024 1740 1066 stuporem,
1765 1028 1942 1051 amorem.
1974 1015 2176 1056 Viderunt,
2198 1012 2339 1062 inquit,
2357 1022 2393 1049 ec

1404 1080 1618 1118 timuerunt,
1649 1075 1929 1122 obsltquwrunt,
1949 1082 1985 1109 et
2008 1081 2246 1108 accesserunt.
2278 1072 2314 1104 V
2310 1073 2392 1107 Ide—

1405 1145 1489 1171 runt
1509 1143 1543 1171 te
1573 1135 1619 1171 ad
1647 1134 1929 1183 intelligentiam
1944 1161 1954 1178 ,
1991 1137 2190 1169 timuerunt
2213 1130 2258 1168 ad
2279 1143 2389 1168 reve-

1404 1195 1558 1231 rentiam
1576 1223 1585 1239 ,
1613 1194 1874 1242 obstupuerunt
1899 1192 1945 1229 ad
1965 1192 2169 1228 novitatem
2185 1219 2195 1236 ,
2224 1203 2390 1225 accesse-

1404 1263 1490 1289 rant
1518 1267 1585 1303 per
1612 1253 1925 1290 conformitatem.
1952 1251 2052 1288 Visio
2074 1248 2387 1299 comprehendit,

1404 1311 1515 1348 timor
1545 1313 1781 1362 comprimit,
1813 1310 2011 1360 suspendit
2040 1318 2193 1359 stupor,
2224 1308 2322 1357 rapit
2352 1316 2390 1345 et

1403 1371 1487 1407 unit
1513 1373 1686 1408 accessio.
1711 1372 1768 1408 Illi
1797 1371 1896 1407 enim
1934 1368 2118 1406 accedunt
2149 1367 2213 1417 qui
2236 1367 2390 1404 aemula-

1404 1429 1504 1465 tione
1525 1430 1793 1467 accenduntur.
1809 1429 1978 1467 Videntis
1998 1429 2164 1465 animum
2187 1426 2299 1462 timor
2316 1426 2389 1462 hu·-

1402 1488 1537 1535 miliat,
1552 1498 1686 1538 stupor
1701 1489 1804 1538 quasi
1825 1488 2002 1533 infatuat,
2018 1499 2124 1523 amor
2142 1484 2387 1533 conglutinat.

1401 1550 1510 1585 Cassa
1533 1549 1627 1585 visio
1654 1557 1727 1594 est,
1748 1561 1817 1585 nec
1837 1545 2166 1596 contemplationis
2185 1544 2296 1591 digna
2318 1556 2387 1580 vo—

1400 1606 1534 1643 cabulo
1548 1637 1557 1653 ,
1583 1622 1666 1657 quae
1693 1607 1828 1644 talibus
1857 1620 1932 1643 non
1954 1614 2008 1643 est
2028 1605 2160 1642 vestita
2178 1602 2386 1640 affectibus.

1399 1669 1457 1702 An
1474 1666 1577 1702 illum
1597 1666 1724 1703 videre
1741 1666 1912 1711 definies,
1928 1665 1993 1714 qui
2013 1664 2059 1700 de
2075 1662 2242 1712 mysterii
2261 1661 2389 1711 cogni-

1401 1724 1502 1760 tione
1523 1738 1591 1760 nce
1611 1725 1734 1770 timet,
1752 1737 1820 1760 nec
1840 1732 1984 1773 stupet,
2004 1735 2072 1759 nec
2089 1721 2218 1758 ardet?
2235 1721 2386 1757 Timore

342 1773 534 1821 egreditur
549 1772 575 1810 ⁶.
598 1776 643 1810 Et
665 1787 731 1810 vos
751 1775 990 1823 egredimini,
1011 1777 1093 1812 liliae
1115 1778 1223 1823 Sion,
1241 1779 1334 1815 invi—
1354 1784 1381 1820 C
1401 1781 1548 1819 sobrius
1580 1784 1620 1819 sit
1651 1783 1818 1829 animus3
1855 1791 2008 1832 stupore
2022 1810 2031 1827 ‚
2067 1780 2287 1829 absorptus;
2321 1792 2386 1816 ac-

345 1839 430 1866 tatae
462 1831 508 1867 ad
540 1832 715 1868 felicioris
742 1834 897 1881 gratiam
930 1835 1095 1871 visionis.
1127 1838 1332 1874 Conclusus

341 1898 416 1933 est,
447 1898 483 1925 et
509 1891 708 1926 conclusus
733 1892 867 1928 misere
885 1921 894 1938 ‚
916 1893 980 1941 qni
1002 1893 1149 1930 beatam
1171 1895 1217 1931 ad
1237 1896 1332 1933 hanc

341 1948 525 1984 visionem
548 1949 673 1997 egredi
699 1962 767 1985 nec
788 1950 938 1996 nititur,
962 1964 1030 1987 nec
1051 1961 1227 1989 meretur.
1244 1958 1332 1991 Ser-

340 2007 424 2043 vilis
456 2008 672 2054 conclusio,
693 2011 855 2058 egressio
890 2010 1018 2047 libera.
1055 2012 1228 2061 Denique
1253 2027 1331 2049 cum

330 2062 452 2110 ficet-is
464 2092 475 2107 ‚
498 2065 639 2113 inquit,
668 2080 857 2102 conversus
877 2069 929 2102 ml
946 2070 1160 2113 Dominum,
1183 2069 1333 2117 mqfere-

336 2132 396 2157 mr
412 2125 582 2158 velamen
596 2151 607 2167 ,
633 2125 802 2161 velamen
823 2126 1046 2175 ignorantiae
1065 2136 1102 2164 et
1118 2128 1331 2177 ignobilita-

340 2181 417 2216 tis:
443 2183 624 2217 Dominus
656 2183 755 2219 enim
789 2190 940 2231 spiritus
975 2196 1040 2222 est.
1079 2187 1146 2221 Ubi
1182 2193 1331 2234 spiritus

339 2242 510 2281 Domini,
529 2238 578 2273 ibi
598 2239 759 2275 libertas.
778 2240 851 2277 Lbi
869 2241 990 2290 major
1005 2242 1236 2281 abundantia
1252 2246 1329 2295 spi-

337 2296 452 2342 ritus,
475 2296 526 2332 ibi
553 2296 703 2334 libertas
733 2298 898 2336 uberior.
929 2301 1001 2350 Qui
1034 2303 1274 2341 concluditur
1293 2313 1329 2341 et

335 2356 558 2401 involvitur,
580 2365 729 2394 tenuem
745 2358 856 2395 habet
875 2361 1083 2409 respirandi
1106 2361 1327 2400 libertatem.

390 2414 425 2449 4.
449 2414 676 2462 Egredimini
695 2428 799 2464 ergo,
818 2417 902 2453 liliae
919 2418 1007 2455 Sion
1022 2447 1031 2463 ,
1052 2427 1090 2454 ut
1107 2433 1191 2455 cum
1213 2422 1329 2458 Paulo

340 2472 465 2508 dicere
486 2474 635 2521 possitis
658 2488 664 2509 :
689 2477 766 2509 Nos
792 2485 915 2511 autem
948 2479 1105 2513 revelata
1116 2477 1220 2525 fite-ie
1244 2483 1328 2528 glo-

342 2535 436 2565 rium
473 2534 545 2566 Dei
580 2535 825 2579 speculantes,
862 2539 898 2570 in
930 2538 1096 2571 eamdem
1132 2542 1330 2587 imaginem
1348 2547 1380 2580 D

339 2588 685 2636 transformamur·7.
716 2592 816 2628 Yisio
848 2594 936 2639 Dei,
966 2595 1129 2642 quodam
1159 2605 1214 2632 est
1245 2610 1330 2634 cum

338 2648 474 2684 affectu
495 2661 644 2698 semper
659 2651 887 2700 accipienda.
905 2657 950 2689 Et
967 2666 1055 2690 vere
1075 2655 1207 2691 efficax
1224 2664 1329 2692 estet

338 2706 501 2742 violenta
526 2707 618 2743 visio
641 2716 720 2752 tua,
739 2708 839 2746 bone
859 2715 945 2747 Jesu
960 2740 969 2756 ‚
997 2726 1080 2761 quae
1100 2713 1327 2752 intuentium

337 2765 374 2799 in
403 2778 440 2800 se
471 2766 568 2813 rapit
595 2767 761 2804 affectus.
790 2773 924 2806 Nonne
950 2771 1096 2807 dulcem
1127 2774 1327 2821 quamdam

340 2822 513 2860 desiderii
541 2826 595 2860 sui
625 2839 753 2873 passus
781 2838 835 2864 est
861 2830 1074 2866 violentiam
1097 2835 1264 2880 Moyses,
1286 2842 1327 2869 ut

341 2882 513 2916 transiret
540 2891 574 2917 et
601 2884 743 2920 xidvrct
763 2887 945 2923 visionem
971 2889 1070 2925 illam
1096 2902 1265 2938 magnam
1286 2890 1327 2927 ⁸?

339 2939 400 2975 Vis
419 2940 588 2988 accipere
617 2956 727 2990 quam
756 2945 801 2979 sit
828 2946 984 2982 efficax?
1022 2948 1110 2982 Cum
1141 2952 1327 2986 exaltatus

331 2997 441 3045 sltem
469 3013 492 3033 a
516 3009 634 3043 terra,
659 3007 784 3037 munia
807 3006 954 3040 traham
985 3009 1038 3040 ml
1070 3021 1127 3042 me
1156 3012 1275 3056 ipsum
1297 3016 1324 3046 9.

336 3057 435 3104 Quid
468 3071 558 3093 vero
585 3073 668 3096 cum
704 3062 916 3099 humiliatus
946 3066 1058 3102 fucris
1087 3067 1131 3102 ad
1163 3072 1326 3106 terram?

1399 1854 1503 1877 ccssu
1515 1870 1524 1886 ‚
1546 1850 1738 1878 consertus
1755 1850 1791 1877 et
1807 1841 2050 1877 consociatus.
2067 1838 2294 1888 Hujusmodi
2313 1838 2387 1874 vir-

1400 1898 1541 1935 tutibus
1582 1899 1911 1948 contemplationis
1954 1898 2072 1947 gratia
2110 1905 2256 1934 constat
2278 1925 2288 1942 ,
2320 1895 2386 1932 sed

1398 1965 1553 2006 stupore
1573 1958 1689 2007 magis
1710 1966 1747 1994 et
1763 1971 1903 1994 amore.
1922 1961 2013 1995 Nam
2036 1965 2190 2006 stupore
2206 1964 2242 1992 et
2263 1955 2385 1991 admi-

1398 2016 1542 2052 ratione
1581 2030 1686 2053 mens
1719 2016 1866 2053 excedit
1895 2045 1904 2062 ,
1947 2028 2075 2052 amore
2114 2014 2270 2050 accedit.
2310 2017 2385 2051 Nec

1398 2074 1615 2111 aestimanda
1649 2084 1703 2111 est
1733 2076 1852 2111 virtus
1882 2073 2212 2123 contemplationis
2244 2080 2318 2108 tam
2338 2084 2385 2108 ex

1397 2134 1572 2179 materia,
1593 2148 1703 2183 qnam
1736 2148 1784 2170 ex
1812 2134 1937 2170 modo.
1968 2137 2137 2181 Utraque
2159 2130 2384 2168 attendenda

1397 2200 1502 2235 sunt,
1533 2201 1569 2226 ct
1595 2206 1731 2239 genera
1763 2206 1888 2228 rernm
1921 2190 2320 2240 contemplandarum,
2348 2198 2385 2226 et

1395 2248 1532 2296 gradus
1553 2249 1765 2285 affectuum.
1789 2249 1860 2286 Sed
1878 2249 1992 2285 satius
2009 2248 2176 2284 inferiori
2196 2249 2233 2284 in
2249 2261 2385 2297 genere

1394 2308 1554 2356 amplius
1581 2309 1700 2354 aflici,
1727 2322 1838 2357 quam
1857 2309 1893 2344 in
1919 2309 2113 2357 superiore
2129 2308 2263 2344 minus.
2281 2308 2383 2345 Visio

1393 2365 1472 2402 liaec
1491 2366 1708 2404 abscondita
1735 2376 1789 2404 est
1816 2382 1836 2404 a
1863 2367 2094 2416 sapientibus
2119 2376 2155 2403 et
2183 2367 2384 2416 prudenti-

1393 2426 1464 2463 bus
1476 2456 1486 2472 ,
1504 2435 1541 2462 et
1557 2427 1718 2463 revelata
1735 2435 1790 2463 est
1808 2427 1974 2476 parvulis
1998 2433 2038 2462 ¹¹.
2054 2426 2144 2463 Ideo
2164 2425 2254 2462 dicit
2271 2441 2279 2462 :
2298 2428 2384 2461 Ex-

1393 2495 1509 2522 trema
1524 2494 1633 2520 terra?
1659 2486 1934 2534 obstupuerunt,
1953 2494 1989 2522 ct
2008 2495 2251 2521 accesserunt.

1449 2546 1484 2580 5.
1510 2544 1619 2590 Quod
1638 2544 1799 2580 humiles
1821 2556 1952 2592 capere
1972 2543 2180 2586 sufficiunt,
2207 2542 2245 2579 id
2268 2542 2384 2592 magis

1397 2603 1493 2640 solet
1525 2603 1695 2648 afficere,
1722 2611 1759 2638 ct
1789 2602 1988 2651 quamdam
2014 2602 2069 2638 sui
2095 2601 2382 2638 admirationem

1396 2670 1432 2698 et
1453 2674 1618 2697 amorem
1646 2662 1864 2710 importare.
1899 2662 1986 2696 Cum
2013 2664 2210 2704 exaltatus,
2236 2660 2382 2709 inquit,

1387 2719 1497 2766 fitero
1511 2734 1534 2755 (ι
1549 2730 1647 2755 terra
1661 2748 1672 2764 ,
1691 2726 1816 2755 οιηηιά
1831 2721 1976 2755 traham
1998 2721 2050 2754 ml
2064 2733 2121 2756 me
2140 2723 2272 2766 ipsum.
2294 2722 2383 2755 Om-

1394 2779 1453 2814 nia
1480 2792 1562 2828 quae
1583 2779 1618 2814 in
1643 2788 1677 2815 te
1707 2787 1817 2824 sunt,
1841 2778 1939 2815 bone
1962 2782 2068 2823 Jesu,
2091 2777 2290 2826 quamdam
2315 2777 2382 2813 lia-

1392 2835 1483 2873 bent
1509 2837 1693 2873 alliciendi
1716 2837 1915 2873 efficaciam
1932 2866 1942 2883 ,
1964 2845 2001 2873 et
2024 2836 2229 2886 cogitantes
2245 2835 2381 2872 sollici-

1393 2904 1471 2932 tant
1491 2896 1527 2931 in
1546 2896 1719 2932 affectum
1743 2911 1749 2931 :
1769 2896 1831 2932 sed
1858 2896 1903 2931 ad
1923 2896 2048 2932 omnia
2072 2909 2148 2931 non
2179 2907 2380 2944 possumus

1392 2967 1523 2991 omnes
1567 2955 1758 3003 attingere.
1805 2953 1984 2990 Sublimia
2025 2954 2112 2990 solis
2157 2952 2380 2990 sublimibus

1392 3022 1499 3058 sunt;
1519 3013 1693 3058 humilia,
1710 3013 1898 3048 omnibus.
1920 3016 2010 3059 Quae
2037 3011 2157 3060 major
2172 3012 2379 3058 humilitas,

1392 3085 1502 3120 quam
1522 3071 1674 3107 exaltari
1698 3072 1734 3108 in
1750 3073 1884 3108 cruce?
1905 3071 2022 3107 Etiam
2040 3071 2085 3107 (le
2106 3071 2172 3107 liae
2188 3071 2239 3106 ait
2259 3085 2267 3107 ε
2290 3071 2378 3106 Cum

386 3195 392 3208 ¹
419 3190 538 3220 (Zantic.
557 3203 598 3226 ιν,
626 3196 731 3222 19..-
756 3198 765 3213 ²
786 3195 828 3225 ld.
847 3207 869 3224 ιι
885 3219 891 3230 ,
919 3200 967 3226 io.
1008 3215 1032 3218 —
1063 3196 1074 3218 ³
1090 3203 1169 3230 (len.
1186 3212 1299 3235 xxxiv,
1328 3207 1357 3233 1.
1386 3223 1413 3226 -
1436 3204 1622 3239 >3J‹›;111.x1‚
1645 3207 1704 3240 -13,
1732 3207 1779 3235 ii.
1799 3223 1835 3226 —
1859 3203 1870 3225 ἶ·
1886 3208 1964 3234 Cen.
1982 3216 2059 3238 νιιι,
2088 3208 2137 3233 16.
2153 3222 2192 3225 -
2214 3202 2373 3239 ὃ1(Ι.)ιιι,

335 3246 358 3270 1,
437 3246 580 3273 Τ11114η.
603 3257 652 3277 ιιι,
679 3249 787 3276 16418,
870 3251 881 3266 '¹'
906 3249 999 3279 tiwd.
1020 3262 1079 3285 ιιι,
1106 3256 1133 3281 .’1.

1179 3272 1190 3275 -
1215 3259 1228 3276 0
1247 3257 1336 3284 Joan.
1362 3268 1406 3285 xii
1424 3280 1431 3293 ,
1452 3260 1501 3286 δ’).

1583 3264 1608 3276 ¹¹·
1629 3258 1693 3287 lsai.
1720 3269 1750 3286 xi
1765 3269 1771 3286 ι
1786 3282 1792 3294 ‚
1819 3262 1847 3288 ἰ».
1928 3263 1952 3277 ¹¹
1971 3256 2083 3288 Manli.
2107 3268 2151 3292 xi,
2174 3259 2225 3286 25.
