2418 3949
92 182 163 219 341

844 175 1125 212 TRACTATUS
1153 176 1383 213 ASCETICI.

2060 176 2136 213 342

90 257 242 307 quidem
264 269 340 293 uon
358 255 446 301 erit,
470 253 651 303 quamdiu
668 252 854 290 credimus
870 267 878 288 :
896 252 961 288 sed
985 248 1128 288 cum¹⁶⁸
1142 250 1261 286 lucem
1308 251 1451 288 habitat
1483 250 1775 288 inaccessibilem
1796 258 1835 297 ⁹3
1867 260 1910 288 ut
1941 252 2044 301 quod
2077 253 2137 289 hic

90 315 322 362 videbimus,
341 323 428 351 tunc
443 314 583 350 erimus
605 312 744 349 similes
759 313 805 348 ei.
827 315 985 360 Propter
1004 310 1075 346 hoc
1092 310 1121 343 A
1141 308 1280 346 dicitur
1299 323 1480 348 numerus
1503 312 1648 348 dierum
1663 340 1672 357 ,
1693 313 1768 348 illic
1787 312 2016 360 intelligatur
2035 313 2136 348 mul—

91 375 156 425 qui
171 387 300 412 sumus
316 374 354 410 in
376 385 537 422 corpore
554 371 835 420 peregrinantes
854 383 875 407 a
892 365 1075 413 Domino,

89 435 326 484 postulamus
350 445 434 469 cum
460 429 606 466 filiabus
633 429 843 480 Salphaad:
866 427 958 478 quid
977 427 1076 463 enim

89 494 342 543 postulemus,
369 491 464 528 sicut
489 497 662 539 oportet,
683 489 868 525 nescimus
888 493 895 508 ¹
916 493 1076 536 :postu-

90 553 209 589 lamus
239 549 494 587 haereditatem
523 556 736 597 paternam;
771 548 951 581 Dominus
977 544 1076 581 enim

82 625 177 661 pars
202 611 431 646 lzoereditatis
456 622 552 644 meoe
565 613 590 643 ².
617 607 849 644 Postulamus
873 618 957 642 cum
986 617 1079 654 apo-

90 671 187 707 stolo
207 684 215 706 2
237 669 394 705 Ostende
413 666 516 702 nobis
537 667 685 701 Patrem
700 694 710 713 ‚
737 674 772 700 et
793 666 922 710 suffi'cit
942 661 1079 699 nobis-³.

88 732 172 766 Non
193 728 323 765 insisto
341 726 495 762 ulterius
508 754 517 771 ,
538 725 633 761 citra
653 737 730 760 non
746 724 906 762 subsisto
926 737 934 758 :
952 724 990 760 in
1007 723 1078 759 hoc

89 787 180 823 mihi
200 784 471 822 desideriorum
490 783 644 819 limitem
662 796 765 832 pono
777 812 786 828 ‚
802 792 977 819 votorum
1001 782 1079 818 col-

88 846 172 882 loco
199 846 324 881 finem.
353 843 444 890 Quis
464 842 614 879 tandem
634 842 695 878 ille
718 844 824 880 finis?
849 847 967 891 Quem
989 842 1078 878 dicit

87 903 290 954 Apostolus
308 917 316 938 :
336 905 468 938 Finem
494 915 582 937 vero
606 906 722 937 vitam
740 911 918 938 oeternam
939 902 965 938 ⁴.
987 905 1078 949 Quae

87 971 143 1000 est
160 963 229 1000 ista
248 962 324 998 vita
341 962 503 998 aeterna?
519 964 639 1008 Quam
658 960 746 997 dicit
767 962 933 999 Christus
961 976 969 997 ε
991 963 1080 996 Haec

1144 367 1266 404 titudo
1287 370 1547 417 mansionum3
1569 384 1644 407 non
1660 371 1763 420 quod
1781 371 1936 419 singulis
1953 379 2041 408 sunt
2059 371 2137 408 sin-

1142 428 1259 475 gulae,
1289 428 1354 465 sed
1381 429 1495 466 etiam
1523 431 1632 466 alicui
1659 431 1805 476 multae,
1823 430 1931 479 juxta
1951 430 2064 476 illud,
2083 433 2137 466 Ec

1144 496 1181 522 ιιι
1205 496 1279 522 esto
1298 497 1515 536 potestatem
1549 489 1684 525 hahens
1711 503 1825 538 supra
1851 492 1977 525 decem
2012 494 2134 525 civim-

1143 555 1194 581 tes
1214 552 1242 567 ¹⁰
1261 560 1268 582 :
1290 559 1375 583 nam
1403 555 1441 583 et
1462 548 1566 584 stella
1594 562 1615 584 a
1639 549 1745 585 stella
1775 549 1901 585 differt
1921 549 1957 585 in
1984 550 2135 586 clarita-

1146 612 1181 641 te
1199 611 1239 641 ¹¹.
1263 609 1305 642 In
1327 619 1403 654 quo
1425 607 1523 642 enim
1546 608 1776 655 praecesserit
1801 609 1982 644 virtutum
2002 622 2136 646 nume-

1147 676 1233 708 rus,
1274 664 1590 714 multiplicabitur
1619 675 1656 702 et
1690 680 1869 703 numerus
1903 668 2132 713 claritatum,

1148 722 1242 758 sicut
1268 735 1306 758 se
1334 722 1448 759 habet
1472 723 1674 772 promissio
1694 725 1914 774 prophetica
1935 739 1942 761 :
1966 727 2137 775 Implebit

1145 785 1325 818 Dominus
1361 783 1619 830 splendoribus
1647 789 1814 820 animam
1850 795 1952 821 tuam
1973 793 2013 823 ¹².
2032 789 2133 825 Felix

1143 841 1255 890 plane
1274 842 1417 887 anima,
1438 855 1522 891 quae
1543 855 1620 878 non
1642 856 1718 879 uno
1738 851 1902 889 tantum,
1923 844 1986 881 sed
2009 847 2135 883 multis

1144 901 1255 937 fuerit
1275 902 1418 951 repleta
1434 901 1720 951 splendoribus,
1744 903 1815 939 illis
1834 903 1965 952 utiquc
1986 904 2031 940 de
2051 905 2136 953 qui-

1143 959 1215 996 bus
1242 960 1409 997 dicitur:
1436 963 1563 996 Tecum
1586 966 1815 1009 principium
1842 967 1880 997 ιή
1906 964 1966 997 ([Ιό
1994 966 2137 999 virtutis

89 1031 142 1058 est
159 1027 238 1058 vita
259 1030 419 1063 aeterna,
447 1028 485 1055 nt
505 1029 722 1068 cognoscant
739 1029 772 1055 te
790 1034 916 1056 veram
934 1023 1075 1064 Deum,
1097 1017 1123 1051 B
1145 1028 1240 1063 tccoe,
1265 1024 1302 1055 in
1330 1020 1588 1069 splendoribus
1614 1030 1820 1056 sauctorum
1841 1019 1881 1057 ¹3.
1905 1022 2137 1059 Serenissimi

88 1090 126 1117 et
142 1094 250 1129 quem
272 1083 400 1115 misisti
420 1081 541 1114 lesum
567 1079 744 1114 Christum
771 1077 796 1116 ⁵.

140 1141 175 1176 8.
210 1138 269 1177 Ad
297 1139 397 1174 hunc
433 1138 544 1174 finem
580 1138 686 1187 quasi
719 1138 765 1174 ad
794 1138 1074 1174 conclusionem

88 1199 348 1235 universorum
375 1206 465 1234 voto
499 1197 714 1244 transierat,
745 1198 810 1246 qui
839 1197 1007 1246 loquitur
1036 1198 1073 1233 in

88 1257 235 1295 Psalmo
253 1284 263 1301 ,
300 1258 435 1292 Notum
463 1254 536 1303 sac
578 1256 695 1301 milti,
737 1260 897 1293 Domine
913 1286 924 1302 ‚
957 1258 1079 1303 finem

85 1329 227 1359 meum;
249 1316 359 1351 finem
380 1314 471 1351 boni
485 1343 495 1360 ‚
518 1323 554 1351 et
573 1316 685 1351 finem
706 1316 793 1352 mali
814 1330 822 1352 :
846 1316 967 1361 illius,
991 1317 1079 1365 quia

88 1375 342 1420 consumitur3
377 1373 512 1423 hujus,
540 1374 628 1423 quia
658 1383 953 1412 consummatur.
986 1375 1076 1415 Ideo

86 1446 175 1471 vere
207 1434 341 1479 finem,
377 1433 489 1469 finem
522 1445 683 1482 purum,
719 1433 898 1482 plenum,
935 1446 1075 1482 perpe-

88 1501 194 1530 tuum
227 1507 235 1529 :
265 1505 286 1528 a
315 1491 413 1527 malo
439 1504 601 1540 purum,
634 1491 672 1527 in
695 1490 797 1527 bono
830 1493 1006 1541 plenum,
1026 1489 1075 1527 'in

86 1560 247 1601 utroque
264 1558 488 1600 perpetuum
510 1565 517 1586 z
538 1563 631 1599 pure
648 1551 780 1596 aflicit,
796 1551 907 1600 plene
923 1551 1073 1597 suflicit,

84 1611 121 1647 in
146 1619 358 1659 neutroque
375 1609 510 1646 deficit.
534 1613 615 1646 Hoc
633 1610 733 1646 enim
755 1610 926 1659 estquod
944 1610 1046 1646 addit
1065 1624 1074 1646 :

84 1672 136 1706 Et
161 1682 348 1705 numerum
374 1671 515 1704 dierum
541 1683 725 1713 meorum,
751 1674 816 1717 qui
846 1679 898 1705 est
925 1668 953 1705 ⁶.
979 1673 1075 1706 Vere

84 1729 184 1766 enim
205 1729 283 1765 dies
299 1728 353 1764 illi
373 1736 459 1765 sunt
475 1728 604 1774 simul,
625 1737 662 1764 et
687 1741 763 1764 non
790 1729 991 1765 succedent
1016 1729 1048 1764 ci
1066 1743 1073 1764 :

1142 1079 1362 1129 splendores
1380 1080 1438 1116 isti
1457 1080 1536 1116 dies
1549 1108 1558 1125 ,
1585 1088 1622 1116 et
1641 1080 1761 1116 virtus
1785 1080 1974 1116 claritatis.

1194 1139 1229 1175 9.
1249 1139 1341 1186 Quis
1359 1138 1463 1175 dabit
1482 1139 1595 1185 mihi,
1622 1147 1664 1175 ut
1681 1139 1770 1175 trini
1794 1139 2006 1188 splendoris
2023 1140 2136 1189 hujus

1141 1197 1246 1233 radio
1279 1198 1432 1247 spiritus
1461 1211 1566 1234 meus
1596 1198 1817 1244 illustretur,
1853 1207 1894 1234 ut
1926 1198 2005 1235 dies
2036 1213 2138 1237 meos

1145 1255 1381 1294 beatissimus
1398 1257 1458 1294 hic
1479 1271 1660 1294 numerus
1683 1258 1853 1307 expleat,
1874 1259 2079 1308 compleat,
2101 1268 2138 1296 et

1144 1316 1357 1353 contineat?
1376 1318 1467 1364 Quis
1481 1346 1490 1361 ‚
1511 1318 1665 1366 inquam
1685 1346 1694 1362 ,
1717 1317 1819 1353 dabit
1838 1318 1926 1354 mihi
1939 1346 1948 1363 ,
1969 1326 2011 1354 ut
2030 1327 2135 1355 aeter-

1142 1375 1269 1412 nitatis
1303 1376 1349 1412 ad
1390 1377 1526 1413 lineam
1564 1389 1603 1413 se
1635 1377 1849 1426 porrigant,
1892 1377 1929 1413 in
1966 1378 2134 1415 veritatis

1141 1432 1342 1482 splendore
1361 1434 1549 1483 fulgeant,
1573 1443 1609 1470 et
1624 1434 1790 1471 ferveant
1806 1435 1843 1470 in
1860 1435 1994 1484 spiritu
2009 1436 2134 1472 chari-

1142 1492 1250 1528 tatis?
1267 1493 1326 1528 Sic
1347 1493 1446 1529 enim
1460 1521 1469 1537 ‚
1495 1505 1572 1529 non
1594 1493 1688 1529 utin
1708 1493 1840 1529 mundi
1857 1494 1980 1543 prima
2000 1495 2133 1531 condi—

1144 1550 1263 1596 tione,
1293 1559 1446 1588 mutuus
1471 1552 1678 1601 vespertini
1698 1560 1734 1589 et
1752 1553 1925 1589 matutini
1951 1556 2131 1603 temporis

1142 1622 1314 1646 recursus
1345 1611 1471 1660 plures
1494 1611 1769 1648 disterminabit
1789 1611 1885 1657 dies,
1915 1612 1979 1648 sed
2009 1614 2130 1649 conti—

1140 1681 1239 1706 nuus
1268 1670 1339 1706 erit
1366 1670 1465 1715 dies,
1495 1678 1533 1706 et
1565 1678 1664 1706 totus
1685 1670 1870 1706 meridies.
1904 1670 1980 1716 Ibi,
2011 1680 2054 1707 ut
2081 1672 2131 1708 ita

1141 1727 1280 1774 dicam,
1301 1729 1399 1765 inter
1416 1742 1525 1765 mane
1545 1738 1582 1765 et
1600 1742 1795 1778 vesperam
1819 1742 1892 1766 nox
1912 1730 2040 1766 infelix
2065 1745 2130 1767 ex-

83 1801 159 1825 non
178 1788 373 1832 minuitur,
397 1800 473 1824 non
492 1796 656 1824 mutatur
674 1788 822 1824 illorum
843 1788 987 1824 dierum
1008 1801 1075 1824 nu·
1092 1788 1118 1823 C
1138 1788 1243 1836 plosa
1270 1796 1324 1824 est
1345 1803 1352 1824 ε
1371 1789 1408 1824 in
1429 1789 1501 1824 isto
1520 1797 1702 1837 utrosque
1721 1791 1900 1835 terminos
1921 1788 2129 1826 indeclina-

84 1860 221 1884 merus.
259 1851 466 1896 Propterea
497 1847 655 1892 dicitur,
692 1853 755 1896 qui
794 1857 858 1885 est.
899 1852 1070 1896 Quonam

87 1906 201 1942 modo
221 1906 300 1943 dies
322 1919 425 1942 meus
445 1906 590 1951 delicit,
613 1906 642 1942 si
662 1907 717 1943 sol
746 1920 849 1943 meus
875 1919 950 1942 non
975 1906 1071 1942 occi-

84 1964 160 2001 dit?
181 1966 262 2000 Non
293 1967 448 2007 occidet,
473 1965 619 2013 inquit,
642 1968 698 1999 sol
720 1975 817 2008 tuns,
839 1974 874 2000 ct
901 1968 988 2000 luna
1007 1974 1070 2001 ma

83 2037 157 2059 ,reon
189 2028 376 2058 minuetur
394 2029 419 2058 7.
444 2026 519 2071 Ego
542 2024 647 2068 luna,
675 2032 711 2059 et
731 2024 791 2059 ille
821 2024 875 2059 sol
900 2037 906 2059 :
929 2032 964 2059 et
985 2024 1069 2060 ideo

82 2083 143 2119 illa
176 2097 251 2120 non
282 2083 485 2128 minuetur,
520 2083 607 2131 quia
627 2097 647 2118 a
671 2084 848 2132 perenni,
870 2092 907 2120 et
930 2083 1070 2132 ubique

82 2142 255 2191 praesenti
276 2142 354 2178 sole
374 2155 450 2177 non
482 2150 667 2177 movetur.
690 2142 844 2177 Dierum
871 2156 960 2189 ergo
981 2144 1069 2179 illo-

81 2213 164 2236 rum
195 2213 292 2236 nova
320 2200 472 2247 quidem
502 2199 646 2234 ratione
667 2211 742 2234 non
766 2199 835 2234 erit
865 2200 1068 2245 terminus,

80 2266 117 2294 et
146 2259 217 2294 erit
246 2270 425 2294 numerus
455 2271 462 2292 :
489 2257 559 2293 erit
579 2256 629 2292 ibi
651 2255 760 2292 nobis
775 2255 874 2305 jugis
899 2266 935 2292 et
960 2258 1069 2293 inde-

84 2316 178 2353 fessa
205 2316 503 2366 sempiternitas,
533 2315 597 2351 scd
629 2328 703 2351 non
731 2316 802 2351 erit
832 2316 1068 2360 omnimoda,

81 2383 119 2412 et
139 2375 275 2411 divinae
302 2374 433 2410 unitati
455 2374 659 2410 conformis
676 2374 904 2423 simlssicitas.
928 2378 1070 2411 Caetera

79 2434 180 2470 enim
202 2434 327 2470 onmia
346 2434 429 2469 licet
444 2433 784 2482 sempiternasunt‚
804 2432 987 2482 simplicia
1009 2441 1066 2469 ta-

81 2506 164 2530 men
183 2505 416 2542 nequaquam
434 2502 539 2537 sunt,
560 2493 696 2542 quibus
713 2507 789 2529 non
809 2493 880 2529 hoc
897 2501 953 2529 est
969 2506 1066 2538 csse,

1138 1846 1231 1883 biles
1261 1846 1461 1896 occupabit
1487 1847 1681 1893 meridies,
1711 1847 1820 1895 juxta
1842 1847 1944 1896 quod
1971 1849 2127 1896 legitur,

1138 1907 1182 1940 In
1198 1915 1359 1953 tempore
1369 1919 1538 1953 Παφίη-ιε
1551 1911 1621 1941 erit
1637 1910 1701 1941 lux
1717 1907 1763 1950 14’;
1778 1907 1956 1955 quoniam
1972 1920 2047 1942 non
2060 1907 2130 1942 erit

1136 1964 1193 1999 vel
1232 1964 1411 2012 temporis
1446 1965 1728 2010 transmutatio,
1771 1965 1828 2000 vel
1864 1965 2130 2001 vicissitudinis

1136 2021 1387 2059 obumbratio.
1413 2023 1484 2061 Sed
1509 2023 1660 2072 quando
1685 2023 1754 2059 erit
1776 2023 1902 2059 istud?
1919 2024 2072 2072 quando
2095 2033 2128 2060 te

1135 2081 1257 2129 ipsum
1287 2080 1396 2118 nobis
1413 2082 1448 2117 in
1473 2082 1537 2118 illo
1557 2082 1786 2127 meridiano,
1810 2082 1905 2118 sicut
1923 2096 1983 2128 es,
2005 2084 2127 2119 mani-

1136 2139 1306 2184 festabis,
1329 2140 1428 2176 bone
1448 2142 1560 2176 Jesu?
1580 2144 1622 2177 In
1645 2149 1679 2176 te
1702 2141 1801 2176 enim
1828 2140 2038 2177 videbimus
2059 2145 2128 2178 Pa-

1137 2204 1254 2240 trem,
1279 2204 1316 2231 et
1342 2196 1500 2232 sufficiet
1522 2196 1644 2233 nobis.
1676 2201 1707 2234 Ο
1739 2198 1845 2246 pigra
1872 2207 2064 2246 tempora,
2093 2208 2130 2235 ct

1138 2254 1242 2290 tarda
1272 2257 1441 2304 pectora!
1476 2255 1580 2291 tarda
1609 2255 1655 2291 ad
1683 2256 1937 2301 cernendum;
1974 2270 2058 2293 nam
2082 2257 2129 2292 ad

1136 2314 1366 2350 credendum
1387 2323 1575 2363 prompta.

1194 2373 1250 2408 10.
1291 2373 1506 2420 Appropia,
1538 2374 1722 2418 Domine,
1757 2382 1795 2409 tu
1825 2373 1956 2418 nobis,
1988 2382 2030 2409 ut
2063 2388 2131 2410 nos

1134 2429 1257 2466 dicere
1278 2431 1462 2479 possimus
1483 2446 1489 2467 :
1508 2433 1603 2466 Ecce
1623 2432 1682 2466 ltt'c
1699 2437 1803 2467 veuit
1821 2435 1959 2467 sallem
1977 2435 2012 2467 in
2031 2446 2131 2468 mon-

1134 2490 1243 2534 tibus,
1261 2494 1474 2526 transiliens
1486 2494 1595 2526 colles
1610 2491 1654 2526 ¹5.
1672 2492 1962 2541 Appropinqua,
1981 2500 2015 2527 et
2035 2505 2131 2540 pra·-

81 2551 182 2601 quod
200 2552 270 2587 hoc
289 2552 347 2587 vel
365 2550 456 2587 illud
479 2564 557 2586 esse
579 2566 586 2587 :
606 2565 674 2587 nec
694 2551 764 2587 boc
783 2552 840 2587 vel
858 2551 949 2587 illud
967 2563 1065 2597 esse,
1086 2556 1117 2589 D
1137 2550 1221 2586 veui
1258 2550 1468 2586 tarditatem
1503 2559 1682 2586 nostram.
1723 2551 1897 2599 Denique
1938 2559 1973 2586 et
2019 2551 2130 2586 modo

82 2609 185 2658 qnod
209 2609 394 2658 quidlibet
415 2608 515 2657 quod
544 2617 649 2653 sunt,
673 2622 763 2645 csse.
786 2613 877 2645 Nam
899 2610 936 2645 in
964 2623 1068 2646 crea-

85 2676 167 2704 tura
191 2667 399 2717 spirituali;
433 2680 515 2716 qnae
543 2676 629 2703 sunt
655 2668 690 2703 in
720 2681 758 2703 se
782 2668 871 2717 ipsis
899 2667 1068 2714 infinita,

84 2734 172 2763 sunt
200 2734 354 2776 propter
386 2725 699 2762 interminabilem
732 2727 1067 2776 perseverantiam,

83 2792 121 2821 et
140 2785 186 2821 ad
202 2798 240 2822 se
259 2785 417 2822 invicem
436 2785 597 2834 quodam
621 2785 733 2820 modo
750 2785 1008 2831 determinata,
1032 2795 1069 2822 ct

84 2844 236 2880 delinita
269 2852 424 2894 propter
453 2852 589 2880 certam
621 2844 819 2894 quamdam
849 2854 1066 2882 naturarum

84 2902 400 2952 affectionumque
419 2902 642 2939 distantiam.
667 2904 859 2953 Denique,
881 2907 924 2940 In
947 2908 1068 2950 dnum,

85 2961 225 3010 inquit,
258 2963 381 2997 Patris
407 2967 480 2997 mei
497 2990 507 3006 ,
534 2966 744 2998 mansiones
775 2966 903 2999 mulne
927 2974 1010 2999 sunt
1025 2963 1038 2984 ⁸
1061 2979 1067 3000 :

86 3020 297 3057 mansiones
314 3021 424 3070 plane
444 3021 649 3068 luminum,
670 3022 850 3072 quoniam
873 3023 950 3072 ipse
970 3027 1070 3060 Deus

136 3169 251 3197 ¹1tom.
275 3177 357 3203 vui,
390 3170 443 3198 20.
467 3185 508 3190 —-
534 3173 544 3188 ²
571 3167 649 3197 Psal⁴
676 3177 731 3201 xv,
756 3171 786 3197 ξ).
808 3185 847 3189 ——
876 3164 996 3198 ³Joan.
1021 3177 1090 3201 xlv,
1118 3169 1148 3196 8.
1176 3183 1215 3188 —
1247 3168 1260 3192 ⁴
1287 3170 1376 3198 Rom.
1404 3180 1455 3200 vi.
1489 3172 1541 3199 22.
1567 3188 1603 3191 -
1641 3167 1653 3190 '³
1677 3171 1769 3200 Joan.
1790 3180 1873 3203 xvii,
1897 3173 1926 3198 ζὶ.
1953 3186 1982 3189 -ψ

89 3229 229 3255 xxxviii,
250 3223 279 3250 5.
294 3235 336 3241 —-
356 3226 370 3249 7
385 3219 454 3251 lsai.
479 3232 537 3257 rx,
568 3224 620 3250 20.
638 3239 679 3243 —
700 3220 817 3250 ⁸Joan.
845 3223 961 3253 x1v.2
995 3223 1077 3250 --91
1101 3220 1180 3250 Tim.
1201 3231 1253 3257 11,
1278 3223 1328 3250 to.
1350 3237 1390 3241 ——
1419 3225 1446 3241 ¹⁰
1463 3224 1535 3252 Luc.
1554 3232 1629 3254 xix.
1657 3224 1704 3251 17.

811 3271 839 3297 Μ
857 3272 923 3303 lsai.
942 3283 979 3301 rx
993 3296 999 3307 ,
1024 3276 1072 3302 19.
1091 3290 1129 3295 --
1155 3268 1181 3292 ¹5
1198 3272 1317 3301 (lantic.
1337 3282 1357 3301 ιι
1372 3295 1378 3304 ,
1397 3275 1426 3301 8.

91 3275 117 3290 '²
136 3270 207 3300 lsai.
232 3283 325 3308 tvm.
347 3275 397 3303 11.
414 3291 453 3294 ⁷--
475 3270 503 3293 ¹³
519 3273 594 3304 l’sal.
609 3284 682 3309 cix,
705 3276 733 3302 a.

1136 2610 1271 2645 lvctum
1300 2618 1374 2653 cst,
1401 2609 1595 2658 quomodo
1629 2609 1778 2646 duobus
1800 2610 1870 2646 illis
1896 2609 2074 2646 euntibus
2094 2611 2129 2645 in

1135 2671 1311 2704 Emmaus
1347 2669 1683 2717 appropinquasti;
1723 2669 1806 2704 lidci
1851 2669 2061 2704 tarditatem
2094 2670 2129 2705 in

1136 2727 1208 2764 illis
1230 2727 1428 2776 increpans
1442 2756 1450 2770 ,
1473 2736 1509 2763 ct
1531 2736 1564 2763 te
1584 2728 1704 2776 ipsum
1729 2728 1774 2763 de
1789 2729 1991 2776 scripturis
2012 2729 2130 2764 inter-

1139 2795 1313 2835 p1·ctans;
1344 2787 1444 2823 intus
1465 2787 1655 2835 aperiens,
1674 2796 1710 2823 ct
1732 2787 1821 2823 soris
1842 2801 2044 2836 apparens,
2066 2787 2130 2823 sed

1137 2846 1245 2882 nimis
1275 2846 1348 2881 cito
1377 2845 1588 2894 disparens-3
1621 2847 1772 2881 forsitan
1797 2847 1883 2895 quia
1912 2859 1987 2882 non
2019 2847 2131 2895 pleno

1137 2904 1292 2941 meridie
1318 2913 1352 2940 te
1376 2905 1642 2948 manifestasti,
1671 2905 1734 2941 scd
1767 2905 1837 2941 sub
1867 2905 1946 2954 ipsa
1976 2918 2133 2954 vespera

1136 2973 1172 3000 ct
1190 2965 1364 3000 inclinata
1378 2963 1455 3011 jam
1475 2965 1547 3000 dic.
1571 2965 1741 3014 Denique
1760 2965 1795 3001 in
1815 2965 1917 3001 omni
1938 2965 1997 3001 illa
2013 2964 2131 3000 beatre

1139 3024 1423 3060 resurrectionis
1443 3024 1701 3073 apparitione,
1722 3037 1906 3074 nusquam
1936 3024 2128 3060 meridiem

2020 3166 2034 3186 ’ἶ
2056 3168 2131 3197 Pul.

1743 3240 1761 3244 —
1785 3224 2002 3253 ““Ι(ἶυι.υ,
2031 3223 2075 3250 tt.
2126 3238 2129 3239 ν
