2418 3949
765 135 1478 273 GUIGONIS

618 412 832 452 PRIORIS
863 411 1054 462 QUINTI
1084 409 1314 452 MAJORIS
1345 412 1620 454 CARTUSIAE

137 597 826 704 EPISTOLA
902 599 1163 701 SEU
1245 598 2096 705 TRACTATUS

659 838 739 883 AD
772 838 1055 884 FRATRES
1089 838 1170 883 DE
1207 837 1581 884 MONTE-DEI.

945 1184 1307 1233 PRAEFATIO.

87 1342 319 1386 Charissimis
337 1343 514 1380 fratribus
528 1352 565 1381 et
580 1344 760 1391 dominis,
776 1348 946 1382 Hmnom
966 1346 1085 1383 Priori
1100 1346 1146 1364 '⁹⁹

1102 1408 1134 1440 A
1154 1404 1339 1441 canduma
1374 1402 1477 1453 quod
1506 1402 1545 1438 in
1569 1402 1865 1438 consolationem
1891 1413 2020 1446 suam,
2047 1408 2083 1437 et
2107 1401 2146 1437 in

166 1409 204 1438 et
220 1401 383 1449 caeteris,
405 1404 551 1448 Gmco,
569 1402 765 1439 sabbatum
785 1403 999 1440 delicatum.

143 1520 176 1557 l.
193 1524 292 1558 Pene
305 1520 559 1571 impudenter,
577 1530 613 1558 et
628 1523 712 1572 plus
728 1536 838 1573 quam
856 1522 1026 1568 decebat,
1040 1537 1082 1561 os

88 1592 213 1616 meum
237 1589 338 1630 patet
357 1581 403 1617 ad
426 1593 512 1626 vos,
533 1582 741 1618 charissimi
762 1582 892 1618 fratres
912 1583 950 1618 in
978 1583 1084 1619 Chri-

90 1647 149 1676 sto
170 1654 178 1675 ι
201 1653 277 1675 non
303 1653 454 1689 possum
482 1648 621 1686 tacere,
643 1644 743 1677 Deus
767 1641 845 1676 scit.
872 1640 1080 1690 Ignoscite3

88 1699 176 1748 quia
192 1711 258 1735 cor
275 1711 398 1734 meum
418 1698 613 1735 dilatatum
631 1707 697 1735 est.
714 1699 930 1736 Dilatamini
946 1708 982 1736 et
998 1713 1080 1745 vos,

90 1757 261 1803 obsecro,
274 1758 311 1794 in
329 1757 537 1794 visceribus
552 1759 697 1803 vestris,
710 1767 747 1795 et
760 1760 880 1809 capite
896 1772 982 1805 nos3
996 1759 1083 1808 quia

91 1824 193 1853 totus
212 1826 336 1854 vester
359 1831 439 1854 sum
465 1818 503 1853 in
530 1831 594 1863 eo,
617 1818 654 1853 in
673 1817 779 1866 cujus
796 1818 1002 1855 visceribus
1022 1819 1082 1854 in-

90 1875 210 1912 vicem
230 1877 402 1925 cupimus
422 1890 504 1912 nos.
525 1877 615 1913 Ideo
633 1890 678 1912 ex
694 1890 770 1925 quo
789 1878 922 1914 recessi
939 1891 960 1913 a
977 1877 1083 1914 vobis

91 1947 210 1983 usque
245 1948 347 1971 nunc
363 1964 372 1981 ‚
407 1936 721 1984 qualemcumque
755 1935 921 1972 laborem
957 1949 1082 1972 meum

90 1993 352 2042 quotidianum
383 1994 493 2029 statui
523 1994 696 2030 dedicare
710 2023 719 2039 ‚
749 2008 824 2030 non
853 1994 962 2031 vobis
977 2023 986 2039 ‚
1019 1995 1083 2044 qui

92 2064 168 2087 non
189 2052 383 2102 indigetis,
405 2053 469 2089 sed
491 2053 594 2089 fratri
615 2053 806 2103 Stephano
825 2063 861 2090 et
877 2055 987 2091 sociis
1002 2054 1083 2103 ejus

1210 1349 1244 1383 2.
1274 1344 1421 1383 Deinde
1447 1343 1556 1380 vobis
1578 1343 1689 1379 etiam
1713 1341 1916 1379 arbitratus
1934 1353 2016 1377 sum
2037 1340 2146 1378 dedi-

1151 1463 1380 1513 adjutorium
1407 1462 1491 1499 fidei
1521 1463 1640 1498 facere
1675 1475 1735 1497 me
1767 1460 1951 1510 compulit
1987 1460 2146 1496 fratrum

1150 1522 1400 1572 quorumdam
1420 1521 1504 1570 plus
1519 1520 1627 1556 anxia
1645 1532 1756 1568 quam
1780 1518 1993 1567 periculosa
2014 1530 2147 1554 neces-

1150 1582 1258 1627 sitas;
1280 1593 1442 1630 quorum
1465 1579 1611 1615 tristitia
1633 1578 1837 1628 plurimum
1861 1577 1954 1613 mihi
1974 1577 2070 1614 solet
2091 1577 2146 1613 fa-

1150 1654 1234 1677 cere
1250 1639 1443 1690 gaudium,
1462 1638 1532 1674 nisi
1552 1637 1653 1686 quod
1675 1650 1740 1673 eos
1757 1637 2000 1673 contristatos
2020 1636 2146 1672 videre

1151 1713 1227 1737 non
1249 1712 1415 1749 possum.
1444 1702 1523 1736 Prae
1545 1696 1804 1747 magnitudine
1825 1697 1964 1746 quippe
1991 1709 2067 1732 non
2087 1708 2148 1732 so—

1150 1760 1225 1796 lum
1257 1759 1362 1802 fidei,
1389 1757 1454 1795 sed
1475 1757 1584 1793 etiam
1605 1756 1764 1801 amoris,
1789 1768 1945 1792 exosum
1963 1755 2058 1791 adeo
2078 1754 2146 1791 ha-

1148 1817 1240 1854 bent
1260 1817 1444 1867 quidquid
1465 1816 1617 1852 videtur
1637 1827 1716 1852 esse
1741 1822 1872 1850 contra
1898 1813 2008 1850 tidem
2024 1841 2033 1857 ,
2056 1821 2098 1849 ut
2117 1814 2146 1850 si

1150 1877 1209 1912 vel
1235 1876 1281 1912 ad
1308 1875 1520 1919 modicum,
1545 1886 1611 1909 scu
1638 1885 1683 1908 ex
1718 1871 1851 1920 spiritu
1879 1870 2146 1920 blasphemiae,

1149 1949 1214 1972 seu
1240 1949 1286 1972 ex
1313 1936 1395 1984 ipso
1426 1946 1538 1970 sensu
1572 1932 1721 1977 carnis,
1754 1930 1892 1967 fuerint
1927 1943 2040 1979 super
2074 1929 2146 1966 hoc

1149 1995 1320 2031 attentati
1345 1994 1404 2030 vel
1427 1993 1581 2042 pulsati,
1606 1991 1711 2040 quasi
1738 2003 1782 2026 ex
1807 1990 1887 2026 solo
1908 1989 2060 2032 auditu,
2087 1989 2147 2025 vel

1149 2063 1289 2091 attactu
1321 2055 1446 2091 laesam
1474 2053 1630 2089 omnino
1661 2051 1698 2087 in
1724 2049 1933 2099 semetipsis
1963 2049 2149 2085 aestiment

92 2110 269 2148 fratribus
286 2110 520 2159 junioribus,
538 2120 574 2147 et
594 2112 746 2148 novitiis
772 2112 1009 2149 venientibus
1038 2113 1083 2149 ad
1105 2116 1131 2149 B
1152 2113 1390 2149 conscientiae
1420 2108 1673 2161 puritatemb,
1708 2117 1745 2145 et
1781 2107 2044 2144 miserabiliter
2077 2107 2147 2144 de-

91 2182 160 2206 vos
173 2197 182 2214 ,
202 2183 362 2218 quorum
382 2170 516 2206 doctor
534 2174 634 2207 Deus
651 2171 752 2207 solus
767 2179 821 2207 est
840 2186 846 2207 :
865 2179 906 2207 ut
922 2170 1083 2207 habeant

91 2236 128 2264 et
144 2229 281 2277 legant,
299 2230 327 2264 si
344 2229 438 2265 forte
454 2229 504 2265 ibi
522 2230 661 2278 aliquid
675 2230 890 2266 invenerint
906 2231 996 2266 utile
1011 2230 1080 2266 sibi

91 2287 137 2323 ad
158 2287 330 2324 solatium
352 2289 564 2325 solitudinis
583 2302 681 2335 suae,
704 2298 739 2325 et
760 2290 876 2326 sancti
894 2290 1080 2339 propositi

89 2346 385 2383 incitamentum.
404 2348 532 2384 Ossero
549 2348 652 2396 quod
668 2362 820 2397 possum
836 2377 844 2394 ‚
862 2348 1001 2385 bonam
1017 2362 1082 2386 vo-

90 2406 293 2453 luntatem;
316 2407 511 2456 ipsamque
532 2421 552 2443 a
571 2407 680 2444 vobis
700 2416 830 2457 repeto
850 2421 934 2444 cuni
957 2409 1081 2445 fructi-

90 2464 160 2502 bus
190 2466 278 2503 suis.
310 2466 428 2503 David
458 2467 629 2503 saltando
663 2468 804 2516 placuit
837 2470 917 2503 Deo
939 2474 946 2488 ¹
962 2496 971 2513 ‚
1004 2481 1079 2504 non

91 2534 247 2575 propter
274 2527 406 2563 saltum
423 2556 432 2572 ‚
455 2527 518 2563 sed
546 2535 704 2576 propter
727 2527 915 2563 affectum.
938 2527 1082 2563 Simili-

91 2591 148 2619 ter
166 2591 204 2619 et
222 2585 357 2621 mulier
376 2598 459 2634 quae
479 2586 586 2621 unxit
607 2585 721 2634 pedes
741 2585 913 2630 Domini,
934 2585 1082 2621 laudata

91 2650 146 2679 est
172 2656 191 2680 a
218 2644 388 2691 Christo,
414 2658 489 2681 non
517 2645 604 2694 quia
618 2645 748 2689 unxit,
772 2645 836 2681 sed
860 2645 947 2694 quia
975 2658 1081 2682 ama-

92 2701 166 2737 vit²
191 2716 197 2737 :
221 2711 258 2738 et
273 2704 361 2752 quia
378 2704 479 2753 quod
500 2703 629 2740 habuit
646 2704 719 2740 hoc
739 2704 836 2749 fecit,
860 2706 896 2740 in
914 2718 959 2741 eo
977 2704 1082 2753 justi-

94 2761 199 2797 licata
217 2770 284 2799 est.

143 2906 152 2921 ¹
168 2903 199 2932 11
214 2904 291 2943 Reg.
312 2914 362 2940 vi,
388 2904 500 2933 14-23.
517 2920 556 2925 -—
576 2908 588 2923 ²
606 2907 677 2935 Luc.
694 2914 763 2940 vn,
781 2906 894 2935 37-48.

1139 2527 1305 2563 molesta
1334 2540 1340 2561 :

1149 2172 1263 2208 fleant
1291 2171 1531 2220 semetipsos,
1557 2169 1663 2218 quasi
1683 2167 1868 2218 reprobos
1898 2168 1994 2203 circa
2023 2167 2147 2203 fidem.

1147 2230 1293 2278 Quibus
1309 2238 1346 2265 et
1367 2228 1552 2277 contingit
1577 2240 1597 2263 a
1618 2227 1741 2263 saeculi
1766 2224 1930 2262 tenebris
1951 2225 1997 2261 ad
2019 2225 2147 2274 purio-

1147 2290 1196 2327 ris
1215 2290 1302 2325 vitae
1319 2289 1497 2325 exercitia
1516 2286 1775 2331 venientibus,
1797 2285 1900 2334 quod
1928 2285 2147 2334 contingere

1152 2349 1247 2385 solet
1267 2356 1422 2397 repente
1446 2345 1725 2397 prodeuntibus
1745 2345 1791 2382 ad
1814 2346 1934 2381 lucem
1954 2358 1973 2381 a
1995 2344 2149 2381 diutinis

1149 2406 1338 2453 tenebris;
1360 2416 1401 2443 ut
1424 2407 1520 2443 sicut
1541 2407 1578 2442 in
1605 2405 1678 2441 illis
1699 2406 1763 2441 lux
1791 2404 1892 2453 ipsa,
1921 2417 1993 2453 qua
2014 2412 2148 2439 caetera

1149 2466 1312 2503 videnda
1334 2475 1441 2513 sunt,
1459 2466 1582 2516 primo
1602 2465 1771 2509 irruens,
1793 2463 1950 2499 infirmis
1971 2462 2088 2499 oculis
2109 2463 2148 2498 fit

1374 2527 1425 2562 sic
1458 2533 1495 2561 et
1531 2525 1590 2561 isti
1622 2524 1667 2560 ad
1700 2523 1863 2572 primum
1899 2522 1984 2559 fidei
2019 2522 2147 2558 lumen

1149 2586 1364 2631 caecutiant,
1386 2598 1454 2622 nec
1476 2584 1647 2620 insolitos
1669 2596 1776 2619 novae
1798 2582 1891 2618 lucis
1912 2582 2036 2618 radios
2057 2593 2146 2630 pos-

1150 2645 1223 2680 sint
1254 2645 1459 2690 sustincre,
1493 2643 1614 2680 donec
1634 2643 1717 2691 ipso
1746 2641 1838 2677 lucis
1865 2653 1994 2677 amore
2018 2651 2148 2676 assue-

1150 2712 1266 2740 scant.

142 2965 155 2980 ²
175 2960 255 2992 Editi
273 2961 388 2992 addunt
402 2985 409 2995 ,
427 2959 516 2992 aliud
529 2960 686 3005 quoddam
708 2961 902 3005 opusculum.
939 2982 965 2984 »ψ
980 2956 994 2977 ¹¹
1010 2962 1093 2993 Alias
1107 2986 1113 2994 .
1132 2962 1289 3006 pietatem.
1306 2962 1330 2998 ’ξ’

253 3329 324 3350 ἸΊᾺΙ
335 3345 340 3351 ,
371 3329 390 3350 V
398 3344 405 3350 ,

1966 3310 2003 3342 lsi
