2504 3928
330 183 340 217 1
357 184 398 218 it)
1090 186 1376 222 GlLLEBERTl
1407 184 1603 222 Annalis
2295 188 2366 225 1⁴20

324 257 518 305 quoumdo
536 257 741 306 plaustrum
763 256 893 292 stridet
913 266 1091 294 onustum
1111 259 1208 296 seno.
1227 264 1309 297 Non
1330 262 1342 277 ³

325 376 388 411 sed
411 377 551 424 lignum
576 377 660 411 rita:
675 404 683 420 ‚
714 376 853 424 lignum
874 375 977 424 quod
997 376 1059 412 dat
1086 378 1244 414 fructum
1274 379 1312 415 in

327 444 497 483 tempore
521 448 615 470 sno:
638 443 673 469 et
700 442 736 469 ιιι
765 447 839 470 non
862 434 917 470 vis
943 438 1184 484 exspectare?
1211 437 1311 474 Beati

325 493 389 541 qui
412 502 616 529 vescuntur
638 501 806 541 tempore
826 506 894 529 suo
922 500 946 529 ¹.
975 494 1142 543 Denique
1166 495 1313 545 patieu-

327 552 374 586 tia
397 552 602 587 necessaria
624 560 696 594 cst,
720 560 760 587 ut
782 552 981 601 reportetis
1003 554 1270 602 promissiones
1288 560 1312 591 ².

326 614 476 645 Portate
496 623 585 658 crgo
611 611 798 659 patienter
814 624 949 656 onera,
974 612 1048 648 imo
1068 626 1182 648 onera
1199 614 1315 662 pieta-

327 669 381 703 tis.
404 669 523 704 Pietas
540 669 639 705 enim
656 677 691 705 ct
708 669 787 718 ipsa
803 678 948 719 partem
964 669 1041 718 jam
1060 670 1171 708 habet
1188 685 1315 722 repro-

326 727 532 772 missionis,
556 728 651 764 sicnt
681 729 860 778 scriptum
882 738 936 765 est
956 728 977 765 ⁵.

377 785 413 821 3.
432 789 529 835 Ergo
554 795 700 836 portate
722 788 918 836 imaginem
947 787 1112 837 ejusqui
1140 789 1186 825 de
1214 790 1314 826 coelis

325 853 400 890 cst,
417 854 454 881 et
478 846 638 894 gloriose
659 855 818 895 portate.
842 850 946 883 Onus
975 848 1074 883 cuim
1108 847 1187 896 ejus
1221 849 1312 884 leve.

327 907 453 940 Estote
482 918 557 941 non
597 905 885 953 ignominiosum
922 905 1219 952 ι)1’1“ι·ιιι11ι·ιι1ιιιιι,
1249 907 1313 943 scd

325 964 529 1011 gloriosum
556 965 791 1009 vehiculum,
821 966 931 1013 quale
956 966 1038 1001 fecit
1067 965 1135 1001 sibi
1159 980 1222 1002 rex
1245 970 1313 1003 Sa-

1347 261 1360 278 ⁹
1380 263 1568 299 mendant.
1593 262 1758 299 Libanus
1778 263 1979 299 eandorem
1996 271 2122 307 sonat,
2144 262 2250 311 cujus
2269 264 2365 313 ligna

324 326 379 352 est
397 318 522 353 fenum
539 317 726 360 Christus,
741 316 804 352 sed
823 317 890 352 llos
906 325 960 353 est
975 345 984 361 ,
1000 317 1063 353 sed
1087 319 1228 356 fructus
1243 328 1310 364 est,
1330 321 1359 352 A
1382 321 1472 356 nulli
1501 320 1665 357 obnoxia
1691 329 1779 357 sunt
1804 322 2039 370 corruptioni

2064 336 2071 357 ε
2096 332 2133 357 et
2158 322 2254 358 sicut
2277 322 2366 359 sub—

1379 380 1522 416 stantiae
1566 394 1641 415 stne
1676 393 1752 415 non
1785 380 1989 416 admittunt
2020 380 2278 429 putredinem,
2317 382 2367 418 ita

1378 438 1638 473 suavissimum
1670 439 1813 487 spirant
1853 439 2022 475 odorem.
2058 442 2157 476 Bene
2202 438 2367 477 Libanus

1379 498 1536 543 Paulus,
1557 497 1619 545 qui
1644 496 1830 533 serviebat
1858 501 1968 542 Deo,
2010 505 2050 533 nt
2079 499 2156 547 ipse
2187 498 2295 543 dicit,
2329 500 2367 536 in

1380 556 1606 592 conscicntia
1632 562 1762 605 puraT.
1790 556 1886 603 Quid
1918 557 2016 592 enim
2050 570 2144 605 pura
2175 557 2368 595 candidius

1379 615 1628 651 conscientia?
1644 614 1734 663 quid
1754 614 2021 664 imputribilius
2035 615 2118 661 illo,
2137 629 2247 665 quem
2265 617 2369 654 nulla

1380 682 1550 709 creatura
1578 686 1751 722 separare
1780 673 1903 722 potuit
1923 687 1942 709 a
1963 673 2142 710 charitate
2175 675 2266 711 Dei?
2284 678 2368 712 Mo-

1381 741 1586 768 mentanea¹
1619 732 1799 777 virtutes,
1835 740 1870 767 et
1904 745 1987 780 quae
2021 732 2066 768 ad
2095 732 2226 769 horam
2247 733 2369 771 subsi-

1381 800 1494 835 stunt,
1518 791 1606 827 mihi
1627 804 1700 826 non
1718 790 1894 827 videntur
1910 799 1982 826 tam
2004 791 2102 839 ligna
2123 804 2234 840 quam
2252 793 2367 837 olera,

1381 863 1463 898 qnae
1490 849 1564 885 cito
1596 849 1786 885 decidunt.
1815 854 1863 886 At
1889 850 1926 885 in
1956 850 2073 886 Paulo
2095 850 2266 899 quaedam
2292 860 2371 888 erat

1380 908 1573 944 indefessae
1591 908 1778 944 charitatis
1797 908 2090 958 imputribilitas.
2114 909 2204 946 Ideo
2227 909 2370 947 bonum

1381 977 1569 1005 certamen
1602 969 1781 1012 certavit,
1813 982 1963 1005 cursum
1995 970 2291 1016 consummavit,
2325 970 2371 1007 de

328 1022 468 1058 lomon.
491 1023 586 1059 Miro
610 1031 732 1059 autem
756 1023 868 1059 modo
897 1024 946 1059 ita
969 1025 1147 1060 virtutum
1177 1025 1313 1060 ‹listin-
1334 1036 1360 1068 B
1381 1037 1516 1064 esetero
1536 1036 1756 1076 exspectans
1773 1041 1952 1063 coronam
1969 1027 2170 1075 justitize⁸‚
2193 1041 2370 1066 eoronam

327 1082 407 1128 guit
433 1082 669 1125 varicum-ni,
708 1091 745 1118 ut
785 1083 906 1131 primo
940 1083 1023 1118 loco
1054 1083 1224 1119 elationis
1254 1097 1318 1119 va-

330 1141 480 1177 nitatem
508 1142 695 1177 excludat.
730 1144 832 1186 Quid
861 1147 957 1177 cuim
981 1142 1091 1177 ludu-s
1120 1145 1220 1190 qnod
1243 1158 1316 1178 mm

331 1204 538 1247 accepisti?
571 1205 609 1235 St·
642 1211 762 1236 autem
797 1206 969 1248 accqn'sll
984 1230 993 1245 ,
1026 1204 1118 1249 quid
1147 1205 1319 1251 gloriaris

328 1263 434 1305 quasi
450 1273 523 1293 mm
541 1265 722 1307 acccperi.»
734 1261 770 1295 >⁴9
787 1261 821 1296 Si
841 1260 1019 1296 lei-culum
1036 1274 1086 1305 es,
1113 1274 1187 1296 non
1214 1270 1249 1297 tu
1271 1270 1317 1307 te,

328 1316 393 1352 sed
418 1318 496 1366 ipsc
526 1326 560 1353 te
594 1319 688 1354 fecit.
713 1321 902 1353 I''‹¹r‹·ulmn
924 1320 1022 1355 enim
1049 1319 1119 1354 sibi
1134 1319 1226 1366 feci!
1253 1334 1319 1354 rent·

330 1378 504 1411 Salomon
523 1379 569 1411 dc
586 1380 695 1425 liguis
718 1377 864 1413 Lllmm’.
886 1381 928 1414 Et
947 1379 1045 1427 ligna
1066 1379 1143 1427 ipsa
1164 1379 1246 1427 quis
1265 1379 1319 1413 fe-

329 1436 402 1470 cit?
426 1449 552 1471 nonne
580 1437 685 1485 ipse?
712 1441 796 1485 Ipse
817 1437 998 1485 plantavit
1019 1437 1150 1473 cedros
1171 1437 1317 1474 Libani.

329 1494 437 1541 Quod
462 1495 491 1530 si
520 1504 557 1530 tn
582 1495 715 1531 cedrus
744 1509 783 1531 es
806 1497 878 1532 alta
910 1496 1062 1541 Libani,
1092 1497 1168 1532 noli
1197 1505 1319 1532 tamen

330 1555 444 1589 altum
470 1567 600 1603 sapere
615 1584 624 1600 ,
646 1555 708 1590 sed
731 1555 818 1591 time
834 1584 842 1600 ‚
875 1569 922 1591 ne
953 1556 1047 1591 forte
1068 1555 1154 1592 inde
1176 1556 1315 1592 evella-

334 1613 383 1647 ris
400 1621 556 1662 propter
571 1614 790 1659 elationem,
809 1613 872 1650 ubi
892 1615 1079 1663 plantatus
1104 1628 1142 1650 cs
1158 1627 1226 1664 per
1245 1615 1319 1650 cle-

329 1671 503 1707 etionem.
526 1676 604 1708 Non
629 1673 726 1708 enim
751 1681 789 1709 tu
817 1682 872 1717 te,
903 1673 966 1709 sed
992 1674 1070 1722 ipse
1091 1674 1201 1723 elegit
1228 1682 1261 1709 te
1283 1674 1319 1709 in

331 1744 426 1779 opus
453 1732 647 1767 ministerii
671 1746 678 1767 :
708 1733 785 1781 ipse
815 1732 1009 1768 ministerii
1030 1733 1194 1768 officinm
1210 1761 1219 1777 ‚
1242 1733 1320 1781 ipse

1385 1086 1430 1121 de
1449 1087 1666 1135 manipulis,
1687 1086 1794 1134 cujus
1810 1086 1886 1134 jam
1914 1087 2019 1135 quasi
2043 1086 2088 1122 de
2118 1087 2242 1123 vicino
2261 1096 2373 1124 attra-

1384 1147 1436 1181 xit
1464 1145 1632 1181 odorem.
1656 1146 1825 1194 Denique
1855 1154 1890 1182 et
1911 1146 1989 1195 ipse
2012 1145 2152 1182 bomun
2183 1146 2373 1184 exhalavit

1384 1204 1559 1250 odorem,
1582 1204 1736 1240 odorem
1755 1205 1839 1240 vitae
1859 1205 1905 1240 ad
1928 1205 2040 1240 vitam
2059 1232 2067 1249 ,
2090 1205 2246 1241 odorem
2270 1207 2372 1242 noti-

1386 1264 1444 1299 tia¹
1465 1264 1532 1300 Dei
1545 1271 1572 1298 ⁹.
1596 1267 1720 1299 Bonus
1740 1263 1836 1299 odor
1858 1264 1952 1299 stuna
1977 1262 2077 1299 bona
2095 1278 2102 1300 :
2123 1263 2246 1301 bonus
2262 1265 2372 1301 etiam

1385 1322 1480 1358 odor
1500 1323 1726 1358 conscicntia
1745 1322 1856 1358 bona.
1878 1323 1944 1359 Illa
1967 1322 2046 1358 aliis
2075 1321 2170 1358 bene
2193 1323 2287 1368 olet,
2305 1323 2374 1360 istu

1386 1381 1467 1417 sibi.
1488 1385 1575 1418 Haee
1593 1382 1691 1417 enim
1713 1382 1831 1430 gloria
1849 1389 2064 1417 sanctorum
2082 1409 2091 1426 ,
2116 1381 2373 1418 testimonium

1386 1440 1623 1475 eonscientiae
1635 1447 1676 1475 ¹⁰.
1694 1443 1843 1476 Futurae
1858 1440 1956 1475 enim
1975 1438 2216 1475 beatitudinis
2232 1440 2374 1477 fructus

1383 1499 1459 1547 jam
1483 1498 1590 1535 nobis
1621 1499 1658 1534 in
1685 1498 1851 1535 bonitate
1872 1499 1956 1534 vitae
1977 1507 2175 1546 coeperunt
2198 1499 2311 1535 olere.
2330 1503 2376 1537 Et

1385 1558 1480 1594 bene
1512 1557 1802 1607 imputribilitati
1835 1557 1958 1593 bonus
1993 1557 2089 1593 odor
2121 1557 2373 1606 adjungitur:

1386 1631 1469 1653 nam
1494 1631 1513 1652 e
1533 1617 1721 1652 contrario
1754 1616 1916 1665 putredo
1947 1616 2104 1652 fetorem
2132 1616 2279 1652 emittit.
2301 1617 2372 1664 Qui

1385 1676 1483 1710 enim
1507 1675 1664 1710 seminat
1693 1675 1729 1710 in
1756 1688 1886 1719 carne,
1909 1675 1955 1710 de
1976 1687 2086 1710 carne
2108 1682 2221 1710 metet
2244 1687 2375 1710 corru-

1385 1734 1553 1782 ptionem
1569 1762 1578 1778 ,
1598 1733 1644 1769 de
1659 1734 1903 1782 corruptione
1925 1733 2066 1769 tristem
2087 1732 2242 1769 odorem
2254 1762 2263 1779 ,
2281 1733 2377 1770 sicut

332 1790 564 1826 ministrandi
585 1792 730 1827 confert
752 1792 929 1839 gratiam,
956 1791 993 1826 id
1012 1800 1085 1836 est,
1109 1792 1320 1827 facultatem
1339 1800 1366 1835 C
1388 1792 1433 1827 de
1454 1793 1666 1840 integritate.
1687 1806 1853 1829 suarem.

329 1857 364 1883 et
387 1848 617 1897 dignitatem.
641 1854 810 1898 Agnosce
838 1864 857 1885 a
883 1864 958 1898 quo
990 1851 1175 1899 plantatus
1202 1863 1260 1894 es,
1283 1859 1319 1886 ct

332 1921 406 1943 non
430 1908 494 1943 tibi
511 1909 635 1944 veniat
655 1909 759 1945 radix
779 1909 990 1958 snperbiae,
1015 1918 1054 1945 ut
1078 1923 1153 1945 non
1172 1917 1320 1944 moveat

332 1976 366 2001 te
396 1980 526 2003 manns
553 1969 759 2003 tentatoris.
784 1972 867 2004 Non
896 1968 1095 2011 ascendat,
1129 1976 1170 2003 nt
1201 1968 1320 2003 succi-

330 2025 393 2060 dat
411 2034 445 2061 te
466 2027 605 2062 securis
630 2027 792 2071 inimici,
825 2026 931 2074 eujus
961 2040 1007 2063 ne
1035 2027 1219 2062 novacula
1237 2027 1320 2075 qui-

330 2083 412 2119 dem
433 2097 545 2134 super
565 2094 678 2134 caput
697 2095 912 2121 sanctorum
931 2086 1110 2122 ascendit.
1126 2086 1321 2123 Ferculum

336 2143 399 2178 Uei
422 2145 483 2179 ille
501 2144 569 2179 sihi
589 2146 790 2193 praeripere
808 2146 916 2193 gestit
929 2175 938 2190 ‚
956 2154 992 2181 et
1009 2146 1044 2181 in
1070 2158 1156 2181 usus
1172 2158 1258 2181 suos
1277 2144 1322 2180 de

335 2202 478 2239 Libano
494 2205 589 2251 ligna
609 2204 811 2239 succidere.
836 2206 1007 2253 Denique
1027 2205 1126 2253 apud
1148 2205 1322 2241 Ezechie-

333 2261 402 2296 lem
426 2261 607 2309 gloriatur
628 2270 664 2297 ct
686 2262 775 2297 dicit
796 2277 803 2298 :
826 2265 870 2297 In
896 2264 1071 2297 calla-{lm
1098 2265 1167 2297 Dei
1191 2264 1273 2297 sedi
1293 2260 1318 2297 ⁵.

334 2319 423 2354 tide
444 2333 533 2367 ergo
551 2334 596 2355 ne
618 2333 684 2368 per
698 2321 894 2356 clationem
913 2321 958 2356 de
974 2321 1151 2357 cathedra
1167 2320 1322 2369 justitiae

333 2379 505 2414 efficiaris
525 2379 701 2415 cathedra
721 2380 941 2428 pestilenti-‘e
957 2389 993 2415 et
1013 2381 1192 2416 ferculum
1214 2394 1323 2416 scan-

333 2437 405 2473 dali
423 2466 431 2482 ‚
454 2445 490 2472 et
512 2450 579 2486 per
607 2446 640 2473 te
670 2438 726 2472 vel
748 2438 938 2486 exempla,
968 2439 1025 2473 vel
1050 2451 1173 2474 sermo
1205 2439 1323 2474 malus

332 2496 377 2532 ad
402 2497 605 2532 multorum
626 2497 827 2545 perniciem
848 2505 888 2532 ut
913 2510 1046 2533 cancer
1073 2507 1209 2547 serpat.
1235 2502 1322 2534 Esto

1439 1853 1472 1888 5.
1495 1854 1539 1887 Et
1562 1851 1657 1887 bene
1675 1851 1720 1887 de
1741 1851 1950 1901 integritate
1974 1851 2124 1887 inducta
2145 1859 2200 1887 est
2222 1851 2375 1896 mentio,

1385 1909 1487 1957 quod
1517 1909 1705 1958 virginalis
1730 1909 1872 1945 candor
1896 1922 2098 1958 expressus
2120 1909 2292 1945 videatur
2313 1910 2376 1947 Li-

1386 1966 1473 2003 bani
1495 1967 1612 2016 lignis.
1631 1972 1722 2005 Nam
1743 1977 1780 2004 et
1798 1967 1940 2004 bonum
1967 1969 2158 2017 virginalis
2178 1970 2378 2005 continen-

1390 2027 1439 2062 tia
1456 2036 1612 2076 vaporat
1632 2028 1787 2063 odorem
1801 2056 1810 2071 ‚
1825 2035 1859 2063 et
1874 2026 1955 2075 ejus
1975 2036 2029 2063 est
2047 2036 2255 2076 perpetuus
2271 2041 2373 2066 usus.

1389 2086 1473 2122 Sive
1504 2086 1602 2121 enim
1630 2086 1797 2134 conjugii
1828 2087 1987 2122 servitus
2013 2085 2279 2131 evacuabitur,
2301 2088 2378 2123 sive

1388 2144 1570 2180 desolatio
1590 2145 1787 2180 viduarum
1805 2144 1984 2190 cessabit,
2006 2145 2196 2193 virginalis
2215 2158 2305 2181 vero
2326 2145 2379 2181 in-

1389 2203 1567 2250 tegritatis
1582 2203 1733 2239 libertas
1749 2212 1783 2238 et
1800 2205 1915 2252 gratia
1931 2217 2006 2239 non
2026 2203 2173 2239 excidet
2189 2216 2352 2251 unquam
2369 2220 2376 2241 :

1386 2261 1472 2309 quia
1492 2261 1554 2309 qni
1574 2274 1647 2297 non
1668 2261 1838 2306 nubunt,
1860 2275 1928 2298 nec
1950 2261 2168 2306 nubuntur,
2194 2260 2270 2308 jam
2293 2272 2380 2298 sunt

1387 2320 1490 2368 quasi
1510 2321 1641 2368 Augeli
1664 2320 1698 2356 in
1722 2322 1869 2356 cot-10¹¹.
1888 2321 2059 2369 Denique
2088 2329 2125 2356 et
2162 2319 2307 2357 Libano
2342 2322 2379 2357 in

1388 2380 1590 2428 Scripturis
1621 2379 1754 2427 legitur
1782 2388 2001 2428 comparata
2032 2379 2239 2427 virginitas.
2274 2381 2376 2428 Ego,
2409 2376 2414 2382 ¹

1388 2439 1509 2487 inquit
1525 2467 1533 2483 ,
1554 2443 1662 2486 quasi
1681 2439 1842 2474 Libanus
1863 2453 1934 2474 mm
1951 2444 2087 2474 incisus
2105 2444 2325 2486 evaporavi,
2347 2449 2381 2475 el

1387 2503 1478 2533 sicut
1491 2497 1694 2533 hals-(mmm
1715 2513 1786 2534 mm
1803 2503 1958 2533 mmmm
1976 2501 2068 2533 odor
2077 2511 2177 2533 meus
2189 2504 2216 2519 ¹²
2231 2499 2380 2534 .Merit0

335 2555 514 2591 ferculum
546 2555 636 2599 Dei,
663 2563 702 2590 ut
723 2554 803 2602 ejus
831 2555 867 2590 in
896 2564 928 2591 te
952 2555 1150 2604 imaginem
1176 2565 1323 2605 portes,
1342 2567 1372 2599 1)
1389 2556 1553 2593 Libanus
1584 2565 1714 2593 venter
1739 2558 2021 2603 immaculatus,
2042 2565 2174 2593 venter
2199 2557 2381 2606 impollu-

333 2622 369 2649 et
389 2614 544 2649 odorem
568 2613 710 2649 notitiae
733 2627 809 2649 susc
841 2627 908 2662 per
931 2623 966 2650 te
991 2615 1212 2651 manifestet.
1236 2615 1322 2651 'sale

336 2676 469 2711 l'aulns
505 2675 686 2710 ferculmn
717 2683 818 2720 erat,
846 2674 891 2710 de
920 2688 996 2723 quo
1028 2675 1212 2711 Dominus
1243 2675 1322 2724 ipse

334 2735 531 2782 profitetur
549 2748 556 2768 :
584 2736 656 2767 l'as
677 2736 865 2769 alm-tionis
888 2743 941 2769 esc
956 2736 1047 2769 milti
1068 2738 1156 2777 iste,
1179 2743 1216 2769 ul
1232 2747 1322 2781 [mr-

331 2803 380 2827 [rt
395 2807 526 2827 ηοηιωι
545 2806 664 2827 [neum
679 2791 704 2827 ⁶.
722 2796 805 2841 Ipse
819 2793 881 2841 qui
897 2793 1027 2841 elegit,
1044 2792 1122 2842 ipse
1139 2793 1320 2828 ferculum

335 2853 429 2888 fecit.

386 2911 421 2946 st.
447 2912 638 2944 Ferculum
663 2909 836 2956 ,ubist-cst
856 2925 921 2945 rex
944 2912 1118 2945 Salomon
1142 2912 1187 2945 (le
1207 2913 1323 2957 lignis*

339 2969 483 3005 Lilmm'.
504 2969 615 3016 Ligna
634 2968 711 3003 hrec
727 2969 823 3017 ligna
841 2969 992 3005 cedrina
1010 2977 1114 3014 sunt,
1132 2977 1168 3005 et
1187 2977 1318 3005 natura

334 3029 388 3064 sui
415 3036 451 3063 et
477 3027 629 3063 nomine
656 3027 725 3063 loci
756 3029 881 3064 nescio
907 3028 997 3077 quid
1019 3041 1194 3077 magnum
1213 3041 1317 3064 com-

383 3170 390 3183 “
409 3164 507 3194 Iicclr.
524 3175 542 3192 x
558 3187 564 3196 .
597 3166 644 3193 17.

341 3222 388 3248 ll).
427 3235 454 3238 ν·
487 3224 498 3245 7
530 3219 555 3246 ll
584 3217 663 3246 'lim.
691 3228 720 3253 ι,
744 3220 772 3247 11.
799 3235 837 3237 —
872 3218 883 3237 Ρ(
904 3217 945 3246 ld.
975 3228 1018 3252 ir,
1039 3219 1069 3252 7,
1094 3220 1123 3246 8.

339 3277 363 3289 *¹
386 3269 476 3299 ticeli.
498 3280 588 3305 xxiv,
610 3273 661 3299 21.

702 3182 705 3184 v
735 3172 744 3184 ¹
764 3163 856 3194 llebr.
885 3176 923 3195 x.
948 3167 1059 3193 3ὓ.-
1084 3162 1220 3194 51Tim.
1244 3175 1287 3200 tv,
1314 3168 1343 3193 8.

1173 3219 1428 3250 -51111101-.11‚
1460 3220 1516 3253 13,
1548 3220 1596 3246 tf».

1389 2625 1466 2659 tus,
1489 2624 1620 2651 venter
1650 2617 1828 2662 intactus,
1855 2625 1988 2652 venter
2019 2629 2095 2651 non
2130 2615 2279 2652 incisus.
2297 2620 2380 2654 Non

1389 2675 1524 2711 incisus
1545 2683 1617 2719 cst,
1638 2674 1746 2723 cujus
1773 2684 1898 2711 manet
1927 2675 2142 2723 integritas,
2171 2673 2278 2722 cnjus
2304 2689 2379 2712 non

1388 2742 1474 2770 sunt
1504 2733 1686 2780 resignata
1718 2734 1875 2769 claustra
1899 2733 2066 2783 pudoris.
2090 2736 2250 2782 Propter
2274 2747 2380 2769 mun-

1387 2792 1514 2828 ditiam
1537 2791 1702 2827 Libanus
1724 2807 1731 2828 :
1751 2801 1908 2841 propter
1931 2792 2183 2840 integritatem
2216 2805 2293 2827 non
2319 2793 2380 2828 in-

1388 2852 1494 2887 cisus.
1519 2851 1650 2887 Merito
1680 2864 1753 2886 non
1778 2852 1915 2897 incisa,
1947 2864 2030 2900 quae
2063 2864 2138 2886 non
2168 2859 2223 2886 est
2251 2851 2379 2890 divisa.

1387 2911 1449 2946 vis
1476 2910 1605 2946 audire
1632 2911 1809 2946 incisam?
1839 2914 1979 2946 Mulier
2004 2920 2117 2958 nupta
2141 2915 2275 2958 cogitat
2295 2927 2381 2960 qua:

1387 2972 1510 3005 mund!
1540 2979 1638 3012 sunt,
1669 2972 1849 3017 (summula
1874 2973 2025 3018 placeat
2060 2975 2168 3014 vim,
2200 2979 2237 3006 et
2263 2973 2380 3007 divisa

1384 3037 1435 3063 sse
1448 3043 1458 3063 .-
1474 3028 1647 3076 utiquein
1666 3032 1783 3064 Deum
1800 3037 1837 3064 et
1854 3028 1976 3064 virum
1994 3029 2131 3075 divisa;
2146 3037 2182 3065 et
2196 3030 2290 3065 forte
2304 3043 2379 3066 non

1434 3165 1445 3188 >fi
1464 3168 1473 3194 1
1489 3168 1560 3195 (lor.
1580 3176 1624 3200 iv,
1650 3167 1679 3195 7.
1704 3183 1746 3186 -Ᾰ
1774 3161 1786 3183 ⁵
1819 3163 1927 3194 linceh.
1947 3173 2075 3200 xxxmg
2097 3168 2125 3192 2.
2146 3180 2186 3184 --
2207 3161 2222 3183 0
2241 3166 2310 3192 Act.
2332 3174 2378 3200 ix,

1687 3223 1712 3236 ¹⁰
1734 3215 1826 3250 1ι1.ι,
1851 3220 1900 3246 12.
1918 3236 1959 3239 ›-<
1983 3222 2007 3236 ¹¹
2030 3215 2143 3247 Manli.
2159 3226 2249 3252 xxii,
2268 3218 2322 3245 30.
2340 3233 2379 3237 »η
