2418 3949
126 215 220 252 1221

120 295 166 328 Et
192 292 264 328 hoc
293 299 350 328 est
371 290 475 340 quod
502 290 590 328 dicit
608 292 795 342 propheta
815 293 853 329 in
874 305 1035 342 persona
1054 291 1101 328 il-

120 351 191 388 lius
216 365 223 387 :

118 409 206 458 quia
226 410 438 459 incognitus
463 423 545 447 sum
558 439 568 456 ,
589 419 625 446 et
644 411 856 460 incognitus
875 425 964 457 ero,
987 412 1107 448 donec

120 476 306 505 transeam
334 469 381 505 ad
407 472 567 506 Patrem.
591 469 663 507 Sed
686 484 768 506 cum
791 474 980 507 exaltatus
993 469 1106 519 suero

119 542 143 564 (ι
172 538 284 573 terra,
315 531 438 564 omnia
463 530 606 564 trullam
630 532 684 564 ad
700 544 757 565 me
774 534 894 578 ipsum
912 536 938 567 ².
962 529 1107 578 Majora

118 600 208 636 ergo
235 596 322 623 sunt
349 599 466 636 opera
486 600 569 636 quae
589 600 690 624 nunc
711 589 797 625 facit
816 602 884 638 per
903 602 990 626 suos
1012 588 1104 625 lide—

120 645 194 691 les,
212 645 300 694 quia
318 654 373 681 est
392 645 429 681 in
448 645 577 681 dextra
596 646 736 692 Patris,
753 660 865 696 quam
887 660 931 683 ea
948 661 1032 696 quae
1052 647 1106 683 fe-

119 703 190 748 cit,
213 703 301 740 dum
321 703 468 740 sederet
485 704 522 740 in
540 705 683 753 gremio
702 706 843 742 Matris.

171 763 207 799 6.
243 762 440 811 Sequitur,
475 764 527 798 Ec
556 765 815 811 quodcumque
846 769 1030 812 pellerilis
1066 769 1106 802 in

119 826 269 856 nomine
303 835 397 865 me0‚
435 822 503 857 hoc
519 822 668 869 jaciam
701 837 712 856 .·
742 822 779 858 id
811 832 887 869 est,
922 824 1106 873 quidquid

118 879 300 928 petieritis
339 880 385 916 ad
430 880 586 917 salutem
621 881 831 918 animarum
869 891 1077 919 vestrarum
1095 911 1105 929 ,

117 938 191 975 hoc
211 938 309 976 dabo
328 939 439 976 vobis
465 941 588 976 statim
617 941 674 977 vel
699 950 842 991 postea.
870 942 979 979 Multi
1006 942 1106 978 enim

119 1006 206 1034 sunt
236 999 418 1035 malarum
449 1000 698 1036 tentationum
728 1000 885 1037 stimulis
918 1000 1103 1050 impediti,

766 218 830 252 DE
860 217 1030 253 VERBIS
1055 217 1231 252 DOMINI
1260 217 1309 251 IN
1339 217 1506 252 COENA.

1112 290 1159 309 617

2061 219 2158 255 1222

1171 299 1307 340 putent
1324 299 1365 327 ut
1378 292 1471 327 illud
1492 291 1595 340 quod
1614 291 1804 340 promisit,
1825 292 1870 328 sit
1884 293 1963 329 sinc
1980 297 2087 331 Patre
2106 297 2159 332 l'a-

252 352 499 400 Singularicer
515 365 595 387 sum
624 365 690 400 ego
717 354 834 389 donec
858 363 1042 389 transeam
1061 359 1071 373 ¹
1095 366 1104 388 ι
1123 350 1154 383 Α
1171 357 1319 396 cturUS,
1340 350 1509 398 sequitur
1530 359 1566 386 et
1593 351 1702 396 dicit,
1729 353 1776 386 Ut
1795 354 2022 399 glot-{ficetur
2045 355 2162 390 Pater

1172 412 1210 443 in
1228 410 1321 443 Filio
1339 423 1349 443 :
1365 410 1452 457 quia
1466 409 1648 458 quidquid
1665 410 1777 447 Filius
1794 412 1901 457 facit,
1916 411 2000 449 ideo
2018 414 2103 450 facit
2119 423 2159 451 ut

1171 467 1399 517 glorificetur
1422 471 1532 504 Pater
1557 469 1595 504 in
1618 469 1713 518 ipso.
1738 471 1803 506 Vel
1826 471 1946 516 aliter,
1969 474 2161 522 Quc'dquicl

1165 530 1347 576 petieritis
1375 532 1411 563 itz
1440 534 1587 564 nomme
1615 543 1717 572 meo,
1743 531 1810 565 Ιιοι·
1827 529 1988 576 faciam.
2011 535 2158 569 Nomen

1171 587 1324 623 Domini
1342 590 1429 623 Jesu
1452 596 1518 623 est.
1541 591 1621 624 Hoc
1645 602 1781 625 nomen
1803 590 1870 626 fuit
1888 591 1922 626 ei
1939 591 2158 640 impositum

1171 645 1376 682 secundum
1409 646 1688 683 humanitatem.
1718 649 1785 685 Hic
1816 662 1905 697 ergo
1930 658 1986 686 est
2012 663 2156 696 sensus,

1176 705 1368 752 Quidquid
1379 709 1557 751 petieritis
1573 709 1609 740 ιή
1625 710 1775 741 nornine
1792 720 1871 742 meo
1882 735 1890 751 ,
1908 708 1974 743 hoc
1982 707 2132 755 faciam
2146 723 2158 744 :

1170 762 1208 799 id
1228 771 1305 808 est,
1328 763 1519 811 Quidquid
1541 763 1722 812 petieritis
1745 777 1801 799 me
1823 765 2030 802 secundum
2052 768 2155 816 quod

1171 833 1251 857 sum
1284 822 1421 868 homo,
1453 821 1552 858 dabo
1574 822 1682 859 vobis
1707 823 1913 859 secundum
1946 825 2048 873 quod
2077 839 2158 862 sum

1169 883 1297 926 Deus,
1325 891 1363 916 ut
1387 882 1613 930 glorificetur
1640 882 1756 916 Pater
1784 887 1820 916 iu
1847 884 1940 918 Filio
1959 911 1968 928 ,
1990 887 2090 920 Deus
2124 886 2160 920 in

1171 939 1323 977 homine
1345 940 1414 978 sibi
1444 942 1561 977 unito.
1583 940 1680 977 Illud
1701 941 1802 989 quod
1820 941 1981 988 addidit,
2013 945 2051 978 Si
2072 947 2162 991 quid

1167 1003 1342 1047 petieritis
1358 1014 1415 1035 me
1435 1004 1472 1035 in
1487 1004 1633 1035 nomine
1648 1013 1742 1043 meo,
1762 999 1998 1047 ltocsaciam,
2017 1001 2054 1037 id
2074 1011 2160 1038 tan-

118 1058 184 1106 qui
214 1066 404 1106 gementes
434 1067 470 1094 et
496 1058 688 1106 dolentes,
711 1060 748 1095 in
778 1060 929 1096 nornine
955 1060 1105 1096 Domini
1125 1060 1151 1094 Β
1171 1066 1249 1094 tum
1280 1059 1479 1095 confirmat
1505 1058 1607 1107 quod
1634 1058 1806 1106 superius
1836 1058 1928 1094 dixit
1950 1074 1958 1095 :
1983 1072 2069 1096 nam
2105 1073 2160 1096 re-

119 1114 166 1152 ab
195 1116 286 1165 ipsis
322 1126 456 1166 petunt
487 1117 659 1164 liberari,
686 1117 824 1167 quibus
853 1131 965 1168 grave
990 1127 1045 1155 est
1069 1127 1106 1156 et

118 1174 227 1211 valde
252 1175 478 1212 laboriosum
505 1175 725 1225 belligerare
747 1190 831 1212 cum
855 1177 941 1214 illis.
958 1178 1106 1214 Timent

119 1247 166 1271 ne
194 1235 390 1280 deficiant3
418 1233 647 1283 adjutorium
674 1249 695 1271 a
723 1236 888 1272 Domino
914 1236 1106 1286 postulant

118 1305 166 1329 ne
191 1292 436 1329 succumbant
465 1308 473 1330 :
507 1294 570 1342 qui
591 1294 621 1330 si
641 1294 715 1330 cito
741 1307 818 1330 non
840 1294 980 1331 habent
999 1295 1107 1331 auxi-

118 1351 210 1388 lium
232 1365 253 1388 a
274 1353 439 1388 Domino
461 1352 565 1401 quod
585 1353 808 1402 implorant,
829 1366 867 1390 se
887 1353 934 1390 ab
952 1354 1015 1390 illo
1036 1354 1106 1390 de-

118 1411 269 1448 relictos
298 1412 534 1457 existimant3
557 1421 594 1448 et
615 1413 702 1461 quia
728 1412 854 1448 differt
878 1413 950 1449 illis
970 1412 1109 1450 subve-

119 1470 200 1506 nire
212 1499 222 1516 ,
240 1471 399 1507 credunt
416 1470 462 1506 de
480 1484 518 1507 se
534 1471 624 1520 ipsis
643 1471 942 1507 Dominum-non
962 1485 1106 1508 curare.

117 1529 191 1566 Sed
219 1543 297 1566 non
326 1538 382 1566 est
406 1530 457 1566 ita
483 1545 491 1566 :
515 1530 590 1566 imo
616 1543 680 1566 eos
709 1531 825 1578 magis
852 1530 992 1579 diligit,
1013 1543 1109 1579 quos

117 1589 225 1637 quasi
242 1589 343 1625 solos
363 1601 448 1624 cum
470 1588 740 1625 tentationibus
756 1589 820 1624 diu
840 1602 1008 1638 pugnare
1025 1602 1108 1638 per-

118 1648 234 1684 mittit
255 1662 263 1685 :
295 1648 383 1697 quia
399 1656 589 1684 crescente
608 1661 735 1697 pugna
750 1677 759 1693 ,
781 1649 1041 1697 gloriosiorem
1057 1649 1107 1685 il-

118 1707 162 1745 lis
182 1707 406 1744 ministrabit
420 1707 633 1752 victoriam;
651 1717 688 1744 et
702 1717 845 1756 quanto
863 1709 974 1744 fuerit
995 1707 1110 1745 robu-

117 1766 210 1803 stior
226 1780 365 1817 pugna,
381 1775 485 1804 tanto
500 1766 699 1815 gloriosior
709 1766 859 1803 dabitur
873 1767 943 1803 illis
956 1779 1109 1804 corona.

1170 1118 1302 1166 petitio
1320 1118 1522 1163 sermonis,
1540 1117 1774 1153 confirmatio
1790 1125 1844 1152 est
1862 1118 1998 1166 operis.

1225 1178 1259 1214 7.
1286 1181 1361 1214 Nos
1378 1190 1467 1226 ergo
1480 1205 1489 1221 ,
1507 1175 1735 1212 dilectissimi
1757 1176 1888 1212 fratres
1902 1204 1911 1221 ,
1933 1176 2005 1212 hoc
2025 1177 2071 1212 ab
2092 1177 2158 1214 illo

1170 1243 1356 1284 petamus,
1378 1244 1420 1271 ut
1437 1248 1502 1271 sua
1521 1234 1636 1283 gratia
1654 1247 1722 1270 nos
1740 1235 1943 1283 praeveniat
1959 1248 2001 1270 ac
2021 1249 2159 1285 sequa-

1173 1303 1233 1330 tur
1255 1323 1265 1341 ,
1296 1308 1339 1331 ac
1373 1295 1482 1331 bonis
1516 1293 1695 1343 operibus
1726 1292 1868 1341 jugiter
1900 1302 2051 1342 praestet
2085 1309 2164 1332 esse

1171 1353 1401 1390 intentos-In
1418 1354 1570 1390 nomine
1588 1352 1669 1401 ejus
1688 1353 1811 1401 ipsum
1833 1353 1953 1388 solum
1976 1362 2160 1402 petamus.

1173 1414 1281 1449 Certe
1307 1413 1418 1450 nimis
1447 1421 1502 1449 est
1523 1424 1680 1456 avarus,
1707 1411 1764 1446 cui
1792 1423 1869 1446 non
1898 1412 2033 1448 suflicit
2055 1413 2162 1449 Chri—

1173 1480 1264 1508 stus.
1286 1476 1378 1509 Nam
1405 1472 1469 1521 qui
1487 1471 1691 1508 Dominum
1710 1470 1895 1519 possidet,
1910 1479 1946 1506 et
1966 1484 2050 1507 cum
2071 1486 2163 1522 pro-

1174 1531 1287 1580 pheta
1313 1532 1420 1577 dicit,
1435 1533 1531 1567 Pars
1550 1539 1677 1565 nostra
1698 1532 1876 1564 Dominus
1893 1527 1906 1550 ⁵
1920 1558 1929 1574 ,
1951 1530 2040 1566 nihil
2058 1541 2163 1568 extra

1172 1591 1376 1627 Dominum
1398 1589 1535 1626 habere
1558 1597 1692 1638 potest.
1715 1591 1787 1624 Iste
1808 1588 1979 1637 profecto
1998 1590 2084 1626 felix
2108 1601 2164 1629 est

1173 1656 1210 1684 et
1222 1648 1366 1694 beatus,
1384 1649 1449 1698 qui
1466 1656 1569 1684 tanto
1584 1647 1685 1682 dono
1703 1647 1844 1683 ditatur
1862 1661 1868 1681 ε
1889 1660 1956 1684 nec
1977 1649 2072 1686 ultra
2085 1650 2163 1699 jam

1173 1719 1317 1758 pauper
1343 1709 1414 1744 erit
1427 1736 1437 1753 ,
1470 1707 1534 1756 qui
1567 1706 1735 1741 omnium
1770 1705 1938 1741 datorem
1973 1706 2163 1746 bonorum

1177 1779 1247 1815 pro
1276 1766 1492 1803 haereditate
1520 1763 1674 1801 tenebit.
1703 1764 1739 1801 Si
1770 1764 1904 1812 aliquis
1934 1767 2083 1813 petierit
2110 1782 2166 1804 ar-

117 1829 200 1863 Non
228 1826 384 1872 titubet,
413 1839 490 1862 non
520 1825 667 1863 dubitet
695 1827 834 1863 athleta
859 1827 1015 1872 Christi,
1038 1826 1105 1876 qui
1127 1827 1153 1862 C
1172 1834 1350 1874 gentum,
1368 1839 1525 1870 aurum,
1550 1822 1828 1873 possessiones,
1846 1823 1986 1859 variam
2002 1827 2165 1874 supelle-

114 1885 308 1934 praeliatur
329 1893 460 1922 contra
481 1885 632 1922 astutias
651 1886 836 1935 serpentis
855 1886 1018 1935 antiqui,
1039 1885 1104 1935 qui

118 1952 262 1994 pugnat
287 1957 358 1994 pro
384 1944 636 1994 percipiendis
662 1944 806 1994 gaudiis
828 1945 1012 1994 paradisi3
1031 1958 1108 1981 non

119 2001 313 2048 lassescat,
335 2015 413 2038 non
436 2001 602 2038 discedat
627 2015 647 2038 a
670 2001 791 2048 bello3
811 2002 924 2038 instet
944 2003 1108 2048 fortiter,

120 2061 272 2097 dimicet
287 2061 422 2097 acriter
435 2089 444 2106 ,
462 2060 620 2097 viriliter
639 2069 722 2110 agat
741 2069 777 2097 et
794 2062 1028 2098 confortetur
1045 2075 1110 2098 cor

120 2119 200 2170 ejus
223 2135 230 2157 :
250 2121 337 2170 quia
356 2120 430 2156 cito
454 2121 580 2157 veniet
604 2121 807 2165 Dominus,
833 2129 871 2157 et
897 2134 1010 2157 manu
1039 2134 1109 2171 po-

121 2180 214 2216 tenti
237 2188 407 2216 conteret
430 2178 624 2216 brachium
652 2181 858 2229 peccatoris
877 2190 913 2217 et
934 2181 1108 2230 maligni5

121 2248 250 2289 postea
277 2239 413 2276 callido
437 2240 543 2276 hoste
566 2240 735 2286 devicto,
756 2254 839 2276 cum
871 2241 1018 2277 Christo
1048 2254 1110 2278 re-

120 2298 249 2347 gnabit
277 2299 315 2335 in
338 2308 519 2336 aeternum
549 2308 586 2336 et
610 2300 646 2335 in
673 2301 850 2336 saeculum
879 2300 1014 2336 saeculi.
1035 2303 1110 2336 Me-

120 2358 273 2394 minerit
303 2359 403 2395 enim
436 2371 515 2396 esse
545 2359 726 2407 scriptum
759 2372 828 2408 per
861 2359 1110 2409 prophetam,

119 2418 239 2453 Juxta
261 2427 314 2453 est
336 2420 515 2453 Dominus
534 2418 591 2453 his
606 2421 670 2466 qni
686 2417 858 2453 tribulato
875 2427 960 2453 sunt
979 2420 1087 2453 corde
1101 2433 1112 2453 :

119 2483 177 2520 et,
212 2477 347 2512 Multoe
373 2486 460 2512 sunt
488 2477 740 2513 tribulationes
762 2482 970 2524 justorum,
1000 2485 1037 2512 et
1065 2479 1112 2512 cle

120 2535 284 2571 omnibus
317 2536 373 2571 lais
399 2535 568 2571 liberabit
596 2550 656 2571 eos
679 2539 857 2571 Dominus
871 2534 898 2571 3.
919 2535 1112 2584 Quidquid

1175 1886 1321 1932 ctilem3
1340 1885 1480 1922 credite
1509 1884 1598 1920 mihi
1613 1911 1622 1928 ‚
1641 1883 1728 1931 quia
1748 1882 1787 1918 in
1806 1882 1960 1918 nomine
1980 1887 2067 1921 Jesu
2086 1899 2163 1923 non

1176 1946 1288 1994 petit,
1306 1953 1343 1981 et
1362 1958 1446 1981 cum
1464 1945 1543 1981 istis
1558 1946 1728 1994 partibus
1745 1947 1930 1984 Dominus
1947 1959 2021 1983 non
2038 1947 2166 1995 digna-

1175 2012 1235 2040 tur
1254 2005 1331 2040 lieri
1352 2017 1438 2054 pars
1455 2005 1513 2040 vel
1534 2004 1731 2043 haereditas
1751 2006 1829 2055 ejus
1842 2035 1851 2050 ,
1873 2007 1943 2042 nisi
1961 2006 2086 2042 omnia
2103 2006 2164 2042 illa

1173 2064 1258 2100 vilia
1277 2072 1318 2100 ut
1334 2072 1497 2099 stercora
1513 2073 1661 2112 reputet
1678 2079 1748 2114 pro
1767 2066 1966 2102 dilectione
1987 2074 2021 2101 et
2038 2078 2166 2101 amore

1174 2123 1255 2160 Dei.
1277 2122 1348 2160 Sed
1372 2135 1440 2158 nos
1454 2151 1463 2168 ,
1484 2122 1621 2171 quibus
1637 2125 1822 2161 Dominus
1842 2133 1895 2161 est
1912 2125 2056 2173 portio,
2075 2123 2167 2158 nibil

1175 2181 1356 2218 debemus
1379 2194 1510 2217 curare
1531 2191 1668 2230 praeter
1691 2187 1810 2220 Deum
1826 2211 1836 2228 ,
1859 2196 1905 2219 ne
1923 2183 2076 2219 alterius
2094 2183 2167 2217 im-

1176 2241 1374 2291 pediamur
1402 2253 1558 2276 munere
1586 2243 1814 2278 necessitatis
1836 2258 1843 2279 :
1866 2242 1967 2291 quod
1992 2242 2090 2278 enim
2119 2241 2167 2277 ad

1176 2300 1247 2336 alia
1276 2299 1398 2335 ol'licia
1424 2299 1638 2345 confertur,
1661 2301 1731 2336 lior
1758 2301 1946 2349 religionis
1969 2300 2085 2336 cultui
2107 2307 2166 2335 at-

1177 2371 1250 2407 que
1276 2358 1363 2393 huic
1390 2365 1519 2393 nostro
1548 2357 1762 2408 decerpitur
1786 2360 1924 2395 ol'licio.
1944 2358 2054 2395 Unde
2076 2358 2167 2393 nihil

1177 2416 1277 2453 aliud
1300 2415 1481 2452 debemus
1506 2429 1637 2452 curare
1654 2446 1663 2462 ‚
1690 2418 1760 2453 nisi
1793 2418 1953 2466 qualiter
1979 2417 2167 2454 Christum

1177 2477 1214 2512 in
1254 2475 1470 2511 liaereditate
1515 2488 1726 2512 mereamur
1762 2477 1912 2520 sortiri,
1947 2488 2017 2524 pro
2060 2474 2167 2523 cujus

1178 2548 1306 2571 amore
1331 2534 1628 2570 renuntiavimus
1659 2536 1814 2584 proprio
1843 2544 1879 2572 et
1901 2536 2065 2584 propriae
2094 2548 2167 2570 vo-

119 2594 202 2630 vult
221 2603 323 2643 petat
342 2608 362 2630 a
381 2596 564 2640 Domino,
582 2603 727 2631 tantum
748 2608 818 2644 pro
838 2595 955 2631 salute
975 2595 1108 2630 animae
1129 2605 1162 2638 D
1178 2594 1325 2630 luntati.
1368 2597 1457 2630 Haec
1493 2602 1549 2630 est
1585 2595 1646 2630 illa
1682 2595 1878 2631 liaereditas
1893 2624 1902 2640 ,
1938 2595 2168 2631 dilectissimi

125 2665 201 2689 suae
221 2661 335 2702 petat.
358 2657 441 2690 Non
462 2662 567 2690 curet
587 2654 615 2690 si
636 2654 832 2690 disseratur
855 2668 862 2689 :
884 2654 970 2702 quia
988 2654 1017 2689 si
1037 2653 1111 2689 dif-

123 2711 263 2757 fertur,
285 2724 360 2747 non
384 2712 574 2758 aul'ertur3
595 2713 670 2748 imo
686 2725 770 2748 cum
788 2712 917 2748 haberi
935 2713 1090 2761 coeperit
1103 2741 1111 2757 ,

121 2771 268 2807 charius
280 2771 504 2820 possidetur.
518 2774 598 2808 Hoc
611 2773 709 2808 enim
725 2780 895 2821 petamus
909 2772 944 2807 in
961 2771 1113 2807 nomine

122 2843 206 2876 suo,
222 2831 325 2880 quod
343 2835 487 2868 Patrem
509 2839 636 2880 petere
650 2831 778 2868 (locuit
794 2831 992 2880 Apostolos
1009 2843 1111 2876 suos,

122 2890 250 2926 dicens
270 2903 277 2925 z
303 2891 392 2926 Cum
413 2891 568 2926 orabilis
588 2891 749 2934 Patrem,
766 2895 817 2925 sic
832 2892 960 2925 dicetis
975 2903 985 2923 .·
1002 2892 1117 2926 Pater

125 2958 249 2984 noster
265 2954 329 2997 qui
350 2963 387 2984 es
415 2953 451 2984 in
472 2952 570 2985 coelis
583 2950 611 2994 4,
626 2958 696 2985 etc.
720 2948 830 2996 Quod
849 2949 877 2984 si
898 2948 998 2984 aliud
1018 2948 1115 2997 peti—

125 3021 206 3044 mus
227 3008 328 3056 quod
347 3007 393 3044 ab
413 3008 480 3044 hac
497 3008 680 3057 petitione
698 3007 904 3052 discordet,
925 3007 1044 3043 inanis
1061 3015 1116 3042 est

124 3066 256 3115 petitio
286 3075 414 3102 nostra
442 3082 450 3102 :
479 3067 507 3102 si
540 3066 758 3115 petierimus
793 3066 948 3102 salutem
981 3065 1115 3101 animae

125 3134 262 3162 nostrae
280 3126 318 3162 in
337 3125 488 3162 nomine
507 3124 606 3173 ejus,
624 3125 723 3161 illam
743 3124 846 3161 dabit
865 3123 985 3161 nobis.
1007 3127 1052 3160 Et
1069 3137 1115 3160 ne

179 3257 382 3293 ¹Psal.cx1.,
410 3260 460 3288 10.
477 3277 519 3282 —
539 3263 551 3280 ²
568 3260 726 3289 Joan.x11
741 3281 749 3294 ‚
770 3259 825 3287 32.
844 3275 885 3279 —
906 3256 918 3279 3
934 3256 1013 3288 Psal.
1029 3266 1139 3286 mni
1155 3257 1223 3293 ,19
1238 3279 1245 3291 ‚
1267 3259 1318 3286 20.
1342 3274 1382 3277 —a
1405 3258 1418 3280 ⁴
1438 3255 1550 3285 Manli.
1576 3267 1628 3287 xi.
1655 3260 1684 3285 υ.
1708 3274 1747 3277 ν

131 3307 146 3330 ⁶
163 3308 240 3339 l‘sal.
257 3320 329 3339 exn
345 3333 352 3345 ,
375 3313 406 3339 ὓ.

1178 2653 1326 2697 fratres,
1356 2665 1439 2700 quae
1470 2651 1600 2688 beatos
1631 2666 1718 2689 suos
1755 2654 1839 2689 lacit
1871 2653 2050 2690 haeredes.
2086 2657 2168 2689 Jam

1178 2711 1281 2746 illum
1314 2710 1469 2746 ulterius
1499 2712 1730 2759 paupertatis
1759 2712 1928 2759 angustia
1958 2725 2032 2747 non
2059 2725 2168 2748 coar-

1179 2767 1314 2812 ctabit,
1333 2769 1396 2816 qui
1422 2769 1529 2803 talem
1550 2782 1591 2803 ac
1611 2777 1748 2804 tantam
1774 2769 2028 2805 liaereditatem
2052 2768 2165 2804 liabe-

1179 2826 1245 2863 bit.
1276 2831 1371 2871 Ista,
1400 2827 1574 2875 iuquam,
1599 2836 1653 2863 est
1684 2827 1879 2863 baereditas
1913 2829 1949 2864 in
1985 2837 2081 2863 terra
2112 2828 2170 2863 vi-

1181 2886 1370 2930 ventium,
1398 2886 1474 2921 liaec
1500 2894 1554 2921 est
1577 2887 1701 2934 portio
1726 2900 1837 2935 quam
1869 2887 1959 2935 petit
1985 2887 2167 2935 propheta

1180 2959 1200 2982 a
1220 2947 1404 2989 Domino,
1436 2945 1563 2981 dicens
1592 2958 1599 2979 :
1640 2948 1765 2980 Partim
1791 2960 1886 2988 mea,
1923 2949 2098 2987 Domine,
2123 2950 2171 2980 sit

1180 3011 1217 3040 in
1244 3014 1342 3040 terra
1370 3003 1610 3040 1›1'·›‹·t1ti11111⁶.
1636 3005 1690 3041 Ad
1723 3005 1817 3041 lianc
1845 3004 2098 3040 liaereditateui
2132 3017 2168 3040 se

1182 3063 1417 3113 praeparabat
1444 3064 1646 3112 Apostolus
1674 3078 1757 3100 cum
1785 3063 1930 3100 dicebat
1955 3078 1961 3098 :
1987 3064 2085 3099 Mssa
2108 3068 2168 3098 vi-

1182 3137 1260 3159 vere
1283 3124 1441 3159 (miscus
1460 3133 1525 3163 est,
1548 3133 1582 3159 ee
1602 3128 1695 3159 mori
1713 3127 1863 3159 lucram.
1881 3126 1912 3160 Ο
1928 3136 2039 3171 quam
2059 3123 2170 3158 felici·

1775 3254 1786 3275 ⁵
1811 3255 1889 3285 l‘sal.
1919 3265 2026 3285 lxxii.
2057 3257 2108 3282 120.
