2418 3949
168 242 262 279 1245

808 240 872 274 DE
900 238 1070 274 VERBIS
1098 238 1272 274 DOMINI
1303 241 1351 273 IN
1380 239 1544 274 COENA.

2102 237 2200 273 1245

159 319 266 355 niens
284 318 467 362 fructum,
497 315 686 353 maledixit
713 315 770 361 ei,
792 323 829 351 et
852 315 1013 351 arefacta
1039 312 1327 350 est¹?⁰⁵⁰filiu1n
1359 327 1472 362 quem
1506 314 1648 363 recipit.
1675 313 1833 350 Illorum
1859 321 1914 350 est
1930 315 2030 351 enim
2051 314 2109 350 hic
2132 315 2194 351 ssa—

159 379 217 415 Sic
229 386 285 414 est
296 377 419 414 omnis
431 376 648 426 hypocrita;
665 374 754 423 quia
769 373 928 423 speciem
946 373 1147 409 sanctitatis
1165 373 1194 406 A
1213 373 1308 422 gella
1342 374 1557 423 percipere,
1594 372 1732 422 quibus
1773 373 1882 410 datur
1920 373 1966 409 de
1996 374 2202 410 aeternitate

159 436 289 482 habet,
316 445 353 472 et
381 435 559 472 virtutem
589 433 792 470 sanctitatis
822 444 898 468 non
930 430 1053 467 habet.
1074 430 1148 478 Qui

159 496 288 545 palliat
303 494 535 532 sanctitatem
555 493 595 529 in
613 500 738 538 veste,
752 504 864 540 quam
884 503 960 527 non
980 489 1092 526 habet
1108 490 1147 526 in

159 562 296 590 mente.
319 556 402 590 Non
429 551 512 588 alba
540 551 707 588 cuculla-‘¹
727 559 764 586 et
784 551 857 586 alta
879 558 1050 595 tonsura,
1069 562 1145 585 non

158 613 282 662 ampla
311 623 473 656 corona;
504 609 569 646 sed
593 609 821 645 conscientia
846 621 942 658 pura
959 616 996 644 et
1013 607 1148 644 mentis

159 670 342 706 munditia
354 697 364 714 ,
385 668 548 718 abjectio
567 669 733 717 propriae
750 667 955 704 voluntatis
969 695 979 712 ,
998 667 1148 702 inflam-

159 731 273 766 matio
302 729 492 766 charitatis
517 729 556 764 in
585 728 757 772 Christo,
778 727 986 776 perfectum
1007 739 1149 762 mona-

158 790 269 826 chum
286 789 385 826 facit.
403 788 686 832 Adhaereamus,
704 786 849 831 fratres,
866 799 964 822 verae
976 786 1043 822 viti
1059 789 1148 822 Jesu

158 856 289 885 nostro
305 847 488 885 Salvatori
507 859 591 882 cum
613 858 704 882 vero
725 844 840 881 corde
854 873 864 890 ,
887 845 924 880 in
945 843 1148 894 plenitudi-

158 919 206 943 ne
226 907 312 944 fidei
325 906 465 956 aspersi
485 905 620 950 corda,
640 914 677 941 et
695 903 814 940 abluti
835 903 882 940 ab
902 903 1005 939 omni
1021 902 1149 951 inqui-

157 974 336 1002 namento
353 965 475 1002 earnis
494 974 531 1001 et
547 965 701 1014 spiritus
713 993 723 1010 ,
743 972 780 1000 et
798 972 989 1000 teneamus
1006 962 1084 1012 spei
1111 970 1149 998 et

157 1025 244 1062 fidei
266 1034 404 1062 nostrae
431 1025 705 1062 confessionem
736 1022 1054 1060 indeclinabilem.
1073 1025 1148 1058 Nec

1212 432 1375 482 gaudere
1405 433 1499 469 :sed
1527 433 1592 482 qui
1627 433 1673 469 de
1702 434 1943 482 percussione
1966 442 2200 477 murmurat,

1212 492 1257 528 ad
1283 492 1405 541 ipsum
1431 492 1496 540 qui
1518 505 1631 541 supra
1656 493 1777 541 ipsum
1795 500 1869 537 est,
1887 505 1963 528 non
1985 493 2199 542 appropin-

1212 558 1313 599 quat.
1329 554 1410 586 Imo
1424 550 1680 587 haereditatem
1698 564 1871 599 supernae
1893 552 2075 588 felicitatis
2091 552 2201 588 amit-

1214 610 1281 656 tit,
1315 610 1345 646 si
1377 610 1563 659 flagellum
1588 610 1664 648 ,Dei
1698 611 1817 647 Patris
1839 611 2024 659 patienter
2054 619 2090 647 et
2117 624 2202 647 cum

1213 681 1340 704 amore
1372 681 1448 704 non
1480 669 1646 717 suscipit.
1665 672 1712 705 Et
1741 669 1771 705 si
1800 669 1846 705 de
1877 669 2022 718 flagello
2051 669 2203 705 Domini

1213 728 1524 772 murmuraverit,
1555 738 1678 765 certus
1700 728 1748 765 sit
1771 729 1857 777 quia
1887 730 2202 765 murmurantium

1214 799 1364 836 poenam
1382 787 1593 823 incurrerit.

1270 844 1327 881 14.
1342 849 1418 882 Vos
1438 858 1544 894 ergo,
1562 846 1693 881 fratres
1707 844 1951 891 dilectissimi,
1967 846 2081 882 nolite
2099 860 2204 882 mur-

1213 916 1382 948 murare,
1415 904 1443 941 si
1465 903 1574 940 vobis
1594 905 1716 940 inesse
1739 904 1937 952 contigerit
1967 904 2200 954 disciplinam

1212 963 1367 999 Domini
1389 963 1534 1008 nostri3
1567 975 1689 1011 neque
1723 963 1948 1012 fatigemini,
1974 963 2062 999 dum
2083 963 2130 1000 ab
2157 978 2203 1000 eo

1213 1022 1425 1071 arguimini.
1444 1022 1575 1060 Omnis
1604 1022 1702 1058 enim
1731 1021 1927 1071 disciplina
1955 1023 1994 1058 in
2026 1024 2202 1072 praesenti

156 1086 204 1122 sit
222 1085 327 1135 quod
343 1098 412 1121 nos
425 1097 598 1134 separare
610 1083 687 1132 jam
707 1084 827 1120 valeat
843 1096 862 1119 a
877 1082 1057 1118 charitate
1071 1084 1147 1118 Do-
1165 1081 1192 1114 B
1212 1081 1365 1130 quidem
1391 1081 1542 1118 videtur
1569 1094 1646 1117 non
1679 1093 1758 1117 esse
1787 1081 1912 1129 gandii
1926 1109 1936 1124 ,
1970 1081 2034 1117 sed
2066 1094 2204 1117 moero-

158 1144 251 1180 mini
278 1148 378 1181 Jesu.
401 1147 448 1180 Et
476 1144 527 1180 sic
547 1143 687 1180 erimus
716 1142 762 1178 de
791 1141 932 1178 vitibus
955 1139 1146 1189 Engaddi,

157 1203 204 1239 de
222 1203 361 1252 quibus
386 1216 462 1239 non
490 1203 616 1251 liquor
637 1201 732 1248 vini,
750 1201 815 1238 sed
837 1201 962 1250 liquor
990 1199 1148 1236 balsami

156 1262 239 1298 ssuit
262 1277 270 1299 :
295 1262 507 1298 consimiles
532 1261 643 1297 botro
673 1261 807 1310 Cypri,
835 1259 882 1296 de
907 1273 983 1308 quo
1010 1271 1148 1308 sponsa

159 1321 198 1357 in
219 1321 372 1358 Cantico
387 1321 526 1357 amoris
545 1319 786 1369 congaudens
805 1319 851 1355 de
873 1319 1148 1356 resurrectione

155 1381 314 1427 Christi,
343 1393 596 1430 prorumpens
625 1380 663 1415 in
695 1392 825 1415 vocem
849 1378 1094 1428 jucunditatis
1111 1386 1149 1414 et

155 1440 292 1476 laetitiae
312 1438 429 1485 dixit,
455 1441 590 1474 Battus
618 1440 728 1486 Cypri
754 1440 904 1473 dilectus
935 1451 1034 1472 meus
1056 1437 1148 1471 milei

159 1503 198 1534 in
227 1502 350 1534 vineis
371 1499 603 1546 Engaddi23
631 1496 735 1545 quod
766 1504 874 1532 sonat
906 1499 1003 1533 Fons
1035 1494 1144 1531 haedi.

154 1560 252 1594 Fons
269 1556 366 1592 haedi
382 1556 519 1593 dicitur
540 1555 761 1605 poenitentia
780 1555 839 1591 vel
861 1554 1090 1604 Baptismus,
1108 1553 1144 1589 in

156 1629 234 1665 quo
258 1615 348 1652 dum
373 1615 506 1663 aliquis
534 1615 649 1650 intrat
668 1614 770 1650 velut
790 1613 939 1657 haedus,
959 1613 1145 1648 innocen—

154 1675 243 1711 tiam
261 1673 373 1710 debet
399 1674 593 1722 acquirere
614 1681 655 1709 ut
676 1684 806 1722 agnus.
828 1671 999 1721 Engaddi
1023 1677 1147 1720 potest

154 1733 271 1783 accipi
288 1733 558 1769 monasterium
577 1732 769 1780 regulare,
793 1731 839 1768 ad
856 1731 960 1780 quod
976 1731 1065 1766 dum
1083 1730 1145 1766 ali-

155 1792 240 1841 quis
273 1792 403 1828 haedus
431 1791 649 1836 advenerit,
682 1798 720 1827 et
749 1790 803 1826 ibi
835 1790 982 1826 exuerit
1008 1789 1144 1838 pellem

1213 1141 1288 1176 ris:
1311 1149 1442 1189 postea
1463 1148 1586 1176 autem
1609 1140 1771 1175 fructum
1799 1140 2075 1187 pacatissimum
2101 1153 2206 1176 exer-

1213 1192 1333 1236 citatis
1360 1212 1429 1248 per
1456 1211 1536 1235 eam
1560 1197 1691 1234 reddet
1717 1197 1907 1246 justitiae⁴.
1926 1198 2096 1246 Flagellis
2120 1202 2204 1234 Do-

1213 1260 1305 1296 mini
1323 1258 1515 1308 pinguedo
1541 1257 1700 1293 earnalis
1730 1256 1934 1306 voluptatis
1953 1257 2125 1292 atteritur
2139 1285 2148 1301 ,
2169 1266 2207 1293 et

1212 1320 1372 1356 virtutes
1391 1318 1523 1354 animae
1545 1316 1776 1372 robcgantur
1794 1331 1804 1352 ε
1824 1325 1860 1352 et
1881 1317 2017 1353 lasciva
2040 1330 2127 1353 caro
2149 1331 2208 1352 re-

1213 1379 1420 1427 stringitur,
1441 1385 1478 1413 et
1491 1377 1615 1413 anima
1632 1376 1766 1425 pennis
1781 1376 1964 1412 virtutum
1980 1375 2027 1412 ad
2045 1377 2208 1412 coelestia

1214 1438 1446 1475 sublevatur.
1484 1440 1579 1474 Caro
1626 1435 1728 1484 quod
1768 1435 2000 1484 superfluum
2043 1435 2206 1473 habebat

1212 1498 1370 1543 amittit3
1395 1505 1431 1533 et
1447 1496 1599 1546 spiritus
1615 1495 1794 1537 virtutes,
1819 1507 1910 1543 quas
1932 1508 2007 1531 non
2027 1494 2203 1539 habebat,

1212 1557 1383 1606 acquirit.
1403 1557 1460 1593 Sic
1486 1568 1576 1605 ergo
1607 1568 1676 1604 per
1705 1554 1849 1603 flagella
1871 1555 2025 1591 Domini
2048 1555 2207 1591 virtutes

1212 1624 1410 1665 augentur,
1428 1615 1517 1651 vitia
1538 1622 1776 1658 resecantur3
1795 1622 2029 1663 spernuntur
2044 1622 2206 1658 terrena,

1213 1683 1386 1712 amantur
1409 1674 1584 1710 coelestia.
1608 1676 1684 1709 Nos
1699 1673 1916 1708 aeternitatis
1936 1673 2090 1721 praemia
2111 1686 2208 1722 prae-

1210 1733 1389 1770 stolantes
1403 1762 1412 1778 ,
1430 1733 1460 1769 si
1486 1730 1596 1768 nobis
1614 1731 1740 1780 aliqua
1760 1731 1882 1779 gravis
1906 1731 2104 1766 infirmitas
2117 1760 2126 1775 ,
2148 1731 2206 1766 vel

1212 1793 1369 1828 tentatio
1388 1792 1493 1828 fortis
1506 1820 1515 1836 ,
1531 1791 1591 1827 vel
1611 1791 1722 1827 etiam
1739 1790 1918 1826 damnum
1941 1790 2203 1840 temporalium

154 1851 360 1897 llaedinam3
386 1850 464 1900 jam
486 1864 533 1887 ex
561 1851 666 1886 omni
692 1858 799 1899 parte
825 1849 1049 1894 mundatus,
1067 1861 1142 1884 ⁰011
1161 1852 1188 1888 C
1209 1865 1333 1888 rerum
1363 1851 1574 1900 irrepserit,
1602 1863 1648 1885 ex
1668 1848 1845 1885 omnibus
1861 1849 1916 1885 liis
1937 1849 2035 1885 vires
2057 1862 2204 1884 sumere

158 1911 287 1948 haedus
299 1939 308 1957 ,
327 1910 391 1947 sed
404 1911 492 1955 erit,
507 1910 537 1946 si
552 1909 871 1959 perseveraverit,
888 1921 1019 1958 agnus.
1038 1911 1147 1945 Hunc

156 1970 266 2006 talem
297 1972 401 2006 Deus
430 1971 539 2004 Pater
568 1967 763 2017 purgavit,
796 1976 838 2004 ut
870 1968 1033 2003 fructum
1063 1967 1148 2016 plus

156 2029 305 2074 afferat,
335 2040 400 2064 cor
426 2027 506 2076 ejus
527 2026 745 2063 mundando
761 2054 770 2071 ,
802 2035 839 2062 et
864 2025 946 2074 ejus
975 2025 1147 2075 spiritum

155 2089 322 2125 veritatis
340 2096 377 2124 et
395 2087 585 2123 charitatis
605 2100 690 2122 rore
710 2087 956 2123 infundendo.

214 2148 273 2184 13.
305 2150 461 2184 Omnem
479 2149 671 2194 palmitem
690 2159 786 2182 verae
806 2146 871 2182 viti
891 2145 1145 2182 adhaerentem

157 2213 194 2242 et
216 2206 410 2242 facientem
430 2205 592 2241 fructum
608 2233 617 2250 ,
635 2208 738 2242 Deus
758 2208 867 2241 Pater
879 2205 1078 2253 purgabit,
1096 2205 1146 2241 si-

161 2278 208 2301 ve
225 2264 371 2314 putabit
389 2279 470 2300 eum
484 2293 495 2309 ,
513 2275 553 2300 ut
562 2264 725 2312 fructum
741 2264 829 2312 plus
846 2264 998 2312 aflerat.
1019 2266 1146 2302 Ritum

157 2332 194 2360 et
211 2323 523 2360 consuetudinem
544 2324 707 2360 viticolae
726 2327 827 2360 Deus
846 2332 946 2360 tenet
964 2324 1003 2360 in
1024 2324 1149 2360 colen-

158 2382 208 2418 do
229 2383 377 2418 vineam
395 2395 512 2418 suam.
532 2382 649 2419 Vinea
669 2382 822 2419 Domini
841 2383 1062 2419 universalis
1084 2386 1150 2419 Ec-

158 2441 269 2478 clesia
286 2450 361 2486 est,
383 2441 520 2479 Christi
541 2454 639 2478 uxor
654 2450 691 2478 et
706 2455 864 2491 sponsa,
894 2442 940 2478 de
957 2455 1032 2491 qua
1050 2446 1150 2479 Deus

159 2503 268 2537 Pater
285 2500 330 2536 ad
345 2500 477 2537 Filium
500 2514 508 2535 :
532 2503 637 2536 Umor
650 2509 714 2536 tua
733 2506 827 2537 sicut
846 2506 936 2538 vitis
952 2501 1152 2537 abundans

160 2565 199 2595 in
232 2559 407 2595 lateribus
438 2562 568 2595 domus
596 2560 710 2596 tuoe3.
732 2561 883 2597 Vinitor
912 2561 976 2610 qui
1002 2562 1150 2597 vineam

1212 1911 1417 1955 debemus3
1441 1910 1529 1958 quia
1555 1916 1746 1945 crescente
1777 1920 1921 1957 pugna,
1943 1908 2203 1957 gloriosiorem

1214 1983 1289 2007 non
1305 1969 1537 2018 ambigemus
1553 1967 1662 2004 nobis
1681 1980 1831 2003 manere
1849 1967 2055 2002 victoriam.
2075 1970 2117 2002 In
2137 1966 2206 2001 lior.

1215 2042 1376 2078 namque
1398 2028 1631 2065 ostendimus
1647 2034 1786 2075 quanta
1803 2025 1849 2061 ad
1866 2029 1986 2062 Deum
2003 2025 2206 2074 cupiditate

1211 2090 1434 2138 flagramus,
1461 2087 1489 2124 si
1508 2100 1584 2123 uon
1607 2086 1728 2122 solum
1746 2084 1792 2121 ad
1813 2098 1898 2121 eum
1922 2098 1988 2134 per
2006 2085 2207 2133 tranquilla

1211 2157 1248 2185 et
1276 2148 1420 2192 mottia3
1449 2146 1513 2183 sed
1539 2146 1650 2182 etiam
1671 2157 1738 2194 per
1755 2157 1885 2194 aspera
1914 2152 1949 2179 et
1972 2143 2065 2180 dura
2084 2152 2207 2179 trans-

1211 2208 1321 2244 imus.
1338 2206 1397 2244 Ad
1423 2215 1562 2242 aeterna
1578 2204 1711 2254 gaudia
1723 2203 1800 2252 jam
1827 2204 1949 2240 redire
1969 2217 2044 2240 non
2073 2216 2208 2252 possu-

1213 2280 1318 2312 mus,
1351 2266 1422 2302 nisi
1443 2278 1511 2314 per
1540 2264 1761 2314 temporalia
1788 2264 2013 2300 detrimenta
2034 2277 2041 2298 ε
2063 2271 2099 2298 et
2125 2262 2209 2297 ideo

1214 2339 1280 2374 spe
1300 2325 1484 2361 manentis
1512 2323 1670 2367 laetitiae,
1698 2323 1824 2359 omnia
1848 2322 2004 2358 adversa
2022 2321 2212 2371 prosperi—

1217 2393 1327 2421 tatem
1347 2397 1422 2420 non
1445 2383 1632 2419 modicam
1655 2380 1836 2417 debemus
1854 2389 2039 2430 reputare.
2059 2384 2212 2417 Peccata

1215 2445 1358 2493 quippe
1387 2451 1514 2479 nostra
1546 2442 1673 2478 diviua
1697 2441 1875 2477 severitas
1896 2452 2131 2488 nequaquam
2154 2440 2212 2475 in-

1217 2504 1294 2539 ulta
1321 2515 1514 2538 remanere
1536 2500 1720 2550 permittit
1738 2515 1745 2536 :
1770 2499 1834 2536 scd
1856 2499 1910 2535 ira
1931 2499 1988 2536 sui
2003 2498 2136 2547 judicii
2154 2499 2212 2535 in-

1218 2563 1327 2599 choat
1353 2576 1374 2598 a
1401 2569 1529 2598 nostra
1558 2561 1617 2596 hic
1634 2560 1890 2604 correctione,
1910 2567 1950 2594 ut
1971 2559 2007 2594 in
2027 2557 2212 2608 reprobo-

161 2618 281 2667 dillgit
302 2619 497 2654 facientem
527 2619 689 2655 fructum
715 2629 972 2669 Opportunum
996 2620 1032 2656 in
1055 2629 1149 2656 tem·
1168 2625 1201 2659 D
1219 2636 1300 2659 rum
1322 2621 1565 2658 damnatione
1583 2620 1836 2668 conquiescat.
1862 2618 2022 2654 Interius
2038 2619 2136 2653 enim
2159 2626 2214 2654 cst

161 2689 256 2726 pore
272 2690 357 2723 su0,
375 2690 460 2713 cum
479 2685 627 2726 tempus
654 2678 858 2727 putationis
880 2678 1093 2720 advenerit,
1111 2678 1150 2713 in

162 2750 205 2772 ea
225 2735 315 2772 nihil
346 2736 520 2773 siccitatis
546 2737 605 2772 vel
630 2737 812 2773 ariditatis
834 2738 1024 2786 relinquit.
1047 2741 1152 2773 Tunc

162 2795 260 2831 circa
279 2795 380 2830 illam
399 2794 494 2831 fodit
509 2808 628 2844 usque
648 2796 695 2831 ad
713 2796 929 2832 inferiorem
949 2795 1031 2844 ejus
1049 2796 1151 2832 radi-

167 2867 270 2899 cem,
299 2861 435 2890 terram
459 2862 570 2890 acuto
596 2855 720 2903 ligone
747 2855 932 2904 perfodit,
953 2856 1034 2891 etsi
1053 2854 1156 2891 radi-

164 2913 266 2949 culas
287 2913 430 2961 aliquas
446 2913 558 2949 etiam
575 2914 762 2960 emiserit,
782 2915 933 2951 cultello
952 2914 1158 2964 putationis

165 2972 369 3019 abscindit,
393 2981 430 3008 et
458 2982 600 3022 quanto
622 2974 738 3022 magis
769 2973 984 3021 hujusmodi
1006 2987 1100 3010 vana
1123 2983 1159 3010 et

167 3031 292 3067 minus
315 3031 416 3068 utilia
433 3032 518 3068 vitis
537 3033 696 3078 amittit,
715 3033 927 3082 frugiferior
946 3042 983 3070 et
1003 3032 1159 3070 uberior

166 3089 213 3126 ad
231 3090 531 3126 fructificandum
548 3092 721 3140 assurgit.
743 3093 801 3130 Sic
820 3105 933 3141 quem
949 3096 1050 3130 Deus
1070 3092 1157 3128 dili—

168 3149 244 3197 git,
262 3149 425 3198 flagellat
443 3158 479 3186 et
501 3151 664 3199 percutit
679 3165 686 3186 :
706 3151 867 3199 flagellat
883 3152 983 3188 enim
1006 3164 1156 3187 omnem

222 3280 229 3294 ¹
251 3274 367 3305 Mauh.
391 3286 449 3305 xxi
463 3300 470 3313 ,
493 3280 532 3307 18
546 3300 554 3313 ,
576 3280 627 3307 19.
646 3295 688 3299 —
707 3282 718 3297 ²
738 3277 857 3308 Cantic.
876 3287 886 3305 1
900 3301 907 3311 ,
931 3280 980 3307 13.
1002 3295 1042 3299 -
1063 3277 1169 3309 ³1‘snt.

218 3335 230 3348 ‘¹
247 3333 327 3363 ltiuc
347 3334 453 3375 collige
473 3341 630 3366 auctorem
657 3335 747 3366 fuisse
771 3335 1015 3367 cisterciensem.

1217 2680 1384 2717 medicus
1398 2707 1407 2720 ,
1425 2687 1462 2715 et
1478 2686 1719 2727 peecatorum
1738 2678 1775 2713 iu
1792 2676 1901 2712 nobis
1918 2677 2111 2724 contagia,
2129 2690 2213 2724 quae

1218 2740 1339 2775 inesse
1358 2737 1574 2774 medullitus
1595 2736 1790 2785 reprobat,
1806 2743 1905 2771 secat
1924 2750 1930 2770 :
1953 2734 2135 2771 abscindit
2153 2735 2214 2770 vi-

1221 2811 1282 2834 rus
1315 2796 1525 2846 putredinis
1561 2796 1660 2831 ferro
1686 2794 1950 2831 tribulationis.
1983 2797 2027 2830 Et
2060 2794 2129 2829 lioc
2160 2804 2216 2830 est

1223 2856 1326 2906 quod
1356 2856 1498 2892 Veritas
1521 2855 1590 2898 ait,
1617 2857 1773 2889 Omnem
1790 2857 1984 2902 palmitem
2015 2867 2053 2888 m
2082 2855 2216 2900 mvsa-

1225 2925 1379 2951 cwmem
1400 2914 1587 2962 fructum,
1612 2917 1714 2950 Deus
1742 2916 1849 2949 Pater
1860 2912 2033 2961 purgabit
2050 2926 2130 2947 vum
2146 2941 2154 2951 ,
2178 2922 2218 2947 11!

1217 2975 1381 3023 stuc-mm
1398 2977 1482 3022 plus
1509 2971 1650 3020 asserat
1665 2987 1675 3007 .·
1693 2986 1776 3009 nam
1799 2973 1887 3008 dum
1916 2985 2020 3007 mens
2041 2972 2159 3021 posita
2180 2972 2217 3008 in

1226 3034 1429 3071 tentatione
1451 3033 1689 3078 considerat,
1713 3031 1814 3081 quod
1836 3045 1855 3067 a
1879 3031 2028 3067 virtutis
2046 3044 2121 3066 sua‘
2140 3031 2217 3079 pri-

1225 3094 1320 3130 stina
1343 3092 1529 3129 soliditate
1555 3092 1770 3141 repellitur3
1802 3100 1890 3127 tuuc
1921 3090 2077 3126 sollicita
2105 3090 2218 3139 trepi-

1225 3153 1306 3192 dat.
1326 3165 1371 3188 ne
1389 3152 1459 3188 lioe
1477 3151 1578 3200 quod
1597 3150 1739 3187 dudum
1758 3164 1837 3187 esse
1853 3158 2030 3200 coepcrat,
2053 3148 2219 3184 funditus

1192 3289 1304 3307 (xxvii
1318 3302 1324 3312 ,
1342 3281 1372 3308 3.
1392 3296 1426 3299 -
1456 3276 1579 3308 Hirtam
1597 3289 1641 3306 xii
1659 3301 1665 3310 ,
1683 3282 1722 3309 sn,
1753 3281 1782 3306 11
