2504 3928
327 211 398 245 775
962 207 1243 244 'FRAC't'ATUS
1273 210 1336 244 DE
1366 209 1551 244 ORDINE
1582 209 1715 243 VtTAE.
2295 208 2366 245 776

324 299 403 322 eam
424 294 460 320 et
479 284 662 334 captivam
686 283 824 318 ducant
848 282 1119 319 irrationabiles
1139 284 1307 332 corporis
1321 282 1370 299 ³¹⁵⁰
1382 283 1430 319 ris
1463 283 1614 319 humani
1651 295 1773 318 sermo
1808 291 1862 319 est
1899 283 2085 328 hominis;
2113 291 2233 321 tacere
2262 297 2365 321 ama-

326 345 528 394 passiones.
561 342 714 378 Custodi
743 350 925 390 quantum
960 350 1066 392 potes
1095 343 1310 379 interiorem
1331 347 1358 380 Α
1379 342 1478 378 bant.
1504 343 1672 391 Denique
1693 349 1840 378 sanctus
1857 341 1976 378 David
1996 343 2046 378 ait
2063 343 2199 378 :Posui
2217 347 2274 379 ori
2289 357 2368 379 meo

325 405 512 440 hominem
534 411 649 438 tuum.
669 402 750 438 Noli
767 414 852 438 eum
875 403 979 451 quasi
998 403 1107 438 vilem
1127 403 1313 451 negligere

324 479 365 500 ac
397 463 560 498 fastidire
594 477 600 497 :
635 462 720 510 quia
755 462 917 510 pretiosa
948 463 1132 511 possessio
1166 471 1241 505 est,
1279 470 1314 497 et

326 523 458 557 merito
488 522 669 570 pretiosa·,
696 520 802 568 cujus
829 534 903 556 non
933 521 1091 557 caducus
1121 521 1260 557 fructus
1279 530 1315 557 ct

326 581 558 629 temporalis,
596 580 658 616 sed
695 580 836 616 stabilis
863 589 975 629 atque
1007 589 1155 617 aeternat
1187 581 1316 617 salutis

324 649 390 675 cst.
409 640 445 676 Si
465 641 518 675 vis
536 639 630 675 bene
647 639 855 684 custodire,
878 649 956 675 tace
973 640 1077 689 prius
1095 648 1131 675 et
1148 640 1233 676 audi
1249 669 1257 684 ‚
1278 649 1314 675 et

326 713 401 735 non
440 699 636 747 delinquas
671 700 706 735 iu
738 700 875 747 lingua.
911 702 1033 735 Grave
1072 700 1235 744 malum,
1274 709 1313 735 ut

323 758 458 806 aliquis
487 771 552 793 ore
581 771 649 793 suo
681 757 966 793 condemnetur.
1001 758 1145 793 Etenim
1178 758 1206 794 si
1241 772 1312 807 pro

323 817 445 853 otioso
472 815 589 852 verbo
619 816 747 852 reddet
778 817 1034 866 [unisquisque
1064 817 1244 853 rationem
1275 818 1309 852 iu

324 875 384 911 die
412 874 561 922 ju‹licii;
589 883 731 923 quanto
766 875 880 923 magis
908 888 976 924 pro
1012 875 1130 911 verbo
1161 876 1317 924 impuri-

325 935 426 978 tatis,
447 943 481 969 ct
501 933 765 982 turpitudinis,
787 942 822 969 et
857 933 1085 982 impietatis?
1119 934 1317 969 Videamus

324 995 435 1030 etiam
458 1006 504 1029 nc
529 993 708 1029 rationem
729 1006 912 1041 ponamus
930 1005 999 1042 pro
1016 994 1137 1028 otioso
1154 992 1314 1029 silentio.

1379 403 1582 436 ctu-rodiam
1600 401 1623 436 ⁵.
1666 401 1852 449 Propheta
1879 400 2133 447 custodiebat,
2161 409 2196 438 et
2227 409 2264 438 tu
2293 415 2368 439 non

1379 460 1588 496 custodies?
1618 464 1724 497 Potes
1750 469 1873 496 autem
1899 459 2112 505 custodire,
2141 461 2170 498 si
2197 461 2272 497 cito
2294 474 2368 498 non

1381 520 1556 568 loquaris.

1747 635 1920 674 CAPUT
1951 635 1998 675 V.

1439 756 1631 787 ()l›e.dieutia⁸
1650 755 1861 798 promptitudo
1875 755 2114 786 commendatur
2125 755 2313 796 junioribus.

1441 876 1497 911 15.
1517 878 1594 912 Lex
1617 875 1710 910 dixit
1728 889 1734 909 :
1762 876 1880 914 Audi,
1908 877 2044 918 lsrael,
2063 882 2133 910 etc.
2151 875 2254 909 Audi
2269 873 2368 910 enim

1382 935 1496 980 dixit3
1526 943 1562 970 et
1589 947 1687 978 non,
1717 938 1901 982 Loquere.
1937 936 2025 969 Tuae
2048 933 2147 968 enim
2175 933 2290 968 aetatis
2313 941 2369 969 est

1384 1002 1504 1029 tacere
1532 1002 1567 1029 et
1606 993 1780 1036 obedire,
1818 1006 1893 1028 non
1931 992 1976 1027 de
2007 991 2157 1040 majoris
2190 990 2371 1027 sententia

325 1057 387 1089 l‘lst
412 1053 511 1088 enim
534 1053 765 1087 fructuosum
789 1060 824 1088 et
852 1052 1085 1100 negotiosum
1107 1052 1308 1087 silentium.
1334 1052 1359 1085 B
1375 1052 1558 1101 judicare.
1584 1053 1770 1100 Scriptum
1789 1060 1844 1087 est
1868 1052 2002 1087 iterum
2021 1065 2028 1086 :
2053 1052 2174 1094 Audi,
2197 1052 2316 1085 lsrael
2333 1048 2368 1095 ⁶,

323 1112 496 1148 'lacendo
515 1112 613 1147 enim
636 1111 734 1160 apud
756 1111 945 1156 homines,
967 1112 1100 1148 melius
1120 1111 1311 1160 loquimur

329 1175 417 1207 Deo,
437 1171 563 1206 Muttae
581 1170 678 1205 enim
696 1171 1033 1219 contemplationes
1050 1179 1155 1214 sunt,
1174 1170 1311 1219 quibus

326 1230 446 1265 anima
467 1229 603 1265 devota
621 1232 701 1265 Deo
724 1229 881 1264 tacendo
900 1229 1117 1265 mirabiliter
1134 1229 1309 1278 pascitur.

330 1289 445 1324 David
469 1289 652 1337 propheta
677 1288 805 1323 docuit
832 1301 900 1323 nos
922 1296 1096 1336 tanquam
1125 1289 1160 1323 in
1189 1288 1310 1336 ampla

325 1348 438 1383 domo
464 1347 706 1382 deambulare
727 1347 762 1381 in
785 1346 898 1382 corde
922 1355 1070 1391 nostro,
1091 1355 1127 1382 et
1149 1359 1311 1382 conver-

323 1407 395 1441 sari
420 1419 503 1440 eum
523 1418 566 1441 eo
591 1413 765 1452 tauquam
793 1417 876 1440 cum
899 1403 1000 1439 bono
1023 1404 1307 1448 contubernali,

324 1473 364 1499 ut
383 1464 463 1512 ipse
482 1463 622 1498 diceret
639 1461 727 1507 sibi,
745 1470 779 1497 et
798 1463 1016 1510 loqueretur
1032 1475 1156 1498 secum
1175 1476 1182 1498 :
1203 1464 1308 1506 Βία-ι’,

326 1523 534 1556 Custodiam
557 1525 639 1554 vias
661 1534 763 1555 meas
787 1526 809 1556 ¹.
837 1523 985 1568 Moyses
1012 1521 1047 1555 in
1077 1520 1226 1556 silentio
1253 1521 1309 1555 lo-

323 1579 510 1627 quebatur
525 1586 550 1624 ²,
570 1587 605 1615 et
624 1580 658 1615 iu
680 1580 758 1615 otio
776 1579 1003 1628 operabatur
1022 1581 1046 1615 ³.

381 1639 439 1675 14.
468 1638 628 1685 Quando
652 1651 740 1686 ergo
761 1638 886 1687 justus
904 1639 1005 1674 solus
1029 1647 1101 1681 est,
1124 1639 1188 1687 qui
1213 1651 1308 1674 sem-

324 1711 391 1748 per
414 1711 497 1733 ctun
520 1700 597 1733 Deo
616 1700 699 1733 est?
719 1697 919 1744 Quomodo
941 1698 1128 1733 solitarius
1148 1706 1223 1743 est,
1245 1697 1310 1746 qui

323 1769 515 1804 nunquam
541 1765 735 1805 separatur
755 1769 774 1792 a
794 1757 968 1794 Christo?
995 1756 1155 1804 Quando
1185 1765 1308 1793 autem

1376 1120 1411 1146 et
1436 1120 1525 1147 tace.
1552 1115 1653 1147 Isaac
1678 1110 1868 1146 deferebat
1889 1109 1984 1159 patri
2012 1122 2079 1145 suo
2099 1109 2306 1152 honorem,
2333 1116 2370 1144 et

1376 1169 1556 1206 obediens
1573 1169 1654 1217 ejus
1678 1169 1883 1214 voluntati,
1910 1182 1985 1204 non
2012 1166 2207 1204 recusabat
2227 1167 2323 1202 mori
2341 1173 2367 1203 7.

1377 1233 1484 1266 Jesus
1511 1241 1602 1264 vero
1627 1232 1728 1264 Nave
1759 1227 1889 1264 sedulo
1920 1226 2102 1276 obsequio
2127 1229 2283 1274 Moysen
2303 1237 2369 1262 ve-

1378 1288 1605 1333 nerabatur-3
1632 1297 1668 1323 et
1698 1287 1878 1323 obediens
1909 1287 2073 1322 existens
2104 1286 2142 1321 in
2172 1283 2366 1330 omnibus,

1379 1355 1519 1382 tantam
1549 1347 1704 1394 gratiam
1737 1346 1835 1394 apud
1866 1349 1987 1382 Deum
2021 1345 2177 1390 meruit,
2200 1352 2240 1380 ut
2268 1344 2368 1380 itlius

1377 1418 1569 1442 successor
1595 1406 1639 1441 ad
1663 1405 1866 1453 regendum
1892 1405 1959 1441 Dei
1991 1405 2173 1453 populum
2209 1404 2366 1452 eligere-

1378 1462 1477 1499 tur8.
1498 1464 1650 1499 Elisaeus
1672 1464 1802 1499 relicto
1819 1471 1958 1507 aratro,
1980 1463 2147 1499 mactatis
2163 1461 2284 1498 bobus
2302 1475 2369 1498 vo-

1377 1531 1522 1558 cantem
1549 1523 1664 1558 Eliam
1692 1530 1840 1558 secutus
1863 1529 1894 1567 9,
1920 1534 1988 1571 per
2011 1534 2136 1558 veram
2165 1522 2369 1570 mitemque

1377 1580 1628 1617 obedientiam
1655 1581 1700 1617 ad
1729 1589 1867 1617 tantam
1892 1594 2038 1616 morum
2065 1579 2232 1617 ascendit
2259 1580 2368 1616 celsi-

1379 1640 1570 1685 tudinem,
1600 1649 1641 1677 ut
1666 1641 1819 1690 spiritus
1849 1649 1922 1676 tam
1950 1640 2085 1676 excelsi
2112 1638 2278 1688 magistri
2294 1638 2367 1675 du-

1377 1700 1522 1749 pliciter
1539 1700 1575 1735 in
1594 1699 1694 1735 bono
1711 1699 1895 1748 discipulo
1916 1699 2167 1747 requiesceret
2183 1705 2226 1733 ¹⁰.
2250 1696 2368 1734 Abra-

1377 1758 1460 1793 bam
1479 1770 1569 1793 vero
1587 1758 1647 1793 ille
1668 1757 1786 1793 [idelis
1803 1769 1917 1793 senex
1934 1756 1979 1792 ad
1993 1755 2199 1804 jussionem
2215 1755 2367 1793 Domini

324 1816 477 1852 feriatur
496 1828 516 1850 a
535 1815 709 1863 negotio,
728 1815 791 1863 qui
810 1829 1001 1864 nunquam
1023 1817 1176 1852 l'eriatur
1191 1830 1210 1852 a
1229 1829 1309 1852 me·
1330 1823 1356 1858 C
1378 1817 1527 1866 reliquit
1556 1825 1691 1853 terram
1720 1816 1923 1852 nativitatis
1948 1828 2041 1860 suae,
2067 1823 2102 1851 et
2130 1815 2301 1864 quamvis
2325 1814 2363 1850 in

323 1874 414 1918 rito,
441 1886 517 1921 quo
537 1882 820 1909 consummatur
838 1875 1056 1923 negotium?
1073 1875 1217 1922 Quibus
1240 1889 1308 1911 au·

325 1941 398 1968 tem
426 1932 515 1967 locis
547 1931 887 1978 circtunscrib'ttur‚
917 1933 976 1969 cui
1009 1941 1108 1969 totus
1146 1933 1309 1970 mundus

321 1993 534 2029 divitiarum
551 1992 736 2042 possessio
752 2000 805 2028 est
821 1993 835 2026 Ρ
854 1996 934 2039 Qua
955 1993 1230 2028 existimatione
1248 1992 1310 2029 de-

322 2053 471 2098 linitur,
501 2053 565 2100 qui
597 2063 665 2087 nec
696 2051 914 2100 operatione
947 2051 1310 2100 comprehenditur?

323 2113 428 2146 Nunc
452 2109 603 2158 quidem
623 2108 669 2144 de
695 2112 774 2144 Deo
791 2109 928 2158 cogitat
950 2118 986 2145 et
1002 2110 1137 2145 sanctis
1160 2110 1310 2158 Angelis

322 2168 423 2216 ejus,
459 2177 569 2216 atquc
603 2168 649 2203 dc
681 2168 974 2204 immarcessibili
1011 2168 1129 2218 gloria
1162 2178 1310 2206 aeternae

323 2226 565 2263 beatitudinis
589 2241 596 2262 :
625 2239 725 2262 nunc
748 2239 838 2262 vcro
869 2226 916 2263 de
936 2228 1110 2263 versutiis
1145 2229 1308 2274 diaboli,

324 2285 370 2321 de
401 2286 564 2334 peccatis
595 2285 691 2328 suis,
723 2285 768 2320 de
802 2285 893 2320 hora
923 2287 1074 2332 mortis,
1107 2287 1152 2323 de
1188 2289 1310 2337 poenis

324 2343 478 2387 inferni,
495 2343 540 2378 de
563 2343 622 2378 die
646 2343 829 2379 tremendi
850 2343 979 2391 judicii
1003 2359 1010 2380 :
1031 2358 1132 2381 nunc
1155 2346 1200 2381 de
1221 2360 1310 2396 pro-

325 2401 507 2437 funditate
537 2401 747 2436 divinarum
774 2402 1072 2450 scripturarum,
1100 2403 1146 2439 de
1179 2413 1311 2441 natura

324 2460 525 2505 virtutum,
553 2460 599 2495 de
627 2460 902 2508 compositione
929 2473 1075 2497 morum
1106 2461 1308 2500 bonorum.

323 2523 442 2566 Quam
475 2519 678 2568 gloriosum
716 2519 784 2554 tale
816 2519 1024 2564 silentium,
1064 2520 1126 2556 ubi
1161 2522 1309 2570 eloquia

1375 1875 1503 1911 multis
1518 1875 1609 1911 loeis
1625 1876 1839 1924 frequentes
1860 1874 2016 1922 injurias
2030 1902 2040 1919 ,
2061 1887 2268 1923 gravesque
2283 1886 2368 1922 per-

1375 1947 1506 1983 pessus
1526 1935 1620 1970 soret
1640 1934 1806 1979 labores,
1829 1947 2020 1982 nunquam
2041 1941 2172 1982 coeptae
2186 1932 2366 1969 obedien-

1377 1993 1436 2030 tiae
1460 1993 1646 2042 poenituit.
1668 1997 1711 2030 In
1733 2002 1878 2029 tantum
1901 1993 2001 2028 enim
2028 2005 2096 2042 per
2112 1991 2366 2028 obedientiam

1376 2060 1413 2088 et
1433 2052 1542 2088 fidem
1572 2052 1711 2101 placuit
1732 2055 1833 2097 Deo,
1854 2060 1895 2087 ut
1916 2052 1948 2087 ei
1971 2051 2017 2087 de
2034 2051 2181 2088 Christo
2202 2050 2366 2100 primum

1378 2112 1620 2161 repromissio
1661 2112 1767 2147 lieret
1800 2118 1840 2147 ¹¹.
1866 2115 1951 2160 Ipse
1989 2110 2140 2147 demum
2178 2109 2366 2146 Dominus

1377 2180 1504 2207 noster
1538 2175 1645 2207 Jesus
1665 2171 1832 2208 Christus
1867 2172 1904 2207 in
1940 2170 2043 2206 factis
2075 2170 2261 2219 dictisque
2290 2170 2366 2206 suis

1376 2231 1535 2266 multum
1551 2243 1618 2267 nos
1633 2230 1885 2266 obedientiam
1905 2230 2026 2265 docet.
2046 2233 2142 2266 Vera
2161 2230 2259 2265 enim
2277 2227 2367 2265 sub-

1371 2288 1486 2337 jectio
1519 2298 1675 2338 propter
1704 2293 1845 2334 Deum,
1878 2289 2042 2338 propriae
2071 2289 2276 2324 voluntatis
2307 2296 2363 2325 est

1376 2347 1614 2383 mortificatio
1637 2362 1644 2383 :
1666 2347 1754 2383 dum
1777 2346 1921 2395 abjecta
1941 2355 1978 2382 et
1995 2346 2146 2395 indigna
2165 2346 2211 2382 de
2231 2359 2270 2382 se
2290 2359 2367 2382 cre-

1377 2406 1449 2450 dit,
1466 2414 1503 2441 et
1519 2409 1598 2441 Deo
1610 2405 1874 2455 acceptabilem
1889 2434 1898 2451 ,
1913 2404 2205 2454 hominibusque
2219 2405 2366 2442 dulcem

1376 2463 1625 2500 obedientiam
1662 2473 1778 2513 parat.
1806 2465 1978 2513 Denique
2010 2465 2184 2500 voluntas
2214 2464 2368 2513 propria

1375 2535 1421 2558 ex
1458 2523 1565 2559 liberi
1597 2523 1740 2559 arbitrii
1779 2523 2074 2572 praesumptione
2114 2521 2367 2568 descendens,

325 2578 472 2613 Domini
500 2578 647 2625 eloquia
674 2586 772 2613 easta
799 2580 908 2614 sunt?
934 2582 996 2614 Est
1023 2579 1137 2629 igitur
1165 2582 1309 2617 tacendi
1328 2593 1359 2626 D
1377 2581 1573 2618 obstinatis
1592 2591 1628 2618 et
1654 2582 1958 2619 inobedientibus
1985 2583 2064 2631 ipsa
2086 2581 2184 2618 bona
2214 2581 2252 2617 in
2278 2594 2368 2631 pec-

323 2644 359 2671 et
387 2636 565 2684 loquendi
589 2636 734 2672 modus.
756 2639 858 2672 Bona
885 2649 990 2673 meus
1012 2647 1048 2674 et
1072 2640 1307 2684 verecunda,

324 2703 365 2730 ut
391 2695 589 2743 loquatur,
615 2695 729 2730 multa
755 2696 859 2744 prius
885 2697 1116 2743 considerat;
1141 2697 1231 2746 quid
1254 2698 1312 2734 di-

323 2761 403 2799 cat,
432 2761 468 2789 et
497 2754 554 2789 cui
583 2753 699 2800 dicat,
727 2767 803 2803 quo
831 2755 934 2801 loco,
963 2764 999 2792 et
1030 2769 1105 2804 quo
1129 2765 1310 2806 tempore.

324 2813 457 2849 Merito
481 2813 629 2861 sapiens
650 2813 830 2850 dicendus
854 2823 928 2860 est,
949 2815 1012 2863 qui
1034 2816 1139 2851 novit
1166 2825 1310 2866 tempus

325 2870 515 2919 loquendi.
544 2870 654 2907 [Inde
675 2871 770 2908 bene
795 2874 847 2908 ait
866 2874 1057 2923 Scriptura
1080 2890 1087 2911 :
1109 2877 1226 2911 Homo
1243 2890 1309 2911 sa-

319 2935 424 2977 piens
454 2929 586 2965 tacebit
615 2944 729 2978 nsque
759 2935 812 2966 ml
839 2941 981 2981 tempus
1009 2935 1033 2969 ⁴.
1070 2934 1159 2970 Ideo
1193 2935 1309 2971 sancti

326 2989 498 3032 Domini,
533 2989 596 3037 qui
625 2989 790 3025 sciebant
821 2992 906 3039 quia
934 3006 1006 3028 vox
1038 2993 1198 3030 hominis
1228 2995 1306 3044 ple-

326 3057 483 3094 rumque
511 3054 664 3094 peccato
686 3046 818 3094 juncta
844 3057 920 3094 cst,
952 3058 987 3085 et
1023 3051 1167 3087 initium
1198 3065 1310 3088 erro—

1377 2649 1499 2677 catum
1535 2642 1732 2678 convertit.
1774 2641 1838 2677 Vir
1871 2641 1995 2677 bonus
2027 2654 2112 2677 cum
2147 2640 2257 2677 bonis
2291 2640 2368 2677 suis

1377 2699 1553 2736 omnibus
1570 2699 1707 2736 habere
1727 2700 1978 2736 obedientiam
1996 2700 2154 2736 studeat.
2175 2699 2364 2749 Scriptum

1377 2759 1518 2808 quippe
1537 2767 1591 2795 est
1621 2775 1628 2796 z
1659 2761 1798 2795 Melior
1815 2767 1867 2795 est
1885 2759 2099 2795 obedientia
2124 2772 2235 2806 quam
2255 2762 2368 2794 victi—

1378 2831 1472 2862 moe,
1501 2827 1536 2853 et
1562 2821 1768 2853 auscultare
1788 2823 1907 2867 magis
1931 2832 2041 2866 quam
2062 2816 2196 2865 osserre
2216 2819 2367 2864 adipem

1375 2882 1532 2913 arietum
1554 2892 1564 2912 .·
1584 2883 1757 2925 quoniam
1775 2883 1883 2926 quasi
1899 2887 2092 2926 peccatum
2114 2879 2304 2913 ariolandi
2316 2885 2369 2912 est

1376 2949 1603 2983 repugnare,
1626 2946 1660 2971 et
1681 2942 1787 2984 quasi
1805 2941 1922 2972 scelus
1940 2938 2163 2972 idololatria?
2180 2938 2279 2971 nolle
2295 2949 2362 2971 ac—

1373 3000 1558 3042 quiescere
1579 3000 1619 3031 ¹².
1638 2996 1765 3032 Cernis
1781 3004 1961 3044 quantum
1984 3003 2020 3031 et
2037 2995 2147 3044 quale
2164 2994 2209 3030 sit
2227 2992 2365 3029 inobe-

1375 3055 1524 3090 dientiae
1552 3055 1713 3099 malum,
1743 3054 1844 3102 quod
1877 3055 2100 3090 idololatriae
2133 3053 2367 3102 magicisque

374 3182 383 3197 ¹
402 3172 482 3207 Psal.
497 3187 641 3211 xxxviii,
663 3181 692 3207 2.
711 3196 751 3200 ——
778 3180 903 3210 ²1·3x‹›d.
922 3192 990 3218 xiv,
1010 3185 1063 3212 21.
1091 3200 1130 3204 —-
1150 3182 1308 3215 ³1d.xv1.
1325 3202 1367 3207 -—
1396 3184 1409 3210 4
1434 3185 1526 3215 Eccli.
1543 3195 1608 3221 xx,
1635 3186 1664 3215 7,
1683 3202 1720 3206 —-
1742 3182 1754 3204 ⁵
1780 3184 1857 3214 Psat.
1879 3195 2010 3213 xxxvnt
2026 3208 2032 3220 ,
2052 3187 2081 3214 2.
2105 3201 2147 3206 —
2169 3181 2184 3204 ⁶
2201 3186 2292 3214 Deut.
2312 3194 2365 3221 vt,

325 3232 340 3257 s:
359 3252 366 3264 ,
387 3230 470 3257 4.-
491 3234 503 3255 7
521 3231 600 3258 Gen.
622 3232 662 3258 22
680 3253 687 3265 ,
703 3234 793 3260 (νυ).
826 3250 842 3252 v
869 3231 881 3252 5³
900 3234 990 3262 Dent,
1011 3245 1089 3262 xxxi
1106 3258 1114 3270 ,
1136 3236 1164 3265 7.
1201 3255 1229 3258 --
1250 3239 1330 3266 9111
1352 3239 1427 3277 Rrg.
1453 3248 1509 3266 xix
1526 3260 1532 3269 ,
1564 3239 1676 3266 19-21.
1704 3255 1715 3257 -
1733 3254 1743 3256 -

323 3290 468 3308 xxi-1¹1¹,
519 3298 527 3300 >
547 3285 573 3300 '’
594 3283 604 3309 1
622 3283 696 3319 Rrg.
719 3293 769 3317 xv,
796 3286 853 3317 ⁴27..
870 3286 922 3312 253.

1769 3242 1795 3255 ⁸⁰
1822 3238 1863 3266 IV
1887 3239 1960 3275 Rvg.
1986 3247 2029 3271 ιι,
2053 3237 2147 3266 9-15.
2168 3253 2209 3256 —-
2238 3241 2264 3255 ¹¹
2286 3237 2365 3265 Gen.
