2504 3928
404 256 412 290 Ἰ
422 258 442 289 si
448 258 468 289 s»

1110 260 1341 296 GUIGOMS
1371 263 1720 297 tJAR'rtssstrzix'slS.

2373 264 2440 300 356

398 332 617 380 rogitando,
635 346 655 367 a
673 344 761 366 xero
783 344 858 367 non
878 345 1146 383 usquequaque
1164 336 1333 382 recedat;
1351 339 1444 373 et'ffl'
1457 337 1520 373 diu
1536 337 1631 372 licet.
1648 340 1766 373 Porro
1781 337 1981 383 gratiarum
2000 338 2095 372 aetio
2110 346 2163 373 est
2181 338 2216 374 in
2237 338 2441 384 intellectu,

399 391 488 426 dum
517 404 584 439 per
606 390 716 426 tidem
736 389 783 426 ab
805 390 957 427 homine
985 395 1104 429 Deum
1130 407 1206 430 non
1236 395 1389 442 dividit,
1408 403 1434 434 Α
1456 405 1491 431 et
1514 396 1728 444 cognitione
1748 396 1874 444 gratiae
1894 396 1962 431 Dei
1983 395 2092 431 bona».
2113 397 2315 434 voluntatis
2335 397 2442 433 inde-

398 453 518 486 Deum
537 449 740 498 aliquando
762 451 796 486 in
818 451 968 488 homine
984 454 1267 502 apprehendere
1285 456 1387 492 addi·

399 517 489 543 scat.
514 512 555 544 ln
577 521 652 556 quo
673 509 901 558 pauperibus
919 512 1073 560 spiritu,
1094 522 1129 549 et
1149 514 1388 564 simpliciori-

403 566 471 602 bus
495 567 578 602 liliis
602 567 689 612 Dei,
712 575 815 604 tanto
834 569 998 618 primum
1019 571 1114 607 solet
1138 585 1216 609 esse
1236 573 1390 609 affectus

400 625 566 669 dulcior,
590 635 731 675 quanto
759 627 931 665 humanae
959 639 1101 666 naturae
1126 631 1388 681 propinquior.

403 685 644 721 Postmodum
663 699 752 722 vero
768 686 839 723 lide
856 688 1038 737 migrante
1055 689 1092 725 in
1111 690 1284 726 affectum
1297 720 1306 736 ,
1318 705 1391 727 am-

400 744 593 792 plexantes
617 745 652 781 in
679 745 802 782 medio
823 747 947 783 cordis
968 748 1024 784 sni
1045 748 1143 785 dulci
1162 750 1298 786 amoris
1313 764 1390 786 am—

398 802 512 850 plexu
527 803 714 840 Christum
731 808 858 841 Jcsum
871 835 880 851 ‚
896 814 1014 843 totum
1031 808 1220 845 hominem
1233 818 1391 859 propter

399 861 589 898 hominem
622 873 854 913 assumptum
874 893 882 909 ‚
919 874 1037 902 totum
1075 870 1194 903 Deum
1232 878 1390 918 propter

398 930 650 958 assumentem
668 927 810 968 Deum,
830 925 1014 974 incipiunt
1033 939 1118 963 eum
1139 940 1215 963 non
1230 927 1306 975 jam
1329 942 1389 964 se·

397 981 561 1017 cundum
579 995 728 1018 carnem
744 997 972 1032 cognoscere
985 1014 994 1031 ‚
1013 987 1184 1035 quamvis
1205 1000 1290 1023 eum
1307 1001 1388 1023 nee-

397 1040 485 1076 dum
507 1041 713 1078 secundnm
730 1046 848 1079 Deum
866 1045 976 1094 plene
991 1047 1134 1095 possint
1149 1047 1324 1095 cogitare.
1344 1050 1389 1083 Et

1457 456 1581 491 liciens
1606 455 1651 492 ad
1675 459 1792 492 Deum
1815 463 1851 491 ct
1877 454 2061 492 indefessa
2082 456 2240 492 intentio
2262 472 2270 492 :
2297 457 2441 493 etiamsi

1455 514 1680 563 aliquando,
1703 515 1760 550 vel
1782 527 1858 550 non
1882 515 1949 560 sit,
1975 515 2033 551 vel
2059 524 2224 565 torpeat,
2245 516 2322 552 sive
2346 516 2442 553 actio

1455 575 1641 620 exterior,
1663 574 1739 609 sive
1763 573 1921 609 interior
1948 573 2111 610 affectio.
2144 577 2231 610 Haec
2259 575 2358 611 enim
2388 583 2444 611 est

1458 633 1503 669 de
1532 647 1604 681 qua
1635 632 1723 668 dicit
1754 633 1982 682 Apostolus:
2019 635 2117 668 Velle
2147 636 2299 679 adjacet
2327 635 2440 675 ηιῙΙιῘ,

1452 693 1630 740 perficere
1643 701 1764 727 autem
1785 691 1915 726 bonam
1928 705 2000 726 non
2017 691 2196 726 imreniffl.
2211 695 2263 728 Ac
2278 692 2307 728 si
2322 692 2440 728 dicat:

1457 755 1612 801 Semper
1626 751 1776 800 quidem
1792 751 1886 786 velle
1901 750 2023 795 adest,
2040 750 2103 786 sed
2117 750 2320 799 aliquando
2330 750 2442 799 jacet,

1457 811 1527 846 hoc
1544 818 1597 846 est
1618 810 1788 845 inefficax
1802 817 1874 854 est3
1891 809 1976 858 quia
1993 811 2172 859 perticere
2189 823 2285 859 opus
2300 809 2442 846 bonum

1455 882 1602 918 quaero,
1623 867 1687 904 sed
1712 881 1786 903 non
1808 867 1972 903 invenio.
1996 871 2083 903 llaec
2105 876 2160 904 est
2180 868 2340 904 charitas
2359 881 2443 917 quae

1455 941 1647 976 nunquam
1674 927 1810 963 delicit.
1835 930 1918 976 Ipsa
1939 935 1994 963 est
2019 927 2118 962 enim
2142 927 2220 963 sine
2251 927 2442 963 intermis-

1454 988 1558 1023 sione
1577 988 1697 1023 oratio
1712 1015 1720 1031 ,
1744 1000 1806 1023 seu
1824 987 2025 1035 gratiarum
2045 986 2138 1022 actio
2152 1014 2161 1031 ,
2180 986 2226 1022 de
2246 999 2319 1035 qua
2339 990 2442 1035 Apo-

1454 1047 1571 1083 stolus
1599 1047 1649 1082 ait
1668 1062 1675 1083 :
1697 1048 1785 1082 Siue
1810 1050 2076 1081 iutemnissimze
2098 1055 2268 1089 orantes,
2298 1058 2444 1094 semper

396 1101 664 1137 sanctificando
693 1115 778 1138 eum
809 1103 844 1139 in
876 1104 1053 1142 cordibus
1081 1106 1157 1142 suis
1186 1106 1324 1143 offerre
1355 1107 1387 1143 ei
1410 1109 1593 1154 Bgratlas
1607 1115 1755 1155 agentes
1766 1104 1790 1141 ⁵.
1806 1108 1868 1141 Est
1885 1105 1983 1141 enim
1998 1104 2098 1154 jugis
2109 1105 2280 1153 quaedam
2296 1103 2443 1140 bonitas

395 1167 521 1195 amant
542 1168 628 1196 vota
645 1173 711 1197 sua
728 1175 810 1210 qua:
831 1162 1085 1200 distinxerunt
1103 1164 1199 1200 labia
1216 1178 1301 1210 sua3
1319 1165 1389 1201 ob-

395 1219 620 1256 secrationes
630 1249 638 1265 ‚
651 1222 842 1259 orationes
854 1251 863 1268 ‚
882 1224 1154 1272 postulationes
1164 1253 1173 1270 ,
1185 1225 1345 1273 gratiaru
1353 1238 1386 1261 m

393 1278 578 1323 actiones,
599 1292 668 1328 pro
691 1288 880 1330 tempore,
904 1295 974 1330 pro
995 1295 1104 1319 causa
1125 1291 1384 1331 congruentes.

444 1337 506 1374 fat.
528 1341 621 1373 Sunt
641 1339 742 1375 enim
765 1341 954 1377 orationes
973 1342 1053 1378 aliae
1074 1341 1207 1378 breves
1226 1355 1268 1378 ac
1294 1343 1385 1379 sim-

392 1396 525 1444 plices,
545 1397 638 1432 sicut
655 1411 716 1433 eas
735 1399 870 1434 format
886 1400 1060 1436 voluntas
1073 1428 1082 1445 ,
1100 1413 1166 1436 sen
1187 1402 1384 1438 necessitas

391 1457 533 1491 orantis
554 1469 623 1504 pro
644 1470 753 1493 causa
774 1457 952 1494 incidenti
973 1473 980 1494 :
1003 1459 1084 1495 aliae
1106 1460 1331 1508 prolixiores
1348 1468 1384 1496 et

391 1514 653 1560 rationabiles,
677 1516 772 1552 sicut
794 1517 830 1552 in
855 1517 1098 1565 inquisitione
1123 1518 1289 1555 veritatis
1311 1532 1381 1568 pe-

391 1581 511 1609 tentes
524 1602 532 1618 ,
550 1583 762 1623 quaerentes
775 1603 784 1620 ‚
808 1576 1001 1624 pulsantes
1014 1605 1024 1622 ,
1042 1576 1163 1613 donec
1183 1577 1382 1626 accipiant,

390 1632 602 1677 inveniant,
624 1642 660 1670 et
678 1635 868 1684 aperiatur
885 1636 938 1672 eis
957 1650 964 1672 :
986 1636 1066 1672 aliae
1084 1637 1224 1673 alacres
1236 1664 1246 1682 ,
1269 1637 1381 1686 spiri-

390 1692 508 1728 tuales
525 1701 560 1728 et
579 1693 748 1730 secundae
760 1722 770 1740 ,
786 1694 823 1730 in
840 1695 975 1731 affectu
995 1695 1151 1731 fruentis
1164 1724 1173 1741 ,
1191 1703 1228 1731 et
1244 1695 1380 1744 gaudio

387 1752 516 1799 gratiae
533 1752 792 1790 illuminantis.
822 1757 867 1790 Et
886 1753 977 1803 ipsae
997 1763 1084 1791 sunt
1106 1767 1198 1803 quas
1219 1759 1380 1804 Aposto-

389 1810 444 1845 lus
465 1810 539 1846 alio
559 1810 701 1847 ordine
717 1811 950 1857 dinumerat,
972 1812 1264 1857 obsecrationes,
1287 1826 1377 1849 ora-

1455 1165 1590 1201 mentis
1612 1174 1648 1201 et
1671 1164 1766 1201 bene
1788 1163 1987 1214 compositi
2018 1164 2150 1210 animi,
2171 1172 2207 1199 et
2229 1163 2274 1200 ad
2295 1166 2441 1200 Patrem

1453 1228 1575 1261 Deum
1597 1225 1632 1260 in
1657 1224 1740 1260 tiliis
1757 1224 1824 1260 Dei
1847 1223 2025 1259 bonitatis
2045 1222 2125 1271 ejus
2145 1222 2316 1272 quaedam
2337 1221 2444 1259 simi-

1453 1283 1596 1328 titudo,
1624 1297 1736 1320 orans
1762 1296 1831 1333 pro
1853 1283 2031 1319 omnibus
2052 1295 2220 1332 semper,
2252 1290 2289 1318 et
2307 1281 2443 1330 gratias

1452 1356 1564 1392 agens
1590 1344 1625 1379 in
1656 1343 1854 1389 omnibus;
1885 1352 1940 1379 tot
1964 1343 2086 1379 modis
2107 1343 2142 1378 in
2172 1342 2364 1387 oratione,
2383 1342 2442 1377 vel

1450 1402 1654 1451 gratiarum
1669 1403 1816 1439 actione
1829 1403 1865 1438 in
1885 1406 2003 1439 Deum
2018 1415 2056 1438 se
2068 1401 2209 1450 jugiter
2223 1400 2442 1446 refundens,

1450 1469 1544 1509 quot
1564 1461 1601 1496 in
1621 1462 1695 1497 suis
1716 1461 1997 1497 necessitatibus
2015 1461 2071 1497 vel
2094 1460 2440 1507 consolationibus,

1449 1519 1485 1554 in
1509 1519 1671 1568 proximi
1691 1520 1802 1554 etiam
1824 1520 1882 1555 vel
1903 1518 2250 1569 compassionibus,
2276 1520 2334 1556 vel
2353 1532 2443 1555 cou-

1449 1577 1762 1626 gratulationibus
1776 1578 1940 1615 causales
1956 1578 1992 1614 in
2014 1578 2084 1614 hoc
2106 1579 2278 1615 materias
2294 1579 2442 1616 invenit

1448 1636 1532 1685 pius
1551 1636 1719 1672 affectus.
1751 1639 1838 1672 Haec
1865 1644 1988 1672 autem
2011 1634 2153 1684 jugiter
2176 1636 2213 1672 in
2237 1636 2439 1685 gratiarum

1446 1694 1658 1732 actionibus
1677 1704 1752 1740 est3
1771 1695 1857 1744 quia
1873 1695 1937 1744 qui
1958 1695 2008 1731 sic
2028 1703 2104 1741 est,
2122 1707 2272 1745 semper
2293 1695 2332 1731 in
2348 1707 2441 1745 gau-

1445 1753 1507 1790 dio
1528 1755 1645 1790 sancti
1668 1755 1828 1804 Spiritus
1848 1763 1914 1790 est.

1500 1814 1561 1850 45.
1590 1818 1631 1851 In
1663 1813 1978 1863 postulationibus
2006 1827 2096 1863 ergo
2126 1814 2186 1863 pie
2210 1827 2251 1850 ac
2280 1813 2440 1850 fideliter

389 1873 827 1918 tiones,postulationes,
846 1876 1055 1919 gratiarum
1076 1876 1272 1908 actiones1.
1290 1875 1381 1908 Nam
1403 1877 1430 1912 C
1449 1873 1633 1909 orandum
1661 1881 1734 1918 est,
1763 1873 1827 1909 sed
1856 1886 1931 1909 non
1958 1882 2013 1910 est
2038 1874 2076 1910 in
2105 1874 2176 1910 illis
2200 1873 2438 1922 pertinaciter

388 1929 611 1977 postulatio,
638 1943 750 1979 quam
777 1930 937 1979 primam
959 1931 1176 1980 posuimus,
1206 1939 1261 1968 est
1291 1932 1388 1968 circa

388 1986 594 2024 obtinenda
613 1990 833 2038 temporalia
847 2018 857 2035 ,
877 1998 914 2026 et
934 1989 1141 2027 necessaria
1158 1991 1283 2039 aliqua
1300 1991 1386 2028 vitae

389 2046 523 2095 hujus,
547 2048 583 2083 in
604 2061 679 2097 qua
700 2051 802 2085 Deus
824 2050 1052 2098 postulantis
1071 2051 1223 2100 quidem
1245 2064 1385 2101 appro-

390 2104 482 2141 bans
497 2105 635 2143 bonam
655 2108 888 2145 voluntatem
903 2137 912 2154 ‚
932 2110 1017 2145 facit
1039 2118 1162 2147 tamen
1183 2110 1262 2160 ipse
1282 2111 1384 2158 quod

390 2164 524 2200 melius
548 2165 713 2213 judicat,
744 2176 780 2203 et
804 2167 867 2204 dat
887 2167 1049 2206 libenter
1069 2170 1122 2215 ei,
1155 2170 1258 2219 quod
1288 2169 1384 2207 bene

393 2223 598 2270 postulata.
620 2228 704 2274 Ipsa
723 2234 778 2262 est
798 2226 845 2262 de
865 2240 938 2276 qua
961 2228 1154 2265 Psalmista
1178 2229 1229 2264 ait
1248 2243 1255 2264 :
1282 2232 1386 2275 Quo-

386 2287 490 2317 ιιίαηι
505 2285 627 2319 adhuc
639 2295 673 2320 et
686 2291 803 2321 oratio
816 2300 897 2322 mea
913 2292 950 2322 Ῐη
967 2287 1206 2336 beneplacitis
1219 2302 1344 2324 eorum
1358 2295 1383 2325 ².

387 2343 478 2377 Haec
499 2351 553 2378 cst
573 2343 684 2379 etiam
707 2345 903 2381 hominum
933 2346 1137 2396 impiorum
1152 2376 1160 2392 ,
1188 2348 1275 2396 quia
1296 2361 1380 2384 om·-

389 2399 492 2435 nium
529 2403 780 2438 communiter
810 2412 885 2448 est,
921 2404 984 2440 sed
1017 2406 1179 2441 maxime
1215 2406 1379 2442 liliorum

386 2459 512 2494 saeculi
533 2459 642 2508 hujus
657 2489 666 2506 ‚
693 2461 906 2498 desiderare
925 2465 1234 2512 tranquillitatem
1255 2465 1376 2514 pacis,

386 2518 582 2554 sanitatem
612 2521 783 2570 corporis
797 2550 806 2567 ,
833 2523 1052 2571 temperiem
1089 2524 1201 2567 aeris,
1239 2532 1275 2559 et
1309 2525 1379 2560 alia

385 2589 469 2624 quae
497 2577 543 2613 ad
569 2579 652 2615 vitae
680 2579 792 2628 hujus
812 2593 919 2617 usum
943 2590 1135 2630 spectant,
1157 2591 1193 2618 et
1216 2583 1378 2619 necessi-

1453 1932 1732 1979 inhaerendum3
1767 1933 1855 1982 quia
1887 1946 1954 1969 nos
1990 1933 2193 1977 nescimus,
2232 1931 2295 1968 sed
2331 1935 2440 1968 Pater

1453 1992 1611 2029 coelestis
1633 1992 1700 2028 scit
1725 1991 1815 2041 quid
1839 1992 1875 2028 in
1901 1990 2169 2041 temporalibus
2193 1990 2272 2027 istis
2290 2002 2440 2026 necesse

1451 2050 1560 2088 nobis
1577 2052 1634 2088 sit.
1651 2050 1982 2089 Obsecrationibus
1997 2064 2087 2087 vero
2103 2049 2348 2087 insistendum
2363 2057 2437 2093 est,

1450 2110 1514 2146 sed
1544 2111 1579 2146 in
1606 2110 1709 2146 omni
1735 2110 1939 2146 humilitate
1963 2118 2000 2146 et
2023 2109 2220 2159 patientia3
2247 2108 2332 2157 quia
2362 2121 2438 2144 non

1451 2169 1614 2205 afferunt
1646 2169 1825 2215 fructum,
1855 2169 1925 2205 nisi
1953 2169 1990 2204 in
2024 2167 2214 2218 patientia.
2250 2171 2437 2204 Nonnun-

1451 2241 1562 2276 quam
1588 2228 1688 2264 enim
1715 2242 1799 2264 cum
1823 2228 1977 2264 celerius
2003 2228 2118 2276 gratia
2143 2240 2220 2264 non
2245 2225 2438 2272 subvenit,

1451 2288 1491 2322 fit
1518 2286 1727 2323 obsecranti
1753 2288 1887 2324 coelum
1914 2300 2078 2333 aeneum,
2101 2298 2137 2323 et
2157 2295 2254 2323 terra
2275 2299 2341 2322 sua
2365 2286 2439 2322 fer-

1451 2360 1523 2382 rea.
1554 2350 1600 2383 Et
1633 2360 1716 2383 cum
1746 2347 1872 2382 relicta
1899 2346 1968 2382 sibi
1999 2346 2122 2382 cordis
2149 2346 2300 2382 humani
2329 2345 2437 2382 duri-

1447 2406 1511 2451 tia,
1541 2406 1585 2442 ad
1615 2415 1742 2442 votum
1770 2406 1940 2442 exaudiri
1962 2418 2037 2441 non
2069 2413 2251 2450 meretur,
2271 2405 2438 2442 anxietas

1445 2465 1690 2502 desiderantis
1713 2466 1839 2514 negari
1863 2465 1931 2501 sibi
1956 2466 2134 2509 aestiinat,
2154 2464 2338 2514 quidquid
2365 2465 2439 2500 dif-

1445 2525 1575 2560 sertur.
1597 2528 1765 2574 Cumque
1784 2524 2100 2562 sicutChananaea
2117 2524 2177 2560 illa
2199 2524 2381 2573 praeteriri
2397 2537 2437 2561 se

1443 2597 1484 2619 ac
1503 2584 1641 2633 despici
1664 2582 1910 2633 ingemiscits‘,
1930 2584 2035 2632 quasi
2056 2583 2331 2620 immunditiam
2354 2596 2436 2620 car-

386 2643 523 2681 tatem,
548 2646 584 2673 et
607 2637 840 2675 abutentium
866 2641 1110 2690 voluptatem.
1141 2645 1213 2678 Pro
1240 2642 1378 2691 quihus
1395 2650 1427 2683 D
1445 2644 1519 2688 nis,
1542 2645 1727 2693 praeterita
1744 2643 1812 2680 sibi
1829 2653 1976 2692 peccata
1997 2656 2062 2680 sua
2083 2643 2278 2692 imputari,
2295 2643 2354 2679 vel
2368 2643 2436 2679 im-

385 2694 448 2741 qui
472 2695 631 2732 fideliter
655 2698 869 2746 postulant,
891 2700 1064 2747 quamvis
1085 2713 1160 2736 non
1185 2714 1227 2737 ea
1247 2710 1378 2750 postu-

387 2753 464 2788 lant
495 2755 563 2790 nisi
595 2756 639 2791 ad
675 2757 953 2804 necessitatem3
979 2767 1102 2796 tamen
1133 2760 1170 2796 in
1195 2760 1266 2796 hoc
1297 2761 1378 2810 ipso

386 2812 568 2850 voluntati
588 2815 654 2851 Dei
677 2829 778 2852 suam
798 2830 948 2867 semper
963 2818 1180 2867 subjiciunt.
1199 2819 1378 2857 Obsecra-

384 2871 436 2906 tio
459 2885 550 2908 vero
571 2883 626 2910 est
648 2875 683 2910 in
711 2877 902 2913 exercitiis
923 2878 1181 2927 spiritualibus
1200 2880 1309 2915 anxia
1331 2880 1375 2915 ad

384 2934 502 2967 Deum
521 2933 697 2970 instantia
715 2950 721 2970 :
740 2935 775 2971 in
793 2936 931 2984 quibus
948 2946 1034 2974 ante
1050 2939 1205 2987 gratiam
1224 2951 1378 2974 succur-

383 2998 546 3035 rentem,
568 2993 630 3041 qui
653 2995 811 3042 apponit
832 2997 1022 3033 scientiam
1037 3026 1046 3042 ,
1070 2998 1229 3047 apponit
1257 3006 1293 3033 et
1313 2997 1377 3033 do-

383 3049 499 3085 lorem
519 3051 541 3086 ³.
560 3053 689 3088 Oratio
705 3067 793 3090 vero
808 3064 862 3091 est
881 3056 1043 3093 hominis
1056 3061 1136 3094 Deo
1154 3057 1377 3094 adhaerentis

382 3108 550 3155 affectio,
572 3119 609 3146 et
630 3112 820 3151 familiaris
841 3116 1011 3164 quaedam
1034 3126 1069 3153 et
1090 3118 1149 3167 pia
1175 3117 1374 3164 allocutio,

378 3176 414 3203 et
429 3169 538 3205 statio
556 3170 772 3210 illuminatae
791 3176 926 3212 mentis
942 3176 987 3212 ad
1005 3177 1204 3213 fruendum
1217 3206 1226 3224 ‚
1245 3190 1375 3226 quam-

1445 2703 1639 2751 properari
1663 2703 1896 2751 imaginatur.
1918 2705 2199 2751 Nonnunquam
2220 2715 2311 2738 vero
2331 2699 2436 2738 nonb

1444 2762 1522 2797 sine
1551 2761 1677 2797 labore
1698 2770 1828 2810 petens
1851 2762 2002 2811 accipit,
2024 2774 2195 2810 quaerens
2218 2761 2378 2804 invenit,
2399 2768 2435 2797 et

1443 2821 1605 2870 pulsanti
1623 2821 1809 2870 aperitur:
1829 2829 1865 2856 et
1882 2821 2157 2858 consolationes
2173 2832 2214 2856 ac
2234 2819 2434 2856 suavitates

1443 2880 1622 2916 orationis
1651 2881 1819 2916 invenire
1855 2880 2003 2916 tandem
2035 2879 2236 2928 aliquando
2270 2888 2435 2915 meretur

1443 2938 1550 2974 labor
1574 2937 1856 2975 obsecrationis.

1496 2998 1557 3034 ltss.
1584 3001 1864 3046 Nonnunquam
1885 2998 1994 3033 etiam
2017 3010 2121 3046 purae
2141 2996 2320 3033 orationis
2339 2997 2432 3034 affe—

1441 3066 1540 3102 ctus,
1560 3066 1595 3093 et
1612 3056 1711 3093 bona
1727 3057 1788 3092 illa
1809 3057 1990 3093 orationis
2007 3057 2168 3093 suavitas
2189 3069 2264 3092 non
2286 3057 2432 3093 inveni—-

1443 3126 1514 3162 tur,
1533 3117 1595 3153 sed
1615 3117 1719 3165 quasi
1738 3116 1898 3161 invenit3
1920 3129 2004 3152 cum
2026 3129 2100 3152 non
2126 3123 2314 3165 petentem
2327 3144 2337 3161 ,
2353 3128 2430 3152 non

1442 3185 1692 3226 quaerentem,
1714 3188 1788 3211 non
1811 3175 2042 3224 pulsantem,
2068 3183 2104 3211 et
2126 3175 2232 3224 quasi
2259 3175 2431 3211 nescien-

429 3300 666 3336 ¹1Tin·.11,1.
684 3322 724 3327 ——-
749 3311 759 3326 ²
777 3306 855 3337 Psal.
873 3319 952 3345 cm,²
976 3313 1004 3340 5.
1019 3328 1053 3332 —
1082 3308 1094 3330 3
1111 3311 1208 3341 Eccle.
1230 3321 1252 3345 ι,
1274 3312 1324 3340 18.
1345 3327 1387 3331 —-
1413 3309 1426 3334 ⁴¹
1451 3313 1539 3340 Rom.
1560 3320 1620 3344 vu,
1645 3312 1695 3339 18.
1710 3327 1751 3331 —
1771 3307 1783 3329 ⁵
1803 3312 1813 3338 1
1830 3307 1937 3338 Thess.
1954 3310 2128 3345 v,17.18.
2148 3325 2190 3329 -
2210 3305 2225 3327 ⁶
2243 3305 2354 3338 Mauh.
2369 3317 2424 3343 xv,

383 3355 495 3383 :rt-¹28.

1155 3365 1166 3378 ³
1188 3362 1268 3392 Alias
1284 3386 1289 3394 .
1311 3363 1394 3405 sequi
1408 3361 1481 3392 hemo
1493 3360 1715 3404 postulantem.
1732 3379 1772 3383 -——
1794 3361 1807 3381 ¹¹
1823 3360 1907 3392 Alias
1923 3360 2073 3391 omittitur
2089 3371 2162 3390 uon.
2184 3360 2208 3398 i
