2418 3949
127 284 175 320 49
871 283 919 317 IN
949 282 1175 325 CANHCA,
1207 283 1368 319 SERMO
1398 285 1440 318 V.
2131 282 2181 318 50

125 361 301 397 exercitia
317 359 466 396 virtutis
481 387 491 404 ,
517 367 554 394 et
571 358 781 394 doctrinam
804 358 923 395 Patris
946 358 1117 407 intelligit
1138 359 1142 374 ¹

1238 359 1272 394 9.
1294 360 1363 395 Exi
1385 359 1421 394 in
1448 359 1589 408 plateas
1611 366 1648 393 et
1672 357 1778 393 vicos
1796 356 1954 393 civitatis
1980 372 1988 393 :
2009 357 2086 394 otia
2103 359 2180 396 dis-

125 421 163 456 in
187 419 368 468 angustiis
387 419 480 464 illis,
504 427 541 454 et
564 417 758 468 protendit
782 430 802 453 a
829 419 902 453 fine
925 430 1042 466 usque
1071 416 1118 453 ad
1137 417 1170 451 A
1186 426 1290 461 cute,
1319 425 1486 454 scrutare
1518 418 1667 466 negotia
1697 429 1829 453 eorum
1856 416 1921 464 qui
1940 415 2093 464 judiciis
2113 430 2181 453 va-

126 480 240 515 finem
256 478 416 523 sortiter,
433 477 554 513 donec
569 477 615 512 de
635 476 725 512 vicis
741 476 787 512 ad
803 476 946 525 plateas
961 475 1095 512 evadat
1110 490 1117 511 :

128 547 165 574 et
192 538 257 586 qni
281 537 526 587 perfectiores
546 544 634 573 sunt
659 544 696 572 et
722 535 855 585 plateis
875 534 1028 580 assueti,
1049 534 1119 570 ali-

127 598 277 646 quoties
307 596 352 633 ad
381 596 571 645 angustias
594 597 762 631 vicorum
789 593 915 631 subito
946 594 1121 629 sinuntur

127 656 257 692 relabi.
280 659 326 692 Et
342 655 425 704 quis
448 654 652 704 perfectior
670 653 732 689 illa
753 665 836 701 quae
863 665 1000 701 sponsa
1024 651 1120 687 dici-

128 718 210 760 tur?
232 719 327 752 Ecce
354 723 390 751 et
416 714 497 763 ipsa
523 727 591 762 per
611 713 714 749 vicos
737 721 774 748 et
794 720 918 748 arctos
937 711 1120 760 quosdam

127 783 271 811 meatus
293 773 429 823 quaerit
455 772 647 808 dilectum.
670 775 754 808 Non
783 779 838 807 est
871 772 990 808 otiosa
1019 770 1119 806 disfi-

126 834 242 869 eultas
260 833 329 869 ista
350 831 556 880 quaerendi.
576 834 647 867 Per
668 831 764 866 hanc
784 831 884 867 enim
908 839 945 867 et
967 842 1119 866 exerce-

127 900 190 927 tur
227 890 309 939 ejus
348 889 558 934 humilitas,
590 897 627 924 et
657 888 884 925 desiderium
918 889 1115 925 excitatur.

125 951 280 998 Quoties
305 950 343 986 in
361 947 685 985 inextricabilibus
704 962 763 984 me
785 949 881 984 sensi
906 949 1010 997 quasi
1028 948 1120 984 vicis

126 1018 337 1056 errantem,
367 1017 404 1045 et
429 1008 608 1058 angustiis
629 1007 743 1044 animi
770 1008 1010 1054 conclusum,
1033 1021 1118 1043 cum

127 1069 253 1107 subito
274 1069 414 1105 vicinas
433 1068 471 1104 in
492 1069 634 1117 plateas
651 1067 775 1114 evasi,
796 1076 832 1103 et
849 1067 980 1104 eduxit
999 1080 1058 1103 me
1081 1067 1119 1102 in

1185 485 1293 523 cant,
1325 477 1390 525 qui
1421 484 1552 512 tenent
1581 475 1820 522 cathedram,
1857 475 1922 524 qui
1949 475 2080 512 sedent
2109 490 2180 525 pro

1186 534 1437 571 tribunalibus
1449 551 1458 581 ;
1470 536 1727 585 contemplare
1740 535 1830 583 quid
1843 543 1952 583 agant
1964 535 2000 570 in
2013 535 2182 584 publico,

1186 595 1277 644 quid
1298 596 1335 631 in
1357 595 1544 631 eubiculo.
1575 594 1767 643 Numquid
1794 594 1894 643 apud
1920 594 2003 630 illos
2026 608 2122 644 pura
2143 603 2181 631 et

1186 668 1275 690 ‘vera
1304 654 1464 690 coelestis
1495 654 1633 689 eminet
1664 653 1873 701 sapientia?
1893 653 2082 702 Numquid
2114 667 2181 690 ex—

1187 726 1314 762 pressa
1329 712 1435 748 estin
1451 712 1638 756 moribus,
1651 725 1735 760 quae
1749 712 1785 747 in
1800 725 1973 748 sermone
1987 715 2181 750 versatur?

1186 771 1372 821 numquid
1387 772 1423 807 in
1442 779 1647 820 prospectu
1667 771 1836 806 invenies
1855 771 1980 806 illam?
1997 773 2182 821 numquid

1186 831 1386 867 exaltatam
1405 830 1498 866 sicut
1519 828 1672 864 cedrum
1694 829 1731 864 in
1753 828 1899 865 Libano
1913 857 1922 874 ‚
1944 838 1980 865 et
2002 831 2096 867 sicut
2116 845 2180 880 cy—

1185 903 1357 939 pressum
1374 890 1412 925 in
1430 896 1558 924 monte
1573 889 1685 925 Sion?
1701 901 1786 923 nam
1809 896 1845 923 et
1861 888 1899 923 in
1915 888 1970 924 his
1991 890 2182 928 montibus

1185 949 1382 985 exaltatam
1398 961 1436 984 se
1451 948 1634 996 gloriatur
1648 944 1675 982 3.
1692 947 1944 995 Nominaipsa
1961 950 2181 995 mysterium

1185 1009 1382 1044 continent
1404 1022 1412 1043 :
1443 1020 1512 1043 nec
1533 1006 1677 1042 otiosus
1703 1013 1759 1041 est
1785 1005 1895 1041 etiam
1923 1006 2017 1042 ordo
2043 1007 2182 1044 verbo-

1186 1080 1281 1104 rum.
1300 1066 1481 1104 Praecedit
1499 1065 1666 1103 Libanus
1681 1065 1717 1100 in
1733 1064 1844 1101 laude
1859 1065 2050 1113 sapientiae
2064 1094 2073 1111 ,
2094 1067 2181 1103 Sion

127 1130 364 1166 latitudinem
385 1129 506 1165 bonus
528 1128 741 1165 Dominus?
760 1131 803 1164 In
823 1128 916 1164 vicis
932 1127 1119 1176 exspiravi
1136 1127 1164 1160 B
1183 1127 1421 1164 subnectitur
1447 1141 1454 1162 :
1478 1134 1563 1176 post
1584 1125 1708 1162 cordis
1739 1125 1870 1161 mundi
1890 1126 2091 1162 candorem
2105 1157 2113 1172 ‚
2135 1128 2180 1164 ad

127 1191 228 1235 fere,
251 1189 316 1226 sed
346 1189 383 1225 in
412 1189 544 1238 plateis
572 1188 751 1237 respiravi
777 1187 914 1223 statim.
940 1186 1118 1224 Latitudo

126 1249 298 1299 quaedam
337 1257 374 1285 et
406 1247 558 1284 libertas
588 1255 828 1296 exoccupatae
859 1255 895 1283 et
931 1245 1119 1296 expeditae

127 1309 264 1346 mentis
283 1308 320 1344 in
342 1307 473 1358 plateis
493 1306 560 1343 tibi
581 1306 880 1343 commendatur.

181 1370 216 1406 8.
238 1368 309 1405 Sed
330 1367 550 1412 considera,
572 1380 619 1402 ne
638 1365 848 1402 libertatem
871 1365 977 1401 istam
998 1364 1062 1401 des
1081 1365 1118 1400 in

128 1429 363 1465 occasionem
385 1427 528 1472 carnis,
553 1439 599 1462 ne
620 1438 818 1462 coacerves
840 1426 959 1461 lutum
978 1425 1016 1460 in
1037 1425 1121 1474 pla-

128 1497 188 1524 tea
223 1496 312 1533 tua,
344 1486 464 1522 lutum
491 1485 630 1521 illicitae
661 1484 910 1534 cogitationis.
942 1484 1121 1533 Alioquin

127 1547 224 1583 sicut
242 1547 361 1582 lutum
378 1545 586 1595 platearum
606 1543 747 1580 delebit
769 1552 804 1580 te
824 1543 1022 1580 Dominus.
1044 1546 1122 1578 Lu-

129 1605 379 1649 brimow-cmc,
407 1604 459 1641 ait
489 1603 696 1654 propbeta,
735 1607 772 1639 in
802 1607 941 1651 plateis
968 1606 1124 1651 vestigia

129 1674 254 1700 nostra
270 1670 278 1685 ¹
306 1679 313 1700 :
335 1664 476 1699 lutosas
494 1663 627 1698 volens
647 1662 804 1711 intelligi
824 1675 905 1706 eas,
928 1662 966 1697 in
987 1662 1126 1710 quibus

129 1725 177 1760 sit
197 1723 363 1760 lubricus
383 1723 562 1759 incessus.
583 1725 667 1759 'Non
696 1722 797 1768 luto,
824 1721 888 1758 sed
912 1735 1005 1758 auro
1026 1730 1122 1758 ster-

128 1791 268 1819 nantur
285 1782 419 1832 plateae
444 1789 527 1817 tuae.
554 1784 639 1817 Non
656 1780 708 1816 ibi
733 1781 780 1816 sit
809 1781 950 1825 lutum,
977 1793 1044 1816 nec
1069 1789 1124 1816 ta-

129 1854 216 1877 men
246 1841 390 1877 siccitas
418 1849 454 1876 et
480 1839 630 1876 ariditas
655 1838 826 1888 quaedam
860 1839 906 1874 sit
936 1838 1026 1884 tibi3
1059 1838 1124 1874 sed

1183 1186 1485 1236 contemplandae
1496 1186 1663 1222 veritatis
1678 1186 1861 1233 fulgorem
1877 1185 2059 1221 ascendis.
2075 1190 2180 1222 Mun-

1185 1247 1275 1283 ditia
1299 1255 1465 1282 meretur
1484 1246 1678 1290 notitiam,
1704 1257 1782 1280 non
1806 1244 1902 1279 hanc
1922 1244 2180 1282 litteratoriam

1186 1314 1331 1343 tantum
1348 1334 1357 1350 ‚
1381 1305 1446 1342 sed
1470 1304 1671 1354 quamdam
1701 1303 1849 1339 dulcem
1871 1312 1908 1339 et
1927 1303 2120 1350 intimam,
2141 1319 2183 1342 ac

1185 1365 1275 1415 ipsis
1295 1365 1428 1401 animae
1449 1363 1624 1400 medullis
1651 1363 1826 1399 infusam.
1848 1363 2020 1412 Denique
2039 1365 2184 1412 puritas

1188 1424 1354 1461 veritatis
1378 1423 1479 1460 socia
1499 1431 1572 1469 est,
1593 1431 1629 1458 et
1647 1435 1773 1459 comes
1799 1430 1876 1467 est,
1904 1430 1941 1458 et
1960 1423 2097 1472 praevia
2116 1433 2182 1460 est.

1187 1483 1334 1520 Idcirco
1367 1491 1517 1519 montes
1548 1483 1662 1527 istos,
1698 1480 1885 1517 Libanum
1925 1490 1961 1517 et
1995 1482 2083 1519 Sion
2098 1512 2107 1528 ,
2146 1484 2185 1519 in

1189 1542 1299 1578 laude
1321 1555 1385 1578 sna
1409 1541 1591 1591 sapientia
1611 1541 1777 1589 copulat.
1805 1543 1954 1576 Montes
1972 1540 2063 1577 istos
2084 1542 2185 1591 apud

1190 1614 1284 1651 quos
1305 1601 1456 1637 illorum
1479 1600 1666 1648 assignare
1688 1599 1855 1648 poteris,
1878 1599 1943 1648 qui
1970 1599 2098 1636 litibus
2122 1609 2187 1636 aut

1190 1660 1410 1697 exercendis
1441 1668 1504 1695 aut
1527 1658 1747 1694 dirimendis
1768 1660 1930 1694 vacant?
1949 1661 2033 1694 Non
2063 1667 2187 1708 potest

1191 1720 1292 1769 apud
1312 1721 1397 1756 illos
1416 1718 1578 1755 inveniri
1599 1718 1802 1767 sapientia,
1821 1718 1856 1753 in
1880 1717 2016 1766 quibus
2037 1731 2111 1754 non
2133 1718 2188 1755 in-

1189 1780 1341 1816 venitur
1361 1780 1465 1815 locus
1495 1778 1698 1826 sapientiae.
1725 1782 1836 1814 Amat
1856 1775 2063 1823 Libanum,
2089 1786 2188 1814 amat

1191 1841 1303 1885 Sion,
1329 1848 1427 1876 amat
1450 1839 1611 1888 plateas,
1639 1837 1812 1873 libertate
1841 1836 1980 1885 gaudet
2007 1845 2044 1873 et
2067 1837 2187 1874 subli-

130 1901 249 1937 fluant
271 1901 426 1937 flumina
446 1899 497 1936 ibi
518 1912 623 1948 aquae
646 1899 764 1943 vivae,
783 1898 987 1948 spiritualis
1016 1911 1122 1947 quae—
1143 1897 1170 1932 C
1190 1900 1330 1936 mitate.
1353 1902 1501 1946 Quanta
1520 1897 1766 1947 perversitas,
1788 1897 1816 1932 si
1835 1896 2016 1944 sapientia
2037 1909 2120 1945 quae
2143 1897 2188 1932 li-

131 1960 215 1996 dam
237 1961 378 1997 fluenta
402 1959 669 1996 meditationis.
691 1962 735 1995 In
757 1958 890 2007 plateis
905 1971 1020 2006 aquas
1036 1958 1124 1993 istas

131 2019 257 2055 divide
285 2020 322 2055 in
353 2019 549 2055 latitudine
572 2018 699 2054 liberae
726 2018 873 2053 mentis.
909 2017 1122 2066 Sapientia,

135 2081 252 2124 Quasi
260 2082 451 2126 platanus,
462 2078 586 2127 inquit
596 2106 605 2122 ,
617 2079 787 2112 exaltata
798 2077 994 2121 samjuxla
1005 2089 1126 2122 aquas

131 2141 326 2185 inplateis
342 2143 368 2173 ².
394 2140 478 2173 lN'on
505 2137 544 2171 in
571 2135 702 2184 plateis
734 2134 855 2170 solum
872 2163 881 2179 ‚
915 2147 983 2170 nec
1004 2135 1126 2170 solum

126 2194 236 2243 juxta
247 2208 380 2245 aquas,
394 2194 458 2231 sed
468 2199 586 2239 juxta
600 2206 717 2240 aquas
729 2221 739 2237 ,
754 2200 790 2228 et
809 2197 846 2227 m
861 2196 1002 2241 plateis
1020 2195 1128 2227 azal-

130 2263 211 2290 tatu
239 2268 341 2298 sum,
373 2254 510 2302 inquit.
541 2256 593 2289 Ut
620 2252 702 2288 laeta
726 2251 913 2301 prodeant
939 2251 1127 2300 genimina

131 2313 342 2363 sapientiae,
365 2321 545 2362 quantum
568 2319 678 2360 putas
698 2318 927 2360 cooperatur
948 2318 985 2346 et
1007 2310 1124 2345 otium

130 2373 312 2418 liberum,
341 2380 376 2408 et
398 2371 567 2420 irrigatio
594 2369 726 2406 crebra
755 2378 891 2406 sanctae
913 2369 1126 2405 meditatio-

129 2432 218 2468 nis?
248 2434 340 2468 Jure
370 2430 477 2479 quasi
508 2431 682 2479 platanus
717 2430 923 2473 exaltatur,
957 2442 1041 2477 quse
1074 2429 1126 2465 sic

131 2490 335 2539 plantatur.
359 2492 390 2527 O
410 2488 536 2525 beatas
556 2502 643 2524 vere
663 2489 826 2538 plateas,
850 2488 888 2524 in
910 2487 1046 2536 quibus
1066 2501 1126 2523 sa-

130 2550 270 2599 pientia
285 2549 336 2585 sic
356 2549 508 2593 crescit,
526 2549 577 2584 sic
597 2549 783 2584 exaltatur
798 2556 833 2584 et
850 2547 1124 2597 supereminet,

131 2609 368 2658 perspicuam
383 2621 421 2644 se
436 2607 653 2653 ostendens,
667 2615 704 2643 et
717 2620 792 2643 non
809 2607 979 2655 indigens
991 2607 1124 2655 quaeri!

1191 1958 1290 1994 tibus
1308 1966 1415 1993 vacat
1427 1986 1435 2002 ,
1452 1970 1533 2005 quae
1549 1957 1651 1992 lucra
1670 1964 1843 1999 sectatur,
1861 1956 2133 2004 supereminet,
2153 1964 2190 1992 ct

1192 2017 1319 2053 divina
1343 2017 1462 2051 latet?
1493 2015 1757 2063 Supereminet
1779 2013 1954 2062 litigiosa,
1977 2022 2014 2049 et
2040 2027 2083 2049 ea
2104 2027 2189 2062 quae

1193 2077 1329 2126 pudica
1357 2084 1438 2120 est,
1469 2088 1552 2123 quae
1584 2074 1758 2123 pacifica,
1786 2086 1870 2121 quae
1889 2072 1998 2108 bonis
2027 2086 2189 2109 consen-

1195 2136 1307 2180 tiens,
1323 2142 1538 2182 contempta
1554 2133 1737 2169 delitescit
1752 2133 1853 2168 velut
1872 2132 1908 2167 in
1929 2131 2104 2168 obscuro.
2122 2134 2189 2169 Illa

1193 2194 1392 2237 exeolitur,
1412 2193 1481 2228 ista
1502 2193 1714 2240 negligitur,
1732 2204 1774 2227 ac
1795 2191 1823 2227 si
1842 2191 1975 2227 sterilis
1997 2200 2033 2227 et
2054 2205 2188 2241 parum

1193 2254 1352 2290 lucrosa.
1367 2253 1541 2301 Neglecta
1560 2251 1743 2301 plantatio
1763 2251 1799 2286 in
1817 2251 1931 2286 altum
1952 2264 2028 2287 non
2042 2252 2187 2288 crescit.

1192 2317 1293 2350 Raro
1314 2313 1350 2348 in
1373 2312 1505 2360 plateis
1526 2311 1630 2360 quasi
1650 2311 1841 2360 platanum
1861 2310 2059 2346 exaltatam
2079 2311 2187 2347 inve-

1193 2373 1284 2409 ntes.
1309 2376 1391 2409 Non
1413 2380 1468 2408 est
1485 2371 1616 2415 obvia,
1635 2383 1710 2406 non
1731 2378 1785 2405 est
1807 2370 1992 2418 frequens.
2019 2370 2109 2407 Ideo
2131 2371 2188 2407 di—

1192 2433 1241 2470 cit
1262 2447 1269 2468 :
1297 2434 1472 2477 Qucesiei,
1493 2440 1527 2466 et
1546 2444 1617 2465 [1011
1639 2434 1761 2465 inveni
1784 2431 1898 2465 illum.

1249 2494 1305 2529 10.
1327 2490 1478 2539 [bique
1505 2490 1651 2533 teritur,
1684 2488 1825 2537 ubique
1850 2489 2010 2526 vertitur
2032 2490 2068 2525 in
2090 2504 2189 2539 qna:-

1192 2553 1337 2596 stione,
1359 2549 1501 2598 ubique
1522 2547 1739 2585 venerabile
1760 2557 1814 2584 est
1844 2562 1981 2584 nomen
2011 2553 2111 2585 Jesn.
2146 2554 2190 2586 lit

1194 2611 1338 2647 utinam
1362 2609 1465 2658 quod
1484 2622 1558 2644 vox
1577 2616 1706 2651 sonat,
1728 2608 1803 2643 vita
1827 2608 2044 2656 depromat3
2063 2609 2191 2658 expri-

129 2673 176 2706 Et
199 2669 284 2706 vide
302 2669 497 2718 quomodo
522 2669 688 2704 saeculari
710 2668 920 2718 prudentiae
938 2668 1050 2716 aliqui
1072 2675 1125 2703 to·
1144 2676 1177 2709 D
1196 2679 1271 2707 mat
1288 2669 1464 2713 imitatio,
1482 2668 1691 2704 cmineatet
1710 2668 1854 2703 eluceat
1868 2668 1903 2702 in
1918 2667 2097 2704 moribus.
2117 2669 2189 2715 Qui

131 2737 204 2765 tam
231 2729 286 2765 sui
308 2728 433 2765 cordis
453 2727 688 2764 latitudinem
710 2736 920 2777 exponant,
942 2735 1124 2776 quantum

130 2788 344 2824 distendant
372 2787 538 2823 animum
564 2796 598 2823 et
621 2787 776 2823 dilatent
803 2787 838 2822 in
868 2787 1028 2836 plateam
1046 2815 1055 2831 ,
1085 2794 1126 2822 ut

129 2847 303 2896 plantent
336 2845 386 2882 ibi
416 2845 687 2895 plantationem
721 2845 909 2881 infidelem
929 2873 938 2890 ,
973 2845 1044 2881 hoc
1072 2854 1127 2881 est

130 2919 283 2956 germen
305 2906 468 2942 alienum
495 2919 502 2940 ε
528 2905 722 2954 quomodo
749 2914 786 2941 et
806 2905 995 2941 continuis
1017 2918 1124 2941 exer-

130 2966 225 3002 citiis
244 2974 281 3002 et
300 2966 544 3002 meditatione
571 2965 755 3014 frequenti
777 2974 812 3001 et
833 2965 1003 3001 doctrina
1024 2965 1123 3001 illam

130 3025 296 3073 irrigent.
324 3025 414 3061 Ideo
441 3037 571 3060 cernas
596 3025 632 3060 in
660 3024 733 3060 illis
754 3024 874 3060 laetam
902 3032 938 3059 et
967 3023 1122 3059 uberem

130 3095 167 3121 et
187 3086 384 3121 exaltatam
413 3084 537 3121 smeuli
560 3085 803 3133 sapientiam,
829 3092 864 3120 et
891 3083 1122 3119 fructifican-

132 3153 204 3181 tem
222 3145 332 3193 hnjns
352 3145 481 3181 mundi
500 3157 648 3180 sensum
669 3144 912 3193 :sapientiam
929 3157 1019 3179 vero
1040 3157 1124 3192 quse

131 3217 175 3239 ex
199 3207 276 3240 Deo
297 3212 370 3250 est,
397 3204 575 3239 humilem
598 3212 634 3239 et
663 3203 884 3248 obscuram,
907 3211 942 3238 et
962 3203 1123 3239 inveniri

133 3276 207 3299 non
230 3276 337 3312 posse
357 3276 473 3312 penes
493 3263 587 3300 illos.

183 3394 189 3407 ¹
214 3387 329 3420 'Hm—n.
351 3401 394 3427 iv,
423 3393 469 3420 18.
488 3408 526 3412 -—
548 3395 560 3410 ²
579 3390 670 3421 Ereti.
691 3401 782 3428 xxiv,
809 3394 857 3420 19.
874 3408 915 3412 --
938 3388 1044 3421 ³1bid.
1069 3393 1116 3421 17.

1191 2742 1308 2779 penes
1324 2737 1358 2764 tc
1371 2727 1591 2776 sapientiam
1609 2727 1741 2775 quaerit
1757 2726 2004 2771 assidentem,
2020 2727 2189 2764 inveniat

1191 2789 1290 2824 illam
1315 2788 1352 2823 in
1374 2787 1464 2836 ipsis
1486 2786 1627 2821 foribus
1651 2787 1741 2830 tuis,
1766 2786 1801 2821 in
1825 2786 1913 2836 ipsis
1933 2785 2125 2831 sensibus,
2150 2787 2187 2823 in

1193 2848 1373 2884 modestia
1409 2854 1444 2881 et
1478 2845 1751 2894 compositione
1784 2845 1946 2880 hominis
1977 2847 2185 2883 exterioris.

1192 2911 1283 2945 Nam
1305 2906 1409 2955 quasi
1431 2906 1529 2940 fores
1543 2913 1652 2949 sunt,
1672 2918 1738 2953 per
1749 2918 1841 2953 quas
1863 2905 2050 2940 interioris
2069 2906 2186 2954 prod—

1192 2974 1282 3003 eunt
1303 2964 1524 3001 habitatoris
1545 2963 1694 2999 indicia.
1728 2967 1758 3000 A
1780 2963 1962 2999 fructibus
1988 2966 2185 3012 cognosci-

1191 3035 1272 3071 tur,
1305 3026 1333 3061 si
1360 3024 1460 3074 apud
1493 3032 1526 3059 te
1556 3027 1663 3059 Jesns
1691 3032 1868 3059 moratur.
1897 3024 2051 3059 Aeeedit
2077 3025 2122 3060 ad
2152 3034 2186 3061 te

1190 3098 1352 3134 sponsa,
1378 3083 1464 3118 solia
1486 3082 1597 3118 vertit
1621 3083 1789 3117 lieulnew
1816 3091 1908 3125 tua»,
1929 3083 2063 3131 (luserit
2087 3083 2121 3118 in
2152 3092 2186 3118 te

1191 3144 1351 3179 srnetum
1368 3171 1376 3186 ‚
1401 3141 1533 3191 quaerit
1556 3141 1746 3177 dilectum.
1766 3142 1833 3177 llie
1849 3151 1904 3177 est
1924 3157 1935 3177 t
1949 3142 2023 3177 nim
2044 3143 2185 3177 fruetus

1191 3203 1309 3239 duleis
1331 3201 1471 3251 gutturi
1490 3200 1584 3249 ejus.
1607 3201 1706 3238 Felix
1723 3214 1857 3237 escum
1878 3201 1946 3236 hoe
1965 3200 2184 3236 abundave-

1193 3264 1242 3300 ris
1264 3263 1405 3305 fructu,
1424 3275 1506 3298 cum
1532 3261 1681 3298 Domini
1704 3261 1754 3296 tui
1776 3274 1950 3309 sponsam
1981 3261 2050 3295 isto
2072 3261 2181 3295 satia-
