2418 3949
49 153 116 190 161

43 298 130 327 ante
165 299 407 340 conspectum
438 291 508 328 Dei

44 349 214 398 singulos
243 363 312 399 per
339 350 476 400 gradus
500 350 801 386 conversationis
821 349 958 386 divinae
977 361 1038 385 se-

43 409 167 445 riatim
204 410 329 446 velitis
366 409 539 446 incedere
558 424 567 454 3
604 409 695 458 quid
733 408 782 445 ibi
829 407 1039 457 reperietur

46 467 148 517 quod
170 468 403 518 disciplinam
426 481 503 504 non
520 476 647 512 sonet,
679 468 781 516 quod
803 480 879 503 non
909 466 1038 503 conci-

48 535 114 563 nat
130 527 216 564 fidei
235 536 392 573 nostrae,
414 527 518 576 quod
544 541 621 564 non
638 528 696 563 vel
717 539 854 576 corpus
875 534 1036 571 atterat,

47 587 107 622 vel
142 595 304 622 mentem
323 587 459 635 erigat,
482 587 540 622 vel
563 586 698 633 dirigat
727 588 910 622 erectam?
936 588 1040 621 Inter

47 645 284 695 psallendum
302 653 443 694 quanta
464 653 519 681 est
538 645 737 694 disciplina
753 645 791 681 in
808 658 987 694 corpore,
1004 652 1042 680 et

49 717 161 753 quam
181 703 303 752 major
321 703 573 752 quorumdam
594 704 630 739 in
653 712 795 750 mente,
817 704 906 740 dum
928 717 974 740 ne
995 702 1042 739 ad

49 763 260 808 modicum,
303 763 363 799 vel
388 771 489 799 certe
526 771 672 799 tantum
712 763 758 799 ad
795 764 984 800 modicum
1023 776 1043 799 a

49 834 160 858 sensu
179 821 384 858 verborum
411 821 511 857 illam
540 822 670 858 sinunt
689 821 819 858 abire?
848 825 941 859 Nam
973 821 1044 868 ibi,

49 880 88 917 id
104 889 161 917 est
174 880 213 917 in
230 881 319 930 ipsis
335 893 418 930 quae
436 888 636 917 cantantur
653 879 798 927 verbis,
819 889 882 917 aut
896 882 1045 930 ligatam

49 948 198 986 tenent,
219 949 282 976 aut
303 940 349 977 ad
372 949 528 989 cognata
558 941 751 985 relaxant,
777 941 823 977 ad
846 940 1049 990 peregrina

742 155 790 190 IN
820 155 1048 197 CARTICA,
1078 154 1238 189 SERMO
1266 156 1409 190 XXIII.

42 244 62 267 a
82 231 271 281 principio
293 231 501 281 vigiliarum
523 231 619 267 sicut
632 242 767 280 aquam
788 244 853 268 cor
870 239 1037 268 vestrum
1056 229 1068 247 ⁷

2024 164 2095 199 162

1075 229 1087 249 ⁴
1103 243 1183 266 ram
1211 229 1452 279 projicientes
1473 232 1510 267 in
1529 231 1650 280 ipsum
1676 232 1742 281 qui
1757 234 1811 270 eis
1836 246 1997 284 praeest:
2020 253 2094 277 non

533 305 540 326 ε
569 291 621 335 si,
656 291 830 340 inquam,
865 303 886 327 a
916 290 1036 339 capite
1055 288 1319 338 Apraemium,
1350 289 1414 324 sed
1441 290 1561 325 solum
1594 301 1803 339 quaerentes
1831 306 1987 343 regnum
2011 301 2092 336 Dei.

1105 347 1230 395 Quid?
1248 347 1350 396 quod
1373 361 1471 397 pene
1490 351 1764 398 praeterieram,
1781 352 1818 388 in
1837 354 2001 403 capitulo
2024 359 2098 395 sin-

1104 407 1201 456 gulis
1239 406 1370 442 diebus
1399 408 1642 452 examinandi
1674 410 1820 448 abbatis
1847 422 1968 451 astant
1992 416 2098 465 judi-

1105 466 1183 509 cio,
1210 466 1316 514 quasi
1347 466 1395 502 ad
1428 467 1564 504 Christi
1592 472 1808 517 praesentati
1837 472 2014 512 tribunal.
2044 477 2100 515 Ibi

1105 526 1264 574 quisque
1284 526 1321 560 in
1344 526 1475 574 primis
1501 536 1696 564 accusator
1723 539 1777 565 est
1807 533 1882 577 sui,
1915 539 2101 573 accusanti

1105 595 1144 620 se
1164 583 1287 619 lucum
1309 584 1391 619 aliis
1412 585 1615 634 praeripere
1637 586 1826 626 festinans.
1855 593 1954 639 Quid
1978 594 2100 644 ipsum

1107 642 1330 678 continuum
1349 643 1553 688 silentium,
1573 652 1610 680 et
1630 646 1799 693 quaedam
1818 653 2104 700 compositionis

1107 701 1295 750 gravitas?
1325 714 1454 737 nonne
1484 710 1599 738 totam
1632 707 1957 746 conversationem
1980 726 2103 750 venu—

1109 768 1200 804 stat,
1220 769 1257 796 et
1272 760 1433 809 quadam
1451 762 1659 798 sanctitatis
1676 763 1833 812 pulchra
1853 769 1964 804 vestit
1990 771 2105 808 facie?

1109 823 1194 869 Ipse
1226 833 1381 856 somnus
1417 833 1570 870 quoque
1601 825 1807 860 sanctitatis
1848 828 2105 868 testimonium

1114 878 1259 923 reddit,
1285 879 1406 916 necin
1424 892 1558 916 acervo
1580 882 1880 920 testimoniorum
1901 895 1956 922 est
1981 897 2107 926 tanto-

1115 951 1198 974 rum
1225 938 1305 974 sine
1331 939 1577 976 confessione.
1599 943 1692 977 Nam
1720 943 1887 992 reliquiae
1909 948 2109 996 cogitatio-

50 1009 298 1046 nequaquam.
320 997 431 1045 Quod
454 997 483 1034 si
503 997 697 1046 contingat
716 997 852 1047 (fugax
872 1007 928 1035 est
943 998 1043 1034 enim
1063 1001 1090 1034 Β
1111 1009 1201 1032 num
1234 998 1465 1033 confitentur
1496 997 1644 1035 Christo
1660 1027 1671 1043 ‚
1709 999 1775 1036 ubi
1804 1014 1939 1040 somno
1971 1019 2109 1056 corpus

52 1069 158 1094 mens
188 1056 393 1107 humana),
426 1066 566 1106 quanta
592 1057 715 1094 statim
747 1058 928 1107 castigant
959 1072 1048 1095 cen-

52 1129 161 1162 sura,
187 1125 224 1153 et
250 1130 367 1153 morae
400 1116 512 1166 hujus
548 1129 680 1153 usuras
707 1130 728 1153 a
753 1130 792 1153 se
818 1119 1049 1167 reposcunt?

53 1176 125 1215 Sed
157 1189 226 1212 nec
253 1176 335 1226 ipsa
357 1177 613 1213 communium
641 1177 820 1213 horarum
852 1178 1051 1214 intervalla

53 1244 241 1272 nocturna
259 1244 407 1272 vacant.
430 1239 531 1272 Deus
551 1235 673 1281 bone,
702 1236 795 1272 liora
814 1236 874 1272 illa
903 1236 1048 1282 noctis,

53 1308 166 1344 quam
187 1295 266 1332 sine
289 1303 399 1331 nocte
419 1303 493 1342 est,
511 1309 624 1344 quam
644 1308 718 1331 nox
740 1295 806 1331 illa
824 1296 1050 1332 illuminatio

53 1354 91 1391 in
120 1354 285 1391 deliciis!
307 1355 506 1392 Orationes
528 1356 600 1391 illae
628 1356 804 1404 privatim
838 1357 951 1401 liunt,
986 1355 1049 1392 se'd

53 1414 201 1464 privata
232 1427 309 1450 non
336 1423 484 1464 petunt.
507 1413 736 1451 Submissior
766 1415 919 1464 quidem
949 1425 1049 1460 vox',

53 1472 119 1510 sed
153 1486 258 1510 mens
288 1473 492 1519 intensior,
521 1482 558 1510 et
586 1487 716 1524 preces
746 1475 867 1511 tacitae
892 1475 1051 1511 multum

55 1531 196 1569 habent
229 1533 423 1570 acuminis.
454 1534 627 1582 Denique
665 1533 882 1582 frequenter
919 1547 1052 1571 vocem

56 1591 168 1641 eripit
201 1592 323 1628 oratio
353 1592 556 1629 vehemens
584 1608 591 1629 :
622 1601 659 1629 et
691 1592 816 1629 verbis
845 1606 914 1629 nec
944 1602 1049 1642 eget,

57 1663 127 1687 nec
158 1651 289 1693 utitur,
316 1665 400 1701 quae
430 1665 527 1702 puro
554 1660 589 1689 et
617 1653 731 1702 pleno
756 1653 874 1689 fertur
905 1653 1050 1690 affectu.

57 1715 176 1746 Amor
206 1711 244 1747 in
282 1710 437 1748 auribus
467 1712 621 1748 Domini
655 1713 757 1749 solus
796 1712 1050 1763 obstrepens,

1113 1054 1300 1093 obruitur.
1319 1056 1520 1104 Quomodo
1545 1057 1645 1093 enim
1678 1058 1901 1098 dormientis
1931 1072 2111 1112 poterunt

1115 1128 1192 1151 non
1208 1117 1347 1152 versari
1366 1126 1452 1153 ante
1468 1117 1597 1154 oculos
1615 1119 1728 1155 totius
1748 1119 1894 1157 diurnae
1909 1135 2112 1161 conversa-

1117 1175 1230 1212 tionis
1255 1175 1434 1225 imagines
1460 1176 1634 1226 depictae,
1663 1186 1699 1214 et
1722 1179 1760 1214 in
1779 1180 1907 1217 animo
1932 1183 2113 1231 vigilare?

1170 1234 1205 1270 4.
1224 1238 1359 1270 Nonne
1378 1235 1444 1271 tibi
1471 1249 1626 1285 magnus
1650 1237 1710 1273 hic
1733 1238 1882 1276 videtur
1909 1243 2113 1280 testimonii

1116 1307 1272 1331 acervus
1300 1295 1413 1344 erigi,
1442 1296 1513 1332 nisi
1538 1297 1642 1345 quod
1662 1310 1740 1334 non
1756 1301 1957 1337 acervatim
1978 1311 2015 1339 et
2034 1304 2114 1340 sine

1117 1354 1251 1390 ordine
1271 1355 1366 1391 fiunt
1381 1355 1449 1391 ista
1462 1385 1470 1401 ,
1489 1355 1553 1392 sed
1571 1357 1666 1393 serie
1682 1367 1799 1404 certa,
1823 1368 1859 1395 et
1878 1361 1953 1398 suis
1969 1363 2115 1413 singula

1117 1422 1205 1450 sunt
1222 1414 1394 1450 distincta
1413 1415 1674 1465 temporibus?
1690 1420 1824 1454 Nonne
1843 1419 1919 1456 haec
1946 1423 2116 1459 testimo-

1119 1474 1179 1510 nia
1198 1474 1390 1511 credibilia
1411 1476 1503 1511 facta
1524 1485 1612 1512 sunt
1631 1477 1759 1523 nimis,
1777 1492 1822 1514 eo
1839 1480 1941 1528 quod
1959 1481 2114 1519 domum

1119 1540 1218 1569 tuam
1245 1534 1327 1570 talis
1354 1534 1461 1571 decet
1488 1536 1720 1580 sanctitudo,
1750 1539 1936 1575 Domine?
1962 1541 2114 1578 Utinam

1119 1592 1243 1629 cordis
1260 1594 1331 1629 mei
1355 1593 1496 1630 radices
1522 1607 1636 1643 super
1652 1596 1762 1631 istum
1782 1596 1988 1634 densentur
2010 1612 2116 1636 acer-

1117 1664 1220 1687 vum.
1237 1653 1362 1689 Nescit
1377 1654 1513 1689 sterilis
1533 1666 1613 1690 esse
1630 1662 1753 1691 tantus
1773 1654 1883 1692 bonae
1913 1671 2107 1696 conversa-

1120 1710 1231 1748 tionis
1248 1712 1432 1748 cumulus.
1449 1716 1571 1750 Locus
1591 1721 1645 1749 est
1659 1714 1757 1751 altus
1773 1723 1810 1751 et
1826 1714 1939 1763 uber,
1967 1719 2116 1766 qualem

58 1770 313 1818 corporalium
344 1771 523 1820 strepitus
559 1771 784 1820 dedignatur
825 1772 1030 1808 verborum
1046 1801 1056 1818 ,
1072 1774 1099 1809 C
1118 1771 1305 1820 propheta
1331 1780 1628 1808 commemorat:
1650 1774 1767 1808 Vinea
1777 1773 1888 1820 ficeta
1914 1785 1966 1811 est
1984 1780 2116 1813 dilecto

57 1841 141 1878 quae
164 1829 260 1865 sicut
279 1830 472 1866 inchoanti
495 1831 741 1868 excitamenta
770 1840 878 1876 sunt,
905 1833 955 1868 sic
982 1833 1052 1869 im-

57 1887 274 1937 pedimenta
307 1890 430 1926 solent
462 1903 541 1926 esse
576 1891 741 1940 perfecte
779 1892 916 1928 oranti.
952 1892 1053 1940 Quid

59 1946 223 1983 deinde?
245 1948 334 1996 ipsis
363 1948 466 1985 horis
493 1951 685 1987 matutinis
708 1952 813 1999 quasi
840 1951 886 1987 de
914 1953 1053 1988 recenti

60 2006 248 2042 orationes
265 2007 494 2053 instaurant,
518 2008 755 2057 frequentant
779 2011 1051 2057 consessiones,

59 2074 96 2100 ct
122 2067 359 2108 verecunda,
384 2068 448 2100 sed
472 2069 663 2104 manifesta
687 2070 913 2102 revelatione
941 2072 1052 2102 etiam

60 2123 216 2172 exiguos
232 2132 394 2172 purgant
410 2136 595 2160 excessus.
621 2128 702 2161 Non
723 2133 846 2161 tamen
873 2126 1051 2174 exiguum

60 2191 255 2232 reputant,
274 2183 304 2219 si
323 2196 344 2219 a
364 2183 511 2219 Christo
539 2184 597 2219 vel
629 2185 731 2220 tenui
760 2186 940 2221 memoria
969 2186 1054 2221 titu-

61 2240 164 2277 bant.
185 2241 313 2278 Hostis
332 2242 478 2287 callidi,
503 2243 532 2278 si
550 2242 642 2292 quid
673 2244 784 2280 suerit
813 2244 1054 2294 improbitate

60 2307 296 2349 suggestum,
318 2299 388 2336 sibi
407 2301 595 2350 imputant
628 2302 744 2351 iniqui
779 2304 817 2339 in
850 2304 918 2340 hac
947 2312 1054 2353 parte

61 2360 304 2396 aestimatores
317 2388 326 2405 ,
346 2360 436 2396 dum
455 2361 651 2410 proprium
666 2361 898 2399 arbitrantur
913 2377 1053 2409 casum,

61 2418 165 2468 quod
194 2419 324 2456 alienae
343 2428 430 2456 sunt
450 2420 590 2456 fraudis
617 2434 720 2458 casso
743 2431 880 2458 conatu
910 2431 1053 2459 tantum

62 2478 269 2528 provocati.
303 2478 401 2526 Quid
435 2479 678 2528 quotidianus
710 2494 888 2517 manuum
924 2481 1052 2525 labor,

62 2551 139 2587 quo
154 2551 291 2587 corpus
310 2546 348 2574 et
368 2539 454 2575 satis
474 2539 666 2584 atteritur,
687 2549 724 2576 et
743 2541 904 2577 tenuiter
932 2541 1056 2590 pasci—

65 2598 152 2633 tur?
182 2596 348 2634 Labores
378 2611 555 2634 manuum
588 2612 738 2635 suarum
761 2612 836 2635 non
859 2600 927 2636 soli
949 2613 1055 2636 man-

64 2656 224 2701 ducant;
245 2655 308 2692 sed
327 2656 372 2693 dc
392 2657 633 2693 insufficienti
664 2658 878 2706 partiuntur
907 2659 1055 2708 egenis,

65 2722 107 2751 ut
137 2723 173 2751 et
206 2715 277 2751 illis
306 2715 352 2750 sit
381 2714 590 2760 tribulatio,
612 2716 820 2752 dummodo
839 2718 919 2753 aliis
939 2717 1059 2754 abun-

66 2772 140 2809 det.
168 2774 377 2810 Intervallis
397 2773 622 2822 quibusdam
651 2775 776 2811 levant
796 2775 960 2822 labores,
993 2778 1057 2813 sed

68 2832 164 2868 fesso
196 2845 356 2881 corpore
388 2834 507 2870 servet
537 2835 701 2871 affectus.
736 2836 814 2872 Illic
849 2837 968 2873 tacitae
1003 2838 1056 2873 la—

67 2903 205 2939 crymae
227 2890 388 2928 ubertim
409 2894 617 2930 volvuntur
631 2923 640 2939 ,
663 2894 853 2944 prodeunt
872 2897 1032 2944 gemitus
1046 2925 1055 2940 ,

69 2958 275 2999 erumpunt
303 2952 462 3000 suspiria
493 2966 500 2987 ;
535 2961 576 2989 ut
607 2954 671 3002 qui
701 2953 809 3002 juxta
843 2954 994 3001 sedent,
1030 2956 1060 2992 si

71 3009 166 3045 sorte
183 3023 228 3045 ex
248 3023 286 3046 se
306 3010 426 3059 frigidi
454 3012 549 3058 sint,
577 3013 710 3049 vicinis
731 3015 873 3064 possint
892 3016 1060 3051 scintillis

70 3069 235 3106 accendi.
269 3071 367 3118 Quid
396 3071 578 3120 denique,
611 3073 712 3121 quod
735 3087 810 3110 non
831 3074 876 3110 de
897 3076 1060 3111 crastino

71 3127 252 3175 cogitant,
274 3142 342 3166 nec
360 3129 406 3166 dc
427 3130 610 3167 liodicrno
631 3132 806 3180 quidem?
827 3146 976 3169 omnem
995 3147 1060 3169 cu·-

126 3255 220 3285 ¹15ai.
237 3267 268 3291 v,
290 3259 368 3287 1.-—
391 3261 590 3295 ²1.=w.xm,
610 3262 640 3289 7.

207 3326 296 3348 Tou.
325 3328 344 3348 V
354 3342 359 3348 .

1119 1844 1158 1865 ιιι
1179 1844 1309 1873 cornu,
1332 1834 1367 1866 in
1389 1834 1465 1866 loco
1484 1832 1586 1867 uberi
1600 1838 1625 1867 ¹.
1646 1836 1692 1869 Et
1708 1847 1882 1882 magnum
1902 1836 2014 1885 plane
2042 1837 2116 1874 fer-

1120 1891 1193 1927 tilis
1207 1891 1276 1926 soli
1294 1892 1547 1928 testimonium
1560 1921 1570 1938 ,
1587 1893 1775 1929 fructuum
1795 1905 2004 1943 proventus
2027 1897 2116 1934 ube-

1120 1951 1197 1986 rior
1227 1965 1234 1986 :
1271 1951 1366 1987 sicut
1394 1964 1414 1985 e
1443 1946 1630 1986 contrario
1659 1953 1727 1987 loci
1758 1954 1908 1990 ubertas
1928 1984 1936 1998 ,
1971 1957 2118 1995 arboris

1119 2010 1334 2058 qualitatem
1356 2009 1546 2056 redarguit
1565 2009 1611 2044 de
1626 2010 1926 2049 infructuositate
1950 2027 2027 2052 sua.
2059 2022 2116 2053 An

1120 2078 1197 2100 non
1219 2064 1332 2101 arbor
1359 2067 1455 2102 mala
1471 2094 1479 2110 ‚
1499 2080 1582 2115 quae
1599 2076 1734 2104 terram
1756 2069 1893 2106 bonam
1911 2085 2117 2123 occupans,

1120 2124 1260 2160 fructus
1275 2125 1484 2173 condignos
1499 2139 1571 2162 nou
1595 2128 1711 2176 parit,
1732 2129 1794 2165 sed
1813 2143 1880 2166 nec
1895 2132 1991 2169 ullos
2010 2133 2118 2171 bonae

1120 2183 1199 2232 spei
1220 2185 1380 2232 parturit
1398 2184 1534 2221 flores?
1550 2188 1720 2223 Forsitan
1738 2196 1774 2223 et
1792 2190 1988 2228 ficulneam
2017 2194 2116 2231 illam

1121 2242 1299 2287 sterilem,
1319 2256 1430 2291 quam
1453 2244 1760 2294 Dominusjussit
1775 2249 1913 2285 succidi
1926 2256 1938 2271 ²
1951 2280 1960 2296 ,
1979 2251 2119 2289 fertiles

1122 2301 1169 2338 de
1195 2302 1318 2338 vicino
1352 2303 1472 2339 vineae
1511 2304 1828 2342 condemnabant.
1872 2309 2117 2359 Periniquum

1120 2368 1198 2405 est,
1228 2361 1265 2396 in
1306 2370 1432 2398 sancta
1468 2365 1755 2401 conversatione
1793 2367 2024 2415 plantatum,
2069 2372 2119 2407 nil

1121 2429 1290 2457 sanctum
1309 2422 1452 2466 moliri,
1474 2431 1512 2458 ct
1537 2425 1795 2462 excusationes
1824 2428 2117 2475 p1·aetendentem

1123 2481 1290 2528 cognatis
1318 2482 1500 2530 exemplis
1520 2483 1714 2528 convinci,
1735 2493 1771 2520 et
1791 2485 1879 2522 inde
1899 2487 2117 2526 descensio—

1074 2545 1189 2579 Dnes
1220 2540 1420 2589 disponere
1453 2541 1489 2576 in
1516 2542 1630 2578 corde
1658 2556 1746 2587 suo,
1778 2545 1878 2581 unde
1899 2547 1959 2583 alii
1990 2561 2120 2585 ascen-

1122 2599 1229 2636 dunt.
1251 2600 1418 2636 Sufficiat
1439 2599 1505 2636 tibi
1528 2601 1593 2649 qui
1616 2602 1697 2638 talis
1716 2615 1774 2648 es,
1792 2604 1992 2642 descensus
2019 2615 2117 2644 tuus.

1122 2659 1220 2707 Quid
1255 2658 1442 2695 bonorum
1471 2673 1646 2696 acervum
1678 2675 1861 2711 operum,
1903 2678 2014 2713 quem
2056 2669 2117 2704 alii

1122 2720 1309 2755 alacritate
1345 2720 1623 2764 conscendunt,
1655 2720 1850 2758 detrahere
1882 2725 2051 2770 moliris,
2083 2737 2119 2764 ct

1123 2780 1311 2828 regulares
1342 2779 1602 2816 observantias
1639 2782 1858 2825 immutare,
1891 2798 2050 2833 quarum
2084 2797 2120 2823 et

1123 2852 1343 2883 numerum,
1369 2848 1405 2875 et
1427 2840 1588 2887 rigorem
1604 2842 1788 2877 causaris?
1814 2844 1894 2879 Noli
1918 2845 2119 2893 prohibere

1124 2911 1188 2934 cos
1210 2899 1273 2946 qui
1298 2898 1392 2934 benc
1410 2899 1572 2944 faciunt3
1596 2900 1624 2935 si
1648 2909 1775 2949 potes,
1793 2910 1829 2937 ct
1848 2903 1926 2951 ipsc
1946 2906 2118 2943 ascende.

1126 2958 1225 2995 Audi
1245 2958 1291 2993 de
1317 2967 1457 3007 quanto
1478 2967 1513 2994 ct
1532 2960 1632 3008 quali
1653 2974 1788 2997 acervo
1808 2964 1923 2999 sant-ti
1942 2966 2122 3002 ascende-

1127 3025 1226 3053 runt.
1249 3020 1376 3052 Sam-ti
1396 3017 1558 3052 ludibria
1582 3027 1617 3053 ec
1640 3019 1790 3056 verbera
1819 3028 1986 3070 experti,
2011 3030 2119 3060 imn—

1122 3090 1195 3124 μιν·
1222 3085 1255 3111 ct
1280 3079 1429 3111 vincula
1450 3085 1484 3111 vt
1513 3091 1674 3113 carrera
1690 3107 1698 3120 ‚
1723 3082 1885 3127 lapilluli
1906 3092 2006 3122 sunl.
2030 3091 2120 3119 ,sn-ssi

1127 3143 1234 3182 aaut,
1264 3141 1394 3170 tvnlali
1422 3145 1527 3177 saul,
1564 3141 1601 3172 in
1633 3144 1814 3174 vermium·
1842 3143 1958 3187 glmlsi
1989 3151 2120 3179 morsus

1943 3341 1964 3365 (i
