2504 3928
304 147 370 168 at»

1088 130 1116 164 t}
1126 133 1138 166 l
1150 138 1151 147 ¹
1163 132 1171 165 l
1183 132 1357 167 hrt-Lm!
1393 137 1417 167 A
1427 133 1588 167 nitatis

304 222 415 249 mani,
434 209 466 243 ei
484 207 630 245 inllixit.
645 207 709 254 qui
726 205 815 240 nulli
829 213 980 254 peceato
994 214 1071 241 erat
1084 205 1329 242 obnoxius.¹¹³‘

2277 134 2350 168 :⁵138

1335 208 1346 225 ¹¹
1362 208 1464 257 poris
1481 207 1609 256 jaeeus
1637 215 1672 242 et
1699 207 1875 251 x'iueulis,
1891 215 1926 242 et
1944 216 2124 255 (plantum
2143 208 2187 244 ad
2216 221 2352 258 corpus

303 267 587 315 Occisusjustus
605 265 740 313 injuste
762 276 832 312 pro
845 263 988 312 justitia
1007 277 1143 301 novam
1161 265 1206 301 de
1225 266 1293 301 ini·
1314 274 1338 305 Λ
1362 266 1602 302 tribulatione
1626 273 1828 300 coronatus
1850 273 1885 300 et
1910 265 2075 310 miseria,
2102 265 2266 302 scribens
2295 267 2352 302 di—

304 329 398 363 mico
421 325 583 361 obtinuit
601 323 782 371 justitiam
801 350 811 365 ‚
836 323 964 358 mortis
988 324 1125 360 scilicet
1155 324 1291 372 injuste

302 388 370 422 >ibi
393 387 515 421 illatae.
546 388 666 430 Quam
688 382 791 430 quasi
821 381 890 418 sibi
922 394 997 418 non
1021 384 1264 420 neeessariam
1281 412 1290 427 ,

301 447 386 493 quia
409 444 549 491 absque
582 449 735 490 peccato
762 449 864 485 erat,
891 441 969 490 ipse
998 442 1140 478 homini
1162 456 1292 491 peeca-

303 506 371 540 tori
389 502 671 539 eomuumicaus
690 528 699 545 ,
724 514 828 536 reum
851 500 1012 537 absolvit
1039 515 1107 550 per
1142 515 1290 551 poenam

302 563 523 598 innocentia¹
540 574 615 598 suae
634 576 640 596 :
664 561 860 609 positoque
881 573 1040 609 corpore
1066 574 1134 597 suo
1151 570 1185 597 et
1203 575 1292 598 san-

300 623 413 670 guine
429 622 464 658 in
488 634 600 656 manu
620 619 716 668 ejus,
738 623 817 657 Hoc
832 648 841 664 ,
865 621 1010 670 inquit,
1034 621 1216 658 manduca
1234 650 1242 666 ,
1258 630 1294 657 et

302 682 407 725 hibe,
430 681 517 717 hinc
549 680 645 715 vivo.
673 680 844 728 Patrique
876 692 961 715 eum
993 689 1291 729 repraesentans:

305 745 372 782 Ι·“,ιι,
393 739 534 788 inquit,
559 741 681 782 Pater,
704 737 775 773 mei
793 737 983 786 sanguinis
998 738 1174 786 pretium.
1190 738 1225 774 Si
1244 738 1290 773 de

304 807 457 848 peceato
474 797 583 846 hujus
601 797 760 845 requiris
773 825 782 842 ,
802 809 847 832 en
861 809 932 846 pro
944 810 988 833 eo
1007 810 1112 833 meus
1128 798 1288 845 sanguis.

303 858 461 895 Domine
492 860 618 898 Pater,
641 854 774 891 dedisti
807 854 1101 904 benignitatem,
1124 864 1158 891 et
1195 864 1289 892 terra

302 917 474 966 eorporis
501 915 571 951 mei
593 914 695 950 dedit
717 915 877 950 fructum
905 928 1013 951 suum
1036 915 1291 963 :jamjustitia

1534 338 1540 359 :
1560 326 1723 365 Mittam,
1744 324 1885 372 inquit,
1903 327 1956 359 ad
1971 338 2036 360 vos
2056 327 2292 370 Timotheum,
2316 336 2352 360 at

1357 389 1483 419 sciatis
1504 397 1592 431 quw
1608 387 1705 416 circa
1725 396 1782 416 me
1798 392 1882 417 sunt
1896 381 1920 418 ³.
1948 386 2043 428 Qua?
2060 388 2158 418 circa
2181 398 2237 419 me
2255 394 2350 429 sant,

1359 444 1502 492 iuquit3
1527 442 1561 478 id
1583 450 1661 487 est,
1679 442 1715 477 in
1733 442 1912 478 exteriori
1930 441 2098 487 homine,
2120 442 2157 477 in
2175 444 2350 480 exteriori

1360 503 1483 537 tunica
1507 501 1640 546 earnis,
1662 513 1745 549 quae
1774 500 1818 536 ad
1847 514 1929 546 mc,
1953 501 2014 550 qui
2038 502 2136 537 intus
2155 514 2258 547 sum,
2276 514 2350 538 uon

2196 553 2211 569 Ο

1358 325 1510 374 scipulis

1361 562 1593 611 pertingunt.

1413 622 1474 656 33).
1495 623 1580 656 Ilaec
1595 627 1646 654 est
1663 618 1865 667 sapientia,
1885 618 1930 654 de
1943 631 2015 667 qua
2032 619 2119 655 dieit
2131 619 2348 668 Apostolus,

1362 682 1592 727 Sapientiam
1616 682 1799 726 laipa‘natr
1814 683 1912 713 inter
1925 677 2104 726 perfectas
2122 692 2132 712 .·
2148 677 2193 713 de
2207 690 2280 726 qua
2297 678 2351 720 sic,

1358 753 1425 775 nos
1448 739 1650 788 loquimur,
1669 738 1761 773 sicut
1781 738 1846 785 qui
1871 737 2083 773 audivimus
2099 745 2135 772 et
2155 750 2228 772 non
2253 736 2351 772 vidi-

1358 812 1439 834 mus
1460 812 1465 832 :
1487 798 1581 833 sieut
1600 797 1840 845 loqueremur
1857 795 1902 831 de
1919 796 2041 845 aliqua
2058 796 2218 841 civitate,
2237 808 2349 844 quam

1359 871 1434 893 nou
1463 857 1651 901 vidimus,
1677 856 1739 891 sed
1774 855 1935 904 plurima
1964 855 2009 891 de
2046 870 2087 891 ea
2117 855 2349 899 audivimus;

1359 917 1404 953 de
1431 930 1504 965 qua
1532 916 1594 964 qui
1620 914 1772 950 vidisset
1793 915 1903 962 longe
1924 914 2030 950 aliter
2051 915 2284 962 loqueretur,
2316 921 2351 948 et

303 986 387 1012 aute
403 985 437 1011 te
457 974 678 1020 ambulabit,
697 982 733 1009 et
755 982 793 1009 tu
814 987 932 1023 pones
949 974 985 1010 in
999 974 1059 1010 via
1079 974 1295 1010 salvationis
1315 977 1339 1011 Β
1360 975 1586 1024 expressius.
1607 977 1693 1010 Ilaec
1709 982 1832 1009 autem
1854 973 2034 1021 sapientia
2049 973 2261 1021 oppositam
2283 971 2350 1007 sihi

305 1038 476 1071 humanae
494 1034 607 1084 pedes
629 1041 712 1069 tuos
732 1040 754 1068 ¹.
780 1036 824 1069 lit
850 1041 889 1069 ut
908 1032 1008 1081 juste
1024 1033 1102 1081 jam
1130 1034 1294 1069 salvetur

303 1095 366 1143 qui
392 1094 492 1142 juste
519 1093 700 1143 perierat,
731 1101 792 1137 tu,
823 1093 1006 1138 Domine,
1045 1092 1160 1128 fecisti
1191 1092 1292 1129 dire-

301 1155 463 1196 ctiones,
488 1152 670 1201 judicium
693 1160 729 1188 et
747 1151 928 1200 justitiam
954 1152 990 1187 iu
1019 1151 1136 1188 Jacob
1167 1160 1204 1187 tu
1240 1152 1293 1187 se-

302 1222 380 1249 cisti
401 1220 423 1247 ³.

639 1283 814 1321 CAPUT
846 1283 962 1320 XIII.

398 1395 443 1422 De
464 1401 534 1420 vcra
551 1390 700 1431 sapientia
718 1395 890 1419 amatorum
910 1399 961 1418 seu
982 1387 1114 1418 liliorum
1138 1387 1203 1417 Dei.

357 1512 417 1545 33.
446 1513 500 1545 De
519 1509 638 1543 fructu
666 1519 756 1555 ergo
779 1504 890 1554 hujus
912 1505 1038 1554 operis
1056 1505 1210 1541 satiatus
1224 1495 1295 1540 'ho-

305 1582 384 1612 mo,
408 1567 594 1603 mediante
616 1565 796 1614 sapientia
815 1564 882 1600 Dei
901 1591 909 1607 ,
929 1576 1003 1599 non
1025 1563 1146 1599 solum
1169 1575 1297 1599 recon-

304 1627 463 1670 ciliatur,
487 1624 550 1662 sed
572 1625 681 1660 etiam
710 1623 859 1672 sapiens
881 1623 1051 1658 eflicitur.
1076 1623 1180 1671 Sapit
1196 1623 1296 1658 enim

305 1686 338 1722 ei
359 1685 462 1734 quod
479 1683 692 1720 manducat.
715 1681 916 1718 Manducat
937 1690 974 1717 et
988 1680 1085 1717 bibit
1107 1694 1245 1730 corpus
1262 1689 1298 1717 et

1359 1047 1403 1069 ex
1426 1033 1583 1069 adverso
1604 1032 1711 1068 aliam
1730 1031 1841 1067 habet
1860 1032 2008 1067 infausti
2031 1031 2192 1066 nominis
2209 1031 2352 1079 sapien-

1361 1093 1446 1128 tiam
1479 1092 1615 1142 (quam
1646 1091 1734 1126 dicit
1770 1091 1972 1139 Apostolus
2003 1094 2216 1138 principum
2246 1089 2353 1134 latjas

1359 1154 1484 1187 mnndi
1500 1151 1538 1195 i)‚
1562 1151 1657 1187 sicut
1676 1150 1822 1198 nigrum
1839 1148 1939 1194 albo,
1959 1149 2054 1184 sieut
2075 1149 2147 1184 luci
2166 1146 2352 1194 tenebras,

1359 1210 1404 1247 de
1425 1223 1496 1259 qua
1513 1210 1658 1253 dicitur,
1677 1210 1867 1256 Sapientia
1888 1213 2006 1243 vineit
2022 1211 2206 1243 malitiam
2223 1206 2250 1244 5.
2274 1211 2352 1244 Ma-

1368 1270 1441 1305 litia
1469 1268 1650 1317 siquidem
1677 1280 1789 1316 sapor
1812 1275 1866 1302 est
1886 1268 1990 1311 mali,
2007 1267 2106 1303 unde
2123 1275 2159 1302 ct
2179 1280 2198 1302 a
2220 1280 2353 1316 sapore

1365 1328 1558 1377 sapientia.
1579 1331 1670 1364 Cum
1696 1327 1809 1375 igitur
1835 1327 1929 1376 sapit
1957 1327 2117 1372 malum,
2137 1335 2171 1362 et
2192 1339 2264 1362 non
2287 1326 2353 1362 de—

1366 1395 1421 1422 est
1448 1387 1603 1431 astutia,
1630 1387 1687 1422 vel
1709 1387 1882 1422 voluntas
1907 1386 1952 1422 ad
1972 1386 2276 1435 exsequendum3
2294 1398 2354 1422 sa·

1366 1445 1504 1494 pientia
1527 1444 1739 1493 principum
1764 1443 1876 1492 hujus
1896 1445 2024 1481 mundi
2051 1458 2118 1494 per
2144 1445 2270 1480 onmia
2293 1457 2355 1481 su—

1367 1517 1494 1553 pernae
1523 1503 1715 1552 sapientise
1747 1512 1803 1539 est
1834 1505 2033 1540 contraria.
2064 1507 2151 1540 Haec
2179 1513 2233 1540 est
2255 1503 2354 1540 enim

1370 1563 1522 1608 malitia,
1544 1575 1655 1611 quam
1683 1561 1761 1597 odit
1782 1563 1977 1612 sapientia.
2001 1562 2192 1612 Siquidem
2213 1562 2265 1598 ibi
2294 1575 2353 1598 sa-

1364 1636 1434 1672 por
1453 1622 1541 1658 boni
1562 1630 1615 1658 est
1641 1622 1676 1657 in
1694 1634 1732 1657 se
1754 1621 1856 1671 ipso,
1877 1621 1935 1657 hie
1955 1634 2066 1670 sapor
2089 1621 2173 1657 mali
2191 1629 2245 1658 est
2265 1621 2302 1657 in
2316 1634 2354 1656 se

1364 1683 1445 1731 ipso
1461 1698 1467 1718 ;
1486 1681 1534 1718 ibi
1549 1681 1593 1718 ad
1615 1681 1896 1730 exsequendum
1914 1689 2051 1728 praesto
2066 1689 2121 1717 est
2133 1680 2352 1730 prudentia3

305 1745 524 1793 sanguinem
556 1741 822 1791 Redemptoris
857 1741 912 1776 sui
927 1768 935 1784 ,
957 1753 1091 1776 manna
1124 1740 1296 1786 coeleste,
1317 1745 1344 1781 C
1364 1742 1445 1786 hie,
1467 1749 1508 1777 ut
1525 1740 1662 1776 dictum
1682 1748 1759 1785 est,
1782 1752 1857 1775 non
1877 1739 1980 1776 deest
1995 1740 2140 1776 astutia.

307 1816 442 1851 panem
463 1802 714 1852 Angelorum,
737 1812 872 1849 panem
894 1799 1086 1848 sapientiae
1107 1814 1114 1836 ε
1136 1808 1173 1835 et
1189 1812 1298 1835 man—

307 1863 447 1899 ducans
485 1862 774 1898 transformatur
808 1861 845 1895 in
882 1867 1053 1895 naturam
1085 1858 1158 1895 cibi
1188 1872 1300 1908 quem

309 1921 519 1957 manducat.
558 1924 707 1968 Corpus
735 1918 833 1954 enim
870 1918 1003 1955 Christi
1048 1917 1299 1962 manducare,

312 1981 400 2016 nihil
423 1988 478 2016 est
510 1979 610 2015 aliud
639 1991 751 2027 quam
785 1990 924 2026 corpus
955 1977 1090 2014 Christi
1120 1977 1236 2022 effici,
1265 1985 1303 2013 et

310 2039 491 2088 templum
518 2038 679 2087 Spiritus
707 2037 834 2073 sancti.
869 2037 1066 2085 Templum
1088 2045 1211 2073 autem
1232 2037 1303 2073 hoc

311 2112 395 2135 cuin
428 2106 603 2135 ornatum
637 2096 748 2133 suerit
777 2096 1078 2146 praescriptarum
1114 2096 1301 2145 positione

311 2159 514 2203 virtutum,
536 2165 571 2192 et
597 2154 814 2205 supradicto
844 2154 1040 2191 dedicandi
1072 2154 1206 2190 ordine
1233 2154 1299 2190 de-

314 2218 502 2259 dicatum,
526 2215 649 2251 nullos
675 2213 832 2250 ulterius
852 2214 992 2249 alienos
1023 2213 1151 2249 titulos
1177 2220 1301 2262 potest

313 2276 521 2324 suscipere,
542 2274 686 2310 nullum
708 2272 957 2308 habitatorem
977 2300 986 2317 ,
1008 2272 1076 2307 nisi
1101 2276 1220 2308 Deum
1237 2271 1301 2320 qui

312 2334 480 2370 condidit
495 2334 598 2369 illum
622 2341 658 2369 et
678 2333 827 2368 creavit.
848 2332 945 2368 Nihil
962 2344 1051 2379 ergo
1072 2331 1167 2366 ultra
1186 2338 1303 2366 terre-

313 2406 402 2429 num
434 2400 561 2428 sancta
592 2391 652 2427 illa
691 2391 837 2436 anima,
862 2390 952 2426 nihil
975 2389 1187 2433 materiale,
1212 2390 1302 2424 nihil

311 2450 557 2501 corruptibile
587 2450 706 2499 diligit
730 2458 793 2486 aut
813 2457 944 2494 curat,
971 2462 1016 2484 ex
1038 2461 1114 2496 quo
1138 2461 1304 2498 regressa

1419 1800 1480 1836 40.
1509 1799 1578 1835 Sed
1611 1800 1706 1835 inter
1738 1799 1804 1835 lias
1837 1799 1928 1835 duas
1953 1799 2125 1847 quaedam
2155 1798 2278 1836 media
2301 1807 2357 1835 est

1367 1859 1566 1908 sapientia,
1588 1858 1694 1907 quasi
1726 1858 1824 1893 inter
1852 1858 1998 1907 nigrum
2023 1866 2060 1894 et
2086 1857 2211 1894 album
2234 1858 2357 1894 medio

1367 1918 1493 1954 colore
1511 1917 1719 1953 coloratum
1735 1945 1744 1962 ,
1761 1929 1844 1965 quae
1861 1916 1939 1952 sive
1959 1916 2131 1961 inferius,
2148 1917 2225 1953 sive
2241 1929 2355 1966 supe·

1369 1977 1458 2022 rius,
1475 1977 1526 2012 sic
1542 1989 1580 2012 se
1602 1975 1714 2012 habet
1729 1975 1775 2011 ad
1796 1984 1995 2025 utramque
2021 1984 2165 2025 partem
2180 2003 2190 2021 ‚
2209 1983 2250 2012 ut
2266 1988 2358 2025 pro-

1370 2036 1493 2072 veniat
1505 2035 1537 2071 ci
1551 2035 1633 2071 linis
1649 2034 1858 2071 secundum
1876 2034 2125 2071 intentionem
2140 2043 2176 2071 et
2190 2033 2354 2070 studium

1368 2095 1519 2131 utentis.
1534 2094 1722 2143 Sapientia
1738 2094 1806 2130 ista
1822 2102 1877 2130 est
1888 2122 1897 2139 ,
1912 2107 2024 2143 quam
2046 2094 2136 2130 dicit
2153 2093 2356 2142 Apostolus

1367 2155 1475 2199 lmjns
1505 2155 1655 2197 mundi,
1685 2161 1721 2188 et
1751 2165 1862 2201 quam
1898 2152 2058 2189 mediam
2089 2153 2226 2189 locavit
2258 2152 2356 2188 inter

1366 2217 1588 2260 sapic’ntiant
1610 2215 1694 2256 Dei,
1717 2220 1753 2247 et
1777 2217 2001 2259 sapientiam
2018 2216 2226 2261 principum
2250 2213 2358 2257 hujus

1367 2270 1533 2307 mamli‘i
1552 2274 1639 2307 flaec
1653 2271 1748 2307 eirca
1766 2272 1855 2307 utile
1872 2280 1908 2307 ct
1925 2272 2122 2307 honestum
2143 2280 2220 2307 tota
2235 2284 2356 2308 versa-

1370 2340 1441 2375 tur,
1461 2339 1497 2366 et
1517 2330 1686 2366 affectata
1706 2330 1866 2378 quadam
1892 2331 2092 2379 prudentia
2107 2331 2355 2380 dispensatur.

1370 2392 1456 2425 Haec
1478 2401 1573 2438 pene
1597 2396 1674 2423 tota
1691 2397 1746 2424 est
1764 2389 1800 2424 in
1822 2389 1973 2425 scientia
1987 2418 1996 2434 ,
2014 2389 2188 2425 videlicet
2210 2398 2250 2426 ut
2266 2390 2357 2426 sciat

1370 2447 1582 2483 discernere
1597 2446 1815 2496 prudenter,
1833 2456 1869 2483 ct
1883 2447 2090 2496 dijudicare
2105 2449 2202 2484 inter
2217 2449 2307 2484 utile
2320 2457 2357 2484 et

313 2520 367 2547 est
385 2525 404 2547 a
425 2511 507 2547 loco
531 2510 758 2547 sarcinarum
781 2523 788 2545 :
808 2517 844 2545 et
864 2509 892 2545 si
915 2509 1041 2557 aliquo
1071 2509 1204 2544 horum
1232 2507 1302 2543 ali·
1322 2514 1352 2547 D
1370 2506 1521 2550 inutile,
1539 2506 1636 2541 inter
1662 2506 1859 2542 honestum
1885 2515 1921 2542 et
1941 2507 2194 2551 inhonestum,
2213 2507 2357 2544 etiamsi

313 2570 465 2619 quamdo
497 2570 601 2618 quasi
630 2570 666 2605 in
701 2569 855 2605 transitu
890 2569 1026 2613 utitur,
1045 2567 1109 2604 sed
1132 2567 1201 2602 srui
1232 2566 1298 2602 de—

313 2630 499 2679 dignatur.
537 2629 572 2665 Si
607 2627 698 2677 quid
742 2627 778 2663 in
819 2626 1034 2675 hujusmodi
1073 2638 1297 2675 prosperum

314 2688 503 2733 evenerit,
523 2687 746 2736 pertransit:
769 2699 844 2722 non
868 2685 1134 2730 conturbatur,
1154 2685 1184 2720 si
1211 2684 1301 2733 quid

314 2747 460 2783 adversi
481 2746 693 2795 contigerit.
712 2749 847 2782 Totum
870 2745 966 2794 sapit
985 2743 1168 2794 quidquid
1184 2743 1301 2792 capit,

315 2821 381 2843 nec
403 2814 528 2857 potest
547 2805 686 2841 amanti
718 2805 787 2841 nisi
821 2817 972 2853 sapere,
1000 2802 1184 2853 quidquid
1207 2803 1302 2838 sicut

313 2867 465 2902 salivam
486 2865 685 2914 contigerit
701 2864 747 2899 de
764 2864 898 2901 Christi
917 2863 1035 2913 eapite
1063 2861 1300 2899 descendere.

313 2924 504 2973 Quidquid
526 2923 572 2959 ad
598 2936 735 2972 eorpus
752 2931 914 2971 spectat,
937 2922 1014 2958 sive
1034 2921 1198 2966 bonum,
1221 2920 1299 2956 sive

315 2984 451 3019 malum
468 3011 477 3029 ,
499 2982 587 3018 soris
603 2990 680 3026 est3
704 2995 772 3017 nec
790 2989 911 3030 potest
929 2981 1139 3030 pertingere
1156 2978 1202 3015 ad
1215 2992 1300 3015 eum

313 3044 376 3092 qui
397 3044 495 3078 intus
511 3050 578 3078 est.
598 3041 709 3079 Unde
728 3041 933 3090 Apostolus
959 3041 996 3076 in
1019 3040 1192 3089 squalore
1218 3052 1301 3075 cor-

365 3180 370 3194 ¹
393 3174 471 3204 tuat.
492 3183 625 3209 mxxxiv,
647 3176 700 3208 125,
723 3175 821 3203 t'o.—
846 3178 856 3192 ‘¹
879 3173 954 3202 psal.
973 3184 1001 3201 x«
1016 3183 1088 3207 viii,
1109 3175 1162 3203 lif

428 3228 443 3236 -v

312 3239 333 3257 ιι
373 3224 696 3259 t],i.-—7ld.v11=.
722 3228 745 3253 1,

1365 2579 1440 2602 non
1463 2566 1507 2601 sit
1525 2565 1610 2601 vitas
1631 2574 1666 2601 ct
1691 2565 1859 2601 moribus
1880 2566 2214 2603 accommodatum.
2234 2567 2357 2603 Scien-

1368 2626 1415 2661 tia
1435 2625 1534 2660 enim
1559 2624 1661 2660 inllat
1676 2653 1685 2670 ‚
1705 2625 1864 2662 charitas
1889 2625 2046 2662 aedificat
2063 2632 2088 2661 7.
2110 2630 2183 2663 Aut
2200 2638 2290 2662 vero
2318 2626 2355 2662 in

1367 2682 1584 2730 hujusmodi
1619 2683 1860 2732 exquirendis
1889 2683 2104 2729 elaborant,
2135 2692 2176 2720 ut
2211 2692 2355 2720 tantum

1368 2742 1510 2785 sciant;
1543 2742 1644 2790 quod
1683 2742 1944 2778 tantummodo
1979 2743 2094 2779 servit
2123 2742 2354 2779 curiositati:

1369 2809 1455 2846 aut,
1483 2809 1522 2836 ut
1553 2801 1772 2846 videantur,
1802 2802 1879 2838 sive
1911 2803 2075 2838 sciantur
2100 2802 2218 2848 scii-03
2253 2802 2356 2851 qnod

1369 2859 1483 2896 servit
1508 2860 1676 2896 vanitati.
1710 2864 1753 2896 Et
1775 2861 1843 2897 hoc
1866 2874 1996 2897 eorum
2019 2861 2182 2897 studium
2212 2869 2355 2898 tantum

1369 2926 1490 2968 potest
1508 2920 1703 2967 prolicere,
1719 2920 1806 2955 etin
1826 2921 1940 2956 altum
1963 2933 2001 2957 se
2015 2921 2208 2966 extollere,
2230 2933 2353 2970 quan-

1370 2987 1446 3014 tum
1468 2987 1587 3027 potest
1611 2979 1703 3015 ratio
1724 2979 1803 3015 sine
1822 2992 1962 3016 amore.

1219 3170 1232 3191 ³
1248 3171 1378 3212 l'hilipp.
1397 3182 1433 3207 ιι,
1453 3172 1503 3200 23.
1578 3172 1589 3195 ’ἱ
1612 3173 1764 3203 l('.or.1i.
1787 3176 1816 3201 ὓ.
1839 3190 1877 3192 —
1902 3169 1913 3190 f,
1930 3173 2000 3211 Sap.
2018 3182 2075 3204 vii.
2096 3174 2149 3202 30.
2168 3191 2202 3194 —
2225 3170 2240 3191 ὓ
2256 3175 2267 3202 Ι
2285 3175 2355 3202 (lor.
