2418 3949
117 173 188 209 737

112 376 265 416 peccata
292 370 488 416 excusavi,
521 383 606 406 cum
635 369 681 406 de
708 369 782 406 illis
809 369 1004 406 convictus
1029 369 1100 413 fui,

109 425 193 472 vel,
212 427 315 475 quod
335 427 499 465 deterius
519 437 592 474 est,
615 428 778 465 defendi.
799 428 954 477 Culpam
979 440 1098 464 meam

110 495 189 532 prae
208 484 348 522 rubore
367 487 599 524 confusionis
619 487 782 536 palliavi.
815 487 896 531 Sic,
927 486 979 522 sic
1010 499 1101 534 pec-

109 543 199 580 catis
218 554 370 594 peccata
385 558 534 594 semper
551 546 768 591 accumulo,
786 554 823 582 et
841 545 956 581 vitam
977 558 1096 581 meam

108 602 278 650 quotidie
309 605 498 654 corrigere
517 604 679 654 dispono
699 619 707 640 ε
729 617 877 654 semper
899 612 1023 641 autem
1051 603 1097 640 de

108 660 169 697 die
187 662 225 697 in
246 662 344 699 diem
364 663 520 708 differo,
541 672 578 701 et
597 663 688 699 dum
714 663 786 699 hoc
809 664 847 699 in
869 663 997 699 futuro
1017 663 1097 699 fieri

106 732 301 770 propono,
322 723 363 758 fit
382 722 534 758 utillud
555 723 722 759 futurum
741 736 892 772 semper
920 722 967 759 sit
998 722 1099 758 futu-

107 791 210 825 rum,
230 780 307 816 imo
326 780 491 817 fortassis
510 794 705 829 nunquam
735 782 916 818 futurum.
939 782 1099 818 Domine

103 839 206 873 Deus
226 850 350 882 meus,
371 838 553 887 quamdiu
572 851 710 887 ponam
735 840 891 876 consilia
911 840 950 876 in
975 840 1100 876 anima

104 907 188 931 mea
209 897 246 932 ¹?
279 899 372 944 Quae
405 897 543 933 utilitas
576 897 614 933 in
645 898 828 947 sanguine
863 911 947 934 meo
967 926 977 944 ‚
1007 897 1096 934 dum

103 953 334 992 descendero
354 956 393 992 in
411 957 695 1005 corruptionem
714 959 750 993 ²?
770 961 852 994 Non
871 966 927 994 est
943 958 1096 1004 vitium,

722 176 1005 212 TRACTATUS
1032 175 1096 209 DE
1123 176 1376 210 INTERIORI
1403 177 1554 211 DOMO.

113 248 245 295 debui,
274 250 415 296 celavi3
436 258 495 296 et,
523 251 624 300 quod
644 250 752 300 pejus
773 259 847 296 est,
877 250 923 287 de
944 250 1095 287 confes-
1110 249 1142 267 ⁵⁶

113 307 219 345 sione
241 309 390 346 inanem
421 310 576 359 gloriam
602 311 770 360 quaesivi.
791 309 987 347 Manifesta
1003 322 1096 346 vero
1115 310 1295 360 Aripiam
1329 324 1418 360 ergo
1446 325 1553 357 eum,
1589 326 1635 348 ne
1669 316 1789 350 Deum
1818 314 2006 350 offendam
2032 328 2040 350 :

2084 178 2157 213 733

1145 249 1288 300 ⁰ripio;
1323 253 1562 289 consentiens
1588 262 1713 290 autem
1738 257 1859 291 Deum
1885 254 2050 291 offendo.
2071 256 2158 291 Cor-

2065 313 2155 349 nihil

1167 369 1267 404 enim
1295 382 1365 418 pro
1394 383 1496 416 mea,
1527 371 1592 407 sed
1616 385 1686 420 pro
1716 373 1784 408 Dei
1810 372 1949 421 injuria
1974 373 2159 409 ulciscen-

1166 426 1213 462 da
1239 435 1360 464 totum
1388 429 1498 465 facio.
1520 433 1602 466 Imo
1631 431 1682 466 sic
1710 431 1814 467 illum
1836 432 1907 468 sibi
1934 432 2124 468 restituam
2148 446 2154 466 :

1164 486 1380 534 proximum
1415 488 1513 524 enim
1542 490 1754 538 corripere,
1784 499 1820 526 et
1846 504 1931 527 cum
1955 492 2154 541 castigare,

1164 544 1235 580 hoc
1262 558 1339 581 non
1379 555 1434 582 est
1475 549 1650 596 proximo
1691 561 1845 593 nocere,
1878 550 1942 585 sed
1979 550 2157 599 prodesse

1165 604 1271 640 velle.
1300 605 1358 641 Sic
1384 618 1480 654 saepe
1507 607 1606 655 apud
1640 620 1678 642 se
1703 607 1872 655 loquitur
1900 610 2060 657 maligna
2092 622 2156 644 co-

1164 663 1293 712 gitatio
1324 677 1331 698 :
1363 666 1562 700 excaecavit
1592 666 1691 701 enim
1720 679 1801 702 eam
1832 668 1971 704 malitia
2001 681 2077 704 sua.
2114 672 2157 704 Et

1165 731 1273 772 putat
1294 722 1422 758 odium
1442 736 1550 759 suum
1572 737 1737 760 amorem
1757 738 1857 769 csse,
1875 735 1911 761 et
1935 726 2072 774 injuria
2093 740 2156 763 sua

1161 781 1343 829 justitiam
1365 795 1553 818 exercere.
1580 783 1820 820 Conveniunt
1841 785 1965 833 itaque
1990 785 2158 834 undique·

1166 839 1384 888 hujusmodi
1415 841 1586 889 malignae
1615 842 1862 889 cogitationes
1891 843 1937 878 ad
1971 852 2155 887 mentem,

1163 907 1200 935 et
1219 900 1365 948 fingunt
1381 912 1419 935 se
1436 899 1481 935 ad
1500 899 1723 948 obsequium
1748 902 1815 937 Dei
1830 903 2056 947 convenire,
2082 915 2156 938 non

1163 968 1286 995 autem
1316 972 1424 995 suum
1452 959 1580 995 odium
1612 972 1788 996 exercere
1821 962 1927 997 velle.
1956 961 2159 998 Considera

102 1014 164 1051 cui
185 1015 312 1064 aliquo
337 1015 452 1052 modo
483 1029 561 1052 non
590 1016 796 1052 servierim.
830 1017 964 1054 Omnia
995 1017 1095 1052 enim
1118 1024 1145 1057 B
1162 1030 1251 1066 ergo
1278 1017 1400 1053 adhuc
1429 1017 1658 1066 frequenter,
1679 1020 1801 1067 cogita
1822 1020 2079 1066 vehementer,
2100 1021 2159 1056 in-

100 1073 336 1110 contendunt
361 1074 408 1111 de
433 1087 515 1119 me,
549 1074 658 1123 cujus
684 1075 921 1124 potissimum
954 1075 1094 1111 videar.

99 1135 368 1170 Verumtamen
396 1147 509 1184 super
544 1135 670 1171 omnia
701 1135 791 1172 vitia
812 1163 822 1179 ‚
858 1135 1002 1171 invidia
1037 1147 1096 1171 me

100 1193 354 1242 persequitur.
376 1194 493 1231 Pestis
513 1193 591 1230 haec
613 1193 753 1242 ubique
774 1207 831 1230 me
853 1202 1014 1242 torquet.
1038 1198 1095 1230 Da

101 1262 190 1299 ergo
220 1251 417 1289 consilium
450 1251 645 1301 quomodo
682 1252 783 1288 illam
826 1252 992 1301 effugere
1029 1266 1094 1289 va-

101 1308 210 1346 leam.

397 1421 572 1461 CAPUT
601 1422 795 1461 XXXIII.

258 1543 430 1585 Responsio
452 1544 547 1586 patris
563 1544 731 1586 spiritualis
748 1543 787 1574 de
810 1543 937 1574 invidia.

150 1660 212 1698 70.
241 1662 372 1694 Tristius
385 1668 400 1684 ²¹
418 1663 536 1694 invidia
554 1663 631 1694 nihil
647 1669 711 1700 est,
727 1674 794 1704 quae
811 1663 952 1705 protinus
968 1663 1067 1704 ipsum

285 1719 457 1748 Auctorem
473 1723 595 1758 torquet
614 1717 841 1758 discruciatque
860 1727 962 1748 suum.

1162 1077 1304 1126 vestiga
1331 1077 1532 1125 diligenter
1554 1078 1822 1114 conscientiam
1846 1088 1969 1123 tuam,
1996 1088 2038 1115 ut
2067 1080 2160 1116 scias

1162 1136 1253 1185 quid
1275 1136 1485 1184 corrigere,
1515 1148 1581 1172 seu
1605 1137 1716 1173 etiam
1739 1137 1840 1173 unde
1868 1137 2006 1174 debeas
2025 1138 2160 1187 gratias

1161 1208 1282 1244 agere.
1299 1195 1415 1231 Valde
1438 1195 1538 1232 enim
1561 1195 1650 1231 utile
1676 1204 1714 1232 et
1734 1197 2055 1245 pernecessarium
2077 1206 2158 1242 est,

1162 1263 1202 1291 ut
1226 1255 1320 1292 scias
1344 1254 1434 1304 quid
1458 1254 1554 1291 desit
1581 1254 1667 1299 tibi,
1693 1255 1782 1304 quid
1809 1256 1886 1300 vis,
1907 1256 1998 1306 quid
2030 1256 2158 1306 cupis,

1161 1321 1198 1349 et
1215 1313 1307 1362 quid
1327 1312 1465 1350 habere
1485 1322 1603 1363 optas.

1457 1445 1632 1484 CAPUT
1661 1445 1854 1484 XXXIV.

1189 1565 1354 1596 Accusatio
1370 1564 1416 1596 sui
1433 1565 1472 1596 de
1485 1565 1576 1596 variis
1589 1590 1596 1603 ,
1616 1566 1700 1607 vagis
1713 1571 1743 1597 et
1759 1566 1863 1596 otiosis
1879 1567 2114 1608 cogitationibus
2125 1592 2132 1605 ,

1408 1625 1437 1650 et
1454 1619 1613 1661 responsio
1630 1619 1725 1661 patris
1741 1619 1920 1661 spiritualis.

1219 1730 1278 1766 71.
1309 1730 1468 1766 Facilius
1490 1739 1636 1766 atomos
1658 1731 1789 1768 mundi
1808 1744 1958 1781 possem
1984 1732 2155 1769 dinume-

98 1789 264 1826 Omnino
283 1789 397 1838 igitur
413 1790 588 1839 fugienda
605 1799 661 1827 est
679 1799 716 1826 et
735 1790 984 1836 exsecranda3
1004 1804 1096 1839 quo·
1116 1794 1143 1829 C
1165 1802 1246 1825 rare
1264 1818 1273 1834 ,
1295 1802 1407 1838 quam
1429 1798 1552 1826 motus
1569 1790 1693 1827 cordis
1713 1791 1796 1827 mei.
1815 1792 2000 1828 Velocitas
2018 1793 2158 1829 anima-

97 1848 198 1885 niam
224 1849 263 1885 in
294 1849 356 1885 illa
386 1852 488 1886 Deus
508 1849 734 1894 offenditur,
765 1849 962 1898 proximus
990 1849 1095 1886 laedi-

98 1916 177 1954 tur,
206 1909 354 1945 animus
382 1909 574 1960 affligitur.
605 1909 750 1946 Invidia
779 1910 916 1945 etenim
947 1922 1096 1959 semper

99 1976 252 2017 torquet
268 1969 497 2018 possessoris
516 1969 574 2005 sui
594 1969 783 2014 animum,
804 1969 976 2017 quamvis
996 1982 1094 2018 saepe

99 2026 236 2064 laedere
267 2040 345 2064 non
375 2028 493 2077 possit
521 2040 656 2073 suum,
693 2041 781 2078 erga
815 2041 927 2076 quem
963 2029 1094 2074 saevit‚

98 2086 326 2135 proximum.
360 2087 431 2124 Sed
463 2101 547 2124 cum
582 2088 679 2124 mala
707 2088 753 2124 sit
782 2088 906 2124 omnis
936 2088 1094 2134 invidia,

98 2145 259 2194 pessima
275 2153 400 2182 tamen
421 2154 476 2182 est
495 2145 608 2194 hujus
629 2146 715 2182 mali
734 2147 899 2195 species,
918 2159 1003 2195 quae
1022 2146 1092 2183 sub

97 2205 221 2253 specie
251 2205 458 2242 sanctitatis
485 2219 570 2242 suas
602 2214 754 2242 exercet
786 2205 953 2254 injurias.
985 2209 1091 2255 Saepe

96 2263 195 2299 enim
215 2264 370 2312 quando
390 2264 496 2300 saevit
516 2265 553 2300 in
582 2266 796 2314 proximum
821 2279 865 2301 ex
894 2266 986 2301 vitio
1018 2266 1092 2301 ira-

96 2322 265 2368 cundiae,
287 2323 347 2359 vel
368 2336 515 2360 veneno
534 2324 683 2360 invidiae
697 2352 706 2369 ,
732 2325 839 2373 fingit
861 2324 930 2360 sibi
948 2325 1091 2373 cogita-

97 2380 148 2417 tio
176 2380 280 2430 quod
303 2382 412 2418 saciat
429 2382 522 2418 illud
541 2383 621 2419 zelo
638 2382 804 2431 justitiae.
830 2386 957 2419 Laesus
986 2396 1091 2418 nam-

96 2453 170 2489 que
185 2440 344 2490 quilibet
358 2454 378 2477 a
392 2443 569 2491 proximo
585 2455 673 2488 suo,
691 2455 767 2478 non
780 2442 856 2491 jam
875 2455 960 2477 eum
985 2441 1091 2478 facile

97 2499 284 2548 respicere
311 2509 435 2549 potest
468 2501 626 2550 simplici
659 2501 784 2536 oculo.
817 2500 998 2550 Displicet
1020 2499 1091 2536 sibi

1162 1849 1252 1885 lium
1270 1857 1307 1885 et
1323 1849 1532 1885 volatilium
1551 1850 1643 1886 meis
1659 1850 1824 1887 motibus
1840 1851 2063 1901 aequiparari
2079 1865 2157 1888 non

1161 1915 1299 1957 potest.
1332 1908 1587 1957 Cogitationes
1616 1921 1717 1945 meas
1752 1922 1826 1945 non
1859 1919 1914 1947 est
1941 1911 2006 1959 qui
2037 1911 2156 1960 possit

1161 1967 1496 2015 comprehendere.
1516 1967 1798 2004 Desideriorum
1819 1982 1988 2005 meorum
2008 1982 2085 2005 non
2101 1978 2157 2006 est

1162 2026 1308 2062 modus.
1330 2028 1438 2062 Nunc
1459 2026 1540 2071 illa,
1562 2040 1663 2063 nunc
1686 2028 1754 2064 ista
1769 2028 1891 2077 cogito
1908 2037 1945 2064 et
1963 2028 2154 2073 desidero,

1163 2097 1231 2121 nec
1250 2085 1319 2121 ista
1335 2113 1344 2130 ,
1368 2097 1437 2121 nec
1454 2085 1515 2121 illa
1535 2085 1674 2122 habere
1692 2099 1857 2136 possum.
1879 2091 1978 2124 Dum
1994 2101 2154 2138 corpore

1157 2158 1272 2190 vaco,
1307 2145 1596 2195 cogitationibus
1629 2159 1698 2195 per
1726 2147 1875 2184 diversa
1910 2149 1992 2185 loca
2022 2161 2151 2197 vagor.

1157 2204 1267 2241 Nulla
1286 2203 1398 2247 hora,
1422 2204 1527 2240 nullo
1547 2205 1727 2253 temporis
1746 2215 1940 2242 momento
1963 2206 2118 2255 quiesco
2144 2221 2151 2240 :

1158 2264 1223 2300 sed
1244 2263 1282 2299 in
1302 2271 1495 2299 momento
1508 2291 1516 2307 ‚
1536 2263 1574 2299 in
1597 2263 1674 2299 ictu
1691 2265 1792 2300 oculi
1816 2278 1884 2314 per
1900 2266 2017 2302 multa
2036 2265 2156 2315 spatia

1157 2323 1325 2358 locorum
1353 2322 1588 2367 discurrens,
1618 2335 1736 2359 novas
1761 2332 1952 2360 creaturas
1977 2337 2088 2369 creo;
2119 2333 2157 2360 et

1157 2382 1293 2418 iterum
1314 2381 1462 2418 easdem
1483 2381 1612 2417 eadem
1635 2381 1810 2418 facilitate
1835 2382 1944 2419 deleo
1963 2411 1972 2429 ,
2003 2383 2062 2419 vel
2081 2383 2155 2419 alio

1158 2449 1273 2490 atque
1298 2441 1372 2477 alio
1403 2440 1517 2477 modo
1544 2441 1808 2490 multipliciter
1833 2443 1952 2479 vario.
1976 2442 2076 2479 Illud
2096 2444 2154 2479 vel

1157 2499 1250 2536 illud
1266 2499 1406 2536 habere
1423 2499 1598 2536 desidero
1614 2527 1623 2545 ‚
1646 2500 1729 2537 talis
1749 2501 1809 2536 vel
1826 2501 1909 2537 talis
1925 2513 2005 2537 esse
2023 2501 2151 2550 cupi0‚

97 2558 280 2608 quidquid
309 2559 357 2596 ab
385 2560 450 2596 illo
482 2561 563 2596 fieri
592 2560 818 2597 considerat.
859 2560 972 2597 Omni
1014 2560 1091 2595 fere
1107 2562 1140 2596 D
1158 2559 1264 2608 quasi
1287 2562 1390 2595 Deus
1410 2558 1502 2594 illud
1523 2559 1630 2604 dare,
1653 2559 1710 2595 vel
1732 2560 1843 2596 talem
1863 2573 1922 2596 me
1943 2562 2065 2597 facere
2084 2573 2154 2597 ne—

98 2616 191 2652 liora
218 2618 328 2654 tacita
355 2617 457 2667 apud
486 2630 525 2654 se
551 2619 775 2667 cogitatione
797 2619 899 2654 illum
927 2627 1088 2654 accusat.

98 2678 265 2724 Surgunt
285 2689 404 2712 causae
435 2677 604 2726 quotidie
625 2677 851 2722 innumerae,
873 2690 957 2725 quae
985 2678 1090 2713 illum

98 2734 324 2783 culpabilem
343 2736 550 2772 ostendunt
566 2750 573 2771 :
593 2745 800 2772 occurrunt
817 2737 981 2774 rationes
998 2738 1091 2773 mul-

101 2801 165 2838 tae,
195 2806 278 2842 quae
311 2794 416 2831 illum
451 2808 576 2840 reum,
614 2795 719 2830 illum
749 2808 828 2831 esse
855 2795 1090 2844 puniendum

99 2853 342 2890 convincunt.
371 2854 511 2891 Crescit
533 2863 657 2890 autem
688 2867 786 2903 saepe
812 2867 979 2904 eousque
1008 2868 1091 2891 ma-

101 2912 178 2948 lum
192 2939 203 2958 ,
225 2920 267 2948 ut
287 2911 386 2961 apud
407 2916 527 2949 Deum
555 2926 634 2950 esse
663 2913 790 2950 credat
810 2927 849 2950 se
871 2927 998 2959 reum,
1022 2915 1092 2950 nisi

101 2970 205 3007 illum
233 2971 400 3008 severius
425 2973 624 3022 corripiat,
644 2981 681 3008 et
699 2972 745 3010 de
765 2986 831 3009 sua
851 2973 1093 3022 perversitate

103 3028 314 3078 redarguat.
341 3032 527 3080 Loquitur
551 3032 652 3068 enim
678 3032 779 3081 apud
807 3045 846 3068 se
878 3031 1095 3079 hujusmodi

103 3088 265 3138 maligna
289 3090 464 3138 cogitatio
482 3105 489 3127 ε
508 3094 716 3140 Usquequo
737 3091 841 3127 illum
867 3090 976 3126 talem
999 3090 1096 3126 tole-

105 3149 171 3184 roi’
195 3150 414 3186 Consentire
435 3150 468 3186 ei
493 3149 737 3200 comprobor,
760 3151 789 3186 si
811 3162 895 3185 cum
919 3162 994 3185 non
1021 3162 1098 3185 cor-

156 3279 163 3293 ¹
183 3273 260 3303 l‘sal.
280 3285 349 3308 xii,
373 3277 406 3304 2.
427 3292 467 3297 —
486 3279 496 3294 ²
517 3275 593 3305 Paul.
611 3286 710 3309 xxix,
735 3278 784 3303 ¹0.

263 3344 352 3365 Tou.
384 3343 417 3365 V.

1157 2618 1280 2654 scierit
1298 2646 1308 2658 ,
1329 2626 1394 2653 aut
1411 2630 1487 2652 non
1508 2618 1686 2666 potuerit.

1211 2677 1273 2714 72.
1297 2678 1328 2714 Ο
1358 2684 1485 2712 custos
1506 2675 1648 2720 cordis,
1675 2688 1787 2724 quam
1817 2676 2005 2712 modicum
2027 2685 2062 2713 et
2086 2690 2154 2713 cu-

1157 2736 1288 2787 pidum
1306 2748 1371 2771 cor
1388 2734 1504 2770 habes
1522 2737 1529 2770 !
1555 2747 1714 2783 parvum
1732 2743 1788 2770 est
1801 2762 1810 2778 ,
1830 2744 1866 2770 et
1884 2748 2016 2785 magna
2034 2737 2151 2785 cupit.

1157 2797 1227 2832 Vix
1243 2794 1291 2831 ad
1307 2795 1417 2830 unius
1439 2794 1544 2829 milvi
1565 2793 1805 2829 refectionem
1822 2795 1994 2831 sufficere
2011 2804 2153 2844 posset,

1158 2863 1196 2891 et
1216 2862 1315 2889 totus
1336 2851 1501 2888 mundus
1519 2851 1553 2888 ei
1576 2864 1651 2887 non
1672 2852 1822 2888 suflicit.
1845 2853 1932 2889 Solo
1953 2854 2067 2889 corde
2084 2866 2154 2902 per

1160 2921 1280 2949 totum
1308 2910 1493 2946 mnndum
1513 2923 1608 2959 vago
1634 2918 1739 2946 motu
1759 2910 1951 2947 discurris.
1976 2913 2064 2948 Sine
2080 2925 2154 2961 pc·-

1160 2971 1271 3008 dibus
1298 2970 1418 3006 curris
1435 2999 1443 3010 ,
1467 2969 1547 3005 sine
1568 2968 1742 3005 manibus
1765 2970 1956 3018 operaris,
1975 2971 2052 3007 alas
2077 2984 2152 3006 nun

1160 3029 1298 3074 habes,
1330 3037 1367 3064 et
1390 3029 1518 3064 volare
1539 3041 1614 3064 non
1639 3041 1771 3064 cessas.
1801 3029 1958 3066 Divitias
1984 3031 2154 3078 quotidie

1164 3101 1388 3137 congregas,
1411 3095 1447 3123 et
1468 3087 1592 3124 satiari
1616 3100 1693 3123 uon
1714 3096 1821 3136 potes
1851 3102 1856 3123 :
1887 3089 2017 3137 epulas
2032 3089 2078 3125 ad
2097 3103 2158 3124 rc-

1169 3147 1367 3184 fectioncm
1398 3158 1505 3195 paras
1519 3174 1528 3191 ‚
1551 3155 1587 3183 et
1610 3146 1695 3182 inde
1717 3159 1793 3183 nou
1814 3147 1979 3184 comedis
1997 3163 2005 3184 :
2027 3148 2104 3184 haec
2124 3157 2160 3183 ct

1281 3276 1293 3290 ³
1311 3271 1394 3301 Alias
1408 3295 1414 3302 ,
1432 3273 1560 3300 Iustius.
