2418 3949
46 191 2094 232 OG&9OGOOGGOOOQGOQOQQOOQOQQGDQQQQQQQQQGQQGQQGQQQOQOQOWOOE&30

686 380 762 435 IN
803 366 1085 438 TOMUM
1126 381 1174 436 v
1220 380 1313 434 ET
1355 379 1434 434 vl

523 585 1618 724 PRAEFATIO.

104 1072 139 1112 l.
160 1071 363 1112 Genuinis
380 1071 512 1112 sancti
530 1070 733 1112 Bernardi
751 1069 961 1124 Operibus
975 1069 1173 1111 omnibus
1190 1070 1235 1110 in
1250 1069 1436 1124 primum
1453 1066 1650 1108 volumen
1662 1065 1890 1118 congestis,
1907 1068 2097 1117 superest

46 1151 94 1186 ut
116 1146 161 1186 in
181 1146 260 1188 hoc
288 1143 465 1188 alterum
482 1147 771 1201 supposititia,
797 1151 838 1188 et
853 1147 986 1194 aliena
1004 1145 1315 1188 concludamus.
1335 1144 1458 1197 Quod
1477 1157 1562 1198 qua
1583 1143 1768 1194 ratione,
1792 1153 1930 1195 quove
1949 1139 2096 1181 ordine

47 1222 122 1264 fiet
135 1254 146 1275 ,
171 1223 239 1264 hic
254 1224 398 1277 paucis
420 1223 713 1277 explicandum
732 1227 807 1265 est.

104 1300 162 1340 Π.
184 1300 274 1340 Hoc
298 1299 506 1352 posterius
533 1299 729 1340 volumen
752 1298 918 1340 duobus
936 1301 1060 1341 tomis
1084 1304 1246 1341 constat
1268 1314 1277 1341 :
1301 1300 1347 1341 in
1363 1310 1547 1353 quorum
1565 1298 1695 1339 altero
1713 1295 1930 1338 Gillebcrti
1948 1295 2094 1336 Conti-

45 1376 188 1416 nuatio
206 1377 251 1416 in
265 1377 465 1441 pantica,
493 1376 656 1430 aliaque
678 1376 864 1430 ejusdem
886 1377 1048 1418 abbatis
1071 1377 1284 1431 Opuseula
1315 1381 1357 1417 et
1384 1375 1607 1429 Epistolae3
1631 1373 1841 1427 simulque
1871 1371 2000 1412 dubia
2023 1383 2096 1410 seu

43 1458 330 1506 controversa,
355 1458 396 1494 et
413 1453 626 1494 Bernardo
645 1453 749 1494 falso
767 1454 977 1507 adscripta
992 1455 1260 1495 continentur
1280 1466 1289 1493 ε
1308 1453 1353 1492 in
1372 1451 1501 1492 altero
1526 1453 1689 1491 exstant
1710 1448 1901 1489 Guerrici
1920 1446 2094 1496 abbatis,

44 1529 175 1569 sancti
189 1529 381 1570 Doctoris
398 1529 607 1582 discipuli,
629 1531 858 1581 SermoneS,
876 1530 1144 1571 Bernardinis
1158 1529 1253 1570 stilo
1272 1533 1312 1569 et
1330 1529 1482 1582 pietate
1501 1526 1668 1578 affines3
1691 1525 1895 1577 Guigonis
1912 1522 2095 1576 ejusdem

44 1599 165 1646 amici
188 1605 379 1659 quaedam
403 1607 608 1660 epistolae3
636 1607 743 1647 varii
765 1607 865 1648 libri
888 1607 939 1648 de
971 1610 1008 1648 S.
1028 1605 1232 1647 Bernardi
1258 1606 1354 1645 Vita
1378 1609 1419 1644 et
1442 1602 1681 1653 miraculis3
1709 1600 1903 1643 Gaufridi
1932 1599 2095 1640 abbatis

46 1682 240 1735 quaedam
259 1684 459 1737 opuscula
475 1698 485 1736 ;
509 1685 711 1725 nonnulla
727 1685 778 1726 de
796 1688 834 1727 S.
859 1685 1062 1727 Bernardi
1077 1683 1396 1726 Canonizatione
1412 1695 1423 1734 ;
1441 1681 1625 1734 denique
1637 1678 1890 1720 Testimonia
1907 1678 2098 1717 virorum

44 1759 271 1801 illustrium
286 1759 338 1801 de
356 1766 498 1802 sancto
516 1763 695 1803 Doctore
711 1762 879 1815 eodem,
903 1775 979 1803 nec
1000 1775 1084 1803 non
1099 1762 1272 1803 diversae
1286 1761 1391 1801 Vitae
1414 1761 1453 1801 S.
1475 1757 1677 1800 Bernardi
1691 1789 1701 1808 ,
1723 1761 1800 1797 etc.

103 1837 182 1877 ΠΙ.
207 1837 396 1878 Primum
414 1839 458 1878 in
478 1842 592 1879 tomo
615 1840 764 1893 quinto
784 1840 922 1881 locum
945 1840 1025 1880 sibi
1042 1839 1228 1880 vindicat
1243 1839 1483 1879 continuata
1499 1849 1577 1889 per
1592 1835 1867 1877 G-illebertum
1883 1832 2096 1886 Expositio

45 1915 90 1954 in
108 1914 275 1954 Cantica
293 1916 550 1956 canticorum
569 1930 578 1956 :
598 1921 645 1956 ut
663 1929 788 1970 quam
813 1917 1003 1970 proxime
1021 1916 1303 1957 Bernardinos
1330 1916 1374 1955 in
1398 1913 1541 1954 eadem
1560 1913 1729 1953 Cantica
1756 1914 1996 1961 Sermones,
2022 1910 2096 1962 qui

45 1994 277 2030 extremum
290 1991 333 2030 in
349 1992 555 2044 superiori
576 1991 785 2033 volumine
801 1993 939 2034 locum
950 1999 1168 2047 occupant,
1179 1993 1265 2033 haec
1279 1992 1548 2033 Continuatio
1561 1990 1856 2042 subsequatur.
1872 1987 2098 2028 Gilleberto

45 2079 273 2120 cognomen
301 2067 383 2107 fuit
412 2067 463 2107 de
492 2068 739 2120 Hoilandia,
773 2069 889 2122 quod
922 2069 1174 2109 vocabulum
1203 2073 1265 2108 est
1292 2067 1437 2107 insulae
1460 2078 1532 2106 seu
1563 2064 1854 2119 proxinciolae,
1881 2063 2027 2115 Anglis
2058 2067 2099 2102 et

46 2144 176 2184 Scotis
200 2144 488 2193 conterminae,
516 2156 643 2197 quam
662 2144 874 2185 Velandus
898 2149 938 2185 et
961 2144 1121 2185 Lindus
1145 2144 1265 2184 fluvii
1294 2142 1593 2183 circumfluunt
1617 2156 1625 2181 :
1645 2142 1789 2194 quain
1815 2140 1949 2179 insula
1969 2140 2097 2179 situm

45 2224 133 2260 erat
153 2221 451 2260 monasterium
469 2221 750 2261 Swinhetense
767 2252 777 2272 ,
802 2221 870 2261 cui
889 2220 1139 2262 Gillebertus
1161 2220 1289 2261 abbas
1311 2219 1504 2273 praefuit,
1534 2217 1813 2258 Lineolniensi
1835 2215 2005 2256 dioecesi
2030 2221 2095 2256 at-

46 2297 267 2337 tributum.
289 2298 455 2351 Duplex
473 2297 641 2338 videtur
657 2298 786 2339 fuisse
803 2297 909 2339 illud
927 2298 1226 2338 monasterium
1240 2328 1250 2347 ,
1271 2297 1460 2336 virorum
1481 2307 1528 2335 ac
1546 2295 1783 2347 virginum,
1806 2291 1921 2346 quod
1939 2297 2028 2333 tum
2048 2305 2098 2332 ex

45 2374 211 2415 AElredo
227 2374 375 2415 abbate
393 2375 643 2433 Rievallcnsi
656 2407 667 2427 ,
688 2380 780 2416 tum
796 2388 847 2416 ex
866 2376 998 2429 ipsius
1018 2374 1232 2416 Gilleberti
1248 2372 1511 2414 sermonibus
1531 2371 1744 2412 nonnullis
1761 2370 1812 2410 ad
1831 2371 1994 2411 easdem
2013 2372 2098 2411 rir-

45 2453 160 2505 gines
189 2451 341 2492 habitis
367 2452 593 2506 colligitur.
624 2453 816 2494 AElredus
848 2455 1007 2507 quippe
1039 2463 1229 2493 sermone
1260 2449 1443 2490 secundo
1475 2449 1517 2488 in
1548 2448 1699 2488 Isaiam
1725 2448 1978 2488 mentionem
2000 2447 2098 2487 facit

52 2547 67 2562 «
93 2528 143 2569 de
163 2530 412 2570 monasterio
432 2530 658 2583 virginum,
675 2543 768 2584 quoe
785 2530 864 2571 sub
881 2529 1124 2579 venerabili,
1137 2532 1177 2568 et
1193 2538 1288 2567 cum
1306 2537 1466 2566 summa
1484 2524 1716 2564 reverentia
1733 2523 1990 2564 nominando
2004 2535 2097 2564 san-

52 2625 68 2639 »
93 2610 158 2646 cto
175 2610 292 2660 patre
309 2606 536 2648 Gilleberto
550 2607 698 2647 uberes
719 2608 930 2660 pudicitiae
950 2608 1113 2648 fructus
1130 2602 1320 2658 quotidie
1336 2602 1627 2643 transmittunt
1642 2600 1696 2642 ad
1711 2600 1851 2642 coelos.
1878 2620 1892 2635 »
1922 2603 1972 2642 Et
1995 2603 2094 2656 qui-

46 2683 140 2723 dem
161 2683 411 2724 Gillebertus
428 2684 514 2736 ipse
534 2687 748 2725 Sermones
771 2684 975 2738 quosdam
997 2685 1038 2724 in
1062 2683 1229 2725 Cantica
1251 2679 1363 2734 apud
1385 2677 1476 2719 illas
1496 2679 1680 2732 virgines
1703 2680 1925 2731 peroravit,
1950 2692 2096 2732 nempe

53 2763 99 2801 17
119 2765 159 2800 et
174 2761 236 2801 18.
260 2763 308 2800 ln
328 2761 458 2813 priori
474 2761 583 2801 enim
604 2761 712 2801 inter
724 2761 802 2801 alia
820 2762 1018 2814 leguntur
1036 2760 1122 2801 haec
1141 2757 1282 2807 verba,
1303 2769 1418 2797 num.
1441 2758 1464 2796 8
1487 2770 1496 2795 ε
1516 2774 1530 2788 «
1547 2754 1655 2806 Tibi,
1675 2756 1866 2805 Domine,
1881 2768 2094 2796 commen-

52 2856 67 2869 »
93 2836 147 2876 (10
170 2837 281 2877 hunc
303 2837 531 2890 Libanum,
556 2838 769 2890 egregium
795 2838 907 2878 hunc
923 2838 1098 2878 chorum
1126 2837 1354 2888 virginum,
1377 2846 1587 2874 sacrarum
1611 2837 1765 2873 emtum
1784 2832 2051 2873 feminarum.
2077 2854 2090 2868 υ

49 2915 193 2966 ltaque
216 2915 366 2966 partim
387 2913 440 2954 ad
459 2915 696 2966 monachos,
721 2916 875 2967 parlim
899 2914 951 2955 ad
970 2913 1300 2954 sanctimoniales
1316 2911 1445 2951 habiti
1464 2914 1561 2950 sunt
1584 2911 1651 2949 isti
1670 2922 1895 2961 sermoneS,
1922 2923 2096 2950 numero

48 2994 139 3029 octo
156 2994 196 3030 et
214 2989 504 3043 quadraginta,
524 2991 596 3044 qui
615 2991 739 3043 paulo
757 2992 894 3032 minus
914 2990 1067 3031 liabent
1086 2990 1213 3040 succi,
1228 2987 1510 3032 sublimitatis,
1528 2991 1568 3026 ct
1587 2985 1818 3026 virtutisad
1844 2987 2095 3039 persuaden-

47 3066 163 3117 dum,
179 3079 303 3120 quam
325 3066 583 3108 Bernardini.
604 3069 690 3108 Hos
714 3081 838 3121 porro
853 3068 1066 3109 Gillclwrli
1089 3071 1318 3116 Sermones,
1338 3066 1411 3118 qni
1431 3066 1472 3104 in
1490 3077 1595 3103 nova
1613 3064 1687 3102 liae
1705 3062 1886 3103 editione
1905 3064 2094 3104 innume-

49 3144 105 3183 ris
131 3145 290 3185 mendis
322 3146 536 3198 repurgati
572 3145 805 3198 prodeunt,
839 3158 932 3186 cnm
960 3145 1086 3184 veleri
1118 3144 1342 3196 exemplari
1371 3141 1655 3181 Vallis-Clara·
1678 3141 1898 3193 diligenter
1921 3142 2092 3181 contulit

51 3227 193 3269 rog-atu
229 3227 371 3262 nostro
403 3223 620 3275 religiosus
647 3236 692 3263 ac
729 3224 820 3276 pins
857 3224 922 3262 vir
954 3224 1000 3262 l).
1038 3223 1216 3261 joannes
1243 3220 1422 3272 Baptista
1457 3217 1508 3258 ‹le
1549 3217 1773 3266 Noinville,
1803 3217 1987 3269 ejusdcm
2017 3218 2092 3257 loci

55 3298 184 3349 l‘rior,
203 3300 358 3339 amicus
381 3312 516 3345 meus,
545 3300 615 3351 qni
644 3304 682 3340 et
700 3300 889 3339 (lanfridi
915 3303 951 3339 S.
984 3298 1177 3339 Bernardi
1202 3297 1348 3337 notarii
1371 3295 1555 3335 lilwllum
1581 3294 1780 3334 mlx-orsus
1803 3295 1976 3333 (iilbrrli
2000 3297 2094 3333 l‘or-
