2418 3949
155 193 224 232 ‘721
755 195 1039 231 TRACTATUS
1065 195 1132 229 DE
1159 195 1415 232 INTERIORI
1444 199 1595 235 DOMO.
2126 204 2200 241 722

149 270 307 309 Confido
331 270 370 307 in
392 269 576 317 Domino,
604 270 782 319 quoniam
807 270 992 320 quidquid
1014 270 1333 308 minus⁵³¹mente
1349 273 1575 311 sordidaris?
1592 288 1658 311 cur
1676 276 1800 313 minus
1816 276 2006 316 erubescis
2023 279 2201 329 pudenda

148 337 205 366 est
220 330 259 366 in
277 338 312 366 te
333 329 492 366 fervoris
511 337 550 366 et
564 328 656 365 boni
672 329 796 378 operis
808 357 818 375 ,
843 329 1032 366 humilitas
1042 341 1141 378 sup·
1160 334 1194 366 A
1208 330 1331 367 cordis
1348 359 1358 376 ,
1381 345 1491 380 quam
1516 334 1694 382 pudenda
1721 336 1868 372 carnis?
1895 350 1962 374 cur
1984 339 2101 388 magis
2130 352 2198 376 ve-

147 388 267 439 plebit
290 402 395 440 purae
419 389 676 426 confessionis.
705 392 950 437 Quacumque
974 400 1138 437 namque

147 447 241 485 hora
275 456 450 497 peccator
482 460 685 484 conversus
729 448 976 496 ingemuerit,
1012 448 1138 484 salvus

146 507 218 543 erit
247 514 272 553 ¹,
305 508 482 557 quoniam
512 521 577 544 cor
609 508 810 544 contritum
839 516 876 543 et
900 507 1137 543 humiliatum

146 569 249 603 Deus
270 579 347 603 non
367 567 545 617 despiciet
563 573 587 602 ².
613 566 770 603 Tardius
787 565 970 615 siquidem
987 565 1138 602 videtur

145 628 227 662 Deo
251 626 398 662 veniam
428 626 615 676 peccatori
643 625 809 671 dedisse,
844 638 956 674 quam
991 626 1054 662 ille
1072 638 1136 661 ac-

145 685 300 734 cepisse.
327 685 386 721 Sic
413 685 512 721 enim
541 685 690 721 festinat
715 685 927 721 misericors
947 688 1050 722 Deus
1065 683 1135 721 ab—

143 744 291 781 solvere
325 757 430 780 reum
465 757 486 779 a
523 752 712 780 tormento
749 744 988 781 conscientiae
1027 757 1129 790 suae,

143 803 249 852 quasi
276 803 361 853 plus
388 803 531 839 cruciet
558 804 840 840 misericordem
872 808 993 841 Deum
1026 817 1132 840 com-

141 863 266 912 passio
285 862 429 908 miseri,
453 875 565 911 quam
581 863 704 912 ipsum
724 864 902 900 miserum
924 864 1133 914 compassio

142 922 212 958 sui.
236 922 308 970 Qui
331 922 432 958 enini
456 934 544 958 vere
569 922 727 972 poenitet
751 930 788 958 et
803 923 990 960 veraciter
1010 923 1133 970 dolet,

142 979 283 1030 absque
308 979 424 1017 dubio
445 989 483 1017 et
504 980 646 1030 absque
661 993 765 1017 mora
782 981 1053 1032 indulgentiam
1069 996 1134 1019 ae—

1203 390 1296 426 reris
1319 391 1452 434 ,vultus
1483 392 1700 439 hominum,
1728 408 1839 443 quam
1868 396 1997 433 vultus
2027 399 2197 448 Angelo-

1204 450 1315 484 rum?
1333 450 1429 487 Talis
1448 452 1618 488 confusio
1642 463 1788 503 separat
1807 468 1828 491 a
1846 459 1940 492 Deo.
1965 458 2095 495 Omnis
2111 471 2196 508 spes

1203 509 1322 544 veniae
1350 518 1387 545 et
1407 511 1670 548 misericordiae
1690 522 1745 549 est
1766 514 1805 549 in
1827 516 2064 553 confessione
2088 530 2189 554 vera.

1203 567 1381 604 Simulata
1409 582 1570 619 namque
1597 572 1782 608 confessio
1809 587 1883 610 non
1905 584 1960 611 est
1984 577 2190 624 confessio,

1203 625 1267 661 sed
1288 626 1428 676 duplex
1448 629 1631 665 confusio.
1655 631 1830 668 Excludit
1854 634 1952 669 enim
1981 636 2193 673 miseratio-

1202 696 1288 720 nem
1319 686 1388 721 Dei
1416 687 1575 722 miseriae
1604 688 1792 725 simulatio
1815 705 1822 726 :
1844 704 1913 727 nec
1945 692 2111 741 dignatio
2132 695 2192 731 lo-

1200 756 1285 778 cum
1317 743 1448 789 habet,
1483 744 1547 780 ubi
1571 746 1684 782 fuerit
1715 747 1905 797 dignitatis
1932 755 2188 802 praesumptio.

1199 806 1387 839 Provocat
1411 817 1503 840 vero
1527 807 1825 854 compassionem
1854 808 2006 845 humilis
2033 812 2191 849 miseriae

1199 863 1395 899 confessio.
1428 864 1538 900 Nulla
1567 873 1623 901 est
1653 866 1753 901 enim
1791 874 1864 903 tam
1900 869 2023 916 gravis
2058 871 2188 920 culpa,

1201 935 1282 971 quae
1305 935 1382 958 non
1402 922 1539 959 habeat
1558 924 1705 960 veniam
1732 938 1800 975 per
1819 939 1952 976 puram
1980 929 2190 966 confessio-

1200 993 1301 1017 nem.
1324 982 1422 1018 Vitia
1441 982 1556 1030 igitur
1573 983 1698 1020 cordis
1720 984 1772 1020 tui
1792 993 1829 1021 et
1848 998 1981 1034 pravas
1998 988 2191 1037 cogitatio-

141 1040 265 1090 cipiet.
290 1043 336 1078 Et
361 1049 502 1090 quanto
524 1041 608 1090 quis
635 1041 886 1090 frequentius,
916 1049 1132 1090 quantoque
1151 1044 1178 1077 B
1199 1053 1264 1077 nes
1293 1041 1393 1077 illico
1422 1041 1630 1078 manifesta.
1659 1046 1851 1079 Peccatum
1870 1045 1969 1082 enim
1996 1047 2190 1095 proditum

139 1100 399 1138 vehementius
421 1101 468 1137 de
490 1114 558 1138 suo
584 1108 689 1137 reatu
714 1101 864 1137 interno
889 1100 1022 1137 dolore
1049 1101 1131 1137 affi-

140 1159 256 1206 citur,
274 1169 377 1197 tanto
393 1161 546 1206 certior,
567 1168 747 1209 tantoque
764 1160 932 1196 securior
948 1159 994 1196 de
1009 1160 1133 1196 indul-

138 1220 273 1269 gentiae
301 1221 411 1257 venia
439 1221 614 1257 efficitur.
645 1219 738 1256 Inde
766 1227 821 1256 est
843 1219 946 1269 quod
969 1220 1130 1257 animam

137 1280 368 1329 poenitentiae
392 1281 565 1330 lacrymis
588 1281 763 1317 afflictam
780 1309 789 1326 ,
817 1288 890 1316 tam
915 1280 1131 1329 frequenter

137 1353 250 1389 quam
282 1339 443 1377 libenter
470 1341 687 1377 consolatur
713 1339 874 1390 Spiritus
902 1340 1126 1389 paracletus.

135 1401 241 1437 Illam
263 1401 480 1450 frequenter
503 1402 652 1446 visitat,
677 1401 778 1437 illam
796 1399 956 1436 libenter
972 1400 1127 1436 consor—

137 1468 190 1496 tat
203 1488 213 1506 ‚
227 1469 264 1497 et
279 1460 325 1497 ad
341 1461 460 1498 veniae
478 1461 652 1497 fiduciam
669 1461 779 1510 plene
795 1460 995 1504 reformat,
1014 1472 1125 1508 quam

136 1531 203 1555 sua
217 1521 358 1557 scelera
375 1520 501 1557 flendo
524 1520 724 1565 damnare,
745 1528 782 1556 et
804 1519 1017 1555 damnando
1037 1519 1127 1556 flere

135 1579 356 1617 considerat.
377 1580 515 1630 Incipit
537 1589 677 1617 extunc
700 1580 871 1629 quaedam
898 1579 1126 1616 familiaritas

135 1637 233 1674 inter
256 1641 376 1675 Deum
393 1647 430 1675 et
446 1640 606 1676 animam
622 1668 632 1685 ,
654 1651 699 1675 eo
715 1638 818 1688 quod
843 1638 921 1674 haec
936 1651 974 1674 se
992 1639 1126 1675 sentiat

133 1695 181 1732 ab
202 1697 267 1733 illo
289 1698 423 1748 saepius
445 1699 609 1743 visitari,
633 1707 671 1735 et
693 1710 740 1734 ex
761 1696 842 1746 ejus
859 1696 1023 1733 adventu
1050 1710 1124 1733 non

135 1763 278 1792 tantum
302 1756 380 1806 jam
405 1758 613 1803 consolari,
639 1758 715 1793 imo
733 1756 930 1806 aliquoties
959 1756 1123 1805 quodam

133 1814 315 1852 ineffabili
330 1817 467 1866 gaudio
483 1817 632 1867 repleri.

185 1876 251 1913 43.
278 1876 348 1914 Sed
369 1877 415 1914 ad
435 1877 513 1914 haec
535 1877 619 1927 quis
637 1876 818 1913 idoneus?
844 1876 1014 1914 Profecto
1037 1890 1127 1913 vere

132 1936 330 1984 poenitens.
356 1938 490 1974 Omnia
515 1937 654 1973 etenim
677 1936 715 1973 in
741 1936 976 1973 confessione
1001 1937 1127 1973 lavan-

133 2002 195 2030 tur
215 2009 224 2031 ς
245 1996 472 2032 conscientia
491 1995 694 2032 mundatur
707 2024 715 2039 ‚
736 1995 948 2032 amaritudo
966 1996 1123 2042 tollitur,

132 2063 323 2103 peccatum
351 2056 518 2105 fugatur,
547 2055 795 2104 tranquillitas
821 2055 938 2100 redit,
964 2068 1049 2105 spes
1066 2068 1126 2092 re—

130 2113 299 2159 viviscit,
317 2115 464 2152 animus
481 2115 678 2151 hilarescit.
698 2119 784 2152 Post
799 2114 1029 2164 Baptismum
1045 2115 1127 2151 nul-

131 2172 208 2208 lum
244 2173 346 2210 aliud
387 2173 496 2210 nobis
535 2174 781 2210 constitutum
824 2182 880 2210 est
917 2173 1124 2209 remedium

129 2245 241 2281 quam
273 2234 525 2271 Confessionis
553 2234 752 2284 refugium.
783 2234 837 2270 Sit
867 2246 956 2283 ergo
986 2233 1123 2271 devota

127 2290 251 2328 cordis
266 2292 506 2341 compunctio
520 2320 530 2338 ,
543 2305 633 2329 vera
648 2292 724 2329 oris
737 2291 922 2328 confessio
935 2319 945 2337 ,
964 2291 1122 2328 discreta

126 2350 248 2388 carnis
275 2351 533 2397 mortificatio,
561 2351 756 2401 repentina
782 2352 960 2388 vitiorum
987 2352 1120 2388 exstir-

126 2409 254 2458 patio,
285 2410 368 2447 laeta
401 2409 590 2447 bonorum
623 2423 780 2460 operum
809 2409 1008 2447 exhibitio.
1035 2414 1119 2447 Non

125 2467 324 2506 erubescas
350 2473 429 2507 Deo
464 2470 657 2515 confiteri,
687 2470 746 2506 cui
776 2483 853 2506 non
885 2478 994 2520 potes
1028 2469 1116 2507 abs-

130 2527 254 2564 condi.
283 2531 366 2578 Ipse
393 2529 493 2566 enim
521 2529 628 2566 novit
665 2528 885 2566 abscondita
917 2528 1114 2575 cordium,

1199 1101 1272 1136 cito
1298 1109 1451 1136 curatur
1472 1115 1480 1136 :
1503 1101 1643 1138 crimen
1675 1115 1764 1138 vero
1786 1104 1944 1140 tacendo
1973 1106 2186 1155 ampliatur.

1196 1160 1335 1196 Vitium
1373 1160 1403 1196 si
1434 1169 1559 1210 patet,
1593 1161 1633 1197 fit
1664 1174 1709 1198 ex
1743 1175 1879 1211 magno
1910 1164 2089 1212 pusillum
2120 1180 2128 1201 :
2160 1168 2190 1202 si

1197 1219 1306 1265 latet,
1332 1219 1372 1256 fit
1394 1233 1440 1256 ex
1457 1220 1613 1256 minimo
1641 1234 1832 1270 magnum.
1853 1225 1944 1258 Nam
1963 1224 2073 1261 velox
2099 1238 2191 1261 con-

1196 1279 1307 1315 fessio
1335 1279 1516 1315 velociter
1542 1279 1764 1316 medicinam
1791 1281 1888 1317 facit.
1911 1283 2045 1319 Melius
2071 1291 2126 1319 est
2151 1292 2192 1319 ut

1195 1338 1290 1374 vites
1315 1338 1467 1384 vitium,
1489 1351 1601 1387 quam
1628 1347 1669 1375 ut
1688 1340 1865 1378 emendes
1888 1355 1895 1377 :
1925 1355 1973 1378 ne
1993 1342 2087 1379 forte
2105 1356 2190 1379 cuni

1196 1397 1422 1444 incurreris,
1451 1411 1628 1434 revocare
1656 1412 1732 1435 non
1764 1400 1898 1449 possis.

1519 1530 1694 1570 CAPUT
1724 1532 1860 1571 XXII.

1191 1650 1345 1682 Remedia
1361 1652 1493 1693 suggerit
1514 1652 1660 1683 adversus
1678 1663 1790 1695 pravas
1807 1654 2008 1695 cogitationes
2030 1655 2185 1695 efficacia;

1280 1705 1463 1736 memoriam
1482 1705 1635 1737 Passionis
1652 1705 1765 1738 Christi
1779 1731 1787 1744 ‚
1803 1713 1833 1738 et
1852 1709 2100 1740 novissimorum.

1247 1815 1312 1852 44.
1337 1817 1492 1864 Quoties
1513 1825 1547 1853 te
1567 1818 1681 1854 sentis
1703 1819 1876 1868 turpibus
1897 1821 2185 1870 cogitationibus

1194 1877 1358 1926 pulsari,
1392 1885 1428 1913 et
1460 1877 1506 1912 ad
1538 1877 1704 1914 illicitam
1739 1878 2024 1917 delectationem
2065 1882 2183 1927 allici3

1193 1936 1302 1973 toties
1328 1949 1428 1985 pone
1460 1944 1545 1972 ante
1568 1937 1702 1974 mentis
1721 1939 1851 1974 oculos
1869 1940 2060 1988 quomodo
2079 1941 2186 1978 Chri-

1192 2004 1271 2032 stus
1291 1996 1327 2031 in
1349 2009 1459 2032 cruce
1477 1996 1677 2033 crucifixus
1697 2005 1752 2033 est
1769 2011 1837 2047 pro
1857 2007 1903 2034 te.
1921 2001 2074 2036 Intuere
2091 2014 2186 2049 quo-

1191 2054 1306 2091 modo
1332 2067 1353 2091 a
1374 2055 1471 2092 Juda
1496 2055 1635 2092 Judaeis
1663 2056 1841 2102 traditur,
1864 2065 1900 2093 et
1921 2070 2032 2106 quam
2059 2060 2185 2096 viliter

1192 2122 1463 2162 pertractatur,
1506 2113 1788 2163 blasphematur
1826 2124 1862 2152 et
1899 2117 2180 2166 colaphizatur,

1187 2172 1380 2220 judicatur
1408 2181 1444 2209 et
1471 2173 1765 2220 condemnatur,
1787 2176 2021 2225 exspoliatur
2050 2186 2086 2213 et
2115 2178 2181 2214 ssa—

1190 2232 1370 2280 gellatur;
1400 2232 1447 2269 ad
1474 2233 1649 2269 ultimum
1677 2247 1770 2270 vero
1797 2236 2034 2273 contumeliis
2058 2246 2094 2273 et
2114 2251 2184 2287 op-

1189 2290 1354 2340 probriis
1384 2291 1540 2327 affectus
1574 2292 1672 2328 inter
1702 2292 1797 2329 duos
1828 2294 1995 2331 latrones
2025 2308 2184 2345 suspen—

1187 2348 1290 2385 ditur
1324 2364 1331 2386 :
1374 2350 1488 2386 clavis
1523 2351 1623 2386 cruci
1658 2351 1815 2397 affixus,
1854 2353 1975 2402 sputis
2009 2354 2179 2399 derisus,

1185 2409 1304 2458 spinis
1336 2417 1550 2454 coronatus,
1582 2410 1710 2447 lancea
1732 2412 1957 2460 perforatus
1981 2417 2036 2451 Ex
2063 2415 2180 2451 omni·

1185 2466 1256 2504 bus
1273 2467 1442 2517 partibus
1460 2469 1611 2518 sanguis
1627 2479 1791 2515 emanat,
1813 2480 1848 2508 ct
1864 2472 2043 2509 inclinato
2060 2475 2180 2524 capite

1184 2528 1321 2564 emittit
1350 2528 1538 2578 spiritum.
1568 2532 1621 2566 Ita
1642 2530 1876 2580 Redemptor
1906 2541 1990 2569 tuus
2022 2535 2182 2571 moritur

125 2586 185 2622 cui
218 2587 343 2624 omnia
376 2587 478 2624 nuda
509 2597 596 2625 sunt
633 2596 670 2624 et
703 2596 850 2638 aperta;
886 2596 973 2624 ante
1009 2587 1117 2637 cujus
1136 2594 1255 2637 Dpro
1278 2595 1312 2624 te
1334 2603 1342 2624 :
1364 2596 1401 2624 ct
1430 2596 1467 2624 tu
1501 2589 1628 2625 nesi-io
1652 2590 1861 2638 cujusmodi
1895 2592 2046 2631 sordida
2074 2595 2180 2644 cogi-

124 2654 364 2695 conspectum
401 2655 534 2682 cuncta
566 2655 692 2684 nostra
721 2655 871 2696 peccata
901 2655 989 2683 sunt
1022 2648 1116 2684 scri·

124 2712 201 2753 pta.
227 2705 298 2741 Sed
325 2705 426 2754 quod
449 2705 501 2742 ibi
521 2705 651 2742 scribit
675 2708 940 2755 transgressio,
968 2706 1028 2742 hic
1047 2707 1115 2744 de-

126 2764 176 2799 lct
194 2764 394 2800 confessio.
416 2768 498 2802 Non
518 2773 553 2801 te
570 2765 683 2815 igitur
700 2765 838 2815 pudeat
856 2765 992 2811 dicere,
1013 2767 1115 2815 quod

125 2836 200 2858 non
237 2823 373 2873 puduit
406 2824 535 2861 facere.
569 2824 679 2872 Quod
715 2825 743 2861 si
778 2826 873 2861 forte
905 2825 1030 2874 pudor
1060 2834 1115 2862 est

126 2881 216 2927 tibi,
240 2883 331 2919 mihi
352 2884 420 2920 soli
440 2885 623 2934 peccatori
645 2893 794 2934 peccata
818 2893 880 2921 tua
899 2898 1112 2935 exponere3

123 2942 214 2990 quid
245 2943 408 2980 facturus
433 2957 471 2980 es
504 2945 541 2980 in
570 2944 630 2980 die
654 2944 782 2993 judicii
801 2972 810 2990 ,
842 2944 905 2980 ubi
935 2944 1114 2981 omnibus

122 3002 290 3051 exposita
310 3011 371 3039 tua
390 3003 587 3053 apparebit
609 3005 864 3041 conscicntia?
890 3005 927 3042 Si
955 3018 1111 3053 rogere-

122 3060 172 3097 ris
197 3074 319 3098 coram
346 3063 586 3100 multitudine
613 3063 714 3100 nudo
744 3077 903 3112 corpore
924 3064 1106 3108 transire,

122 3133 197 3156 non
231 3134 357 3170 posses
384 3135 459 3158 non
490 3123 742 3160 erubescere:
773 3136 840 3159 cur
865 3136 955 3173 crgo
987 3123 1111 3159 minus

122 3179 386 3225 confunderis,
417 3181 568 3230 quando
595 3182 789 3218 immunda
818 3182 1044 3232 rogitatione
1074 3183 1109 3218 in

174 3313 178 3326 ¹
207 3306 314 3337 Mei-li.
334 3318 414 3337 xviii
430 3331 436 3341 ,
454 3311 508 3339 ἿΙ.
529 3311 580 3339 727.
609 3329 615 3331 -
667 3315 676 3330 ²
697 3310 774 3339 l’sul.
798 3321 803 3338 ι
824 3333 830 3343 ,
856 3312 905 3339 10.

1182 2647 1323 2683 tatione
1355 2647 1558 2683 sordidaris
1592 2649 1627 2684 in
1664 2652 1809 2685 mente!
1842 2651 2019 2688 Susliccrc
2053 2662 2178 2701 posset

1182 2706 1260 2742 liaec
1288 2706 1463 2754 cogitatio
1497 2706 1543 2742 ad
1578 2708 1832 2744 excludendas
1865 2723 1995 2746 omncs
2031 2711 2176 2748 illicitas

1182 2766 1439 2814 cogitationes.
1465 2766 1535 2802 Sed
1554 2780 1639 2803 ecce
1656 2767 1701 2803 ad
1723 2768 1793 2803 alia
1815 2777 2060 2805 transeamus.

1234 2825 1296 2862 45.
1335 2825 1539 2862 Considera
1571 2826 1765 2874 quomodo
1796 2828 1988 2872 morieris,
2024 2829 2176 2877 quando

1181 2884 1304 2932 aliqua
1323 2884 1426 2931 gravi
1447 2884 1664 2920 inlirmitatc
1682 2894 1859 2931 sexuum,
1885 2896 1920 2923 et
1941 2887 1987 2925 ad
2008 2896 2176 2924 extrema

1180 2943 1383 2988 deductus,
1407 2942 1455 2978 ibi
1478 2943 1523 2979 ad
1547 2952 1683 2981 terram
1711 2944 1927 2994 projectus,
1953 2947 2049 2983 inter
2067 2947 2176 2997 longa

1180 3002 1336 3051 suspiria
1366 3010 1401 3037 et
1435 3002 1604 3039 difficiles
1633 3004 1839 3054 singultus,
1876 3005 1974 3041 inter
2006 3005 2175 3042 diversos

1179 3061 1329 3098 dolores
1359 3069 1394 3097 et
1431 3062 1582 3098 timores
1617 3064 1779 3100 animani
1814 3063 2033 3114 exspirabis.
2069 3069 2173 3101 Tunc

1177 3121 1303 3157 veniet
1337 3134 1477 3170 corpus
1509 3121 1548 3157 in
1584 3123 1764 3172 pallorem
1801 3133 1837 3160 et
1873 3125 2093 3166 horrorem,
2137 3126 2172 3161 in

1176 3180 1317 3218 saniem
1345 3188 1379 3215 ct
1410 3180 1564 3218 fetorem
1587 3195 1594 3217 :
1623 3182 1694 3218 erit
1723 3183 1860 3220 vermis
1888 3192 1922 3219 ct
1953 3182 2059 3220 cibus
2081 3196 2170 3220 vcr-
