2504 3928
337 192 408 227 183

1099 193 1390 229 GlLLEBER'l'l
1423 194 1621 228 AlmA'rls
2303 193 2370 229 18'1

329 277 384 304 est
406 277 441 304 et
466 268 538 304 x'ia.
557 268 666 315 Quod
688 267 788 304 alind
809 267 878 303 erit
898 267 1089 305 vinculum
1112 269 1180 305 nisi
1198 270 1318 306 eliari—
1335 269 1366 285 ⁰³
1387 268 1508 304 tradit.
1530 269 1664 304 Paulus
1679 269 1715 304 in
1732 268 1896 317 Epistola
1913 281 1978 304 sua
1997 268 2169 317 qiue‹laiu
2187 268 2377 304 charitatis

330 336 404 369 tas,
432 340 499 376 per
524 341 635 376 quam
665 327 777 376 capiti
804 340 942 376 corpus
961 328 1144 372 cobaeret,
1171 329 1317 366 Christo
1338 331 1366 364 A
1388 328 1452 364 tibi
1472 328 1754 377 propugnacula
1765 327 1944 376 depingit.
1965 327 2379 376 Clmritas,inquit,1)a-

331 386 522 422 Ecclesia?
550 390 641 433 Quae
672 386 740 421 alia
767 387 825 422 via
855 387 1008 435 spiritus
1038 388 1106 423 nisi
1138 387 1322 424 charitas?

331 447 421 480 lLee
437 445 535 480 enim
553 445 798 480 excellentior
815 445 892 490 via,
910 447 985 481 imo
1003 446 1080 481 baec
1097 454 1152 482 est
1170 447 1324 495 spiritus

332 503 475 538 xadens
494 512 529 538 et
553 503 700 539 rediens
714 531 723 548 ,
747 511 782 539 et
802 503 848 540 ad
869 517 971 541 suam
995 517 1191 541 recurrens
1208 506 1324 553 origi—

332 575 442 605 nem;
465 562 564 598 uude
586 564 772 607 nascitur,
794 564 857 600 illo
876 573 1080 601 revertens.
1102 563 1158 601 Ab
1179 564 1246 600 liae
1267 565 1326 601 lex

340 619 480 667 pendet
497 628 532 656 et
554 621 759 670 Proplietae.

386 682 422 714 (ἱ.
455 678 546 715 Ideo
582 683 681 715 mille
710 683 828 729 cljynri
850 683 1017 729 pendent
1043 695 1090 716 ι·.ι.·
1116 695 1173 718 ea.
1201 682 1331 719 Omnis

335 739 438 774 enini
476 752 600 775 sermo
634 740 786 776 Domini
823 741 961 788 ignitus
992 742 1149 791 clypeus
1182 749 1235 777 est
1250 769 1259 785 ,
1295 750 1331 777 ct

342 800 628 847 propugnacula
663 800 743 848 ipsa
770 800 816 836 ad
848 813 1061 837 sermonem
1098 801 1324 837 reseruntur.

336 862 377 895 In
404 859 648 907 sequentibus
673 860 761 896 dicit
784 875 790 896 :
818 862 856 895 Si
875 874 998 896 murus
1019 870 1085 905 cst,
1106 862 1332 906 wdq'ficrmus

334 931 449 964 super
470 931 552 952 eum
572 921 854 966 propugnacula
875 928 1050 966 argentea
1070 925 1093 955 ¹.
1112 922 1332 967 propugna-

336 977 420 1012 cula
443 976 489 1013 de
513 977 592 1026 ipsa
612 978 733 1014 solent
753 991 832 1014 esse
849 978 962 1014 turris
981 977 1133 1013 materia
1147 1006 1155 1021 ,
1174 986 1211 1013 et
1229 977 1333 1026 quasi

1388 393 1479 423 tiens
1507 397 1560 422 est
1575 416 1584 431 ,
1605 387 1763 435 benigna
1787 396 1851 421 eve.
1871 391 2051 423 Percurre
2073 394 2191 422 totum
2213 387 2316 422 illum
2334 386 2380 422 de

1389 447 1568 483 charitate
1595 447 1742 491 locum,
1770 459 1897 482 nonne
1925 445 1991 481 tibi
2016 454 2070 481 tot
2098 445 2382 494 propugnacula

1391 507 1568 543 videntur
1584 519 1802 554 exsurgere,
1819 514 1913 554 quot
1928 506 2065 554 gratias
2079 505 2270 541 distinctas
2287 517 2382 541 enu—

1395 567 1540 602 merat?
1561 567 1644 600 mm
1665 568 1878 607 awalatnr,
1898 568 2062 612 notingi!
2077 577 2289 612 perperam,
2308 577 2380 599 non

1396 626 1560 671 inflatur,
1580 639 1651 660 mm
1669 634 1721 660 est
1738 624 1946 668 ambitiosa,
1969 637 2042 658 mm
2061 627 2200 671 (μιαν-Π
2216 637 2300 671 quoe
2315 636 2383 659 sua

1395 694 1490 726 suut,
1507 698 1578 718 mm
1594 685 1730 730 gaudet
1748 697 1858 731 super
1871 687 2078 730 iniquitate,
2098 684 2303 730 congaudet
2319 695 2384 717 αα-

1396 751 1466 778 tem
1484 746 1647 783 veritati,
1665 751 1734 778 ete.
1753 755 1870 790 usque
1887 754 1959 776 mm
1977 739 2148 777 emcidiffi.
2166 740 2277 776 Vides
2291 748 2385 789 quot

1397 801 1692 852 propugnaculis
1723 802 1855 837 turrita
1875 801 2079 836 consistat?
2103 799 2285 848 numquid
2308 812 2383 835 non

1398 862 1464 897 ista
1481 861 1764 909 concorporalia
1779 860 1946 896 charitati
1966 859 2155 904 videntur,
2170 867 2206 894 et
2222 858 2323 894 velut
2339 857 2385 894 de

1399 919 1644 956 fundamento
1663 919 1742 967 ejus
1768 920 1995 967 exsurgere?
2016 922 2062 954 Et
2081 927 2204 954 tamen
2223 917 2314 953 istos
2335 916 2386 953 af-

1401 979 1536 1023 sectus,
1557 991 1652 1026 quos
1682 978 1840 1014 ebaritas
1865 977 1970 1026 quasi
1997 977 2220 1013 naturaliter
2247 975 2385 1024 gignit,

338 1036 384 1072 de
408 1036 541 1073 codem
569 1051 652 1073 cum
679 1038 757 1087 ipsa
777 1051 950 1087 corpore.
974 1042 1018 1074 Et
1034 1038 1120 1073 vide
1137 1037 1329 1086 quomodo
1351 1037 1374 1070 Β
1396 1039 1566 1074 doctrina
1584 1038 1723 1086 dirigit,
1740 1037 1935 1086 disciplina
1951 1037 2057 1085 regit,
2075 1036 2181 1084 erigit
2200 1035 2385 1071 exercita·-

338 1095 498 1130 ebaritas
528 1095 861 1132 consubstantialia
887 1104 923 1131 et
949 1096 1018 1132 sibi
1044 1096 1328 1144 concorporalia

342 1155 625 1203 propugnacula
650 1164 780 1203 gestat.
807 1155 899 1192 vido
922 1155 1115 1204 quomodo
1139 1155 1264 1191 innata
1286 1155 1332 1190 sit

339 1214 510 1250 charitati
537 1215 750 1251 sollicitudo
779 1215 971 1263 quaedam,
1002 1215 1204 1265 prudentia
1228 1228 1332 1263 quae-

342 1273 451 1317 dam,
482 1282 518 1309 et
554 1275 712 1323 pervigil
753 1275 876 1311 cautio
911 1274 957 1311 ad
998 1274 1238 1310 declinandas
1276 1274 1332 1309 vel

341 1332 586 1381 depellendas
614 1334 870 1370 infestationes
899 1342 935 1369 et
956 1333 1145 1370 machinas
1164 1333 1330 1369 hostiles.

344 1391 495 1428 llabent
518 1393 802 1442 propugnacula
822 1393 962 1442 aliquid
985 1394 1174 1436 clausum,
1199 1391 1336 1428 liabent

339 1460 376 1487 et
399 1460 570 1500 apertum
593 1453 746 1501 aliquid.
764 1456 833 1489 Per
854 1453 952 1488 istud
970 1452 1121 1489 insidias
1141 1452 1335 1500 explorat;

341 1525 408 1560 per
442 1511 532 1547 illud
569 1513 729 1548 assultus
760 1512 925 1548 declinat.
957 1527 964 1548 ε
997 1512 1071 1548 illic
1105 1511 1333 1560 providens;

342 1571 425 1606 istic
447 1583 484 1607 se
500 1580 714 1620 protegens.
732 1571 884 1608 Talibus
904 1579 959 1608 est
975 1571 1135 1607 ebaritas
1151 1584 1234 1606 eum
1251 1582 1337 1618 pro-

345 1630 564 1678 pugnaculis
584 1630 764 1667 aedilicata
790 1632 877 1680 quia
901 1631 982 1667 talis
996 1639 1051 1666 est
1067 1630 1099 1666 ei
1118 1638 1191 1666 tam
1211 1629 1315 1665 sortis
1329 1656 1338 1673 ,

344 1697 418 1725 tani
452 1690 618 1739 prudens
646 1691 863 1727 sollicitudo
893 1691 1030 1727 innata.
1058 1694 1143 1740 Ipsa
1163 1702 1338 1737 magnum

345 1757 400 1783 est
426 1748 495 1785 sibi
518 1751 793 1786 firmamentum
815 1750 1019 1798 quoddam.
1040 1749 1214 1797 Denique
1236 1748 1340 1784 sortis

1397 1098 1466 1141 tio;
1482 1105 1518 1132 ct
1533 1096 1674 1132 bonum
1690 1096 1884 1144 originale,
1897 1104 2079 1144 quantum
2093 1095 2138 1131 ad
2153 1094 2389 1138 charitatem„

1396 1156 1491 1192 ordo
1512 1157 1572 1192 hic
1591 1155 1637 1191 ab
1657 1156 1822 1204 expertis
1843 1155 2084 1205 prsescriptus
2098 1183 2107 1199 ,
2124 1154 2181 1190 vel
2200 1154 2320 1199 fovet,
2341 1166 2387 1190 ne

1399 1216 1563 1261 ‹lelieiat;
1579 1215 1637 1250 vel
1655 1223 1873 1264 promovet,
1888 1223 1929 1251 ut
1942 1222 2082 1251 crescat
2099 1229 2106 1250 :
2125 1213 2210 1250 ideo
2227 1213 2386 1249 charitas

1399 1273 1547 1309 interna
1582 1273 1827 1322 inspiratione
1863 1286 1939 1308 non
1975 1280 2174 1317 contenta,
2206 1271 2389 1307 sermonis

1401 1333 1495 1368 sacri
1516 1332 1681 1381 undique
1702 1331 1790 1376 sibi,
1812 1332 1915 1367 velut
1938 1332 2110 1380 clypeos,
2135 1329 2390 1366 institutiones

1403 1391 1618 1426 memoriter
1638 1390 1830 1439 appendit.
1853 1394 1978 1438 Ipsum
2007 1389 2147 1437 inspice
2175 1392 2362 1437 Sponsum
2378 1416 2388 1433 ,

1404 1450 1466 1498 qui
1489 1449 1672 1485 mediator
1695 1457 1733 1485 et
1751 1459 1941 1498 sequester
1959 1449 2111 1497 quidam
2134 1456 2189 1484 est
2208 1448 2306 1483 inter
2327 1447 2393 1482 lio-

1403 1509 1522 1545 mines
1550 1517 1587 1544 et
1617 1512 1755 1551 Deum,
1787 1508 1890 1556 quasi
1924 1508 2061 1543 collum
2098 1507 2261 1543 medium
2296 1506 2392 1542 inter

1403 1579 1540 1615 corpus
1563 1575 1599 1602 et
1624 1573 1754 1615 caput,
1776 1566 1889 1601 turris
1909 1565 2138 1601 fortitudinis
2161 1578 2181 1600 a
2204 1564 2295 1600 facie
2318 1563 2392 1599 ini-

1404 1625 1489 1661 mici
1520 1640 1526 1661 :
1560 1625 1700 1674 ipsum,
1730 1625 1883 1673 inquam
1903 1652 1911 1668 ,
1944 1623 2107 1672 inspice,
2139 1623 2203 1671 qui
2230 1622 2394 1671 propriis

1405 1683 1642 1729 abundabat,
1663 1683 1856 1732 quomodo
1877 1683 2077 1731 assumpsit
2097 1682 2299 1730 Scripturae
2319 1681 2394 1729 ely-

1406 1757 1510 1793 peos,
1526 1752 1562 1779 et
1580 1744 1682 1779 velut
1697 1742 1744 1778 ad
1761 1742 2018 1778 auctoritatem
2035 1754 2072 1777 se
2089 1741 2248 1777 eontulit
2261 1769 2270 1785 ,
2286 1747 2393 1776 scuto

343 1816 398 1843 est
423 1816 462 1842 ut
482 1809 594 1844 turris
613 1809 777 1846 dilectio.
797 1813 881 1858 Ipsa
905 1810 1010 1845 novit
1029 1808 1248 1845 tentamenti
1273 1820 1338 1843 oc-
1360 1804 1386 1840 C
1406 1804 1573 1839 veritatis
1599 1802 1854 1838 fraudulentas
1882 1801 2098 1850 interpretis
2127 1800 2278 1850 maligni
2303 1813 2395 1850 pro-

346 1865 515 1901 casiones
531 1874 568 1901 et
586 1880 669 1902 cum
691 1880 787 1916 opus
802 1876 858 1903 est
875 1868 1001 1915 fugere
1014 1895 1023 1912 ,
1041 1874 1076 1903 et
1092 1866 1154 1902 ubi
1177 1864 1340 1914 fugiendi

347 1936 423 1958 non
450 1923 578 1961 subest
606 1925 737 1974 copia,
763 1926 908 1962 sortiter
937 1926 1032 1961 serre
1054 1940 1062 1962 ε
1091 1933 1127 1961 et
1151 1938 1234 1960 eum
1261 1924 1340 1972 ipsa

347 1989 491 2017 tantum
522 1985 747 2019 firmamenti
769 1983 906 2019 babere
927 1984 1119 2028 videatur,
1140 1984 1260 2019 aliena
1282 1991 1340 2018 ta-

349 2053 432 2076 men
450 2039 665 2088 adjumenta
684 2056 758 2078 non
779 2043 925 2089 refugit.
945 2043 1241 2090 Propugnaeulis
1259 2055 1339 2078 mu-

348 2100 424 2134 nita
446 2100 600 2135 assumit
616 2109 652 2136 et
672 2101 838 2149 clypeos.
860 2104 986 2136 Bonus
1006 2100 1162 2148 clypeus
1178 2112 1339 2135 conver·

349 2158 502 2193 sationis
519 2158 614 2193 ordo
630 2187 638 2203 ,
655 2168 692 2194 et
710 2160 768 2194 lex
787 2158 833 2194 al)
851 2157 1067 2194 bominibus
1085 2157 1232 2193 tradita.
1252 2160 1340 2193 Haec

347 2217 415 2252 etsi
436 2229 510 2254 non
532 2225 587 2253 est
607 2218 776 2254 charitati
800 2217 1026 2261 necessaria,
1043 2230 1120 2252 non
1143 2225 1265 2252 tamen
1285 2229 1343 2251 re-

352 2284 506 2325 putatur
526 2289 759 2325 supervacua
773 2305 782 2321 ,
806 2290 873 2312 nec
896 2289 1055 2311 onerosa
1076 2275 1240 2323 quidem.
1258 2274 1342 2324 Spi-

353 2336 497 2371 ritualis
511 2344 565 2371 cst
583 2336 763 2371 ebaritas:
782 2349 849 2371 nec
863 2334 1002 2383 indiget
1019 2335 1098 2382 lege
1112 2363 1121 2378 ‚
1137 2347 1205 2369 nec
1221 2341 1343 2368 tamen

354 2395 471 2442 legem
493 2394 734 2444 dedignatur,
757 2394 820 2431 sed
841 2394 1002 2442 legitime
1030 2394 1170 2437 utitur,
1193 2406 1233 2428 ea
1253 2406 1344 2441 pro-

356 2462 450 2489 tecta
464 2482 472 2497 ‚
494 2467 569 2490 non
593 2467 786 2503 oppressa.
803 2458 928 2490 Bonus
948 2453 1058 2489 etiam
1078 2453 1232 2501 clypeus
1253 2452 1346 2488 sacri

357 2512 552 2549 meditatio
564 2513 680 2549 verbi.
695 2514 825 2551 Omnis
838 2513 936 2549 enim
953 2524 1076 2548 sermo
1091 2511 1242 2548 Domini
1257 2511 1341 2559 igni·

362 2581 420 2607 lus
439 2574 594 2623 clypeus
611 2582 664 2610 est
681 2578 705 2609 ².

413 2633 446 2668 7.
483 2636 564 2669 Non
591 2641 646 2669 est
671 2641 847 2669 contenta
877 2632 1035 2668 ebaritas
1062 2628 1341 2680 spiritualibus,

357 2705 449 2740 quas
472 2694 551 2741 ipsa
577 2693 713 2743 gignit,
734 2692 1040 2729 meditationibus
1062 2706 1069 2726 :
1098 2699 1135 2726 et
1162 2703 1246 2726 cum
1266 2689 1346 2737 ipsa

364 2751 511 2788 Domini
533 2752 591 2788 lex
611 2753 676 2798 sit,
697 2753 732 2788 in
752 2753 842 2801 ipsis
859 2761 981 2788 tamen
1001 2750 1092 2799 legis
1107 2748 1348 2786 sermonibus

363 2810 584 2857 meditatur;
610 2812 695 2847 inde
723 2812 791 2847 sibi
827 2810 1037 2847 testimonia
1066 2808 1241 2852 assumit,
1264 2806 1348 2842 inde

359 2884 397 2903 se
411 2875 424 2890 ³
455 2878 601 2914 tuetur,
632 2879 667 2906 et
699 2871 894 2920 multiplici
930 2869 1093 2919 protegit
1121 2868 1266 2916 clypeo.
1304 2869 1347 2901 Et

359 2942 443 2964 cum
469 2942 642 2977 magnum
670 2929 802 2965 babeat
825 2929 924 2965 intus
953 2927 1207 2964 testiinonium
1237 2924 1351 2973 Spiri-

364 2996 439 3031 tus,
452 2987 498 3022 ab
519 2988 606 3037 ipsis
625 2997 746 3024 tamen
769 2989 915 3024 Litteris
933 2988 1044 3024 sacris
1062 2984 1266 3036 patrocinia
1282 2983 1351 3019 sibi

362 3047 540 3096 decerpit.
563 3052 603 3084 lit
623 3049 718 3084 bona
740 3048 938 3097 protectio,
959 3060 1069 3096 quam
1089 3046 1146 3081 vel
1161 3043 1353 3081 charitatis

365 3107 594 3156 experientia
619 3107 801 3156 suggerit,
819 3107 875 3142 vel
900 3106 1082 3142 sermonis
1106 3104 1198 3141 sacri
1221 3103 1353 3153 peritia

411 3245 416 3258 ¹
441 3240 558 3269 (Tauno.
578 3251 650 3270 xiii,
670 3244 697 3269 fl.
777 3246 785 3254 ³
805 3243 891 3269 Ι“ι·ιηΑ
915 3250 974 3268 xxx
993 3263 998 3269 ,
1020 3242 1046 3267 f».

409 3307 417 3313 ·⁴
444 3298 539 3330 xlm,
568 3310 664 3327 «ruia.

1102 3256 1107 3259 -
1135 3236 1488 3267 ⁴l(ssor.x111.'i-.‘{.-⁴

1406 1863 1560 1912 pulsans
1578 1862 1742 1898 insidias.

1459 1922 1494 1956 8.
1526 1924 1580 1957 Tu
1606 1934 1758 1969 quoque
1787 1920 1816 1956 si
1840 1920 1953 1956 fueris
1978 1919 2163 1955 mediator
2183 1918 2336 1967 quidam
2359 1927 2397 1954 et

1406 1989 1597 2029 sequester
1618 1981 1714 2016 inter
1736 1980 1906 2016 homines
1929 1988 1965 2015 et
1985 1983 2122 2024 Deum,
2140 1987 2176 2015 et
2196 1978 2299 2014 velut
2318 1978 2398 2014 col—

1407 2040 1483 2075 lum
1506 2052 1643 2088 corpus
1663 2047 1698 2075 et
1723 2047 1835 2088 caput
1860 2037 2113 2087 conjungens;
2143 2037 2242 2073 mille
2274 2037 2396 2086 clypei

1406 2100 1443 2133 in
1469 2107 1502 2134 te
1518 2099 1729 2146 pendeant,
1748 2097 1956 2134 omnimodi
1976 2097 2098 2145 clypei
2115 2096 2234 2132 divini
2255 2109 2398 2131 sermo-

1408 2157 1476 2193 nis.
1499 2160 1608 2193 Sacra
1630 2156 1694 2192 tibi
1712 2164 1849 2205 praesto
1867 2156 1913 2191 sit
1933 2156 2156 2200 auctoritas,
2172 2163 2209 2191 et
2224 2154 2269 2191 ad
2285 2168 2399 2191 omne

1409 2215 1666 2264 patrocinetur
1689 2215 1877 2263 negotium
1891 2243 1899 2258 ‚
1917 2227 1994 2250 non
2017 2222 2161 2249 tantum
2182 2221 2222 2248 ut
2243 2211 2307 2248 tibi
2327 2214 2400 2249 sns-

1410 2275 1526 2317 liciat,
1547 2273 1610 2309 sed
1638 2282 1677 2309 ut
1699 2274 1850 2322 reliquis
1871 2272 2049 2308 abundet.
2071 2275 2160 2308 Esto
2181 2280 2332 2321 paratus
2353 2272 2399 2309 ad

1411 2331 1639 2367 reddendam
1658 2332 1840 2367 rationem
1859 2331 1963 2367 omni
1982 2330 2149 2379 poscenti
2168 2330 2214 2366 de
2234 2343 2295 2375 ea,
2316 2344 2400 2380 quae

1412 2390 1447 2426 in
1479 2399 1514 2426 te
1540 2399 1613 2435 est,
1644 2390 1716 2426 lide
1739 2399 1775 2426 et
1801 2403 1867 2439 spe
1884 2389 1910 2425 4.
1932 2390 2043 2436 Quasi
2069 2402 2226 2438 poscere
2253 2389 2402 2426 videtur

1413 2449 1498 2485 lidei
1529 2458 1600 2485 tuae
1624 2450 1824 2493 rationem,
1847 2449 1911 2498 qui
1932 2448 2019 2484 lidei
2044 2449 2230 2485 contraria
2250 2462 2402 2499 persua-

1414 2508 1502 2544 dere
1523 2516 1701 2554 conatur,
1718 2517 1754 2544 et
1773 2509 1888 2557 ipsam
1910 2508 2124 2556 infringere.
2146 2511 2291 2544 Bonum
2311 2521 2401 2558 ergo

1365 2578 1396 2611 D
1414 2582 1433 2603 a
1455 2568 1553 2603 collo
1581 2576 1645 2603 tuo
1666 2577 1810 2604 scutum
1835 2567 1990 2616 pendet,
2008 2567 2036 2602 si
2054 2566 2166 2602 fueris
2186 2574 2292 2602 sento
2315 2566 2400 2602 fidei

1410 2627 1597 2671 munitus,
1621 2636 1726 2663 scuto
1756 2627 1942 2671 veritatis,
1965 2634 2072 2661 scuto
2092 2624 2202 2661 bonae
2229 2626 2401 2661 volunta-

1415 2686 1478 2729 tis,
1496 2687 1587 2722 sacri
1605 2695 1710 2722 scuto
1727 2685 1921 2722 sermonis.
1941 2689 2078 2721 Omnes
2093 2685 2162 2720 lios
2180 2685 2214 2720 in
2234 2685 2400 2734 Scriptu-

1415 2746 1464 2782 ris
1486 2747 1636 2795 clypeos
1655 2746 1754 2793 legis.
1774 2745 1844 2781 Sed
1865 2753 1901 2780 ct
1920 2745 1948 2780 si
1970 2744 2081 2780 fueris
2100 2744 2137 2779 in
2155 2742 2313 2779 sublime
2335 2757 2402 2792 per

1416 2805 1631 2840 charitatem
1654 2813 1797 2840 erectus
1825 2804 1927 2839 velut
1952 2804 2079 2848 turris;
2101 2803 2129 2838 si
2149 2816 2216 2852 per
2237 2811 2401 2838 contem—

1417 2865 1592 2914 plationis
1617 2864 1770 2910 gratiani
1786 2891 1794 2906 ,
1815 2863 1919 2911 quasi
1945 2863 2102 2906 collum,
2119 2862 2303 2910 reliquum
2322 2874 2404 2896 cor-

1417 2936 1487 2973 pus
1517 2922 1723 2964 excedens,
1758 2921 1911 2957 accedas
1940 2921 1985 2956 ad
2016 2929 2128 2970 caput
2160 2919 2332 2964 Domini,
2366 2928 2403 2955 ct

1418 2981 1658 3019 abscondaris
1678 2981 1713 3016 in
1736 2980 1955 3016 abscondito
1978 2980 2079 3016 facici
2101 2979 2269 3023 Domini,
2286 2979 2323 3014 in
2345 2991 2403 3014 se—

1419 3041 1579 3078 cretario
1609 3039 1757 3090 sponsi,
1782 3040 1817 3075 in
1849 3039 2011 3074 thalamo
2045 3039 2208 3074 veritatis
2237 3052 2243 3072 :
2276 3050 2402 3072 nonne

1421 3101 1486 3137 tibi
1513 3100 1649 3135 videris
1677 3099 1834 3134 delicato
1865 3107 2054 3147 protectus
2080 3098 2242 3146 clypeo?
2272 3099 2317 3133 Et
2343 3108 2403 3131 ne-

1516 3235 1547 3261 ²1
1571 3235 1649 3262 l'etr.
1669 3243 1721 3269 ιιι,
1748 3235 1794 3260 Ιὴ.

2476 0 2490 63 'Vh

2487 971 2504 1051 ιη’-ἁ
