2504 3928
285 210 355 245 951

903 210 1024 244 VITIS
1055 212 1281 254 Missum,
1308 213 1393 246 SEU
1428 211 1709 246 'sltAtl'sATUs

281 299 438 329 nomen,
465 284 555 320 nulli
584 284 706 332 potius
730 283 1020 330 nominandum,
1047 286 1158 322 nullis
1186 286 1268 322 dul-
1280 286 1324 304 ⁴⁷³

2243 213 2318 249 952

1337 295 1414 323 tero
1426 286 1608 336 prolixius
1619 314 1628 330 ,
1641 287 1727 334 quia
1739 299 1870 324 omnes
1881 286 2071 324 habebunt
2082 288 2194 325 vitam
2212 298 2319 326 aeter-

282 347 361 381 cius
393 343 612 392 sapit-ndum
647 350 723 385 cst,
753 356 864 390 qnam
899 343 1108 391 virginibus
1132 346 1266 389 sacris,
1290 347 1316 378 Α
1339 359 1434 382 nam.
1457 350 1497 382 ln
1521 346 1645 381 multis
1665 354 1786 382 antem
1804 345 2098 384 habitationibus
2114 347 2321 386 honoratur

282 404 429 453 sponsis
449 402 530 450 cjns
550 418 556 437 :
577 410 615 438 ut
639 415 829 450 'tunquam
850 402 897 438 ab
920 416 1046 440 earnm
1076 419 1140 441 ore
1164 418 1267 441 rece-

283 464 342 499 dat
363 475 498 498 nomen
526 461 727 497 dulcissimi
750 465 859 507 Jcsu,
890 462 927 498 in
962 477 1038 511 quo
1065 464 1134 513 ipsi
1170 468 1270 512 ›tgno

283 522 438 557 cix-lestis
459 521 572 557 l‘atris
589 521 772 555 canticum
793 534 930 557 novum
948 522 1034 558 sola·
1050 523 1266 560 cantabunt.

286 581 445 629 Incipite
464 593 552 627 ergo
578 588 758 628 quantmn
783 580 833 616 l'as
857 589 933 625 est,
953 595 974 616 o
993 583 1175 630 virgiucs,
1199 585 1269 620 frui

284 652 421 688 sponso
439 647 574 674 vestro.
598 642 722 687 [psum
741 652 888 688 semper
909 641 943 675 iu
962 654 1044 685 ore,
1069 655 1217 691 semper
1233 644 1269 679 in

283 698 395 734 cordc
418 706 626 745 gcstantcs:
647 706 685 733 ut
704 699 792 733 liant
810 699 841 734 ci
862 699 956 735 sicut
983 700 1071 736 vitta
1097 702 1271 738 coccinea

284 756 380 793 labia
397 765 533 800 vestra,
555 765 589 792 ct
606 757 796 805 eloquium
815 757 936 803 dulce,
957 767 995 794 ut
1014 759 1134 808 dignm
1157 760 1269 797 hahe-

286 817 398 853 amini
420 816 661 865 postmodum
681 817 839 853 osculari
860 816 906 853 ab
922 818 1048 854 osculo
1070 819 1145 855 oris
1169 819 1271 868 ejus,

286 885 321 912 et
337 876 383 912 ab
402 877 482 925 ipso
504 876 689 912 introduci
707 876 742 912 in
761 877 947 913 ccrlcstem
967 877 1179 915 thalamum.

345 937 427 971 113.
441 939 549 971 Sexta
564 943 599 970 et
614 935 741 971 ultima
753 948 861 971 musa
873 964 882 981 ,
900 945 1179 985 propterquam
1199 939 1271 974 vir-

285 995 417 1043 ginitas
433 1004 487 1030 est
504 994 736 1043 appetenda,
763 1003 868 1031 sexto
896 995 983 1031 l'olio
1002 995 1103 1033 ssoris
1121 997 1183 1033 lilii
1203 998 1271 1034 de-

287 1055 466 1104 signatur.
489 1054 708 1091 ostenditur
741 1055 839 1090 enim
869 1054 976 1091 nohis
1004 1069 1087 1104 quae
1128 1057 1173 1092 sit
1195 1057 1272 1093 lucc
1294 1054 1318 1086 B

285 1127 393 1150 causa
424 1114 636 1150 testimonio
668 1114 770 1150 Isaiae
799 1115 976 1151 dicentis:
998 1116 1185 1151 limmchis
1202 1146 1214 1161 ,
1237 1117 1273 1152 id

287 1185 341 1212 est
371 1175 579 1225 virginibus
599 1176 709 1221 meis,
742 1175 837 1211 (labo
864 1181 901 1211 in
933 1179 1040 1212 domo
1062 1191 1144 1211 mm
1175 1187 1211 1213 ct
1235 1183 1272 1213 iu

286 1249 390 1270 muro
414 1249 492 1270 meo
523 1238 636 1270 locam
664 1240 891 1270 nominatum
923 1239 1035 1271 multo
1068 1239 1250 1271 meliorem
1260 1270 1271 1285 ‚

285 1308 398 1342 quam
408 1296 574 1340 filiorum
605 1296 897 1341 atqztefilir111th
914 1308 924 1327 :
939 1308 1070 1329 nomen
1095 1304 1272 1330 (elernwn

285 1353 380 1388 dabo
410 1358 477 1395 eis,
507 1355 605 1400 quad
627 1367 817 1400 nunquam
847 1354 1028 1398 ‹lzficiet¹.
1058 1356 1088 1389 O
1116 1353 1274 1390 sublime

285 1414 457 1449 meritum
484 1413 693 1460 virginum,
727 1426 748 1447 o
778 1412 932 1461 gloriam
960 1413 1223 1459 excellentem,
1252 1428 1275 1449 o

285 1473 479 1521 pra‘mium
507 1472 699 1521 spirituale
716 1474 723 1507 l
744 1475 884 1519 Legant
901 1479 936 1507 et
954 1471 1179 1521 intelligant,
1197 1485 1276 1508 me—

286 1532 488 1580 moriaeque
517 1531 779 1567 commendent
807 1529 964 1567 verbum
996 1530 1083 1576 hoe,
1116 1531 1274 1568 verbum

286 1590 426 1627 bonum
448 1599 485 1627 ct
502 1603 615 1626 suave
629 1590 794 1639 virgines
819 1603 970 1636 omnes3
1002 1591 1107 1639 pueri
1138 1591 1278 1640 pariter

285 1658 322 1687 et
342 1650 475 1699 puellae
503 1649 708 1698 gaudeant,
733 1658 768 1685 et
785 1657 1068 1699 perseveranter
1098 1659 1275 1696 currant,

287 1709 351 1758 qui
365 1710 442 1758 jam
459 1709 725 1745 continentiam
748 1717 954 1754 voverunt,
970 1709 1090 1745 donec
1107 1722 1277 1759 compre—

287 1769 463 1806 hendant.
484 1769 643 1805 Audiant
665 1768 727 1817 qui
746 1769 913 1805 nondum
930 1778 1139 1815 voverunt3
1157 1778 1193 1806 et
1213 1770 1278 1806 (le-

1335 406 1426 441 alins
1447 406 1518 441 alio
1536 406 1680 441 clarius.
1703 409 1846 452 Quanta
1862 434 1871 451 ,
1890 415 1998 455 putas
2013 435 2022 452 ,
2043 406 2093 443 ibi
2110 408 2226 456 gloria
2244 409 2319 445 sul—

1335 465 1476 515 gchnnt
1502 465 1663 513 xirgines
1686 465 1840 510 Christi,
1861 465 1984 501 cordis
2002 467 2109 502 simul
2132 475 2168 503 et
2189 468 2322 505 mentis

1337 526 1495 575 puritate
1525 525 1708 561 Christum
1738 534 1933 573 sequentes
1958 527 2082 573 E'Quis
2110 535 2321 564 sanctorum

1337 585 1472 620 chorus
1497 585 1628 621 melius
1655 585 1752 620 lunae
1787 593 2040 634 comparatur,
2070 599 2180 634 quam
2204 587 2321 636 virgi—

1338 658 1401 679 nes
1417 647 1430 679 P
1446 646 1538 681 Sola·
1560 652 1763 692 sequentur
1780 644 1894 679 solem
1907 643 2059 692 justitiae
2076 645 2262 682 Christum
2282 654 2324 682 ut

1337 707 1483 750 Agnum
1508 704 1643 748 l'atris,
1661 715 1901 752 quocumque
1924 703 2007 739 ierit
2028 718 2034 739 :
2060 704 2159 740 unde
2183 713 2220 740 et
2236 706 2324 742 solae

1338 762 1389 798 illi
1408 764 1544 799 similes
1565 771 1650 798 sunt
1669 771 1781 810 atque
1797 762 2006 799 simillimae.
2029 762 2323 801 llonorabuntur

1339 836 1426 870 crgo
1454 835 1528 871 pia=
1560 821 1702 857 caeteris
1728 821 1764 856 in
1785 820 1916 857 eodem
1940 834 2055 870 regno
2078 821 2325 859 existentibus

1338 881 1538 931 splendore
1555 880 1704 930 quidem
1718 881 1973 917 excellentiori
1988 909 1997 926 ,
2020 881 2114 917 sicut
2126 881 2250 918 lunam
2267 882 2324 918 vi-

1339 941 1468 977 demus
1486 954 1562 990 prae
1586 940 1729 976 caeteris
1751 940 1934 976 sideribus
1951 940 2214 990 praeeminere;
2236 955 2325 991 pos-

1339 1000 1589 1048 sidebuntque
1621 999 1657 1035 in
1679 999 1791 1035 domo
1811 999 1960 1035 Domini
1986 1000 2109 1035 locum
2133 1001 2324 1037 meliorem

1341 1061 1457 1096 multo
1474 1074 1583 1109 quzuu
1600 1067 1815 1096 czeterormu
1831 1059 1989 1094 liliorum
2004 1067 2041 1095 et
2057 1059 2213 1096 {iliarum
2230 1088 2240 1106 ,
2261 1060 2326 1110 qui

1341 1120 1559 1170 virginitatis
1579 1119 1710 1155 merito
1727 1131 1800 1153 non
1819 1126 1906 1154 sunt
1922 1118 2097 1168 insignes.

1397 1181 1406 1215 l
1424 1180 1480 1216 Μ.
1502 1179 1648 1229 l’crgite
1664 1178 1809 1226 itaque,
1829 1177 1943 1213 sancti
1960 1177 2027 1214 Dei
2043 1177 2198 1227 pueriet
2217 1179 2326 1227 puel-

1341 1240 1399 1283 lae,
1417 1252 1534 1274 mares
1550 1246 1585 1274 ct
1605 1237 1764 1281 semime,
1781 1234 1931 1272 cot—libes
1945 1244 1980 1272 ct
1998 1236 2188 1285 innuptae3
2209 1237 2330 1286 pergi-

1341 1306 1374 1333 te
1392 1305 1674 1346 perscvcranter
1688 1308 1806 1344 usque
1823 1296 1858 1331 in
1881 1298 2003 1331 linem.
2022 1295 2184 1332 Laudate
2195 1296 2329 1332 Domi-

1342 1369 1430 1391 num
1452 1356 1615 1400 dulcius,
1648 1368 1758 1404 quem
1788 1355 1956 1404 cogitatis
1984 1354 2161 1391 uberius:
2181 1365 2328 1404 sperate

1342 1415 1503 1459 felicius,
1517 1415 1575 1450 cui
1593 1413 1740 1450 servitis
1755 1413 1970 1450 instantius:
1986 1422 2106 1450 amate
2119 1413 2327 1460 ardentius,

1341 1474 1401 1509 cui
1421 1474 1574 1523 placetis
1600 1472 1789 1509 attentius.
1823 1475 1904 1509 Non
1925 1472 2052 1509 sintin
2072 1472 2180 1509 vobis
2197 1473 2329 1510 incen-

1344 1533 1418 1568 tiva
1436 1532 1509 1568 ulla
1524 1532 1699 1568 vitiorum
1714 1560 1722 1576 ,
1741 1531 1805 1567 scd
1824 1538 1942 1568 totum
1958 1530 2149 1567 hominem
2164 1539 2331 1568 vestrum

1342 1599 1468 1627 vestro
1495 1604 1635 1640 sponso
1666 1597 1881 1625 consecrate
1909 1589 2017 1625 simul
2046 1597 2084 1625 et
2113 1597 2333 1627 conservate

1342 1651 1509 1701 specioso
1522 1651 1638 1686 forma
1656 1663 1732 1699 prae
1752 1649 1835 1686 liliis
1852 1649 2058 1685 hominum.
2077 1653 2160 1686 'Non
2175 1650 2330 1700 conspi-

1343 1711 1461 1747 ciatur
1478 1711 1515 1746 in
1532 1710 1703 1760 virgineo
1723 1722 1881 1758 corpore
1898 1717 2022 1745 vestro
2038 1708 2232 1758 improbus
2247 1710 2333 1746 vul-

1344 1779 1419 1816 tm,
1438 1783 1513 1806 non
1540 1770 1623 1819 vagi
1647 1769 1763 1814 oculi,
1786 1782 1862 1804 non
1890 1769 2045 1805 infrenis
2076 1769 2223 1818 lingua,
2255 1782 2331 1806 non

289 1829 473 1865 lectentur
489 1829 525 1864 in
543 1829 739 1865 altitudine
758 1829 996 1878 prremiorum
1009 1857 1018 1874 ,
1042 1837 1082 1865 ut
1110 1838 1276 1866 voveant
1298 1826 1324 1861 C
1344 1830 1515 1879 petulans
1533 1829 1641 1874 risus,
1656 1841 1730 1864 non
1748 1828 1911 1865 scurrilis
1925 1826 2044 1876 jocus,
2060 1840 2135 1864 non
2154 1827 2334 1865 indecens

287 1888 397 1924 etiam
422 1887 494 1937 ipsi
516 1896 644 1923 votum
666 1888 840 1924 castitatis
858 1888 1065 1925 castissimo
1096 1893 1185 1925 Jesu
1204 1918 1213 1934 ‚
1233 1897 1275 1926 ut

287 1948 456 1984 semitam
477 1947 702 1996 virginitatis
726 1947 940 1984 altissimam
967 1956 1004 1983 et
1033 1948 1275 1984 arctissimam

286 2006 593 2056 apprehendant,
626 2019 692 2055 per
719 2020 830 2055 quam
862 2006 1078 2043 incedentes
1105 2006 1278 2044 bravium

287 2067 472 2117 accipiant
489 2067 650 2103 nominis
679 2067 917 2116 sempiterni,
940 2075 978 2103 et
1005 2067 1128 2103 locum
1160 2068 1279 2104 multo

289 2128 482 2163 meliorem
495 2155 504 2171 ,
527 2140 637 2175 quam
657 2126 720 2175 qui
739 2127 832 2162 lilios
851 2135 887 2163 et
905 2127 998 2163 filias
1014 2140 1058 2163 ex
1081 2140 1119 2163 se
1137 2140 1279 2175 genue—

288 2194 394 2229 runt,
411 2186 575 2221 incolere
591 2193 814 2221 mereantur.
828 2185 924 2232 Quid
940 2198 1007 2234 per
1021 2186 1091 2221 hoc
1104 2185 1277 2234 designa-

288 2253 348 2280 tur
378 2257 512 2280 nomen
528 2273 537 2288 ,
569 2245 670 2292 quod
704 2245 888 2280 Dominus
917 2245 1104 2294 promittit
1130 2258 1168 2281 se
1199 2246 1276 2283 suis

287 2303 462 2338 daturum
488 2303 694 2351 virginibus
712 2304 726 2338 Ρ
744 2304 881 2351 L‘tique
899 2304 1016 2351 gloria
1036 2305 1187 2353 propria
1210 2319 1278 2341 ex-

288 2363 499 2410 cellensque
516 2361 744 2410 significatur
757 2389 766 2405 ,
789 2374 872 2409 quae
892 2363 963 2397 erit
977 2362 1186 2412 virginibus
1202 2376 1277 2399 non

287 2421 497 2457 communis
513 2434 596 2456 cum
617 2421 742 2456 multis
755 2449 763 2465 ,
780 2421 950 2469 quamvis
967 2421 1003 2456 in
1018 2421 1148 2457 eodem
1163 2435 1278 2471 regno

289 2481 512 2518 constitutis,
530 2483 620 2516 Nam
635 2479 719 2515 ideo
733 2479 898 2515 fortassis
914 2493 1045 2514 nomen
1057 2479 1196 2516 dictum
1211 2488 1278 2525 est,

288 2539 389 2589 quod
407 2552 469 2575 eos
480 2538 616 2587 quibus
632 2538 760 2583 datur,
776 2538 969 2586 distinguit
984 2552 1004 2574 a
1023 2539 1164 2574 creton-is
1176 2567 1184 2583 ,
1205 2539 1278 2575 sic-

1343 1888 1508 1934 habitus‚
1538 1902 1613 1925 non
1633 1888 1797 1924 tumidus
1812 1896 1876 1924 aut
1892 1888 2014 1924 ssuxus
2043 1888 2217 1925 incessus.
2251 1892 2333 1925 Jam

1344 1961 1421 1984 non
1444 1947 1588 1984 reddite
1609 1948 1745 1983 malum
1770 1960 1840 1996 pro
1862 1947 1976 1993 malo,
1997 1955 2062 1983 aut
2090 1946 2331 1984 maledictum

1344 2020 1414 2056 pro
1430 2007 1639 2043 maledicto.
1668 2010 1749 2043 Jam
1769 2014 1960 2055 postremo
1977 2005 2022 2042 ad
2043 2005 2142 2042 illam
2161 2005 2333 2043 dilectio-

1345 2067 1402 2104 nis
1413 2080 1624 2104 mensuram
1643 2066 1824 2112 accedite,
1839 2066 1934 2102 utad
1951 2065 2195 2102 imitationem
2206 2066 2334 2116 sponsi

1344 2127 1459 2164 vestri
1475 2127 1621 2177 ponatis
1635 2126 1796 2162 animam
1809 2139 1878 2175 pro
1895 2124 2068 2162 fratribus
2084 2125 2230 2162 vestris.
2246 2129 2334 2162 Haec

1345 2187 1443 2223 enim
1460 2185 1585 2222 addita
1600 2185 1802 2234 virginitati
1822 2185 2024 2235 angelicam
2043 2185 2157 2221 vitam
2172 2184 2334 2221 homini·

1345 2246 1433 2291 bus,
1459 2254 1494 2281 et
1516 2246 1596 2281 cocli
1623 2258 1744 2281 mores
1761 2244 1939 2281 exhibent
1958 2245 2076 2280 terris.
2101 2243 2172 2281 Sed
2191 2252 2334 2293 quanto

1345 2305 1504 2354 majores
1524 2305 1629 2350 estis,
1653 2313 1755 2340 tanto
1781 2304 1974 2340 humiliate
2001 2316 2068 2339 vos
2084 2303 2121 2339 in
2138 2303 2333 2348 omnibus,

1346 2373 1385 2400 ut
1413 2377 1535 2400 coram
1556 2368 1634 2400 Deo
1656 2363 1853 2399 inveniatis
1873 2363 2025 2411 gratiam
2041 2391 2050 2408 ,
2081 2362 2145 2411 qui
2163 2361 2334 2411 superbis

1346 2423 1503 2468 resistit,
1523 2423 1585 2471 qui
1608 2436 1645 2458 se
1665 2423 1869 2458 exaltantes
1886 2421 2078 2467 humiliat,
2100 2420 2165 2469 qui
2187 2420 2335 2456 inllatos

1345 2496 1412 2531 per
1428 2490 1622 2530 angustam
1642 2488 1787 2531 portam
1806 2494 1879 2516 non
1912 2479 2058 2528 trajicit.
2082 2480 2190 2517 Nulla
2207 2479 2254 2515 sit
2270 2493 2335 2515 su-

1346 2542 1488 2591 perflua
1507 2541 1719 2577 sollicitudo
1738 2555 1745 2576 :
1769 2539 1832 2577 ubi
1849 2541 1967 2576 servet
1983 2539 2162 2585 charitas,
2179 2552 2256 2576 non
2275 2538 2337 2576 de-

288 2607 328 2634 nt
362 2599 532 2634 homines
558 2598 720 2647 propriis
743 2596 957 2633 nominibus
986 2597 1276 2645 distinguuntur.
1298 2601 1330 2634 D
1347 2602 1392 2637 sit
1410 2601 1612 2637 humilitas,

287 2659 391 2695 Licet
407 2659 505 2693 enim
524 2670 654 2692 omncs
677 2657 722 2692 ad
750 2657 863 2692 vitam
891 2664 1064 2693 {eternam
1088 2657 1281 2705 praedesti-

290 2718 364 2755 nati
384 2718 511 2753 inuno
528 2717 732 2765 regnosint
750 2716 932 2761 mansuri,
948 2724 984 2752 et
1000 2729 1076 2752 uno
1092 2720 1170 2752 Deo
1189 2717 1280 2752 frui-

290 2778 360 2814 turi
375 2792 383 2822 ;
402 2785 543 2821 tamen,
561 2777 655 2812 sicut
667 2777 717 2812 ait
735 2776 933 2825 Apostolus
948 2804 957 2821 ‚
978 2785 1017 2812 ut
1032 2779 1136 2811 stella
1154 2775 1282 2823 ‹lefferc

291 2851 313 2872 a
333 2839 439 2871 slvlla
455 2849 492 2870 tn
508 2838 676 2871 claritate
687 2865 695 2878 ,
720 2841 772 2870 sic·
788 2841 998 2870 resurrectio
1014 2845 1235 2872 mortuoram
1247 2842 1258 2856 ²
1273 2850 1280 2871 :

288 2897 364 2932 haec
375 2904 461 2931 sunt
473 2895 840 2931 meritadiversorum
851 2903 1076 2931 sanctorum.
1088 2898 1178 2931 Nam
1189 2895 1282 2931 sicut

289 2968 489 2991 conunune
505 2963 559 2989 est
575 2954 751 2990 omnibus
772 2953 954 2989 sideribus
969 2967 1047 2990 esse
1065 2955 1101 2989 in
1115 2955 1228 2999 coelo,
1245 2964 1280 2991 et

292 3023 414 3050 tamen
430 3014 500 3049 alia
517 3022 569 3049 cst
586 3013 702 3062 gloria
722 3013 810 3048 solis
822 3041 830 3057 ,
854 3013 923 3048 alia
940 3013 1037 3049 luna*
1049 3042 1058 3058 ,
1072 3014 1142 3049 alia
1157 3015 1280 3051 stella-

292 3087 373 3109 rum
395 3073 524 3108 :sicin
549 3073 625 3121 ipsa
647 3073 719 3108 vita
737 3081 872 3107 :eterna
891 3072 1063 3109 distincte
1089 3073 1282 3121 fulgebunt

291 3133 430 3170 lumina
448 3133 680 3168 meritorum.
700 3136 740 3168 In
757 3131 868 3167 domo
884 3141 1005 3167 autem
1024 3133 1138 3168 Patris
1154 3133 1281 3169 zeterni

291 3192 503 3231 mansiones
518 3192 643 3227 multzc
666 3191 775 3228 sunt3
797 3206 803 3226 :
823 3191 885 3227 ubi
905 3205 979 3227 non
1001 3192 1102 3228 vivet
1116 3193 1210 3228 alter
1225 3193 1281 3229 al-

341 3325 346 3336 ¹
370 3321 434 3347 1⁸:21.
462 3329 533 3349 rvi.
556 3321 584 3346 Γ).

663 3319 1100 3354 ²1s101·.x=,'·1,'19..--

1404 2661 1487 2696 115.
1516 2661 1551 2697 Si
1573 2672 1661 2707 ergo
1693 2660 1838 2709 nuptias
1868 2658 2142 2708 contempsistis
2174 2658 2336 2695 filiorum

1346 2721 1538 2756 hominum
1555 2749 1564 2765 ,
1597 2733 1641 2755 ex
1661 2719 1798 2768 quihus
1816 2719 1909 2754 lilios
1927 2719 2088 2754 hominis
2109 2718 2336 2768 gigneretis;

1348 2787 1449 2814 tanto
1470 2779 1584 2827 magis
1617 2778 1730 2814 corde
1758 2785 1876 2813 amate
1908 2777 2040 2814 Filium
2070 2776 2232 2813 hominis
2251 2789 2338 2825 spe-

1348 2839 1489 2874 ciosum
1508 2839 1625 2874 {orma
1644 2851 1719 2886 prze
1738 2836 2042 2873 liliishominum.
2058 2836 2234 2885 Inspicite
2250 2836 2338 2884 pul-

1348 2898 1596 2934 chritudinem
1616 2897 1790 2933 amatoris
1808 2896 1938 2941 vestri,
1959 2904 1995 2932 et
2012 2895 2081 2932 hoc
2100 2896 2220 2945 ipsum
2235 2895 2338 2943 quod

1348 2958 1384 2993 in
1400 2971 1444 2993 eo
1462 2957 1631 2993 derident
1645 2956 1812 3005 superbi,
1831 2956 2000 3005 inspicite
2011 2968 2120 3004 quam
2139 2954 2338 3005 pulchrum

1347 3017 1392 3053 sit
1405 3016 1644 3052 interioribus
1660 3015 1874 3052 luminibus.
1891 3014 2066 3063 Inspicite
2080 3014 2235 3050 vulnera
2246 3027 2340 3063 pcn-

1349 3076 1492 3120 dcntis,
1513 3075 1704 3111 cicatriccs
1729 3075 1976 3124 resurgentis,
2009 3073 2224 3122 sanguinem
2256 3086 2339 3109 mo-

1350 3135 1500 3179 rientis,
1541 3134 1699 3183 pretium
1731 3142 1767 3170 ct
1805 3133 2071 3169 couuuercium
2110 3131 2338 3169 redimentis.

1351 3199 1437 3231 Πίος,
1469 3194 1595 3243 quanti
1619 3194 1784 3239 valeant,
1807 3192 1966 3243 cogitate
1995 3207 2001 3228 :
2033 3192 2111 3229 haec
2145 3192 2181 3228 in
2204 3200 2339 3228 statera

1129 3315 1333 3355 ³Joan.x1v‚
1356 3324 1385 3350 2.
