2418 3949
84 122 158 158 433

83 199 247 248 propriae
274 199 479 237 voluntatis
499 199 737 246 diverticula,
758 201 955 238 solitorum
977 200 1075 237 fasti-

615 125 850 161 EPISTOLA
877 126 944 160 AD
973 126 1191 161 FRATRES
1218 126 1283 160 DE
1311 126 1598 163 MONTE-DEI.

1085 199 1133 218 208

2055 125 2130 162 434

1146 199 1343 248 subjunxit
1364 201 1490 239 dicens
1512 216 1519 237 :
1540 207 1631 239 Dico
1657 207 1755 238 enim
1777 214 1850 250 per
1871 207 2035 250 granam
2062 205 2136 238 Dei

83 257 204 303 dium,
240 259 484 309 praesumptio
525 259 735 296 novitatum
765 274 773 295 :
801 272 885 308 quae
917 258 1069 308 quidem
1089 260 1121 294 A
1139 273 1226 307 quoe
1245 262 1334 296 data
1351 270 1402 296 est
1417 263 1507 297 milei
1520 291 1530 307 ,
1557 261 1726 298 omnibus
1745 266 1809 309 qui
1827 271 1910 297 sune
1923 266 2022 297 inter
2037 275 2103 298 vos
2116 288 2128 306 ,

82 317 171 365 aegri
196 318 311 354 animi
334 318 522 368 pruritum
550 326 588 354 et
614 318 786 363 taedium,
805 318 910 368 quasi
931 318 1072 354 confri-

82 376 220 422 cando,
249 377 424 414 videntur
444 378 488 414 ad
521 378 650 414 horam
672 378 813 423 lenire3
842 376 907 413 sed
932 376 1070 413 calefa-

81 435 184 471 ciunt
203 444 239 472 et
260 436 489 481 accendunt,
505 445 541 473 et
560 445 601 473 ut
622 445 752 485 postea
769 437 928 485 nequius
946 437 1070 472 ferve—

81 501 129 537 at,
153 502 189 530 et
209 495 367 544 amplius
389 497 551 545 pruriat,
573 496 752 532 efficiunt.
780 496 876 532 Hinc
904 494 1071 543 quotidie

80 553 177 588 fiunt
204 566 311 589 novae
345 555 632 603 occupationes,
672 566 780 590 novae
813 554 1002 590 actionum
1034 562 1072 589 et

81 608 252 647 laborum
274 612 562 650 adinventiones
577 641 586 659 ,
606 614 785 650 lectiones
800 612 974 658 diversae,
994 625 1071 649 non

81 668 128 704 ad
165 669 424 706 aedificandum
464 671 650 715 animum,
691 671 755 707 sed
789 669 834 706 ad
869 669 1069 706 fallendum

81 728 261 764 tardantis
280 729 353 765 diei
375 728 525 765 taedium
548 742 556 764 τ
578 738 619 766 ut
641 743 725 766 cum
755 730 991 766 damnaverit
1009 743 1071 766 so-

78 786 221 823 litarius
237 788 363 824 omnia
389 796 534 832 vetera,
563 789 690 824 onmia
709 789 838 834 solita,
859 797 895 825 et
921 789 1068 825 defece-

78 845 156 882 rint
181 859 298 894 nova3
320 860 397 884 non
417 855 531 884 restet
550 848 620 884 nisi
641 847 771 884 odium
792 848 913 893 cellae,
927 856 964 884 et
983 848 1068 897 fuga

78 913 236 943 matura.

1136 331 1209 353 non
1219 323 1309 366 plus
1324 333 1455 367 sapere
1470 334 1582 368 quam
1601 329 1741 369 oportet
1759 334 1909 368 sapere,
1923 322 1992 356 sed
2000 334 2132 368 sapere

1137 379 1192 411 ad
1209 376 1439 413 sobrietatem
1458 385 1480 414 ¹.
1500 380 1595 426 Quia
1611 380 1709 415 enim
1727 380 1849 416 omnis
1862 381 1919 416 vel
1941 381 2132 430 praecipue

1137 437 1306 472 animalis
1333 437 1496 473 hominis
1528 439 1712 474 institutio
1743 439 1839 475 circa
1859 452 1998 489 corpus
2017 448 2073 476 est
2094 448 2131 476 et

1137 495 1334 531 exterioris
1363 495 1524 531 hominis
1558 497 1895 545 compositionem,
1936 498 2130 535 docendus

1137 561 1193 589 est
1223 553 1495 590 rationabiliter
1524 556 1752 591 mortificare,
1774 569 1912 605 corpus
1941 570 2072 603 suum,
2095 566 2131 593 et

1137 611 1305 648 membra
1326 625 1413 657 sua,
1436 625 1520 661 quae
1547 621 1633 649 sunt
1664 626 1777 662 super
1796 622 1953 659 terram,
1978 624 2015 651 et
2034 616 2132 652 inter

1137 684 1288 707 carnem
1312 684 1354 707 ac
1383 672 1556 720 spiritum
1572 700 1581 716 ,
1617 685 1701 720 quae
1724 673 1883 708 invicem
1908 673 2049 721 jugiter
2065 675 2132 711 ad-

1135 743 1285 766 versum
1318 743 1357 766 se
1390 732 1687 780 concupiscunt,
1720 730 1865 778 justum
1897 733 2054 770 rationis
2090 748 2132 770 ae

1134 789 1371 825 discretionis
1390 789 1530 826 habere
1559 789 1744 838 judicium
1760 818 1768 834 ,
1792 803 1861 826 nec
1882 790 2041 838 alicujus
2067 806 2133 828 eo-

1133 861 1216 884 rum
1246 848 1453 896 injudicio
1485 849 1655 898 accipere
1685 862 1900 898 personam.
1930 851 2133 888 Docendus

1134 914 1190 942 est
1222 906 1274 942 sic
1310 905 1450 942 habere
1485 919 1624 956 corpus
1657 920 1786 952 suum,
1819 908 1915 944 sicut
1948 918 2131 957 aegrotum

134 966 192 1003 17.
213 969 374 1016 Propter
393 967 496 1016 quod
518 967 578 1016 pia
603 966 839 1015 simplicitas,
859 973 895 1001 et
918 966 955 1002 in
976 979 1070 1014 pro·
1087 963 1114 996 Β
1135 964 1460 1010 commendatum,
1483 966 1542 1001 cui
1566 966 1678 1001 etiam
1706 966 1865 1001 multum
1886 967 2026 1002 volenti
2045 968 2132 1003 inu-

77 1025 237 1062 sessione
260 1027 449 1076 religionis
477 1036 513 1062 et
544 1025 758 1062 solitudinis
782 1038 903 1061 novus
930 1025 1068 1069 homo,

77 1084 142 1133 qui
176 1098 252 1121 non
289 1085 402 1121 habet
432 1086 492 1121 vel
533 1086 715 1121 rationem
757 1084 976 1128 ducentem,
1009 1084 1068 1120 vel

75 1143 250 1180 affectum
277 1144 508 1189 trahentem,
540 1145 598 1180 vel
629 1143 893 1180 discretionem
933 1143 1068 1178 mode-

75 1210 235 1246 rantem,
261 1203 325 1240 sed
357 1204 391 1240 vi
414 1203 575 1252 quadam
607 1203 726 1239 utitur
758 1203 795 1238 in
826 1203 1066 1251 semetipsum

77 1269 251 1311 tanquam
267 1276 287 1299 a
302 1263 416 1312 figulo
435 1264 673 1311 tigmentum3
692 1262 771 1310 lege
787 1261 947 1310 quadam
967 1274 1070 1297 man-

76 1321 249 1358 datorum
272 1323 360 1368 Dei,
391 1323 498 1372 quasi
526 1321 700 1358 manibus
723 1322 853 1357 alienis
878 1321 1069 1357 faciendus

76 1390 154 1426 est,
181 1390 217 1419 et
240 1382 460 1419 formandus
480 1383 516 1418 in
535 1382 637 1417 omni
660 1381 840 1431 patientia
854 1409 863 1425 ,
879 1381 968 1416 etin
988 1389 1069 1417 rota

75 1441 254 1478 volubilis
285 1441 533 1485 obedientiae,
572 1449 610 1476 et
648 1441 684 1476 in
715 1441 801 1489 igne
832 1441 1069 1489 probationis

76 1513 172 1546 suae,
192 1501 428 1551 plasmatoris
448 1510 484 1537 et
509 1501 721 1536 formatoris
745 1500 802 1536 sui
824 1500 1010 1535 voluntati
1032 1508 1068 1536 et

76 1559 232 1596 arbitrio
253 1560 485 1597 subdendus,
509 1564 597 1597 Nam
626 1561 692 1596 etsi
716 1560 823 1596 callet
843 1560 1015 1608 ingenio,
1038 1560 1066 1595 si

74 1620 175 1669 viget
195 1629 291 1666 arte,
307 1621 335 1657 si
355 1621 574 1669 praeeminet
590 1620 802 1663 intellectu,
817 1620 1067 1655 instrumenta

74 1687 163 1716 sunt
190 1679 269 1716 haec
301 1688 374 1716 tam
411 1679 588 1715 vitiorum
621 1692 733 1728 quam
763 1679 961 1714 virtutum.
983 1682 1065 1715 Non

1136 1024 1212 1060 tilia
1238 1033 1326 1060 sunt
1356 1024 1547 1073 neganda,
1579 1025 1685 1060 utilia
1721 1039 1813 1061 vero
1845 1026 1956 1061 (tiam
1990 1027 2134 1064 nolenti

1135 1084 1352 1131 ingerenda.
1376 1085 1433 1122 Sic
1452 1084 1498 1120 de
1521 1098 1566 1120 eo
1587 1098 1717 1132 agere,
1747 1085 1841 1121 sicut
1873 1086 1918 1121 de
1939 1099 2014 1121 non
2040 1100 2107 1123 suo
2123 1116 2131 1132 ,

1135 1143 1200 1179 sed
1224 1143 1304 1191 ejus
1334 1157 1354 1179 a
1375 1157 1451 1192 quo
1476 1144 1599 1193 pretio
1619 1150 1754 1191 magno
1774 1145 1891 1192 empti
1908 1157 2037 1180 sumus
2052 1173 2060 1188 ,
2094 1154 2133 1181 ut

1134 1203 1387 1251 glorificemus
1407 1216 1492 1239 eum
1512 1203 1549 1238 in
1567 1216 1729 1252 corpore
1747 1212 1877 1239 nostro
1901 1209 1925 1239 ².
1944 1207 2133 1240 Rursum-

1135 1276 1207 1312 que
1235 1263 1430 1299 docendus
1450 1272 1507 1299 est
1535 1276 1687 1307 cavere,
1720 1263 1821 1312 quod
1844 1265 2033 1313 peccatori
2062 1278 2134 1314 po·

1135 1323 1225 1372 pulo
1265 1324 1449 1359 Dominus
1489 1336 1557 1372 per
1591 1323 1814 1372 prophetam
1852 1324 2087 1374 improperat
2125 1338 2131 1359 :

1135 1384 1348 1428 Prnjemm
1370 1396 1439 1425 me,
1460 1382 1655 1431 inquiens,
1668 1393 1754 1430 [mse
1771 1393 1909 1431 tergam
1926 1394 2084 1420 vestrum
2105 1383 2130 1421 3.

1134 1442 1372 1489 Multumque
1393 1453 1472 1476 esse
1493 1441 1702 1477 cavendum
1716 1469 1725 1486 ,
1748 1455 1794 1477 ne
1821 1455 1890 1491 pro
1919 1443 2135 1480 necessariis

1135 1500 1246 1549 hujus
1273 1501 1360 1536 vitae
1388 1501 1445 1535 vel
1469 1500 1697 1545 commodis,
1726 1515 1745 1536 a
1775 1503 1961 1551 propositi
1979 1503 2134 1538 rtctitu-

1133 1559 1238 1603 dssne,
1266 1560 1325 1595 vel
1352 1559 1532 1608 dignitate
1555 1568 1716 1605 naturae,
1738 1561 1775 1596 in
1796 1574 1963 1597 amorem
1984 1561 2041 1597 vel
2061 1561 2132 1597 lio·

1134 1632 1264 1655 norem
1293 1619 1465 1668 corporis
1489 1619 1544 1655 sui
1574 1620 1670 1655 sinat
1693 1620 1728 1655 in
1754 1620 1880 1668 aliquo
1902 1620 2132 1669 degenerare

1134 1677 1306 1727 spiritum
1329 1690 1451 1713 suum.
1480 1677 1647 1727 Ideoque
1667 1678 1798 1715 durius
1824 1679 2058 1716 tractandum
2079 1689 2135 1717 est

74 1751 164 1788 ergo
186 1740 344 1788 refugiat
366 1739 516 1783 doceri,
541 1740 593 1775 uti
617 1752 662 1775 eo
679 1739 715 1774 in
741 1738 865 1782 bono,
882 1751 959 1787 quo
976 1746 1012 1774 et
1028 1738 1065 1773 in
1091 1733 1118 1768 C
1135 1750 1294 1786 corpus,
1317 1750 1362 1773 ne
1393 1737 1569 1783 rebellet,
1592 1751 1638 1774 ne
1662 1739 1860 1775 insolescat
1884 1752 1891 1772 t
1915 1740 1965 1775 sic
1985 1748 2107 1776 tamen
2122 1769 2131 1786 ,

75 1798 176 1834 mato
192 1799 246 1834 uti
267 1807 408 1848 potest,
437 1798 539 1847 quod
562 1799 758 1847 proprium
790 1797 940 1833 virtutis
974 1810 1069 1847 opus

75 1865 142 1893 est.
160 1859 355 1906 Ingenium
372 1870 510 1906 corpus
530 1856 699 1906 adaptet,
727 1869 785 1892 ars
813 1865 984 1891 naturam
1008 1856 1069 1891 in-

75 1915 231 1959 formet,
262 1925 298 1952 et
327 1916 538 1951 intellectus
571 1928 645 1951 non
677 1915 815 1951 elatum
847 1915 954 1951 saciat
985 1915 1070 1950 ani-

77 1987 200 2020 mum,
230 1975 294 2011 sed
323 1974 535 2011 docibsslem.
570 1975 765 2023 Ingenium
799 1975 960 2023 quippe,
988 1987 1066 2019 ars,

73 2033 302 2078 intellectus,
333 2042 369 2070 et
399 2034 467 2070 alia
495 2032 711 2081 hujusmodi
733 2035 898 2082 gratuito
926 2032 1068 2069 liaben-

75 2100 156 2135 tur;
179 2092 286 2128 aliter
303 2092 433 2128 virtus.
454 2092 583 2128 Virtus
599 2093 697 2128 enim
723 2092 802 2128 vult
823 2091 950 2127 doceri
981 2104 1066 2127 cum

73 2150 303 2197 humilitate,
335 2151 453 2200 quaeri
494 2164 578 2187 cum
623 2150 773 2195 labore,
812 2150 941 2187 haberi
978 2164 1064 2187 cum

72 2222 208 2246 amore.
234 2214 325 2247 Nam
356 2224 440 2246 cum
472 2210 648 2246 omnibus
679 2211 733 2247 his
760 2210 871 2259 digna
895 2211 963 2256 sit;
995 2224 1063 2247 nec

71 2267 190 2315 aliter,
212 2269 270 2305 vel
292 2268 439 2315 doceri,
463 2269 520 2305 vel
538 2270 678 2318 quaeri,
700 2270 758 2306 vel
776 2268 905 2305 haberi
923 2278 1060 2319 potest.

415 2395 591 2434 CAPUT
621 2396 718 2435 Vll.

1135 1805 1175 1832 ut
1195 1797 1337 1833 servire
1365 1798 1549 1841 sufficiat,
1577 1799 1665 1846 quia
1685 1798 1731 1834 ad
1755 1799 1995 1836 serviendum
2018 1801 2133 1849 spiri·

1137 1856 1186 1891 tui
1215 1856 1342 1892 datum
1371 1865 1437 1892 est.
1458 1860 1532 1893 Nec
1564 1858 1615 1893 sic
1639 1857 1852 1893 habendum
1874 1867 1928 1894 est
1956 1867 2133 1908 tanquam

1135 1924 1295 1965 propter
1316 1915 1408 1951 illud
1428 1916 1618 1959 vivamus;
1651 1917 1714 1952 sed
1751 1926 1928 1966 tanquam
1951 1919 2030 1954 sine
2056 1932 2133 1968 quo

1134 1975 1263 2011 vivere
1286 1988 1360 2010 non
1382 1988 1592 2024 possumus.
1614 1976 1750 2013 Foedus
1773 1978 1871 2012 enim
1894 1978 1996 2026 quod
2019 1978 2134 2015 habe-

1133 2047 1215 2071 mus
1242 2048 1325 2070 cum
1347 2048 1532 2084 corpore,
1568 2048 1642 2070 non
1671 2036 1991 2084 quandocumque
2022 2038 2130 2074 volu-

1134 2107 1233 2138 mus,
1254 2107 1453 2143 possumus
1466 2093 1716 2144 abrumpere3
1736 2095 1798 2131 sed
1822 2096 2023 2144 legitimam
2046 2096 2130 2144 ejus

1133 2153 1401 2188 resolutionem
1426 2153 1612 2201 patienter
1633 2166 1701 2189 nos
1722 2163 1940 2203 exspectare
1962 2164 2129 2204 oportet,

1129 2220 1165 2246 et
1182 2211 1332 2247 interim
1353 2225 1437 2260 quae
1457 2212 1610 2260 legitimi
1628 2213 1778 2249 foedet‘is
1803 2223 1890 2250 suut
1914 2216 2128 2252 observare.

1191 2273 1247 2306 19.
1269 2271 1327 2308 Sic
1347 2284 1435 2320 ergo
1453 2271 1562 2307 nobis
1582 2281 1637 2307 est
1655 2286 1738 2308 eum
1757 2286 1801 2309 eo
1822 2274 1951 2309 com-ix
1963 2274 2102 2311 endum
2121 2304 2130 2318 ‚

1133 2329 1190 2364 vcl
1212 2330 1535 2373 conveniendum,
1553 2331 1660 2379 quasi
1679 2344 1754 2367 non
1775 2331 1836 2368 diu
1855 2331 1964 2369 nobis
1980 2334 2026 2369 sit
2047 2347 2131 2370 cum

1131 2401 1177 2425 eo
1198 2391 1511 2426 connuorandum
1530 2405 1536 2427 :
1560 2392 1687 2439 sicque
1708 2400 1747 2427 ut
1764 2392 1791 2427 si
1814 2392 1922 2428 aliter
1942 2395 2130 2438 evenerit,

1131 2461 1207 2484 non
1234 2462 1435 2497 urgeamur
1464 2449 1509 2485 ad
1542 2451 1835 2487 exeundum.1u
1866 2465 1941 2501 quo
1971 2453 2131 2489 multum

93 2508 264 2551 Religiosus
287 2509 444 2548 novitius,
468 2520 521 2541 seu
546 2509 632 2540 rudis
658 2510 786 2541 eremita
810 2520 878 2551 quae
902 2510 1039 2553 primum
1077 2511 1111 2544 D
1130 2517 1167 2545 et
1198 2510 1420 2558 scrupulose
1442 2509 1713 2555 laborandum,
1738 2519 1774 2549 et
1803 2512 2013 2561 periculose
2034 2526 2132 2562 sa¹pc

479 2563 646 2594 docendus.

122 2682 180 2718 18.
198 2681 363 2719 Primum
381 2683 508 2732 itaque
525 2682 719 2720 docendus
738 2691 793 2720 est
814 2683 918 2720 rudis
938 2684 1062 2720 incola

64 2741 200 2787 eremi,
231 2742 438 2779 secundum
483 2744 727 2793 apostolicam
767 2744 870 2781 Pauli
907 2745 1061 2781 institu-

65 2798 228 2846 tionem,
252 2809 292 2837 ut
318 2801 493 2838 exhibeat
515 2815 654 2852 corpus
679 2815 788 2839 suum
813 2803 970 2838 lmstiam
1000 2807 1061 2839 vi-

65 2868 201 2895 vemt-m
216 2887 226 2904 ‚
257 2871 427 2896 sanctam
442 2890 451 2905 ‚
477 2865 555 2897 Deo
575 2865 786 2909 placentem
803 2890 813 2906 ,
837 2862 1061 2898 rationabile

64 2917 275 2967 obsequium
298 2933 419 2956 suum.
439 2921 510 2969 Qui
531 2922 641 2958 etiam
664 2935 909 2972 compescens
930 2922 966 2958 in
988 2935 1059 2958 no-

64 2977 154 3013 vitio
186 2978 333 3016 fervore
370 2980 540 3016 animalis
571 2980 754 3025 hominis,
790 2982 854 3030 qui
889 2981 1059 3018 nondum

63 3037 224 3088 percipit
252 3052 294 3076 ea
325 3053 410 3088 quae
435 3040 499 3077 Dei
523 3049 631 3085 sunt,
659 3041 756 3077 circa
786 3041 994 3090 spiritualia
1015 3054 1056 3078 ac

63 3093 187 3133 divina
199 3110 480 3148 praeproperam
496 3108 532 3135 et
545 3100 730 3137 curiosam
750 3100 1032 3149 inquisitionem
1046 3130 1055 3146 ,

114 3221 119 3234 ¹
144 3218 233 3247 Rom.
256 3228 318 3255 ΧΠ,
341 3221 377 3253 1,
402 3221 432 3249 3.
458 3240 481 3241 ψ
510 3226 519 3240 ²
538 3222 547 3250 1
566 3222 693 3257 Cornu,
717 3223 769 3249 20.

1130 2569 1249 2605 suerat
1278 2569 1502 2613 errandum,
1525 2570 1593 2606 nisi
1620 2571 1676 2606 lex
1709 2570 1934 2607 obedienti-‘e
1962 2581 1998 2608 et
2029 2574 2132 2609 cellae

1128 2628 1278 2677 plenam
1311 2630 1523 2665 communis
1557 2630 1806 2665 institutionis
1830 2631 1987 2666 sormam
2016 2633 2130 2668 semel

1130 2688 1303 2731 tradens,
1325 2689 1550 2738 ingredienti
1572 2689 1618 2724 de
1644 2690 1743 2725 victu
1774 2698 1809 2725 et
1832 2691 1987 2734 vestitu,
2009 2691 2055 2728 de
2075 2693 2131 2728 la-

1128 2746 1220 2783 bore
1237 2756 1273 2784 et
1290 2748 1415 2796 quiete
1429 2776 1437 2789 ‚
1462 2747 1508 2783 de
1528 2749 1678 2784 silentio
1695 2757 1731 2784 et
1748 2749 1973 2794 solitudine,
1997 2760 2032 2787 et
2051 2765 2130 2787 om-

1129 2806 1240 2843 nibus
1269 2821 1352 2856 quse.
1386 2807 1430 2843 ad
1465 2808 1663 2844 exterioris
1696 2808 1857 2845 hominis
1886 2810 2046 2856 cultum,
2070 2811 2129 2848 vel

1128 2867 1387 2903 necessitatem
1413 2876 1603 2917 spectant,
1626 2868 1776 2904 fratrem
1805 2868 2068 2913 obedientem,
2093 2882 2130 2909 et

1126 2925 1349 2974 patientem,
1382 2934 1418 2961 ct
1452 2927 1643 2975 quicmm,
1680 2928 1715 2963 in
1756 2928 1941 2977 reliquum
1977 2938 2127 2966 cautum

1127 2984 1301 3020 redderet
1327 2993 1362 3020 et
1393 2998 1578 3022 securum.
1602 2989 1644 3022 ln
1674 2985 1813 3035 quibus
1838 2988 1889 3023 sic
1918 2989 2030 3024 semel
2053 2990 2126 3025 cir—

1124 3043 1287 3079 cumcisa
1317 3053 1404 3080 sunt
1429 3045 1578 3089 omnia,
1605 3054 1642 3082 ct
1665 3047 1817 3095 praecisa
1839 3047 2050 3096 superflua.
2078 3049 2127 3084 sic

1124 3102 1222 3139 intra
1241 3117 1417 3153 congruae
1439 3106 1672 3142 sufficientia*
1690 3107 1871 3142 terminos
1887 3115 1922 3142 et
1943 3108 2126 3154 generali-

819 3218 981 3261 ‹31Reg
1008 3233 1047 3253 x,
1073 3226 1125 3252 121.
