2504 3928
278 195 350 227 9033
894 192 1016 226 VlTlS
1046 192 1272 231 MYSTICA,
1306 194 1389 226 Stil}
1422 191 1703 225 't'nMITA'I'US
2243 189 2316 224 90¹}

276 269 437 305 animam
460 278 562 302 suam
579 265 844 301 sanctissimam
864 266 980 302 Patris.
997 279 1075 302 esse
1093 265 1319 302 mauilms⁸⁸⁷
1336 265 1432 301 tibus
1454 273 1489 300 et
1512 265 1688 309 inlirmis,
1704 263 1738 299 id
1761 271 1834 308 est,
1862 262 1982 298 doctis
2009 271 2044 299 et
2065 263 2242 310 indoctis,
2264 279 2321 301 sa-

278 326 594 370 eonmwndatam‚
618 325 680 374 qui
711 325 823 373 paulo
849 333 933 360 ante
961 325 1126 370 dixerat,
1149 328 1256 361 l'e'mt
1275 329 1299 360 Α
1324 324 1514 374 pientilms
1542 323 1768 358 conveniant
1789 330 1824 358 et
1849 320 2134 370 insipientibus,
2171 331 2212 358 ut
2233 336 2321 359 ver-

277 392 449 435 priracrlis
477 387 584 431 liujus
611 386 759 427 mutuli,
789 383 826 419 id
847 392 901 420 est
926 392 1090 428 satanam,
1111 394 1144 420 et
1159 390 1196 419 m
1213 398 1270 420 me

283 461 353 482 mm
375 445 483 480 habet
502 445 705 492 quidquam
719 450 726 464 ¹
748 457 755 479 ε
775 452 898 479 tamen
919 452 958 479 ut
985 443 1150 480 erudiret
1177 458 1268 490 nos,

282 507 345 556 qui
369 515 465 541 terra
485 516 612 540 sumus
633 511 667 538 et
689 503 803 547 einis,
825 511 865 539 ut
896 503 1068 552 spiritum
1101 512 1270 539 nostrum

282 566 509 601 disceremus
535 562 650 599 Patris
678 562 807 597 aeterni
831 561 1004 597 manibus
1028 562 1274 598 commenda-

285 639 338 667 re,
358 638 403 660 ne
424 623 470 659 ab
492 621 604 670 hujus
624 621 753 657 muudi
772 621 954 671 principe,
971 635 1055 658 cum
1076 635 1095 657 a
1115 634 1274 671 corpore

283 696 453 732 egressus
476 681 583 717 suerit
597 709 606 726 ,
627 679 982 729 eomprehendamr,
1006 681 1069 728 qui
1088 681 1124 716 in
1145 679 1274 725 nobis,

285 744 377 779 lieu!
405 754 481 777 non
501 752 617 790 pauca
642 752 725 787 quae
750 738 796 774 ad
818 739 939 788 ipsum
963 740 1197 788 pertineant,
1225 739 1276 775 in-

285 801 434 844 veniet;
457 812 540 835 eum
568 798 648 847 ipse
666 797 730 847 qui
748 806 901 846 peccato
927 798 977 833 nil
1001 797 1178 843 debebat,
1202 798 1277 834 imo

286 861 396 896 etiam
429 858 493 907 qui
520 858 650 894 tollere
671 865 822 906 peccata
855 856 1082 902 advenerat,
1104 857 1277 906 spiritum

285 933 392 957 suum
411 917 648 968 purissimum
665 930 684 952 a
706 916 906 966 purissimo
929 929 1090 965 corpore
1111 929 1278 964 egressu·

288 993 389 1023 rum,
413 991 487 1015 uon
509 977 639 1026 utique
657 975 907 1021 necessitatis3
929 975 992 1012 sed
1014 976 1175 1025 exempli
1191 989 1278 1024 gra—

1337 384 1380 419 ba
1401 380 1727 418 ‹l‹›etissimiVerbi
1751 381 1898 418 Domini
1919 384 2018 417 Jesu.
2044 384 2134 418 Nam
2157 381 2252 418 sicut
2276 382 2325 417 ait

1338 442 1514 491 quidam,

1431 532 1582 562 liuh-insu
1599 542 1635 561 ex
1656 532 1722 572 ipso
1743 530 1827 561 sonte
1847 530 1998 560 bibuntur
2013 540 2100 571 aquae
2115 528 2139 560 3.

1340 620 1538 658 Sciendum
1560 628 1682 655 autem
1701 617 1803 668 quod
1824 618 1860 654 in
1886 617 2019 654 umbra
2044 617 2219 654 soliorum
2240 618 2328 654 isto-

1342 694 1442 724 rum,
1473 679 1507 714 id
1539 687 1613 724 est,
1644 678 1680 713 in
1712 676 1836 713 verbis
1865 677 2038 721 Domini,
2068 676 2328 713 meditandum

1341 748 1396 776 est
1423 740 1481 775 die
1508 753 1549 775 ac
1568 746 1700 774 nocte:
1719 750 1882 786 quorum
1899 735 2032 772 umbra
2053 744 2141 772 tunc
2160 736 2330 785 profecto

1343 799 1598 849 protegimur,
1636 810 1720 832 cum
1743 796 1888 845 quoties
1907 809 1928 832 a
1947 795 2048 832 vitiis
2078 803 2141 831 aut
2175 794 2330 831 diabolo

1345 866 1554 901 tentamur,
1581 870 1647 906 per
1679 863 1899 892 tractatores
1929 854 2081 903 aliquod
2106 853 2263 890 verbum
2285 854 2331 890 de

1343 917 1545 966 Scripturis
1572 915 1796 964 evangelicis
1822 913 1931 951 nobis
1969 913 2204 959 adducimus,
2225 912 2331 962 cujus

1345 977 1495 1012 monilis
1525 984 1562 1011 et
1589 975 1811 1011 auctoritate
1837 972 2067 1010 irruentibus
2086 972 2122 1008 in
2140 985 2208 1008 nos
2232 973 2333 1008 vitiis

288 1041 355 1085 tia,
379 1038 493 1075 l‘atris
511 1037 566 1073 sui
589 1035 761 1072 manibus
788 1035 1076 1071 commendauit.
1104 1035 1214 1082 Quod
1240 1042 1276 1069 et
1297 1036 1322 1069 B
1343 1036 1569 1071 resistamus.
1592 1033 1704 1071 Verbi
1725 1033 1861 1082 gratia,
1884 1033 1913 1068 si
1934 1039 2096 1067 tentatus
2116 1044 2136 1067 a
2156 1029 2334 1079 superbia

290 1112 359 1135 nos
388 1096 458 1134 sub
485 1108 552 1145 spe
577 1095 703 1144 gratia*
725 1102 761 1130 et
784 1094 1048 1130 misericordiae
1071 1094 1278 1143 poterimus

291 1159 429 1201 faeere,
445 1156 474 1192 si
493 1154 563 1191 sub
585 1153 719 1190 umbra
738 1153 913 1189 soliorum
930 1153 1209 1202 praemissorum
1226 1152 1281 1187 la-

292 1213 497 1259 tuerimus;
519 1214 548 1250 si
579 1226 692 1249 sonos
718 1211 944 1248 chordarum
967 1212 1118 1247 citharae
1146 1219 1282 1247 nostrae

289 1272 444 1309 auribus
462 1273 585 1309 cordis
601 1272 831 1308 audierimus
854 1285 861 1307 :
886 1271 1048 1314 scilicet,
1081 1271 1111 1306 si
1133 1282 1283 1305 oremus

292 1346 362 1382 pro
377 1332 553 1377 inimieis3
578 1332 607 1367 si
629 1328 902 1380 poenitentibus
922 1330 987 1377 qui
1007 1330 1044 1364 in
1066 1342 1134 1364 nos
1154 1341 1284 1378 pecca-

293 1400 448 1434 verunt,
471 1403 516 1426 ex
533 1398 612 1426 toto
628 1389 741 1425 corde
762 1389 1034 1432 remiserimus;
1057 1388 1086 1423 si
1103 1387 1284 1436 proximis

296 1450 434 1486 nostris
452 1457 618 1485 mutuam
638 1447 926 1496 rependerimus
942 1446 1183 1490 charitatem;
1200 1445 1229 1481 si
1246 1445 1283 1481 in

293 1508 468 1545 omnibus
489 1506 794 1544 tribulationibus
812 1506 947 1542 nostris
960 1504 1283 1555 speraverimusin

294 1581 339 1604 eo
357 1567 422 1616 qui
445 1574 604 1616 propter
632 1578 701 1601 nos
720 1565 833 1601 homo
850 1565 969 1601 sactus
987 1572 1060 1609 est,
1089 1572 1131 1600 ut
1158 1563 1285 1600 unitus

296 1635 432 1663 nostrae
452 1634 596 1661 naturae
615 1633 712 1662 esset
734 1624 950 1669 nobiscum;
972 1624 1000 1659 si
1018 1623 1164 1659 ardenti
1185 1622 1286 1659 desi-

298 1685 404 1721 derio
419 1684 680 1734 proximorum
703 1683 860 1720 salutem
878 1681 1214 1718 desideraverimus
1227 1696 1236 1726 ;
1251 1689 1288 1716 et

299 1753 491 1796 postremo
508 1744 536 1780 si
555 1744 593 1780 in
613 1742 723 1779 bonis
740 1741 917 1792 operibus
932 1741 977 1778 ad
997 1740 1290 1777 consummatio-

299 1819 383 1842 nem
406 1803 680 1853 perstiterimus
708 1818 716 1839 z

300 1864 523 1901 fiducialiter
542 1863 751 1912 poterimus
780 1862 903 1897 dicere
920 1869 1063 1897 aeterno
1086 1861 1187 1896 Patri
1206 1873 1290 1896 cum

301 1923 465 1960 Domino
485 1926 572 1959 Jesu
588 1951 597 1966 ‚
633 1925 680 1958 In
700 1935 832 1956 manus
852 1930 958 1964 tuas,
980 1921 1155 1964 Domine,
1188 1934 1293 1955 com-

303 1984 434 2017 mendo
465 1985 631 2030 ‚spiritum
663 1994 796 2015 meum.
834 1983 990 2028 Semper
1027 1987 1176 2015 orantes
1204 1979 1294 2015 dum

303 2042 482 2086 vivimus,
503 2048 542 2076 ut
565 2041 600 2076 in
620 2040 675 2076 his
691 2038 816 2075 verbis
830 2067 840 2085 ,
863 2038 1000 2088 quibus
1023 2039 1103 2088 ipse
1123 2039 1294 2088 spiritum

305 2101 450 2145 emisit,
474 2108 652 2150 praestare
682 2098 857 2147 dignetur
884 2110 953 2134 nos
983 2097 1093 2133 etiam
1123 2097 1296 2146 spiritum

306 2167 472 2194 nostrum
501 2158 691 2203 emittere,
719 2164 757 2192 et
786 2156 862 2192 suis
890 2155 1091 2192 efficaciter
1124 2155 1297 2192 manibus

308 2216 589 2252 commendare.

361 2276 422 2311 50.
440 2279 530 2310 Eece
542 2274 747 2310 seeundum
760 2273 862 2323 quod
875 2273 1069 2323 potuimus
1079 2303 1088 2320 ‚
1102 2287 1179 2310 non
1195 2273 1298 2322 quod

309 2333 531 2378 debuimus,
554 2346 622 2369 nec
643 2333 847 2370 seeundum
865 2333 968 2381 quod
982 2333 1189 2377 voluimus,
1204 2334 1297 2370 Vitis

310 2402 448 2430 nostrae
476 2392 638 2441 desuper
671 2401 834 2428 extensse
868 2393 954 2428 solia
988 2401 1132 2441 septem
1166 2401 1298 2428 vestrae

309 2451 543 2488 ostendimus
565 2451 753 2487 charitati:
770 2464 853 2500 quae
872 2464 948 2486 non
971 2452 1060 2488 satis
1078 2459 1132 2487 est
1154 2459 1298 2487 tantum

311 2511 470 2555 intueri,
494 2510 557 2547 sed
574 2511 697 2560 potius
714 2519 768 2546 est
785 2509 1056 2556 accedendum,
1073 2519 1108 2546 et
1125 2510 1195 2547 sub
1218 2524 1301 2546 um-

1351 1094 1522 1130 videlicet
1537 1123 1546 1139 ‚
1565 1102 1603 1129 ut
1630 1093 1721 1129 velis
1739 1104 1915 1141 praeesse,
1943 1089 2095 1127 subesse
2125 1089 2222 1125 nolis
2240 1103 2247 1125 τ
2269 1102 2336 1125 oe-

1347 1153 1463 1189 currit
1485 1152 1548 1188 tibi
1569 1152 1690 1187 statim
1711 1150 1867 1186 verbum
1882 1149 2035 1186 Domini
2055 1148 2234 1193 dicentis,
2262 1148 2335 1192 Qui

1348 1215 1506 1248 voluerit
1529 1217 1625 1246 inter
1640 1224 1705 1246 vos
1716 1214 1860 1258 primus
1884 1222 1960 1243 esse
1969 1236 1981 1252 ‚
2006 1210 2051 1243 sit
2072 1211 2234 1242 omnium
2259 1219 2337 1242 ser-

1349 1270 1534 1319 ensequia
1555 1270 1651 1305 sicut
1667 1274 1731 1317 qni
1750 1283 1786 1304 se
1807 1270 1972 1311 exaltat,
1996 1266 2271 1310 luemiliabitur‚·
2287 1266 2337 1301 ita

1349 1335 1460 1377 quise
1475 1331 1668 1373 humiliat,
1687 1328 1947 1364 exalzabsturi.
1961 1327 1998 1363 Si
2012 1326 2160 1362 infestat
2177 1334 2210 1361 te
2224 1324 2339 1361 ardor

1350 1387 1570 1431 iracundiae,
1601 1385 1716 1422 habes
1751 1386 1872 1422 statim
1903 1386 2031 1421 solium
2056 1385 2147 1421 Vitis
2177 1392 2340 1430 nostrae,

1349 1445 1451 1494 quod
1467 1445 1519 1480 illi
1537 1444 1674 1480 fervori
1689 1457 1880 1493 opponas,
1897 1444 2053 1480 verbum
2070 1443 2160 1479 illud
2179 1443 2339 1490 scilicet,

1350 1503 1453 1553 quod
1473 1507 1588 1539 omnis
1606 1507 1670 1551 (μιί
1691 1505 1860 1539 irascitur
1874 1501 1994 1549 fratri
2017 1516 2081 1537 suo
2102 1507 2182 1537 sitm
2205 1516 2338 1547 causa,

1351 1577 1430 1601 reus
1462 1573 1516 1599 est
1536 1561 1707 1609 ]”ιι(ἰι“ι·ιό5
1725 1577 1732 1599 :
1750 1571 1785 1598 et
1814 1563 1865 1599 sic
1887 1570 2018 1598 contra
2041 1562 2185 1611 singula
2217 1570 2341 1599 tenta-

1353 1631 1478 1659 menta
1495 1622 1608 1660 verba
1629 1622 1814 1667 invenies,
1835 1621 1972 1670 quibus
1987 1620 2033 1657 ab
2049 1629 2142 1658 aestu
2161 1621 2341 1658 vitiorum

1354 1682 1502 1719 defendi
1523 1683 1661 1732 possis,
1678 1691 1715 1719 et
1736 1683 1913 1718 virtutem
1941 1681 2122 1731 temporis
2139 1681 2344 1718 confovere

1355 1743 1434 1792 ipsa
1462 1742 1536 1778 vite
1561 1741 1724 1791 benigno
1746 1745 1832 1779 Jesu
1857 1740 1966 1778 nobis
1995 1749 2193 1791 praestante.
2219 1739 2344 1777 subsi—

744 1803 782 1838 in
804 1810 986 1851 quantum
1008 1801 1088 1837 haec
1108 1801 1292 1849 egerimus
1311 1800 1338 1834 C
1358 1800 1476 1836 dium.

1698 1909 1872 1947 CAPUT
1900 1908 2013 1947 XVI.

1361 2030 1612 2072 Dejucunditate
1628 2030 1740 2062 florum
1756 2030 1825 2061 vitis
1838 2054 1847 2068 ,
1866 2030 1896 2061 id
1909 2036 1951 2061 est
1967 2054 1975 2068 ‚
1994 2029 2033 2061 de
2047 2027 2209 2060 virtutibus
2222 2027 2348 2061 Christi.

1414 2159 1476 2195 51.
1497 2157 1642 2194 Deinde
1663 2156 1709 2193 ad
1730 2157 1863 2193 florum
1884 2155 2158 2205 jucunditatem
2181 2155 2349 2192 animum

1362 2217 1604 2261 inclinemus,
1626 2216 1702 2252 imo
1731 2229 1818 2252 vere
1832 2216 2020 2252 elevantes
2037 2214 2231 2252 videamus
2252 2227 2350 2263 quo-

1364 2275 1477 2311 modo
1508 2274 1678 2310 ssoruerit
1709 2274 1802 2310 Vitis
1832 2282 1970 2310 nostra.
2002 2274 2146 2310 Floruit
2181 2273 2279 2309 enim
2315 2280 2353 2309 et

1363 2343 1466 2370 tanto
1502 2333 1672 2377 uberius,
1703 2332 1984 2381 jucundiusque
2010 2332 2174 2376 caeteris,
2210 2339 2352 2380 quanto

1364 2394 1442 2442 ipsa
1463 2393 1594 2428 melior
1617 2391 1811 2437 omnibus,
1839 2391 1946 2440 eujus
1978 2391 2251 2440 magnificentia
2277 2390 2353 2427 ele-

1364 2460 1448 2487 vata
1472 2459 1526 2487 est
1543 2464 1656 2500 super
1676 2451 1811 2497 coelos3
1835 2450 1903 2487 sub
1921 2450 2028 2499 cujus
2048 2449 2208 2500 pedibus
2226 2449 2354 2486 onmia

1366 2519 1452 2547 sunt
1471 2509 1657 2558 subjeeta;
1679 2510 1847 2559 quamvis
1870 2518 1996 2546 nostra
2017 2509 2193 2545 charitate
2220 2508 2355 2545 devin-

315 2570 381 2606 bra
396 2571 547 2606 illorum
564 2569 791 2615 sedendum,
808 2577 847 2604 ut
864 2569 1050 2617 possimus
1064 2583 1148 2605 cum
1166 2583 1303 2619 sponsa
1318 2572 1350 2606 D
1368 2579 1470 2615 ctus,
1495 2569 1539 2605 ad
1562 2578 1709 2618 tempus
1727 2571 1838 2619 paulo
1857 2570 1979 2605 minus
2003 2568 2050 2605 ab
2077 2569 2228 2618 Angelis
2246 2567 2358 2604 suerit

315 2630 499 2665 xeracitcr
519 2628 661 2673 dicere,
679 2628 752 2663 Sub
771 2628 898 2663 umbra
916 2631 1014 2663 illius
1029 2643 1135 2677 quem
1152 2631 1303 2664 deside-

314 2689 442 2724 rabam
457 2715 468 2732 ‚
487 2689 600 2723 mlv.
618 2686 732 2735 Cujus
747 2687 875 2723 Ullius
891 2688 1017 2736 sponsi
1034 2688 1182 2737 utique,
1199 2688 1304 2737 cujus

317 2749 403 2784 solia
432 2746 602 2783 umbram
633 2755 736 2782 tamo
769 2745 907 2782 habent
940 2747 1131 2793 latiorem,
1162 2756 1304 2796 quanto

318 2807 397 2856 ipse
417 2819 578 2856 sponsus
593 2805 758 2841 Verbum
780 2806 914 2841 summi
929 2806 1047 2842 Patris
1063 2805 1177 2842 verba
1194 2805 1306 2842 habet

320 2865 524 2903 virtutibus
546 2864 763 2901 amabiliora
792 2865 1047 2913 vicinioraque
1073 2865 1202 2910 saluti,
1225 2878 1305 2901 ma-

317 2924 667 2975 gisaccommodata
686 2924 830 2973 pietati,
854 2932 890 2959 et
907 2924 1078 2960 omnium
1103 2924 1306 2961 intellectui

317 2985 509 3033 propiora.
529 2983 707 3030 Quamvis
727 2984 824 3018 enim
854 2983 890 3018 in
917 2983 1093 3020 omnibus
1111 2984 1308 3034 Prophetis

316 3052 353 3079 et
371 3043 561 3092 Apostolis
574 3043 720 3078 locutus
740 3050 794 3078 est
811 3043 872 3078 ille
888 3042 1010 3080 bonus
1026 3048 1151 3089 Jesus;
1171 3044 1308 3080 nullius

315 3111 438 3138 tamen
467 3100 582 3137 verba
604 3101 768 3150 reperies
787 3102 963 3147 omnino,
990 3115 1074 3151 quae
1100 3103 1150 3139 ita
1176 3111 1213 3139 et
1233 3103 1308 3140 for-

1370 2629 1590 2664 diminutus.
1625 2632 1716 2664 Nam
1753 2635 1953 2677 propterea
1982 2627 2191 2663 exinanivit
2221 2633 2358 2662 semet-

1370 2688 1506 2736 ipsum,
1528 2688 1684 2723 sormam
1703 2687 1800 2724 servi
1820 2686 2026 2736 accipiens;
2047 2694 2085 2722 et
2104 2686 2293 2735 plantatus
2303 2692 2359 2721 est

1370 2748 1406 2782 in
1430 2755 1526 2782 terra
1547 2755 1672 2782 nostra
1687 2774 1695 2790 ‚
1715 2746 1930 2795 etcorporis
1947 2745 2063 2782 nostri
2081 2744 2357 2781 deformitatem

1371 2806 1523 2854 accepit.
1540 2805 1820 2854 Fronduitque‚
1841 2813 1877 2841 et
1897 2805 2043 2849 floruit,
2059 2812 2096 2840 et
2116 2804 2258 2840 fruetus
2273 2803 2360 2853 plu—

1373 2865 1488 2901 rimos
1508 2865 1651 2910 attulit;
1673 2873 1714 2900 ut
1741 2878 1809 2913 per
1823 2864 1893 2900 hoe
1912 2864 2014 2913 quod
2033 2872 2168 2899 nostrae
2186 2862 2361 2899 humani-

1374 2924 1438 2960 tati
1469 2924 1597 2959 unitus
1621 2932 1695 2969 est,
1729 2937 1804 2959 suae
1826 2923 2013 2959 divinitati
2037 2935 2105 2958 nos
2131 2922 2269 2958 uniret.
2288 2921 2360 2959 Sed

1372 2985 1458 3034 quia
1478 2984 1556 3019 sine
1574 2984 1665 3019 ssore
1684 2997 1757 3019 non
1776 2984 1997 3033 pervenitur
2020 2982 2066 3018 ad
2084 2983 2265 3026 sructum3
2289 2981 2361 3017 sso-

1374 3044 1447 3080 ruit
1469 3043 1532 3079 ille
1550 3042 1733 3091 benignus
1762 3047 1881 3079 Jesus.
1912 3043 1983 3090 Qui
2014 3049 2101 3078 sunt
2119 3041 2230 3077 flores
2253 3039 2357 3088 ejus,

1374 3102 1442 3139 nisi
1469 3102 1626 3138 virtutes
1641 3103 1656 3137 Ρ
1671 3101 1811 3138 Floruit
1831 3101 1930 3137 enim
1954 3099 2174 3136 mirabiliter
2191 3107 2227 3135 ct
2251 3098 2361 3135 valde

367 3242 375 3257 ¹
391 3238 484 3268 Joan.
506 3246 573 3272 xiv,
594 3238 648 3265 30.
666 3252 708 3257 ——
732 3240 743 3256 ²
758 3234 877 3266 Cautio.
898 3246 939 3272 ιι,
958 3239 989 3266 3.
1007 3253 1049 3257 —
1066 3234 1079 3257 3
1093 3235 1194 3267 midii
1211 3236 1414 3278 lipistolarum
1435 3246 1469 3266 cx
1492 3237 1590 3265 Ponto
1610 3233 1662 3264 lib.
1685 3236 1716 3270 3,
1740 3233 1828 3274 epist.
1851 3236 1883 3268 J»,
1904 3243 1981 3262 vers.
2004 3235 2053 3263 18.
2069 3250 2111 3255 κ-
2136 3232 2149 3257 4
2167 3230 2278 3263 Muuh.
2298 3242 2360 3267 xx,

319 3293 370 3322 27.
410 3295 436 3319 ct
462 3292 767 3322 xx111,11.19.--
795 3286 806 3308 5
826 3287 936 3319 Mnuh.
960 3301 997 3323 v.
1029 3292 1080 3318 22.

1503 3290 1515 3304 ’Ἴ
1534 3285 1624 3328 Apud
1639 3286 1787 3317 (hidium
1802 3310 1810 3323 ,
1834 3286 1971 3315 Gratius.
1993 3286 2016 3323 ἦ·
