2504 3928
344 256 407 290 iti-'l

1061 256 1124 290 GL
1134 257 1293 290 looms
1322 256 1660 291 c.›xR'1·ttstENsls

2305 251 2378 287 4154

335 331 519 378 jurentur
533 339 567 365 et
587 337 752 372 utantur,
766 340 840 363 nou
859 335 981 362 tamen
998 328 1213 365 litteratoria
1230 330 1452 375 sunt‚²'¹⁴do
1480 339 1601 366 tamen
1626 329 1682 364 vel
1710 328 1912 365 voluntatis
1937 334 2146 376 corruptae,
2166 327 2225 363 vel
2251 328 2392 364 inolitae

341 403 416 425 non
438 390 672 432 cavillantia,
694 400 768 423 non
793 387 1019 436 disputantia
1034 416 1043 431 ‚
1066 400 1140 424 non
1161 391 1332 437 garrula;
1354 396 1381 427 Α
1405 389 1657 438 negligentiae,
1681 388 1839 437 plurima
1861 400 1959 436 saepe
1978 387 2064 423 vitia
2083 386 2186 434 quasi
2209 387 2392 425 naturalia

343 449 406 484 scd
433 448 657 497 spiritualia,
679 447 854 495 pacifica,
880 454 916 482 et
939 446 1110 492 humilia,
1131 446 1334 484 humilibus

343 507 625 543 consentientia.
654 510 744 553 Qua¹
767 506 834 541 etsi
858 506 945 541 l'oris
971 515 1213 552 exercentur,
1236 507 1334 543 intus

344 567 470 614 potius
486 574 649 613 aguntur
670 566 705 600 in
730 565 863 614 spiritu
882 565 1034 610 mentis,
1051 564 1114 601 ubi
1133 575 1335 603 renovatur

345 625 458 659 homo
475 624 520 659 de
541 624 600 659 dic
617 625 652 660 in
670 624 785 668 (lietu,
809 624 968 660 induens
985 637 1125 660 novum
1147 625 1334 662 hominem

344 683 408 730 qui
427 682 633 719 secundum
651 686 770 718 Deum
791 691 936 719 creatus
955 691 1010 719 est
1030 683 1066 719 in
1089 684 1282 721 sanctitate
1299 692 1336 719 ct

341 741 486 789 justitia
504 742 681 778 veritatis.
702 741 758 778 lbi
779 742 878 778 enim
898 744 937 778 lit
957 743 1123 787 animus,
1148 742 1197 779 ibi
1220 745 1257 779 lit
1279 744 1337 779 iu-

346 801 514 837 tellectus
535 799 658 837 bonus
680 800 856 837 omnibus
880 801 1101 838 facientibus
1126 815 1232 847 eum,
1250 814 1335 839 cum

345 859 550 896 secundum
575 861 739 909 regulam
761 860 808 896 ab
831 861 1016 909 Apostolo
1040 860 1183 905 datam,
1198 861 1233 896 in
1256 873 1336 896 om-

345 919 451 954 m'bus
468 919 681 956 eaelubemus
699 934 764 954 uos
778 924 871 954 sicut
887 923 957 955 Dee·
975 924 1155 955 ministros
1169 925 1207 955 in
1223 923 1338 956 multu

340 983 550 1026 patientia,
574 983 610 1013 in
640 978 954 1021 tribulationibus,
977 983 1013 1014 ire
1041 978 1337 1023 necessitatibus,

344 1043 382 1072 ιή
405 1039 604 1085 angustiis,
620 1043 657 1073 in
674 1037 880 1081 laboribus,
900 1042 936 1074 iu
958 1041 1119 1086 vigiliis,
1139 1042 1177 1073 iu
1197 1052 1341 1074 carcere

1401 450 1436 484 in
1460 449 1625 497 neglecta
1646 446 1874 483 conscientia
1890 445 2037 481 esliccre
2057 445 2161 481 solet.
2185 446 2391 482 Consuetu—

1401 508 1450 543 do
1478 508 1639 556 quippe,
1669 506 1763 542 sieut
1791 504 2004 554 philosophi
2027 503 2151 539 dicere
2177 503 2319 548 solent,
2336 512 2392 539 est

1402 566 1566 603 secunda
1599 574 1741 601 natura.
1776 563 1906 600 omnis
1934 571 2056 599 tamen
2093 563 2210 599 malus
2243 562 2392 599 animus

1402 627 1506 675 prius
1523 638 1634 675 (ptam
1672 624 1902 668 indurescat,
1939 622 2077 658 molliri
2098 629 2222 671 potest
2255 621 2394 661 malitia

1401 685 1481 733 ejus
1507 700 1514 721 :
1538 684 1602 720 sed
1630 697 1696 720 nec
1719 690 1917 731 postquam
1938 680 2169 726 induruerit,
2190 680 2395 729 desperan-

1401 743 1470 779 dus
1490 752 1557 779 est.
1588 746 1673 779 llaec
1701 742 1799 777 cuim
1831 739 2042 777 maledictio
2071 747 2127 775 est
2153 738 2262 785 Adae,
2285 747 2327 775 ut
2353 739 2393 776 in

1405 810 1500 837 terra
1529 801 1667 837 laboris
1688 800 1824 844 nostri,
1849 807 1886 836 et
1909 799 1945 835 in
1972 811 2061 847 agro
2081 798 2204 835 cordis
2221 798 2279 834 vel
2303 810 2392 834 cor-⁴

1404 861 1507 910 poris
1528 860 1662 906 nostri,
1684 859 1795 895 noxia
1819 859 1875 895 vel
1899 858 2042 894 inutilia
2066 858 2229 906 gratuito
2255 857 2392 907 passim

1406 919 1544 968 ubique
1570 918 1818 968 proveniant:
1843 918 1947 954 utilia
1972 930 2063 955 vero
2088 917 2146 953 vel
2167 917 2390 961 necessaria,

1405 987 1442 1014 ct
1463 978 1643 1023 salubria,
1664 991 1747 1014 cum
1769 977 1908 1013 labore.
1929 977 2056 1013 Virtus
2075 984 2197 1012 tamen
2215 976 2394 1025 quoniam

1408 1046 1550 1074 naturae
1574 1051 1631 1075 res
1649 1046 1721 1083 est,
1743 1050 1826 1073 cum
1848 1036 1950 1075 venit
1971 1036 2008 1071 in
2033 1035 2197 1072 animum
2221 1035 2394 1083 aliquan-

345 1096 469 1140 cellae,
494 1101 531 1132 in
556 1098 738 1143 jejuniis,
763 1102 800 1131 in
826 1102 1010 1142 castitate,
1032 1102 1070 1132 in
1096 1102 1272 1141 scientia,
1300 1103 1338 1133 in
1359 1100 1385 1133 B
1404 1097 1476 1142 do,
1500 1109 1576 1133 non
1598 1097 1699 1133 venit
1721 1097 1800 1132 sine
1824 1094 1971 1140 labore,
1992 1094 2056 1130 sed
2082 1094 2185 1130 venit
2210 1093 2248 1129 in
2268 1093 2394 1132 locum

344 1158 651 1203 longaminitate,
673 1161 711 1191 iu
739 1161 936 1200 suavitate,
960 1162 998 1192 iu
1028 1158 1165 1204 Spiritu
1186 1166 1334 1202 sancta,

342 1216 378 1248 iu
401 1215 583 1250 chariton¹
601 1229 672 1250 uon
681 1216 798 1261 ficta,
819 1221 857 1251 tn
875 1215 985 1251 verbo
1004 1220 1188 1262 veritatis,
1207 1225 1241 1251 ct
1260 1222 1338 1252 vir-

342 1282 418 1308 tute
440 1275 530 1315 Dee·,·
549 1288 620 1322 prr
635 1289 740 1310 arma
762 1280 922 1321 sustitioe
948 1290 971 1310 (ι
993 1278 1131 1311 dextris
1151 1285 1185 1311 et
1203 1290 1225 1311 a
1247 1278 1338 1312 sim·-

340 1336 444 1375 stris;
453 1346 524 1380 per
534 1335 691 1381 gloriam
715 1343 749 1368 ct
761 1334 1044 1381 igriolu'litatem,
1058 1348 1129 1382 per
1141 1334 1337 1381 infamiam

341 1400 377 1426 ct
398 1391 531 1426 bonam
543 1391 691 1438 sarnum
705 1407 716 1435 ;
733 1402 772 1427 ut
790 1394 996 1428 seductores
1013 1403 1050 1428 et
1068 1407 1221 1428 veraces
1235 1409 1246 1436 ,·
1263 1399 1337 1429 sic-

341 1459 383 1485 ut
396 1452 461 1498 qui
479 1455 593 1497 ignoti
612 1460 648 1485 t’t
666 1455 803 1498 cogniti
810 1466 822 1494 ;
841 1455 948 1498 quasi
966 1456 1180 1497 morientes,
1204 1461 1239 1487 et
1257 1466 1339 1488 ecce

344 1512 520 1551 vicimum
549 1518 587 1544 ut
610 1513 779 1556 castigati
809 1518 843 1544 et
869 1523 940 1544 uon
970 1510 1183 1554 mortificati
1194 1525 1207 1553 ,-
1229 1515 1339 1557 quasi

341 1571 479 1610 tristes,
508 1580 654 1615 semper
684 1577 806 1603 autem
837 1570 1047 1616 gaudentes
1057 1583 1070 1612 ;
1099 1574 1195 1604 sicut
1223 1583 1337 1617 egen-

340 1635 393 1660 tes
404 1653 416 1669 ‚
441 1628 572 1661 multos
599 1636 723 1662 autem
746 1629 1029 1675 locupletantes;
1049 1636 1225 1675 tanquam
1246 1629 1341 1664 nilu'l

339 1683 538 1728 habentes,
565 1693 600 1719 et
628 1689 755 1720 mnata
780 1687 1035 1733 possidentes·
1070 1699 1077 1720 ε
1099 1690 1135 1721 ιἸι
1157 1685 1282 1722 labore
1303 1696 1340 1722 et

339 1757 508 1779 (erumna
519 1772 531 1788 ,
548 1749 586 1780 in
598 1743 706 1792 sume
721 1754 756 1780 et
771 1750 854 1788 siti,
875 1750 914 1780 in
923 1743 1071 1794 frigore
1086 1755 1119 1781 et
1133 1749 1334 1784 nuclitate2.

340 1804 428 1838 llaec
447 1811 483 1838 et
498 1803 715 1851 hujusmodi
738 1812 825 1840 sunt
844 1803 966 1840 studia
989 1813 1136 1850 sancta,
1157 1805 1336 1843 exercitia

1404 1169 1533 1200 suum,
1551 1164 1585 1191 et
1604 1155 1707 1191 sedet
1727 1154 1897 1198 fideliter,
1915 1162 1952 1190 et
1969 1152 2064 1189 bene
2084 1165 2168 1188 cum
2190 1165 2233 1188 ea
2251 1160 2395 1188 naturae

1403 1214 1597 1260 convenit,
1616 1227 1699 1250 eum
1727 1214 1871 1249 nullum
1899 1213 2097 1262 praemium
2125 1211 2249 1260 potius
2270 1211 2318 1248 sit
2336 1211 2393 1255 ei,

1404 1288 1515 1323 quam
1536 1274 1572 1310 in
1596 1278 1675 1311 Deo
1697 1273 1922 1310 conscientia
1939 1272 2007 1308 sui.
2031 1271 2169 1308 Vitium
2191 1283 2283 1307 vero
2308 1283 2395 1307 cum

1403 1333 1496 1369 nihil
1513 1333 1612 1369 aliud
1627 1346 1706 1369 esse
1723 1332 1910 1377 credatur,
1926 1344 2038 1381 quam
2054 1329 2216 1380 privatio
2227 1329 2395 1376 virtutis;

1404 1401 1527 1428 tamen
1547 1393 1698 1429 vastitas
1717 1391 1798 1440 ejus
1815 1400 1851 1428 et
1867 1391 2074 1428 enormitas
2096 1398 2198 1426 tanta
2215 1402 2395 1426 nonnun-

1404 1462 1515 1498 quam
1546 1451 1650 1498 quasi
1678 1450 1850 1495 sentitur,
1879 1458 1919 1486 ut
1941 1449 2079 1485 obruat
2100 1457 2137 1485 et
2165 1448 2356 1498 opprimat
2384 1462 2391 1483 :

1404 1508 1550 1544 foeditas
1579 1516 1701 1553 tanta,
1724 1516 1766 1543 ut
1794 1508 1966 1556 inquinet
1988 1515 2026 1543 et
2050 1507 2208 1552 inliciat3
2227 1506 2392 1544 adhaesio

1404 1576 1477 1605 tam
1494 1568 1667 1617 pertinax
1685 1566 1986 1612 consuetudinis,
2001 1574 2042 1602 ut
2058 1566 2120 1602 vix
2136 1578 2158 1602 a
2173 1578 2212 1602 se
2226 1578 2307 1602 eam
2324 1578 2394 1602 na-

1404 1636 1486 1664 tura
1507 1627 1680 1663 excutiat.
1700 1626 1831 1664 Omnis
1852 1626 1950 1662 enim
1971 1625 2052 1661 vitii
2077 1625 2217 1661 frustra
2235 1625 2395 1661 siccatur

1402 1687 1523 1732 rivus,
1546 1687 1573 1723 si
1597 1687 1679 1723 fons
1702 1699 1778 1722 non
1805 1683 1918 1722 suerit
1939 1683 2149 1721 obturatus.
2174 1682 2285 1721 Verbi
2310 1696 2396 1733 gra-

1403 1746 1452 1782 tia
1465 1775 1474 1792 ,
1493 1746 1645 1782 remissa
1667 1746 1841 1782 voluntas
1859 1745 1944 1781 facit
1961 1744 2097 1782 mentis
2119 1743 2308 1780 levitatem
2320 1770 2330 1788 ‚
2347 1755 2395 1779 ex

1401 1819 1474 1855 qua
1496 1805 1689 1856 prodeunt
1715 1803 1939 1841 instabilitas
1960 1804 2114 1848 mentis,
2140 1802 2394 1839 inconstantia

340 1862 566 1910 apostolica,
589 1863 626 1898 in
648 1862 784 1911 quibus
801 1863 952 1899 discutit
972 1876 1010 1900 se
1033 1864 1197 1909 animus,
1218 1873 1255 1900 et
1274 1865 1335 1902 in-
1356 1867 1382 1902 C
1401 1878 1569 1910 morum,
1586 1877 1684 1902 vana
1711 1865 1838 1900 laetitia
1865 1875 1963 1912 saepe
1991 1875 2110 1911 usque
2133 1861 2179 1898 ad
2205 1861 2394 1897 lasciviam

339 1921 466 1965 venit,
488 1930 524 1957 et
541 1921 736 1968 emendat,
758 1922 943 1958 mundans
962 1936 1000 1959 se
1019 1922 1065 1959 ab
1086 1923 1187 1959 omni
1209 1923 1338 1972 inqui-

340 1988 518 2015 namento
543 1981 664 2016 carnis
685 1993 726 2016 ac
751 1981 924 2029 spiritus,
949 1982 1148 2030 perficiens
1170 1983 1336 2019 sanctifi-

340 2038 524 2074 cationem
554 2039 592 2074 in
619 2040 753 2075 timore
782 2040 860 2076 Dei.
886 2040 1014 2077 Studia
1040 2041 1119 2077 haec
1148 2041 1336 2078 silentium

341 2106 485 2142 amant,
501 2098 665 2146 quietem
684 2097 898 2135 desiderant
914 2099 1038 2137 cordis
1054 2101 1089 2138 in
1109 2100 1236 2138 labore
1250 2115 1338 2140 cor*

340 2157 464 2204 poris,
487 2165 746 2206 paupertatem
771 2157 943 2206 spiritus,
967 2167 1004 2194 et
1019 2171 1148 2208 pacem
1171 2160 1208 2196 in
1231 2168 1335 2196 exte-

342 2214 506 2251 rioribus
535 2217 744 2264 pressuris,
771 2225 807 2252 et
833 2216 971 2253 bonam
1001 2218 1267 2256 conscientiam
1297 2220 1334 2255 in

341 2274 444 2309 omni
473 2274 635 2322 puritate
661 2275 785 2311 cordis
809 2284 846 2311 et
874 2277 1060 2325 corporis.
1088 2280 1176 2313 Haec
1197 2278 1337 2315 faciunt

341 2332 507 2367 animum
521 2360 529 2376 ,
548 2333 635 2381 quia
656 2333 756 2368 unde
779 2334 932 2378 saciant,
951 2334 1101 2371 habent.
1125 2339 1228 2372 Vana
1245 2350 1336 2373 vero

342 2390 421 2433 illa,
441 2390 680 2439 nugigerula,
696 2390 872 2435 verbosa,
893 2394 1125 2429 contentiosa
1139 2422 1148 2438 ‚
1169 2395 1313 2431 curiosa
1326 2424 1335 2441 ,

342 2447 561 2491 ambitiosa,
597 2449 708 2484 etiam
743 2456 936 2486 sanctuma
971 2452 1136 2488 animum
1173 2454 1228 2488 vel
1258 2453 1337 2502 jam

344 2508 551 2557 perfeetum
569 2508 756 2557 dissipant
776 2518 812 2545 et
829 2520 1091 2560 corrumpunt.
1110 2515 1198 2548 Haec
1216 2513 1337 2549 studia

343 2575 558 2603 scrutantur
578 2567 781 2613 virtutum,
805 2582 879 2604 non
904 2577 976 2605 tam
1000 2569 1111 2606 flores
1138 2584 1249 2619 quam
1277 2585 1336 2608 ra-

344 2624 466 2669 dices,
508 2638 584 2661 non
616 2634 656 2661 ut
684 2626 853 2672 luceant,
883 2627 947 2663 sed
982 2637 1023 2664 ut
1051 2629 1124 2665 sint

345 2683 522 2727 sciantur,
543 2683 607 2720 sed
627 2692 667 2720 ut
686 2683 906 2722 habeantur.

399 2743 434 2777 7.
462 2742 644 2778 Vitiorum
663 2756 755 2778 vero
774 2744 858 2792 plus
880 2745 915 2780 in
936 2746 1144 2795 semetipsis
1169 2757 1339 2786 metuunt

343 2801 554 2849 appetitum
569 2830 578 2846 ,
596 2814 706 2850 quam
729 2801 776 2838 ab
801 2803 883 2840 aliis
910 2804 1113 2853 impetun13
1136 2807 1220 2855 plus
1246 2821 1339 2843 con-

344 2861 501 2908 tagium,
524 2873 636 2909 quam
665 2861 854 2898 malitiam.
881 2863 980 2900 Sicut
1007 2864 1105 2900 enim
1135 2865 1337 2914 aliquando

345 2932 480 2967 magno
499 2919 650 2963 labore,
674 2929 710 2956 ct
733 2921 858 2957 studio
879 2932 1162 2970 perseverante,
1181 2925 1336 2962 virtutes

345 2978 543 3014 trahuntur
573 2979 609 3014 in
643 2979 819 3016 affectum
848 2989 883 3017 et
909 2991 1071 3018 mentem
1099 2982 1260 3031 bonam,
1283 2985 1335 3021 sie

343 3038 430 3073 vitia
445 3037 628 3073 levissima
644 3039 863 3076 remissioris
878 3041 1035 3077 licentia:
1049 3044 1333 3091 opportunitate

343 3105 535 3131 transeunt
556 3097 591 3131 in
615 3099 942 3145 conspersionem,
964 3109 1000 3136 et
1024 3103 1127 3150 quasi
1151 3105 1332 3141 naturalia

340 3154 565 3190 efficiuntur.
586 3154 656 3191 Sed
676 3156 818 3191 nullum
837 3158 967 3194 vitium
988 3160 1154 3196 naturale
1169 3170 1244 3206 est;
1262 3162 1333 3200 vir-

342 3221 401 3249 tus
422 3225 510 3249 vero
528 3214 650 3249 omnis
672 3214 813 3251 homini
837 3218 1014 3254 naturalis
1032 3228 1095 3255 est.
1121 3223 1330 3257 Consuetu-

390 3345 395 3357 ¹
421 3342 530 3368 111οΓ,
551 3350 594 3373 Vl,
624 3342 709 3369 Ἰ-ΙΗ
796 3348 805 3361 1'
831 3342 939 3377 '1¹11'
962 3347 1014 3373 ’,ΤΔ

1404 1925 1546 1970 carnis,
1576 1937 1672 1960 vana
1705 1923 1851 1959 tristitia
1887 1933 2160 1969 nonnunquam
2197 1932 2314 1968 usque
2346 1920 2395 1956 ad

1403 1982 1661 2032 aegritudinem
1689 1982 1883 2031 corporis,
1910 1989 1948 2018 et
1969 1980 2086 2016 multa
2114 1979 2185 2016 alia
2211 1979 2250 2015 in
2279 1978 2396 2027 negli-

1402 2043 1524 2091 gentia
1547 2043 1605 2079 vel
1633 2041 1928 2090 transgressione
1948 2038 2135 2089 propositi
2160 2051 2206 2075 ex
2231 2037 2395 2078 levitatis

1401 2103 1493 2139 vitio
1520 2103 1720 2139 venientia.
1742 2101 1800 2139 Sic
1827 2101 1936 2137 etiam
1968 2097 2129 2148 superba
2156 2110 2202 2135 ex
2232 2109 2303 2134 usu
2329 2109 2393 2134 vo-

1401 2163 1525 2198 luntas
1544 2162 1581 2199 in
1604 2174 1737 2210 magna
1767 2173 1865 2209 saepe
1887 2159 2010 2196 cordis
2034 2158 2161 2208 inopia
2185 2165 2391 2194 tumentem

1401 2221 1514 2257 efficit
1533 2221 1712 2256 animum.
1744 2219 1855 2257 Unde
1886 2217 2099 2267 procedunt
2125 2229 2222 2253 vana
2252 2215 2395 2265 gloria,

1403 2279 1539 2316 liducia
1563 2280 1640 2324 sui,
1670 2278 1896 2328 negligentia
1922 2277 2012 2322 Dei,
2036 2276 2234 2324 jactantia,
2262 2273 2394 2311 inobe—

1403 2338 1560 2384 dientia,
1591 2345 1850 2386 contemptus,
1883 2335 2153 2385 praesumptio,
2185 2342 2221 2370 et
2249 2341 2394 2369 caeterae

1403 2397 1517 2432 animi
1543 2404 1684 2446 pestes,
1710 2409 1793 2444 quae
1819 2395 2008 2444 profluere
2034 2394 2156 2429 solent
2175 2405 2221 2428 ex
2246 2400 2395 2429 tumore

1402 2462 1438 2490 et
1455 2467 1520 2490 usu
1543 2453 1741 2503 superbiat.
1759 2457 1805 2490 Et
1829 2454 1866 2489 in
1891 2453 1991 2488 hunc
2011 2451 2165 2487 modum
2184 2451 2310 2487 omnia
2330 2463 2414 2501 geg

1402 2526 1491 2549 nera
1509 2513 1682 2549 vitiorum
1698 2525 1743 2550 ex
1758 2513 1884 2561 aliquo
1902 2512 2006 2547 malae
2022 2510 2226 2547 voluntatis
2242 2510 2393 2556 affectu,

1402 2573 1459 2609 vel
1486 2573 1590 2608 malae
1614 2572 1896 2608 consuetudinis
1918 2584 2007 2615 usu,
2030 2583 2134 2607 suam
2156 2569 2302 2619 singula
2322 2569 2394 2606 du-

1153 2643 1160 2664 :
1188 2643 1263 2666 non
1297 2640 1337 2667 ut
1356 2633 1387 2666 D
1405 2640 1495 2668 cunt
1521 2632 1709 2668 matricem
1735 2631 1916 2680 originem
1940 2645 1947 2666 ε
1969 2642 2053 2679 quae
2080 2637 2223 2678 quanto
2252 2627 2395 2664 diutius

1405 2691 1520 2727 menti
1536 2691 1663 2726 inolita
1685 2699 1759 2734 est,
1779 2698 1883 2726 tanto
1901 2689 2033 2725 fortius
2050 2688 2165 2726 haeret
2178 2715 2188 2731 ,
2208 2695 2246 2724 et
2264 2686 2394 2723 fortio-

1405 2749 1508 2785 ribus
1528 2750 1702 2786 remediis
1723 2758 1824 2798 eget,
1845 2757 1881 2785 et
1903 2761 2030 2785 curam
2054 2746 2210 2796 requirit
2235 2745 2394 2794 diligen—

1407 2809 1553 2845 tiorem.
1576 2807 1800 2856 Hujusmodi
1817 2807 1916 2843 enim
1938 2815 2060 2856 pestes
2078 2795 2258 2842 'vitiorum
2275 2816 2394 2853 usque

1404 2867 1440 2903 in
1466 2867 1633 2903 ultimam
1664 2866 1902 2903 solitudinem
1926 2865 2131 2902 solitarium
2157 2875 2393 2913 persequun—

1403 2935 1473 2962 tur.
1504 2929 1547 2962 Et
1573 2926 1665 2961 sicut
1691 2925 1786 2961 bene
1811 2933 1986 2961 concreta
2011 2925 2148 2969 virtus,
2170 2930 2206 2959 et
2234 2921 2394 2959 fideliter

1401 2985 1526 3020 animo
1543 2984 1707 3020 insidens
1721 3013 1729 3029 ‚
1747 2996 1999 3033 possessorem
2014 2995 2126 3020 suum
2145 2982 2182 3018 in
2199 2981 2301 3017 nulla
2321 2979 2391 3016 de·-

1400 3044 1488 3080 serit
1503 3043 1743 3080 multitudine
1761 3057 1768 3078 :
1784 3044 1834 3078 sic
1849 3043 1981 3079 vitium
1999 3039 2282 3078 consuetudinis
2299 3051 2390 3088 pos-

1399 3115 1538 3139 sessum
1555 3115 1662 3139 suum
1683 3102 1841 3138 liberum
1858 3114 1936 3137 esse
1952 3113 2028 3138 non
2050 3099 2190 3149 patitur
2207 3098 2243 3134 in
2263 3097 2389 3146 quali-

1397 3161 1462 3199 bet
1490 3161 1706 3199 solitudine.
1741 3164 1832 3197 Nam
1862 3160 1931 3196 nisi
1967 3157 2146 3208 pertinaci
2177 3155 2322 3201 studio,
2354 3164 2391 3192 et

1398 3220 1574 3270 prudenti
1606 3233 1720 3268 opera
1748 3226 1959 3267 expugnata
1991 3217 2099 3253 suerit
2132 3213 2387 3258 consuetudo,

1499 3355 1510 3367 ·“
1536 3348 1638 3385 Alias,
1656 3347 1784 3380 fastum.
1802 3356 1825 3382 ῑ
