2418 3949
166 136 240 173 637

788 139 1198 176 DECLAMATIONES
1224 139 1289 173 EX
1317 139 1597 176 BERNARDO.

2147 143 2222 179 (538

165 227 249 251 cere
269 213 382 251 debes
397 242 408 260 ,
430 223 466 251 et
492 213 833 265 obtemperandum
853 217 885 253 ei
909 230 977 266 per
1005 215 1132 253 omnia
1146 213 1344 263 ‚³⁰⁰Igitur
1363 228 1501 264 sponsa
1519 215 1672 265 quidem
1703 216 1808 266 nigra
1831 226 1910 265 est,
1941 217 2006 255 sed
2029 218 2193 256 formosa
2211 237 2220 257 ε

165 274 309 311 etiamsi
334 275 547 324 oportuerit
575 276 697 325 ipsum
723 279 825 313 Isaac
848 276 1028 325 jugulari.
1049 279 1157 313 Nunc
1176 274 1205 307 A
1223 274 1397 322 Apostoli
1423 282 1598 323 tanquam
1632 275 1775 321 tristes,
1807 288 1956 327 semper
1985 286 2111 314 autem
2132 292 2222 328 gau-

165 342 288 370 autem
316 334 498 383 quidquid
519 335 668 371 affectio
688 336 844 384 propria
860 335 1027 384 judicet,
1048 347 1157 372 secu-

166 406 230 430 rus
252 402 332 430 esto
355 408 362 429 :
392 407 468 430 non
496 398 617 439 Isaac,
640 395 705 431 sed
729 396 825 432 aries
850 395 1050 441 morietur,
1078 407 1155 430 non

165 451 305 501 peribit
320 452 387 489 tibi
409 453 536 490 laetitia
550 483 559 500 ,
583 453 647 490 sed
666 455 902 490 contumacia
917 483 926 500 ,
948 453 1054 502 cujus
1079 453 1156 490 uti—

165 524 239 560 que
257 524 399 548 cornua
419 511 597 561 vepribus
619 512 783 558 haerent,
806 521 844 549 et
870 513 950 549 sine
971 512 1155 562 punctio-

166 570 276 606 nibus
299 571 495 608 anxietatis
521 585 600 608 esse
628 585 706 608 non
731 580 867 622 potest.
897 575 1031 608 Tentat
1052 572 1153 608 enim

166 638 201 666 te
220 630 406 667 Dominus
424 634 527 667 Deus
555 639 641 667 tuus
654 660 664 677 ,
690 644 758 667 nec
778 630 1002 667 mactabitur
1028 635 1130 668 Isaac
1144 660 1154 677 ,

165 698 207 726 ut
223 691 389 739 opinaris
413 705 420 727 :
439 691 570 727 vivens
588 692 715 737 vivet,
742 691 806 728 sed
829 692 995 728 elevatus
1024 686 1155 741 utique

165 761 279 798 super
310 749 431 797 ligna,
464 758 506 785 ut
535 750 573 785 in
611 749 771 787 sublime
800 751 986 800 gaudeas3
1014 764 1082 787 nec
1117 751 1155 786 in

163 820 275 844 carne
290 808 465 857 propria,
494 809 558 845 sed
579 809 618 844 in
638 823 750 846 cruce
778 811 928 847 Domini
958 811 1127 860 glorieris
1143 839 1153 856 ,

162 879 231 915 per
255 879 368 915 quem
398 868 574 904 nimirum
603 869 805 906 crucifixus
835 878 871 906 et
895 871 975 920 ipse
1008 883 1064 917 es,
1092 870 1156 907 sed

162 925 363 972 crucifixus
379 926 545 973 mundo,
569 940 653 964 nam
675 927 710 964 ei
729 928 837 965 vivis.

274 1058 424 1088 XLVIII.
438 1074 482 1080 —
500 1059 548 1089 De
570 1057 731 1099 nigredine
747 1064 777 1090 et
792 1058 905 1090 decore
917 1069 1047 1101 sponsae.

213 1163 275 1200 59.
299 1166 388 1200 Haec
410 1164 585 1202 nimirum
611 1166 849 1202 conversatio
874 1166 1150 1215 perfectorum,

160 1222 239 1258 haec
258 1231 473 1260 sanctorum
491 1225 567 1261 vita
580 1252 590 1269 ,
613 1225 692 1261 haec
708 1225 826 1274 gratia
841 1225 1056 1275 spiritualis.
1072 1231 1152 1263 De-

159 1282 273 1331 nique
291 1291 468 1332 tanquam
487 1289 630 1328 trista,
655 1285 854 1334 inquiunt,
869 1299 1015 1334 semper
1028 1296 1152 1323 autem

155 1343 362 1389 gaudentes
381 1357 392 1378 :
412 1352 592 1392 tanquam
621 1345 717 1380 ailtil
743 1345 939 1390 habentes,
970 1355 1003 1381 ec
1025 1351 1152 1383 omnia

152 1404 388 1448 possidentes
408 1417 418 1437 :
447 1412 628 1451 tanquam
658 1408 856 1439 morientes
872 1432 881 1448 ‚
907 1414 941 1440 et
961 1419 1044 1440 ecce
1062 1408 1153 1441 vivi-

160 1474 239 1497 mus
256 1468 280 1498 ¹.
307 1463 384 1507 Qui
403 1462 583 1499 videbant
606 1477 664 1498 me
679 1462 804 1511 foras,
811 1461 995 1512 fugerant
1014 1479 1038 1499 a
1053 1479 1111 1500 me
1125 1471 1152 1511 ²,

160 1518 251 1555 dicit
269 1527 306 1556 et
326 1519 402 1556 lilia
421 1520 518 1569 regis
531 1549 541 1566 ,
561 1533 605 1557 ea
620 1521 750 1570 utique
765 1519 871 1569 cujus
894 1521 1012 1570 gloria
1029 1522 1152 1565 omnis

159 1577 207 1614 ab
223 1578 326 1615 intus
345 1587 412 1616 est.
433 1579 545 1618 Unde
559 1588 596 1616 et
615 1581 780 1616 clamitat
803 1581 840 1616 in
863 1581 1015 1618 Cantico
1031 1582 1154 1618 canti-

160 1651 291 1675 corum
315 1639 612 1676 adolescentulas
633 1653 837 1686 revocans,
865 1653 957 1689 quas
977 1641 1153 1678 exteriori

159 1710 226 1733 sua
262 1698 577 1748 incompositione
611 1698 808 1735 deterritas
847 1699 952 1735 videt
982 1714 989 1736 ε
1032 1702 1153 1748 Nigra

1222 332 1384 370 dentes:
1415 333 1485 382 ipsi
1519 334 1679 380 Christo,
1710 336 1738 371 si
1769 336 1933 373 Judaicis
1961 338 2224 375 consideretur

1222 392 1362 437 oculis,
1382 405 1458 428 non
1482 402 1562 429 erat
1588 395 1733 443 species
1762 408 1886 445 neque
1901 397 2027 433 decor.
2047 401 2076 434 E
2091 407 2223 434 contra

1222 464 1312 487 sane
1340 451 1433 487 alios
1465 452 1646 489 dealbatis
1671 454 1818 491 Veritas
1851 465 2046 506 comparat
2086 470 2225 494 monu-

1222 509 1379 555 mentis,
1414 510 1504 546 foris
1537 511 1678 560 quippe
1714 512 1933 561 splendidos
1967 523 2004 550 et
2042 515 2224 562 nitentes,

1219 568 1319 604 intus
1349 568 1522 604 sordidos
1549 577 1585 604 et
1617 570 1786 606 fetentes.
1814 571 2021 608 Ambalcmt
2052 574 2149 610 enim
2183 580 2223 610 in

1219 629 1333 671 stolis,
1348 636 1385 662 et
1395 632 1556 675 primam,
1572 636 1613 663 ut
1629 628 1769 664 dictum
1786 638 1854 675 est,
1867 633 2064 668 cathedras
2078 644 2223 678 amant,

1221 686 1389 735 gloriosi,
1407 685 1597 732 honorati,
1613 695 1650 722 et
1666 689 1790 736 magni
1806 689 1843 724 in
1862 691 1981 727 oeulis
1999 691 2193 729 hominum
2214 709 2222 730 :

1222 746 1325 781 intus
1357 753 1504 791 autem,
1531 745 1597 781 ubi
1627 749 1730 782 Deus
1759 747 1881 794 videt,
1914 750 2016 798 pleni
2046 752 2225 798 avaritia,

1221 804 1382 849 invidia,
1408 804 1637 850 ambitione,
1662 805 1866 854 superbia,
1894 808 2044 845 luxuria
2066 810 2222 847 sortasse

1222 864 1395 901 nonnulli
1408 862 1435 900 f’.
1463 864 1625 911 Quando
1657 865 1756 900 enim
1784 865 1921 903 talibus
1945 867 2057 904 detur
2081 870 2226 918 pretio-

1221 937 1302 960 sum
1326 923 1418 959 illud
1441 924 1686 960 continentiae
1705 937 1867 972 munus,
1889 926 1960 962 nisi
1982 928 2077 964 forte
2097 928 2142 964 ad
2159 928 2226 978 ju—

1173 985 1200 1019 B
1222 983 1361 1020 dicium
1398 990 1436 1018 et
1471 982 1827 1019 condemnationem
1847 1013 1857 1031 ,
1890 998 1937 1021 ne
1970 987 2122 1035 quando
2154 1001 2226 1037 pa—

1225 1051 1359 1088 veant,
1380 1051 1418 1078 et
1438 1042 1680 1092 resipiscant,
1701 1051 1738 1079 et
1759 1053 2032 1082 convertantur
2055 1060 2074 1082 a
2095 1047 2226 1083 studiis

1226 1102 1325 1148 suis,
1348 1101 1412 1138 sed
1442 1100 1726 1138 obdormiscant
1742 1102 1779 1138 in
1797 1104 1974 1152 peccatis,
2001 1113 2038 1140 et
2058 1105 2223 1142 deterius

1218 1169 1374 1210 pereant
1395 1174 1441 1197 ex
1462 1161 1542 1210 ipsa
1561 1174 1628 1198 sua
1644 1161 1890 1199 irreverentia
1908 1172 1946 1200 et
1965 1165 2194 1201 securitate?

1284 1293 1400 1322 XLIX.
1414 1308 1458 1313 -
1473 1291 1642 1333 Quomodo
1656 1297 1775 1333 egestas
1793 1292 1922 1324 interior
1941 1293 2025 1326 foras
2045 1295 2156 1337 ejiciat.

1273 1399 1337 1435 60.
1370 1402 1464 1436 Sane
1484 1407 1525 1436 ut
1547 1399 1717 1435 exercitii
1736 1400 1940 1450 spiritualis
1957 1410 1994 1438 et
2014 1416 2113 1440 curae
2131 1417 2219 1441 cor-

1219 1457 1275 1494 dis
1304 1458 1485 1494 indicium
1515 1459 1670 1495 evidens
1702 1468 1758 1495 est
1785 1469 2026 1510 contemptus
2056 1465 2221 1501 exterio-

1219 1530 1326 1561 rum,
1365 1517 1416 1554 sic
1445 1518 1666 1555 eorumdem
1706 1519 1922 1556 sollicitudo
1952 1530 2095 1558 certum
2122 1524 2223 1561 nihi-

1218 1577 1384 1614 lominus
1411 1577 1558 1627 signum
1587 1587 1642 1615 est
1672 1579 1807 1615 mentis
1830 1580 1980 1617 incultae
2003 1595 2010 1617 :
2033 1583 2216 1633 scriptum

1219 1637 1362 1687 quippe
1385 1646 1458 1683 est,
1484 1641 1525 1673 Ia
1545 1640 1738 1674 desideriis
1758 1648 1810 1675 est
1831 1645 1952 1675 omnis
1973 1645 2110 1678 otiosas
2129 1651 2161 1690 73
2183 1653 2221 1681 et

1219 1695 1328 1742 item,
1352 1698 1410 1731 De
1431 1697 1650 1733 stercoribus
1678 1697 1782 1734 boam
1815 1699 2048 1748 lapidabitur
2067 1702 2218 1750 pigerss.

158 1770 237 1792 sum
251 1785 263 1802 ,
285 1756 540 1806 sedsormosa,
549 1759 650 1804 filioe
678 1759 902 1804 Jerusalem,
925 1763 1016 1794 sicut
1034 1759 1156 1795 taber-
1173 1760 1200 1796 C
1220 1758 1301 1800 Vae,
1323 1769 1378 1792 ιω
1401 1756 1555 1793 misero!
1587 1756 1676 1793 dum
1699 1766 1952 1804 stercoratur,
1974 1768 2131 1808 putatur
2152 1775 2217 1798 or-

158 1820 295 1852 nacula
319 1819 458 1862 Ceclar,
476 1823 572 1853 sicut
580 1820 700 1865 stelles
719 1820 936 1854 Salomonis.
954 1821 1080 1854 Nolite
1095 1833 1154 1855 me

159 1879 396 1913 considerare
410 1880 510 1925 qaosl
517 1875 631 1923 fusca
649 1882 718 1912 sim
729 1906 737 1921 ,
753 1882 840 1925 quia
857 1880 1078 1914 decoloravit
1094 1892 1153 1914 me

159 1935 249 1970 sol3.
270 1939 324 1972 Ac
341 1936 370 1972 si
393 1937 585 1973 manifeste
605 1937 809 1985 spiritualis
831 1936 1018 1986 quispiam
1037 1937 1148 1983 dieat,

161 2002 307 2030 teneras
327 1996 543 2032 etinlirmas
564 2005 708 2032 mentes
724 1996 928 2032 exhortans
949 2011 956 2032 :
981 1997 1079 2045 Quid
1102 1997 1153 2033 la-

159 2053 310 2090 boriosa
330 2068 489 2104 quaeque
511 2064 548 2092 et
576 2056 728 2092 humilia
759 2057 1056 2093 conversationis
1080 2071 1152 2093 no-

159 2122 245 2149 strae
269 2122 341 2150 tam
372 2115 500 2151 sedule
519 2116 748 2152 numeratis?
768 2119 859 2164 Saga
877 2117 1023 2153 cilicina
1043 2126 1150 2163 sunt,

159 2180 196 2208 et
213 2173 329 2222 pelles
345 2174 503 2210 arietum
520 2174 718 2210 rubricatae
731 2204 740 2220 ,
758 2174 895 2224 quibus
914 2175 1071 2211 interior
1090 2176 1151 2212 ille

159 2232 340 2281 splendor
367 2241 404 2269 et
426 2234 573 2270 interna
599 2235 735 2283 tegitur
756 2234 896 2283 gloria,
922 2243 962 2271 ut
993 2235 1106 2271 illaesa
1130 2249 1150 2272 a

160 2292 326 2340 pulveris
354 2301 391 2329 et
413 2292 544 2330 imbris
575 2293 712 2342 injuria
737 2302 996 2330 conservetur.
1028 2296 1150 2332 Nolite

159 2363 218 2386 me
233 2351 473 2388 considerare
493 2351 597 2401 quod
614 2353 716 2388 fusca
738 2352 806 2388 sim
822 2380 831 2397 ‚
854 2353 972 2389 nolite
989 2366 1127 2402 pavere
1140 2383 1149 2401 ,

159 2411 273 2447 nolite
302 2411 442 2448 mirari.
472 2415 602 2461 Reque
620 2412 719 2447 enim
744 2411 902 2447 tristitiae
935 2422 1000 2448 aut
1022 2426 1152 2450 neces-

157 2470 276 2508 sitatis
292 2479 349 2508 est
370 2471 536 2508 exterior
558 2471 626 2508 iste
648 2471 839 2521 neglectus
856 2479 893 2507 et
917 2472 1073 2521 nigredo
1094 2473 1152 2509 fo-

159 2530 301 2567 rinseca
317 2559 328 2578 ,
356 2530 421 2568 scd
437 2531 576 2567 occulti
602 2530 816 2581 splendoris
833 2539 870 2566 et
889 2532 1152 2569 exsultationis
1168 2538 1200 2571 D

158 2590 328 2627 internae.
353 2593 606 2636 Decoloravic,
629 2591 771 2639 inquit,
792 2604 850 2625 me
873 2593 948 2634 sol,
971 2591 1036 2627 lux
1055 2591 1153 2629 inte-

157 2651 235 2688 rior
251 2650 448 2687 exterioris
468 2650 679 2699 impatiens.
700 2650 886 2686 Nimirum
906 2650 1001 2699 ignis
1021 2659 1098 2698 est,
1116 2661 1153 2688 et

158 2710 284 2747 inania
308 2710 395 2746 solia
428 2723 505 2746 non
531 2709 706 2746 admittit.
739 2709 919 2758 Alioquin
951 2718 1016 2746 aut
1045 2713 1153 2749 exuri

159 2770 247 2806 folia
262 2798 272 2815 ,
293 2778 356 2806 aut
369 2778 488 2815 certe,
510 2770 539 2805 si
560 2769 846 2819 praevaluerint,
873 2770 993 2818 ignem
1012 2772 1153 2808 exstin-

159 2828 221 2877 gui
239 2840 389 2864 neccsse
420 2835 486 2864 est.
511 2828 623 2876 Quod
651 2827 803 2877 quidem
824 2829 981 2864 omnino
1008 2843 1152 2866 caven—

160 2886 248 2922 dum
282 2886 486 2934 Apostolus
518 2885 628 2921 docet
666 2900 674 2922 ε

161 2949 273 2981 nolite
295 2950 530 2994 t·.rstitzg11‹.²re
558 2947 583 2982 4,
621 2947 737 2995 Magis
764 2956 889 2984 autem
921 2948 958 2984 id
981 2949 1151 2986 Christus

160 3005 338 3055 prohibet
358 3035 367 3051 ,
394 3006 526 3043 volens
553 3019 639 3042 eum
671 3006 913 3044 veliementer
940 3009 1094 3045 accendi
1119 3008 1146 3045 ⁵.

711 2889 885 2934 SpIritam
898 2915 909 2932 ,
947 2888 1122 2936 inquiens
1138 2919 1148 2935 ,

213 3151 219 3165 ¹
242 3149 269 3176 ll
285 3148 358 3183 Cor,
376 3158 422 3183 vi,
448 3150 505 3184 10,
523 3151 605 3178 {RQ
626 3148 735 3178 ²1‘sal.
756 3159 823 3177 xxx
839 3171 846 3184 ,
874 3151 968 3179 12³-
991 3146 1193 3185 ³(3nntic.1,
1217 3151 1227 3179 ἰ
1247 3173 1253 3184 ,

164 3210 249 3229 χχιιι
264 3222 272 3236 .
293 3202 361 3237 5-7,
383 3202 437 3238 27,
454 3203 507 3231 28.
526 3219 567 3222 ff—
592 3207 605 3230 7
627 3204 716 3231 l‘rov.
739 3213 816 3238 xxi,
843 3205 897 3231 25.
912 3220 939 3223 —
975 3200 988 3221 ⁸
1013 3203 1105 3232 lierli.
1125 3213 1193 3233 xxii
1210 3225 1216 3238 ,
1234 3205 1262 3231 ’),.
1282 3220 1321 3223 --
1341 3208 1356 3231 9
1372 3200 1505 3242 Philipp.
1526 3211 1586 3236 ιιι,
1608 3203 1638 3230 8.
1658 3217 1698 3221 -
1722 3206 1751 3220 ¹⁰
1769 3200 1886 3231 Thu-n.
1911 3212 1955 3235 tv,
1980 3205 2008 3231 f».
2043 3220 2066 3223 --

164 3263 238 3281 xrvt
254 3275 262 3290 ,
280 3256 311 3283 ὓ.
331 3270 369 3274 —-
393 3258 421 3273 ¹²
445 3256 584 3287 Lumxv.
606 3257 659 3289 15,
686 3257 734 3283 to.
752 3272 791 3276 —
820 3252 848 3273 ¹³
870 3253 980 3284 μῊιιΙΙΙι.
1005 3266 1066 3284 xm
1084 3279 1090 3290 ,
1113 3260 1166 3285 Τ).

1220 1815 1313 1852 nari.
1332 1819 1403 1852 Bos
1421 1825 1501 1852 erat
1519 1817 1670 1862 Paulus,
1688 1817 1868 1854 triturans
1883 1818 1921 1854 in
1941 1831 2027 1855 area
2044 1821 2215 1867 Domini,

1219 1884 1255 1911 et
1275 1888 1383 1911 suum
1412 1876 1540 1925 utiquc
1568 1889 1775 1925 agnoscens
1799 1889 2054 1927 possessorem
2079 1894 2087 1916 ;
2116 1881 2218 1917 unde

1218 1943 1254 1971 et
1275 1935 1443 1982 dicebat,
1465 1939 1625 1984 Propter
1655 1937 1834 1972 Christum
1858 1943 1987 1973 omnia
2010 1941 2215 1977 detrimen-

1219 2003 1295 2030 tum
1307 1994 1397 2042 jeci,
1421 2003 1455 2030 ec
1472 1996 1629 2031 arbitror
1646 2005 1684 2031 at
1701 2006 1880 2040 stercora,
1904 2007 1943 2033 iit
1961 1999 2142 2035 Christum
2159 2003 2217 2036 la-

1217 2053 1449 2101 crifaciam9.
1474 2059 1561 2091 l‘lfec
1590 2056 1828 2104 amplexatur
1857 2065 2043 2101 stercora,
2071 2059 2216 2096 etiamsi

1216 2115 1408 2163 quondam
1441 2115 1606 2151 nutritus
1632 2116 1743 2151 suerit
1772 2116 1807 2151 in
1840 2117 1981 2153 croceis
1999 2124 2049 2162 ¹⁰3
2077 2118 2133 2154 his
2165 2120 2219 2155 la-

1217 2175 1369 2224 pidatur
1397 2175 1628 2211 stereoribus
1659 2176 1783 2225 piger,
1801 2176 1865 2224 qui
1892 2176 2079 2214 Christum
2104 2179 2220 2215 lueri—

1218 2234 1338 2271 saeere
1366 2235 1577 2283 negligens,
1597 2235 1711 2271 corde
1737 2248 1856 2271 vacuo
1878 2244 1915 2271 et
1945 2235 2094 2273 deserto
2118 2239 2217 2275 toras

1216 2294 1362 2342 cogitur
1381 2294 1545 2342 evagari.
1569 2293 1760 2342 Siquidem
1787 2294 1890 2330 famis
1915 2297 2134 2333 necessitate
2153 2302 2220 2335 Ja-

1216 2352 1288 2388 cob
1323 2353 1534 2402 patriarcha
1566 2353 1793 2389 descendere
1825 2354 1861 2389 in
1892 2358 2138 2404 ngyptumfl
2158 2373 2166 2403 ;
2185 2367 2222 2394 et

1216 2411 1398 2461 prodigus
1424 2412 1484 2448 ille
1517 2413 1614 2449 lilius
1634 2413 1775 2449 servire
1801 2414 1948 2462 porcis,
1970 2416 2113 2453 esurire
2139 2418 2221 2454 sili-

1216 2483 1323 2520 quas,
1347 2480 1510 2521 egestate
1531 2481 1684 2509 coactus
1704 2481 1760 2509 est
1779 2478 1820 2509 ¹².

1419 2604 1453 2632 L.
1469 2619 1513 2624 ——
1531 2603 1579 2632 De
1594 2612 1700 2633 verme
1722 2602 1774 2643 qui
1792 2613 1855 2633 nou
1872 2603 2016 2634 moritur.

1275 2709 1336 2744 61.
1360 2707 1430 2745 Sed
1465 2707 1556 2756 quid
1591 2707 1682 2744 dicit
1717 2709 1941 2759 Scriptura?
1966 2711 2129 2748 Habenti
2149 2716 2221 2750 ‹la-

1220 2769 1328 2811 bitur,
1357 2778 1391 2803 (Ἰ
1408 2768 1611 2803 abundabit
1633 2783 1643 2803 .·
1665 2783 1738 2804 non
1766 2769 1917 2805 habenti
1941 2781 2078 2814 aulem,
2098 2783 2132 2808 et
2155 2775 2222 2810 lioc

1217 2833 1334 2877 ipsam
1368 2830 1469 2875 qaod
1499 2831 1640 2863 viclztar
1669 2828 1819 2873 habere,
1847 2828 2105 2876 ‹11(l}·1·‹·tiiral1
2122 2834 2218 2870 1'0'3.

1217 2894 1371 2925 Areseet
1401 2888 1528 2923 senum
1546 2916 1554 2932 ,
1577 2896 1614 2923 et
1636 2888 1785 2924 decidet
1812 2890 1881 2926 ilos
1913 2904 1918 2925 :
1953 2890 2044 2940 ipsae
2065 2905 2219 2942 quoque

1219 2948 1391 2983 fenestras
1409 2946 1635 2983 claudentur
1650 2976 1659 2992 ‚
1679 2956 1719 2983 ut
1741 2948 1833 2984 nihil
1855 2949 1950 2985 ultra
1970 2958 2129 2988 terrenae
2150 2966 2217 2989 xa—

1218 3009 1318 3044 leaut
1346 3007 1617 3043 consolationis
1646 3007 1816 3052 liaurire;
1846 3008 2029 3059 denique,
2052 3015 2220 3063 Argaam

1277 3154 1306 3179 ξι.
1323 3164 1359 3169 -·
1381 3147 1421 3177 -51
1440 3146 1548 3177 ihm.
1566 3158 1596 3180 v.
1618 3150 1714 3178 10.—
1734 3145 1836 3178 51,ιι(·.
1856 3159 1923 3183 Mt.
1947 3150 2000 3179 411.
2019 3165 2058 3170 —
2076 3148 2091 3169 f·
2105 3151 2217 3183 siaul..

2091 3209 2115 3223 ¹¹
2137 3207 2215 3234 (ἴι-ιι.
