<?xml version="1.0" encoding="UTF-8"?>
<!DOCTYPE html PUBLIC "-//W3C//DTD XHTML 1.0 Transitional//EN"
    "http://www.w3.org/TR/xhtml1/DTD/xhtml1-transitional.dtd">
<html xmlns="http://www.w3.org/1999/xhtml" xml:lang="en" lang="en">
 <head>
  <title>
</title>
<meta http-equiv="Content-Type" content="text/html;charset=utf-8" />
  <meta name='ocr-system' content='tesseract 3.04.00' />
  <meta name='ocr-capabilities' content='ocr_page ocr_carea ocr_par ocr_line ocrx_word'/>
</head>
<body>
  <div class='ocr_page' id='page_1' title='image "./operaomniapostho05bern/operaomniapostho05bern_0599.png"; bbox 0 0 2418 3949; ppageno 0'>
   <div class='ocr_carea' id='block_1_1' title="bbox 175 227 267 264">
    <p class='ocr_par' dir='ltr' id='par_1_1' title="bbox 175 227 267 264">
     <span class='ocr_line' id='line_1_1' title="bbox 175 227 267 264; baseline 0.022 -2"><span class='ocrx_word' id='word_1_1' title='bbox 175 227 267 264; x_wconf 84' lang='grc'>1181</span> 
     </span>
    </p>
   </div>
   <div class='ocr_carea' id='block_1_2' title="bbox 169 299 1158 351">
    <p class='ocr_par' dir='ltr' id='par_1_2' title="bbox 169 299 1158 351">
     <span class='ocr_line' id='line_1_2' title="bbox 169 299 1158 351; baseline -0.001 -14"><span class='ocrx_word' id='word_1_2' title='bbox 169 303 280 338; x_wconf 80' lang='lat' dir='ltr'><strong>etiam</strong></span> <span class='ocrx_word' id='word_1_3' title='bbox 295 306 402 339; x_wconf 88' lang='lat' dir='ltr'><strong>Jesus</strong></span> <span class='ocrx_word' id='word_1_4' title='bbox 419 301 581 351; x_wconf 86' lang='lat' dir='ltr'><strong>desuper</strong></span> <span class='ocrx_word' id='word_1_5' title='bbox 598 300 722 346; x_wconf 88' lang='lat' dir='ltr'><strong>sedet,</strong></span> <span class='ocrx_word' id='word_1_6' title='bbox 742 301 831 337; x_wconf 89' lang='lat' dir='ltr'><strong>dum</strong></span> <span class='ocrx_word' id='word_1_7' title='bbox 852 301 890 337; x_wconf 92' lang='lat' dir='ltr'><strong>in</strong></span> <span class='ocrx_word' id='word_1_8' title='bbox 906 301 963 337; x_wconf 85' lang='lat' dir='ltr'><strong>his</strong></span> <span class='ocrx_word' id='word_1_9' title='bbox 980 299 1158 337; x_wconf 87' lang='lat' dir='ltr'><strong>omnibus</strong></span> 
     </span>
    </p>
   </div>
   <div class='ocr_carea' id='block_1_3' title="bbox 816 226 1570 271">
    <p class='ocr_par' dir='ltr' id='par_1_3' title="bbox 816 226 1570 271">
     <span class='ocr_line' id='line_1_3' title="bbox 816 226 1570 271; baseline 0.004 -9"><span class='ocrx_word' id='word_1_10' title='bbox 816 226 1057 263; x_wconf 80' lang='lat' dir='ltr'><strong>DOMINICA</strong></span> <span class='ocrx_word' id='word_1_11' title='bbox 1086 226 1136 260; x_wconf 92' lang='lat' dir='ltr'><strong>IN</strong></span> <span class='ocrx_word' id='word_1_12' title='bbox 1168 227 1364 271; x_wconf 79' lang='lat' dir='ltr'><strong>PALMIS,</strong></span> <span class='ocrx_word' id='word_1_13' title='bbox 1395 230 1570 265; x_wconf 86' lang='lat' dir='ltr'><strong>SERMO.</strong></span> 
     </span>
    </p>
   </div>
   <div class='ocr_carea' id='block_1_4' title="bbox 1166 299 1216 318">
    <p class='ocr_par' dir='ltr' id='par_1_4' title="bbox 1166 299 1216 318">
     <span class='ocr_line' id='line_1_4' title="bbox 1166 299 1216 318; baseline -0.02 0"><span class='ocrx_word' id='word_1_14' title='bbox 1166 299 1216 318; x_wconf 68' lang='lat'><strong>590</strong></span> 
     </span>
    </p>
   </div>
   <div class='ocr_carea' id='block_1_5' title="bbox 2116 233 2211 268">
    <p class='ocr_par' dir='ltr' id='par_1_5' title="bbox 2116 233 2211 268">
     <span class='ocr_line' id='line_1_5' title="bbox 2116 233 2211 268; baseline 0 0"><span class='ocrx_word' id='word_1_15' title='bbox 2116 233 2211 268; x_wconf 78' lang='lat'>1182</span> 
     </span>
    </p>
   </div>
   <div class='ocr_carea' id='block_1_6' title="bbox 1226 303 2214 356">
    <p class='ocr_par' dir='ltr' id='par_1_6' title="bbox 1226 303 2214 356">
     <span class='ocr_line' id='line_1_6' title="bbox 1226 303 2214 356; baseline 0.008 -20"><span class='ocrx_word' id='word_1_16' title='bbox 1226 315 1287 337; x_wconf 74' lang='lat' dir='ltr'><strong>tm.</strong></span> <span class='ocrx_word' id='word_1_17' title='bbox 1304 303 1539 341; x_wconf 89' lang='lat' dir='ltr'><strong>Festinanter</strong></span> <span class='ocrx_word' id='word_1_18' title='bbox 1552 305 1620 341; x_wconf 90' lang='lat' dir='ltr'><strong>ista</strong></span> <span class='ocrx_word' id='word_1_19' title='bbox 1634 307 1912 355; x_wconf 78' lang='lat' dir='ltr'><strong>percurrimus,</strong></span> <span class='ocrx_word' id='word_1_20' title='bbox 1933 308 2020 356; x_wconf 92' lang='lat' dir='ltr'><strong>quia</strong></span> <span class='ocrx_word' id='word_1_21' title='bbox 2036 307 2081 344; x_wconf 91' lang='lat' dir='ltr'><strong>ad</strong></span> <span class='ocrx_word' id='word_1_22' title='bbox 2104 309 2214 344; x_wconf 72' lang='lat' dir='ltr'><strong>linem</strong></span> 
     </span>
    </p>
   </div>
   <div class='ocr_carea' id='block_1_7' title="bbox 169 359 2216 413">
    <p class='ocr_par' dir='ltr' id='par_1_7' title="bbox 169 359 2216 413">
     <span class='ocr_line' id='line_1_7' title="bbox 169 359 2216 413; baseline 0.003 -16"><span class='ocrx_word' id='word_1_23' title='bbox 169 374 267 397; x_wconf 85' lang='lat' dir='ltr'><strong>verae</strong></span> <span class='ocrx_word' id='word_1_24' title='bbox 281 361 409 397; x_wconf 87' lang='lat' dir='ltr'><strong>salutis</strong></span> <span class='ocrx_word' id='word_1_25' title='bbox 428 362 684 410; x_wconf 75' lang='lat' dir='ltr'><strong>supereminet</strong></span> <span class='ocrx_word' id='word_1_26' title='bbox 700 360 901 410; x_wconf 87' lang='lat' dir='ltr'><strong>appetitus.</strong></span> <span class='ocrx_word' id='word_1_27' title='bbox 917 360 1042 396; x_wconf 91' lang='lat' dir='ltr'><strong>Primo</strong></span> <span class='ocrx_word' id='word_1_28' title='bbox 1057 359 1158 395; x_wconf 88' lang='lat' dir='ltr'><strong>asina</strong></span> <span class='ocrx_word' id='word_1_29' title='bbox 1175 361 1205 394; x_wconf 88' lang='lat' dir='ltr'>A</span> <span class='ocrx_word' id='word_1_30' title='bbox 1223 363 1406 398; x_wconf 82' lang='lat' dir='ltr'><strong>sermonis</strong></span> <span class='ocrx_word' id='word_1_31' title='bbox 1438 376 1696 413; x_wconf 82' lang='lat' dir='ltr'><strong>properamus.</strong></span> <span class='ocrx_word' id='word_1_32' title='bbox 1731 368 1824 402; x_wconf 90' lang='lat' dir='ltr'><strong>Sunt</strong></span> <span class='ocrx_word' id='word_1_33' title='bbox 1856 366 1893 401; x_wconf 92' lang='lat' dir='ltr'><strong>in</strong></span> <span class='ocrx_word' id='word_1_34' title='bbox 1923 366 2031 403; x_wconf 89' lang='lat' dir='ltr'><strong>nobis</strong></span> <span class='ocrx_word' id='word_1_35' title='bbox 2060 368 2216 404; x_wconf 82' lang='lat' dir='ltr'><strong>affectus</strong></span> 
     </span>
    </p>
   </div>
   <div class='ocr_carea' id='block_1_8' title="bbox 166 417 1161 1055">
    <p class='ocr_par' dir='ltr' id='par_1_8' title="bbox 166 417 1161 1055">
     <span class='ocr_line' id='line_1_8' title="bbox 169 417 1159 470; baseline -0.001 -15"><span class='ocrx_word' id='word_1_36' title='bbox 169 428 206 456; x_wconf 88' lang='lat' dir='ltr'><strong>et</strong></span> <span class='ocrx_word' id='word_1_37' title='bbox 236 420 361 469; x_wconf 88' lang='lat' dir='ltr'><strong>pullus</strong></span> <span class='ocrx_word' id='word_1_38' title='bbox 391 434 412 456; x_wconf 91' lang='lat' dir='ltr'><strong>a</strong></span> <span class='ocrx_word' id='word_1_39' title='bbox 438 420 632 470; x_wconf 88' lang='lat' dir='ltr'><strong>discipulis</strong></span> <span class='ocrx_word' id='word_1_40' title='bbox 661 420 884 464; x_wconf 82' lang='lat' dir='ltr'><strong>solvuntur3</strong></span> <span class='ocrx_word' id='word_1_41' title='bbox 915 418 1082 455; x_wconf 86' lang='lat' dir='ltr'><strong>secundo</strong></span> <span class='ocrx_word' id='word_1_42' title='bbox 1112 417 1159 454; x_wconf 89' lang='lat' dir='ltr'><strong>ad</strong></span> 
     </span>
     <span class='ocr_line' id='line_1_9' title="bbox 168 477 1159 524; baseline -0.001 -10"><span class='ocrx_word' id='word_1_43' title='bbox 168 482 294 515; x_wconf 87' lang='lat' dir='ltr'><strong>Jesum</strong></span> <span class='ocrx_word' id='word_1_44' title='bbox 325 479 585 524; x_wconf 83' lang='lat' dir='ltr'><strong>adducuntur3</strong></span> <span class='ocrx_word' id='word_1_45' title='bbox 622 479 732 515; x_wconf 90' lang='lat' dir='ltr'><strong>tertio</strong></span> <span class='ocrx_word' id='word_1_46' title='bbox 766 491 897 515; x_wconf 90' lang='lat' dir='ltr'><strong>eorum</strong></span> <span class='ocrx_word' id='word_1_47' title='bbox 934 477 1159 513; x_wconf 81' lang='lat' dir='ltr'><strong>vestimenta</strong></span> 
     </span>
     <span class='ocr_line' id='line_1_10' title="bbox 169 536 1160 586; baseline -0.002 -13"><span class='ocrx_word' id='word_1_48' title='bbox 169 537 438 586; x_wconf 81' lang='lat' dir='ltr'><strong>imponuntur3</strong></span> <span class='ocrx_word' id='word_1_49' title='bbox 455 537 656 574; x_wconf 85' lang='lat' dir='ltr'><strong>novissime</strong></span> <span class='ocrx_word' id='word_1_50' title='bbox 673 550 765 573; x_wconf 90' lang='lat' dir='ltr'><strong>vero</strong></span> <span class='ocrx_word' id='word_1_51' title='bbox 783 536 945 586; x_wconf 76' lang='lat' dir='ltr'><strong>desuper</strong></span> <span class='ocrx_word' id='word_1_52' title='bbox 962 536 1040 585; x_wconf 92' lang='lat' dir='ltr'><strong>ipse</strong></span> <span class='ocrx_word' id='word_1_53' title='bbox 1056 536 1160 572; x_wconf 89' lang='lat' dir='ltr'><strong>sedet</strong></span> 
     </span>
     <span class='ocr_line' id='line_1_11' title="bbox 168 595 1159 645; baseline -0.001 -12"><span class='ocrx_word' id='word_1_54' title='bbox 168 600 288 633; x_wconf 87' lang='lat' dir='ltr'><strong>Jesus.</strong></span> <span class='ocrx_word' id='word_1_55' title='bbox 312 600 358 634; x_wconf 89' lang='lat' dir='ltr'><strong>Et</strong></span> <span class='ocrx_word' id='word_1_56' title='bbox 374 596 420 633; x_wconf 90' lang='lat' dir='ltr'><strong>ad</strong></span> <span class='ocrx_word' id='word_1_57' title='bbox 439 596 530 645; x_wconf 90' lang='lat' dir='ltr'><strong>quid</strong></span> <span class='ocrx_word' id='word_1_58' title='bbox 551 596 646 632; x_wconf 83' lang='lat' dir='ltr'><strong>ista?</strong></span> <span class='ocrx_word' id='word_1_59' title='bbox 665 595 806 644; x_wconf 84' lang='lat' dir='ltr'><strong>Utique</strong></span> <span class='ocrx_word' id='word_1_60' title='bbox 826 603 868 630; x_wconf 88' lang='lat' dir='ltr'><strong>ut</strong></span> <span class='ocrx_word' id='word_1_61' title='bbox 888 595 1012 643; x_wconf 89' lang='lat' dir='ltr'><strong>primo</strong></span> <span class='ocrx_word' id='word_1_62' title='bbox 1030 603 1159 632; x_wconf 89' lang='lat' dir='ltr'><strong>sancta</strong></span> 
     </span>
     <span class='ocr_line' id='line_1_12' title="bbox 169 653 1159 705; baseline -0.001 -14"><span class='ocrx_word' id='word_1_63' title='bbox 169 668 327 705; x_wconf 75' lang='lat' dir='ltr'><strong>quaeque</strong></span> <span class='ocrx_word' id='word_1_64' title='bbox 348 656 542 700; x_wconf 78' lang='lat' dir='ltr'><strong>faciamus,</strong></span> <span class='ocrx_word' id='word_1_65' title='bbox 564 663 764 704; x_wconf 75' lang='lat' dir='ltr'><strong>operantes</strong></span> <span class='ocrx_word' id='word_1_66' title='bbox 783 653 924 690; x_wconf 87' lang='lat' dir='ltr'><strong>bonum</strong></span> <span class='ocrx_word' id='word_1_67' title='bbox 943 653 989 689; x_wconf 90' lang='lat' dir='ltr'><strong>ad</strong></span> <span class='ocrx_word' id='word_1_68' title='bbox 1010 666 1159 699; x_wconf 88' lang='lat' dir='ltr'><strong>omnes;</strong></span> 
     </span>
     <span class='ocr_line' id='line_1_13' title="bbox 169 712 1160 763; baseline -0.003 -12"><span class='ocrx_word' id='word_1_69' title='bbox 169 715 356 763; x_wconf 87' lang='lat' dir='ltr'><strong>secundo,</strong></span> <span class='ocrx_word' id='word_1_70' title='bbox 372 724 413 752; x_wconf 92' lang='lat' dir='ltr'><strong>ut</strong></span> <span class='ocrx_word' id='word_1_71' title='bbox 429 716 499 752; x_wconf 90' lang='lat' dir='ltr'><strong>soli</strong></span> <span class='ocrx_word' id='word_1_72' title='bbox 517 718 599 752; x_wconf 90' lang='lat' dir='ltr'><strong>Deo</strong></span> <span class='ocrx_word' id='word_1_73' title='bbox 615 715 652 750; x_wconf 93' lang='lat' dir='ltr'><strong>in</strong></span> <span class='ocrx_word' id='word_1_74' title='bbox 670 713 727 750; x_wconf 91' lang='lat' dir='ltr'><strong>his</strong></span> <span class='ocrx_word' id='word_1_75' title='bbox 745 712 921 749; x_wconf 91' lang='lat' dir='ltr'><strong>omnibus</strong></span> <span class='ocrx_word' id='word_1_76' title='bbox 936 713 1082 762; x_wconf 85' lang='lat' dir='ltr'><strong>placere</strong></span> <span class='ocrx_word' id='word_1_77' title='bbox 1098 727 1160 763; x_wconf 90' lang='lat' dir='ltr'><strong>ap-</strong></span> 
     </span>
     <span class='ocr_line' id='line_1_14' title="bbox 170 772 1161 824; baseline 0.001 -16"><span class='ocrx_word' id='word_1_78' title='bbox 170 783 361 822; x_wconf 87' lang='lat' dir='ltr'><strong>petamus,</strong></span> <span class='ocrx_word' id='word_1_79' title='bbox 383 782 592 824; x_wconf 84' lang='lat' dir='ltr'><strong>quaerentes</strong></span> <span class='ocrx_word' id='word_1_80' title='bbox 613 774 725 809; x_wconf 83' lang='lat' dir='ltr'><strong>vitam</strong></span> <span class='ocrx_word' id='word_1_81' title='bbox 746 781 948 817; x_wconf 79' lang='lat' dir='ltr'><strong>aeternam3</strong></span> <span class='ocrx_word' id='word_1_82' title='bbox 970 772 1078 808; x_wconf 87' lang='lat' dir='ltr'><strong>tertio</strong></span> <span class='ocrx_word' id='word_1_83' title='bbox 1095 785 1161 809; x_wconf 87' lang='lat' dir='ltr'><strong>ve-</strong></span> 
     </span>
     <span class='ocr_line' id='line_1_15' title="bbox 168 830 1161 882; baseline -0.004 -12"><span class='ocrx_word' id='word_1_84' title='bbox 168 847 212 870; x_wconf 93' lang='lat' dir='ltr'><strong>ro</strong></span> <span class='ocrx_word' id='word_1_85' title='bbox 228 861 238 879; x_wconf 88' lang='lat'><strong>,</strong></span> <span class='ocrx_word' id='word_1_86' title='bbox 257 834 348 870; x_wconf 90' lang='lat' dir='ltr'><strong>utin</strong></span> <span class='ocrx_word' id='word_1_87' title='bbox 365 832 467 869; x_wconf 90' lang='lat' dir='ltr'><strong>bono</strong></span> <span class='ocrx_word' id='word_1_88' title='bbox 482 845 630 882; x_wconf 86' lang='lat' dir='ltr'><strong>semper</strong></span> <span class='ocrx_word' id='word_1_89' title='bbox 649 831 765 880; x_wconf 84' lang='lat' dir='ltr'><strong>magis</strong></span> <span class='ocrx_word' id='word_1_90' title='bbox 784 844 826 866; x_wconf 88' lang='lat' dir='ltr'><strong>ac</strong></span> <span class='ocrx_word' id='word_1_91' title='bbox 847 830 962 879; x_wconf 85' lang='lat' dir='ltr'><strong>magis</strong></span> <span class='ocrx_word' id='word_1_92' title='bbox 977 830 1161 880; x_wconf 77' lang='lat' dir='ltr'><strong>prolicere</strong></span> 
     </span>
     <span class='ocr_line' id='line_1_16' title="bbox 168 890 1161 938; baseline -0.004 -8"><span class='ocrx_word' id='word_1_93' title='bbox 168 893 403 938; x_wconf 85' lang='lat' dir='ltr'><strong>studeamus,</strong></span> <span class='ocrx_word' id='word_1_94' title='bbox 424 892 471 929; x_wconf 90' lang='lat' dir='ltr'><strong>ad</strong></span> <span class='ocrx_word' id='word_1_95' title='bbox 491 891 671 928; x_wconf 83' lang='lat' dir='ltr'><strong>interiora</strong></span> <span class='ocrx_word' id='word_1_96' title='bbox 688 903 757 927; x_wconf 89' lang='lat' dir='ltr'><strong>nos</strong></span> <span class='ocrx_word' id='word_1_97' title='bbox 774 890 1020 927; x_wconf 83' lang='lat' dir='ltr'><strong>extendentes</strong></span> <span class='ocrx_word' id='word_1_98' title='bbox 1032 918 1042 936; x_wconf 89' lang='lat'>‚</span> <span class='ocrx_word' id='word_1_99' title='bbox 1057 898 1094 926; x_wconf 91' lang='lat' dir='ltr'><strong>et</strong></span> <span class='ocrx_word' id='word_1_100' title='bbox 1110 890 1161 926; x_wconf 87' lang='lat' dir='ltr'><strong>sic</strong></span> 
     </span>
     <span class='ocr_line' id='line_1_17' title="bbox 166 949 1158 1002; baseline -0.004 -13"><span class='ocrx_word' id='word_1_101' title='bbox 166 953 296 990; x_wconf 87' lang='lat' dir='ltr'><strong>venire</strong></span> <span class='ocrx_word' id='word_1_102' title='bbox 319 952 513 1002; x_wconf 87' lang='lat' dir='ltr'><strong>cupiamus</strong></span> <span class='ocrx_word' id='word_1_103' title='bbox 526 979 535 996; x_wconf 92' lang='lat'>,</span> <span class='ocrx_word' id='word_1_104' title='bbox 559 959 596 986; x_wconf 87' lang='lat' dir='ltr'><strong>et</strong></span> <span class='ocrx_word' id='word_1_105' title='bbox 609 963 792 1000; x_wconf 87' lang='lat' dir='ltr'><strong>apparere</strong></span> <span class='ocrx_word' id='word_1_106' title='bbox 812 958 899 986; x_wconf 89' lang='lat' dir='ltr'><strong>ante</strong></span> <span class='ocrx_word' id='word_1_107' title='bbox 920 949 1047 985; x_wconf 82' lang='lat' dir='ltr'><strong>faciem</strong></span> <span class='ocrx_word' id='word_1_108' title='bbox 1066 949 1158 994; x_wconf 88' lang='lat' dir='ltr'><strong>Dei,</strong></span> 
     </span>
     <span class='ocr_line' id='line_1_18' title="bbox 166 1007 1158 1055; baseline -0.006 -6"><span class='ocrx_word' id='word_1_109' title='bbox 166 1012 392 1049; x_wconf 88' lang='lat' dir='ltr'><strong>desiderium</strong></span> <span class='ocrx_word' id='word_1_110' title='bbox 408 1010 588 1048; x_wconf 88' lang='lat' dir='ltr'><strong>habentes</strong></span> <span class='ocrx_word' id='word_1_111' title='bbox 602 1010 755 1046; x_wconf 90' lang='lat' dir='ltr'><strong>dissolvi</strong></span> <span class='ocrx_word' id='word_1_112' title='bbox 769 1038 780 1055; x_wconf 92' lang='lat'>,</span> <span class='ocrx_word' id='word_1_113' title='bbox 799 1017 837 1046; x_wconf 88' lang='lat' dir='ltr'><strong>et</strong></span> <span class='ocrx_word' id='word_1_114' title='bbox 856 1021 935 1046; x_wconf 84' lang='lat' dir='ltr'><strong>esse.</strong></span> <span class='ocrx_word' id='word_1_115' title='bbox 951 1021 1036 1044; x_wconf 90' lang='lat' dir='ltr'><strong>cum</strong></span> <span class='ocrx_word' id='word_1_116' title='bbox 1055 1007 1158 1044; x_wconf 86' lang='lat' dir='ltr'><strong>Chri-</strong></span> 
     </span>
    </p>
   </div>
   <div class='ocr_carea' id='block_1_9' title="bbox 1223 418 2216 940">
    <p class='ocr_par' dir='ltr' id='par_1_9' title="bbox 1223 418 2216 940">
     <span class='ocr_line' id='line_1_19' title="bbox 1224 418 2212 474; baseline 0.007 -20"><span class='ocrx_word' id='word_1_117' title='bbox 1224 418 1314 455; x_wconf 92' lang='lat' dir='ltr'><strong>boni</strong></span> <span class='ocrx_word' id='word_1_118' title='bbox 1329 420 1481 468; x_wconf 90' lang='lat' dir='ltr'><strong>quidam</strong></span> <span class='ocrx_word' id='word_1_119' title='bbox 1501 435 1569 470; x_wconf 90' lang='lat' dir='ltr'><strong>per</strong></span> <span class='ocrx_word' id='word_1_120' title='bbox 1583 431 1754 459; x_wconf 88' lang='lat' dir='ltr'><strong>naturam</strong></span> <span class='ocrx_word' id='word_1_121' title='bbox 1770 451 1780 468; x_wconf 94' lang='lat'>,</span> <span class='ocrx_word' id='word_1_122' title='bbox 1794 423 1945 473; x_wconf 88' lang='lat' dir='ltr'><strong>quidam</strong></span> <span class='ocrx_word' id='word_1_123' title='bbox 1964 437 2032 474; x_wconf 90' lang='lat' dir='ltr'><strong>per</strong></span> <span class='ocrx_word' id='word_1_124' title='bbox 2046 426 2212 473; x_wconf 83' lang='lat' dir='ltr'><strong>gratiam.</strong></span> 
     </span>
     <span class='ocr_line' id='line_1_20' title="bbox 1224 478 2210 532; baseline 0.007 -19"><span class='ocrx_word' id='word_1_125' title='bbox 1224 480 1270 514; x_wconf 92' lang='lat' dir='ltr'><strong>Et</strong></span> <span class='ocrx_word' id='word_1_126' title='bbox 1298 478 1351 514; x_wconf 93' lang='lat' dir='ltr'><strong>illi</strong></span> <span class='ocrx_word' id='word_1_127' title='bbox 1369 479 1520 527; x_wconf 88' lang='lat' dir='ltr'><strong>quidem</strong></span> <span class='ocrx_word' id='word_1_128' title='bbox 1542 489 1730 529; x_wconf 84' lang='lat' dir='ltr'><strong>praeeunt,</strong></span> <span class='ocrx_word' id='word_1_129' title='bbox 1751 482 1811 518; x_wconf 87' lang='lat' dir='ltr'><strong>isti</strong></span> <span class='ocrx_word' id='word_1_130' title='bbox 1833 490 1957 519; x_wconf 89' lang='lat' dir='ltr'><strong>autem</strong></span> <span class='ocrx_word' id='word_1_131' title='bbox 1986 493 2210 532; x_wconf 86' lang='lat' dir='ltr'><strong>sequuntur.</strong></span> 
     </span>
     <span class='ocr_line' id='line_1_21' title="bbox 1223 537 2214 592; baseline 0.007 -20"><span class='ocrx_word' id='word_1_132' title='bbox 1223 537 1403 584; x_wconf 84' lang='lat' dir='ltr'><strong>Quaedam</strong></span> <span class='ocrx_word' id='word_1_133' title='bbox 1424 538 1533 575; x_wconf 91' lang='lat' dir='ltr'><strong>nobis</strong></span> <span class='ocrx_word' id='word_1_134' title='bbox 1553 538 1652 576; x_wconf 91' lang='lat' dir='ltr'><strong>bona</strong></span> <span class='ocrx_word' id='word_1_135' title='bbox 1672 540 1829 577; x_wconf 91' lang='lat' dir='ltr'><strong>inseruit</strong></span> <span class='ocrx_word' id='word_1_136' title='bbox 1848 550 1981 578; x_wconf 89' lang='lat' dir='ltr'><strong>natura</strong></span> <span class='ocrx_word' id='word_1_137' title='bbox 2002 557 2009 578; x_wconf 92' lang='lat'>:</span> <span class='ocrx_word' id='word_1_138' title='bbox 2034 543 2097 578; x_wconf 88' lang='lat' dir='ltr'><strong>sed</strong></span> <span class='ocrx_word' id='word_1_139' title='bbox 2128 544 2214 592; x_wconf 87' lang='lat' dir='ltr'><strong>quia</strong></span> 
     </span>
     <span class='ocr_line' id='line_1_22' title="bbox 1224 596 2215 650; baseline 0.007 -18"><span class='ocrx_word' id='word_1_140' title='bbox 1224 596 1270 632; x_wconf 90' lang='lat' dir='ltr'><strong>ad</strong></span> <span class='ocrx_word' id='word_1_141' title='bbox 1294 597 1449 633; x_wconf 88' lang='lat' dir='ltr'><strong>salutem</strong></span> <span class='ocrx_word' id='word_1_142' title='bbox 1467 610 1543 634; x_wconf 91' lang='lat' dir='ltr'><strong>non</strong></span> <span class='ocrx_word' id='word_1_143' title='bbox 1565 608 1671 635; x_wconf 87' lang='lat' dir='ltr'><strong>erant</strong></span> <span class='ocrx_word' id='word_1_144' title='bbox 1691 600 1913 637; x_wconf 81' lang='lat' dir='ltr'><strong>sufficientia</strong></span> <span class='ocrx_word' id='word_1_145' title='bbox 1927 628 1937 645; x_wconf 88' lang='lat'>‚</span> <span class='ocrx_word' id='word_1_146' title='bbox 1965 601 2068 650; x_wconf 89' lang='lat' dir='ltr'><strong>quod</strong></span> <span class='ocrx_word' id='word_1_147' title='bbox 2091 603 2215 639; x_wconf 89' lang='lat' dir='ltr'><strong>minus</strong></span> 
     </span>
     <span class='ocr_line' id='line_1_23' title="bbox 1224 655 2214 708; baseline 0.007 -18"><span class='ocrx_word' id='word_1_148' title='bbox 1224 655 1384 691; x_wconf 89' lang='lat' dir='ltr'><strong>contulit</strong></span> <span class='ocrx_word' id='word_1_149' title='bbox 1399 656 1479 704; x_wconf 90' lang='lat' dir='ltr'><strong>ipsa</strong></span> <span class='ocrx_word' id='word_1_150' title='bbox 1492 684 1503 700; x_wconf 85' lang='lat'><em>,</em></span> <span class='ocrx_word' id='word_1_151' title='bbox 1522 658 1779 707; x_wconf 84' lang='lat' dir='ltr'><strong>superaddidit</strong></span> <span class='ocrx_word' id='word_1_152' title='bbox 1794 660 1923 708; x_wconf 87' lang='lat' dir='ltr'><strong>gratia.</strong></span> <span class='ocrx_word' id='word_1_153' title='bbox 1946 660 2143 696; x_wconf 88' lang='lat' dir='ltr'><strong>Sciendum</strong></span> <span class='ocrx_word' id='word_1_154' title='bbox 2160 670 2214 697; x_wconf 78' lang='lat' dir='ltr'><strong>ta-</strong></span> 
     </span>
     <span class='ocr_line' id='line_1_24' title="bbox 1225 715 2216 767; baseline 0.006 -17"><span class='ocrx_word' id='word_1_155' title='bbox 1225 727 1330 758; x_wconf 88' lang='lat' dir='ltr'><strong>men,</strong></span> <span class='ocrx_word' id='word_1_156' title='bbox 1354 715 1456 763; x_wconf 93' lang='lat' dir='ltr'><strong>quod</strong></span> <span class='ocrx_word' id='word_1_157' title='bbox 1474 715 1569 752; x_wconf 89' lang='lat' dir='ltr'><strong>sicut</strong></span> <span class='ocrx_word' id='word_1_158' title='bbox 1588 730 1633 753; x_wconf 84' lang='lat' dir='ltr'><strong>ex</strong></span> <span class='ocrx_word' id='word_1_159' title='bbox 1654 718 1771 767; x_wconf 82' lang='lat' dir='ltr'><strong>gratia</strong></span> <span class='ocrx_word' id='word_1_160' title='bbox 1797 727 1884 754; x_wconf 89' lang='lat' dir='ltr'><strong>sunt</strong></span> <span class='ocrx_word' id='word_1_161' title='bbox 1900 718 1999 755; x_wconf 89' lang='lat' dir='ltr'><strong>bona</strong></span> <span class='ocrx_word' id='word_1_162' title='bbox 2025 721 2216 757; x_wconf 84' lang='lat' dir='ltr'><strong>conscien-</strong></span> 
     </span>
     <span class='ocr_line' id='line_1_25' title="bbox 1227 773 2215 823; baseline 0.007 -14"><span class='ocrx_word' id='word_1_163' title='bbox 1227 773 1284 809; x_wconf 88' lang='lat' dir='ltr'><strong>tiae</strong></span> <span class='ocrx_word' id='word_1_164' title='bbox 1297 801 1307 819; x_wconf 87' lang='lat'>‚</span> <span class='ocrx_word' id='word_1_165' title='bbox 1330 774 1382 809; x_wconf 85' lang='lat' dir='ltr'><strong>sie</strong></span> <span class='ocrx_word' id='word_1_166' title='bbox 1400 787 1445 810; x_wconf 86' lang='lat' dir='ltr'><strong>ex</strong></span> <span class='ocrx_word' id='word_1_167' title='bbox 1462 775 1577 823; x_wconf 86' lang='lat' dir='ltr'><strong>gratia</strong></span> <span class='ocrx_word' id='word_1_168' title='bbox 1598 775 1698 812; x_wconf 88' lang='lat' dir='ltr'><strong>bona</strong></span> <span class='ocrx_word' id='word_1_169' title='bbox 1715 786 1802 814; x_wconf 89' lang='lat' dir='ltr'><strong>sunt</strong></span> <span class='ocrx_word' id='word_1_170' title='bbox 1819 786 1982 823; x_wconf 82' lang='lat' dir='ltr'><strong>naturae3</strong></span> <span class='ocrx_word' id='word_1_171' title='bbox 2006 779 2070 815; x_wconf 88' lang='lat' dir='ltr'><strong>sed</strong></span> <span class='ocrx_word' id='word_1_172' title='bbox 2088 780 2149 816; x_wconf 85' lang='lat' dir='ltr'><strong>illa</strong></span> <span class='ocrx_word' id='word_1_173' title='bbox 2168 794 2215 816; x_wconf 90' lang='lat' dir='ltr'><strong>ex</strong></span> 
     </span>
     <span class='ocr_line' id='line_1_26' title="bbox 1224 833 2212 882; baseline 0.007 -14"><span class='ocrx_word' id='word_1_174' title='bbox 1224 833 1341 881; x_wconf 88' lang='lat' dir='ltr'><strong>gratia</strong></span> <span class='ocrx_word' id='word_1_175' title='bbox 1360 833 1537 871; x_wconf 85' lang='lat' dir='ltr'><strong>creatrice</strong></span> <span class='ocrx_word' id='word_1_176' title='bbox 1561 843 1648 871; x_wconf 88' lang='lat' dir='ltr'><strong>sunt</strong></span> <span class='ocrx_word' id='word_1_177' title='bbox 1668 864 1679 882; x_wconf 87' lang='lat'>‚</span> <span class='ocrx_word' id='word_1_178' title='bbox 1700 836 1778 872; x_wconf 86' lang='lat' dir='ltr'><strong>haec</strong></span> <span class='ocrx_word' id='word_1_179' title='bbox 1796 846 1920 874; x_wconf 89' lang='lat' dir='ltr'><strong>autem</strong></span> <span class='ocrx_word' id='word_1_180' title='bbox 1939 851 1984 874; x_wconf 84' lang='lat' dir='ltr'><strong>ex</strong></span> <span class='ocrx_word' id='word_1_181' title='bbox 2005 839 2212 876; x_wconf 83' lang='lat' dir='ltr'><strong>salvatrice.</strong></span> 
     </span>
     <span class='ocr_line' id='line_1_27' title="bbox 1224 891 2216 940; baseline 0.007 -14"><span class='ocrx_word' id='word_1_182' title='bbox 1224 893 1279 927; x_wconf 83' lang='lat' dir='ltr'><strong>Ex</strong></span> <span class='ocrx_word' id='word_1_183' title='bbox 1299 891 1360 928; x_wconf 88' lang='lat' dir='ltr'><strong>illa</strong></span> <span class='ocrx_word' id='word_1_184' title='bbox 1383 891 1523 928; x_wconf 86' lang='lat' dir='ltr'><strong>habent</strong></span> <span class='ocrx_word' id='word_1_185' title='bbox 1542 892 1643 929; x_wconf 90' lang='lat' dir='ltr'><strong>bona</strong></span> <span class='ocrx_word' id='word_1_186' title='bbox 1663 902 1807 931; x_wconf 83' lang='lat' dir='ltr'><strong>naturae</strong></span> <span class='ocrx_word' id='word_1_187' title='bbox 1836 904 1878 931; x_wconf 94' lang='lat' dir='ltr'><strong>ut</strong></span> <span class='ocrx_word' id='word_1_188' title='bbox 1900 896 2145 940; x_wconf 86' lang='lat' dir='ltr'><strong>inchoentur,</strong></span> <span class='ocrx_word' id='word_1_189' title='bbox 2169 911 2216 934; x_wconf 85' lang='lat' dir='ltr'><strong>ex</strong></span> 
     </span>
    </p>
   </div>
   <div class='ocr_carea' id='block_1_10' title="bbox 1224 951 2217 1060">
    <p class='ocr_par' dir='ltr' id='par_1_10' title="bbox 1224 951 2217 1060">
     <span class='ocr_line' id='line_1_28' title="bbox 1225 951 2215 1004; baseline 0.005 -17"><span class='ocrx_word' id='word_1_190' title='bbox 1225 951 1292 987; x_wconf 87' lang='lat' dir='ltr'><strong>ista</strong></span> <span class='ocrx_word' id='word_1_191' title='bbox 1312 960 1353 987; x_wconf 90' lang='lat' dir='ltr'><strong>ut</strong></span> <span class='ocrx_word' id='word_1_192' title='bbox 1371 961 1578 1002; x_wconf 83' lang='lat' dir='ltr'><strong>augeantur</strong></span> <span class='ocrx_word' id='word_1_193' title='bbox 1591 981 1601 997; x_wconf 94' lang='lat'>‚</span> <span class='ocrx_word' id='word_1_194' title='bbox 1624 961 1660 989; x_wconf 87' lang='lat' dir='ltr'><strong>et</strong></span> <span class='ocrx_word' id='word_1_195' title='bbox 1680 962 1789 990; x_wconf 84' lang='lat' dir='ltr'><strong>aucta</strong></span> <span class='ocrx_word' id='word_1_196' title='bbox 1807 962 1849 990; x_wconf 90' lang='lat' dir='ltr'><strong>ut</strong></span> <span class='ocrx_word' id='word_1_197' title='bbox 1868 956 2123 1004; x_wconf 72' lang='lat' dir='ltr'><strong>perficiantur.</strong></span> <span class='ocrx_word' id='word_1_198' title='bbox 2143 957 2215 993; x_wconf 86' lang='lat' dir='ltr'><strong>Sed</strong></span> 
     </span>
     <span class='ocr_line' id='line_1_29' title="bbox 1224 1010 2217 1060; baseline 0.005 -14"><span class='ocrx_word' id='word_1_199' title='bbox 1224 1010 1261 1045; x_wconf 91' lang='lat' dir='ltr'><strong>in</strong></span> <span class='ocrx_word' id='word_1_200' title='bbox 1281 1010 1353 1060; x_wconf 89' lang='lat' dir='ltr'><strong>piis</strong></span> <span class='ocrx_word' id='word_1_201' title='bbox 1370 1010 1660 1060; x_wconf 81' lang='lat' dir='ltr'><strong>cogitationibus</strong></span> <span class='ocrx_word' id='word_1_202' title='bbox 1676 1020 1713 1048; x_wconf 91' lang='lat' dir='ltr'><strong>et</strong></span> <span class='ocrx_word' id='word_1_203' title='bbox 1731 1013 1828 1048; x_wconf 89' lang='lat' dir='ltr'><strong>circa</strong></span> <span class='ocrx_word' id='word_1_204' title='bbox 1847 1014 2003 1050; x_wconf 88' lang='lat' dir='ltr'><strong>salutem</strong></span> <span class='ocrx_word' id='word_1_205' title='bbox 2019 1027 2122 1051; x_wconf 85' lang='lat' dir='ltr'><strong>suam</strong></span> <span class='ocrx_word' id='word_1_206' title='bbox 2142 1016 2217 1051; x_wconf 89' lang='lat' dir='ltr'><strong>sol-</strong></span> 
     </span>
    </p>
   </div>
   <div class='ocr_carea' id='block_1_11' title="bbox 166 1067 2216 1122">
    <p class='ocr_par' dir='ltr' id='par_1_11' title="bbox 166 1067 2216 1122">
     <span class='ocr_line' id='line_1_30' title="bbox 166 1067 2216 1122; baseline 0.001 -15"><span class='ocrx_word' id='word_1_207' title='bbox 166 1080 238 1107; x_wconf 89' lang='lat' dir='ltr'><strong>sto.</strong></span> <span class='ocrx_word' id='word_1_208' title='bbox 261 1072 432 1106; x_wconf 76' lang='lat' dir='ltr'><strong>Plurima</strong></span> <span class='ocrx_word' id='word_1_209' title='bbox 450 1079 571 1105; x_wconf 76' lang='lat' dir='ltr'><strong>autem</strong></span> <span class='ocrx_word' id='word_1_210' title='bbox 588 1068 693 1104; x_wconf 81' lang='lat' dir='ltr'><strong>turba</strong></span> <span class='ocrx_word' id='word_1_211' title='bbox 712 1070 915 1104; x_wconf 72' lang='lat' dir='ltr'><strong>straverunt</strong></span> <span class='ocrx_word' id='word_1_212' title='bbox 942 1071 1158 1102; x_wconf 78' lang='lat' dir='ltr'><strong>vestimenta</strong></span> <span class='ocrx_word' id='word_1_213' title='bbox 1178 1067 1206 1100; x_wconf 92' lang='lat' dir='ltr'><strong>B</strong></span> <span class='ocrx_word' id='word_1_214' title='bbox 1225 1069 1324 1105; x_wconf 81' lang='lat' dir='ltr'><strong>licite</strong></span> <span class='ocrx_word' id='word_1_215' title='bbox 1344 1069 1585 1118; x_wconf 77' lang='lat' dir='ltr'><strong>vigilantibus</strong></span> <span class='ocrx_word' id='word_1_216' title='bbox 1599 1098 1609 1115; x_wconf 89' lang='lat'>‚</span> <span class='ocrx_word' id='word_1_217' title='bbox 1630 1079 1703 1106; x_wconf 88' lang='lat' dir='ltr'><strong>tam</strong></span> <span class='ocrx_word' id='word_1_218' title='bbox 1719 1072 1922 1119; x_wconf 80' lang='lat' dir='ltr'><strong>praeeuntia</strong></span> <span class='ocrx_word' id='word_1_219' title='bbox 1941 1081 2083 1109; x_wconf 88' lang='lat' dir='ltr'><strong>naturae</strong></span> <span class='ocrx_word' id='word_1_220' title='bbox 2104 1087 2216 1122; x_wconf 85' lang='lat' dir='ltr'><strong>quam</strong></span> 
     </span>
    </p>
   </div>
   <div class='ocr_carea' id='block_1_12' title="bbox 165 1125 1160 1816">
    <p class='ocr_par' dir='ltr' id='par_1_12' title="bbox 165 1125 1160 1757">
     <span class='ocr_line' id='line_1_31' title="bbox 166 1125 1158 1177; baseline -0.003 -13"><span class='ocrx_word' id='word_1_221' title='bbox 166 1143 234 1164; x_wconf 81' lang='lat' dir='ltr'><strong>sua</strong></span> <span class='ocrx_word' id='word_1_222' title='bbox 257 1134 296 1164; x_wconf 80' lang='lat' dir='ltr'><strong>in</strong></span> <span class='ocrx_word' id='word_1_223' title='bbox 319 1134 409 1174; x_wconf 53' lang='lat' dir='ltr'><strong>vitm</strong></span> <span class='ocrx_word' id='word_1_224' title='bbox 429 1141 499 1177; x_wconf 90' lang='lat' dir='ltr'><strong>pro</strong></span> <span class='ocrx_word' id='word_1_225' title='bbox 518 1140 565 1164; x_wconf 89' lang='lat' dir='ltr'><strong>eo</strong></span> <span class='ocrx_word' id='word_1_226' title='bbox 587 1126 689 1176; x_wconf 90' lang='lat' dir='ltr'><strong>quod</strong></span> <span class='ocrx_word' id='word_1_227' title='bbox 714 1125 815 1162; x_wconf 92' lang='lat' dir='ltr'><strong>bona</strong></span> <span class='ocrx_word' id='word_1_228' title='bbox 844 1139 910 1162; x_wconf 90' lang='lat' dir='ltr'><strong>sua</strong></span> <span class='ocrx_word' id='word_1_229' title='bbox 937 1126 1094 1162; x_wconf 84' lang='lat' dir='ltr'><strong>internae</strong></span> <span class='ocrx_word' id='word_1_230' title='bbox 1120 1125 1158 1161; x_wconf 91' lang='lat' dir='ltr'><strong>in</strong></span> 
     </span>
     <span class='ocr_line' id='line_1_32' title="bbox 167 1185 1157 1236; baseline -0.004 -12"><span class='ocrx_word' id='word_1_231' title='bbox 167 1187 277 1225; x_wconf 90' lang='lat' dir='ltr'><strong>nobis</strong></span> <span class='ocrx_word' id='word_1_232' title='bbox 293 1187 539 1236; x_wconf 87' lang='lat' dir='ltr'><strong>cogitationes</strong></span> <span class='ocrx_word' id='word_1_233' title='bbox 557 1186 753 1236; x_wconf 89' lang='lat' dir='ltr'><strong>deponunt</strong></span> <span class='ocrx_word' id='word_1_234' title='bbox 769 1185 807 1222; x_wconf 91' lang='lat' dir='ltr'><strong>in</strong></span> <span class='ocrx_word' id='word_1_235' title='bbox 822 1185 914 1222; x_wconf 88' lang='lat' dir='ltr'><strong>imo.</strong></span> <span class='ocrx_word' id='word_1_236' title='bbox 937 1187 1018 1220; x_wconf 77' lang='lat' dir='ltr'><strong>Alii</strong></span> <span class='ocrx_word' id='word_1_237' title='bbox 1034 1194 1157 1221; x_wconf 76' lang='lat' dir='ltr'><strong>autem</strong></span> 
     </span>
     <span class='ocr_line' id='line_1_33' title="bbox 165 1244 1158 1283; baseline -0.003 -1"><span class='ocrx_word' id='word_1_238' title='bbox 165 1246 364 1283; x_wconf 67' lang='lat' dir='ltr'><strong>caedebant</strong></span> <span class='ocrx_word' id='word_1_239' title='bbox 389 1259 512 1282; x_wconf 83' lang='lat' dir='ltr'><strong>ramos</strong></span> <span class='ocrx_word' id='word_1_240' title='bbox 537 1248 583 1281; x_wconf 84' lang='lat' dir='ltr'><strong>de</strong></span> <span class='ocrx_word' id='word_1_241' title='bbox 609 1245 797 1281; x_wconf 78' lang='lat' dir='ltr'><strong>arboribus</strong></span> <span class='ocrx_word' id='word_1_242' title='bbox 825 1254 862 1280; x_wconf 84' lang='lat' dir='ltr'><strong>et</strong></span> <span class='ocrx_word' id='word_1_243' title='bbox 886 1244 1100 1280; x_wconf 80' lang='lat' dir='ltr'><strong>sternebant</strong></span> <span class='ocrx_word' id='word_1_244' title='bbox 1121 1248 1158 1279; x_wconf 80' lang='lat' dir='ltr'><strong>in</strong></span> 
     </span>
     <span class='ocr_line' id='line_1_34' title="bbox 167 1303 1158 1356; baseline -0.002 -14"><span class='ocrx_word' id='word_1_245' title='bbox 167 1310 258 1351; x_wconf 78' lang='lat' dir='ltr'><strong>2»1&#39;a;</strong></span> <span class='ocrx_word' id='word_1_246' title='bbox 278 1305 364 1356; x_wconf 89' lang='lat' dir='ltr'><strong>quia</strong></span> <span class='ocrx_word' id='word_1_247' title='bbox 384 1318 460 1342; x_wconf 90' lang='lat' dir='ltr'><strong>non</strong></span> <span class='ocrx_word' id='word_1_248' title='bbox 481 1305 603 1343; x_wconf 90' lang='lat' dir='ltr'><strong>solum</strong></span> <span class='ocrx_word' id='word_1_249' title='bbox 626 1305 665 1341; x_wconf 91' lang='lat' dir='ltr'><strong>in</strong></span> <span class='ocrx_word' id='word_1_250' title='bbox 686 1304 798 1341; x_wconf 89' lang='lat' dir='ltr'><strong>bonis</strong></span> <span class='ocrx_word' id='word_1_251' title='bbox 817 1303 998 1354; x_wconf 86' lang='lat' dir='ltr'><strong>operibus</strong></span> <span class='ocrx_word' id='word_1_252' title='bbox 1021 1317 1059 1341; x_wconf 91' lang='lat' dir='ltr'><strong>se</strong></span> <span class='ocrx_word' id='word_1_253' title='bbox 1085 1304 1158 1341; x_wconf 88' lang='lat' dir='ltr'><strong>hu-</strong></span> 
     </span>
     <span class='ocr_line' id='line_1_35' title="bbox 167 1363 1160 1415; baseline -0.002 -14"><span class='ocrx_word' id='word_1_254' title='bbox 167 1365 329 1412; x_wconf 87' lang='lat' dir='ltr'><strong>miliant,</strong></span> <span class='ocrx_word' id='word_1_255' title='bbox 352 1378 435 1415; x_wconf 85' lang='lat' dir='ltr'><strong>quae</strong></span> <span class='ocrx_word' id='word_1_256' title='bbox 452 1364 499 1401; x_wconf 89' lang='lat' dir='ltr'><strong>ad</strong></span> <span class='ocrx_word' id='word_1_257' title='bbox 516 1365 750 1414; x_wconf 77' lang='lat' dir='ltr'><strong>corporalem</strong></span> <span class='ocrx_word' id='word_1_258' title='bbox 768 1363 959 1414; x_wconf 87' lang='lat' dir='ltr'><strong>pertinent</strong></span> <span class='ocrx_word' id='word_1_259' title='bbox 977 1363 1160 1400; x_wconf 86' lang='lat' dir='ltr'><strong>exercita-</strong></span> 
     </span>
     <span class='ocr_line' id='line_1_36' title="bbox 168 1422 1158 1474; baseline -0.003 -13"><span class='ocrx_word' id='word_1_260' title='bbox 168 1425 330 1470; x_wconf 85' lang='lat' dir='ltr'><strong>tionem,</strong></span> <span class='ocrx_word' id='word_1_261' title='bbox 358 1438 442 1474; x_wconf 84' lang='lat' dir='ltr'><strong>quae</strong></span> <span class='ocrx_word' id='word_1_262' title='bbox 469 1425 515 1461; x_wconf 89' lang='lat' dir='ltr'><strong>ad</strong></span> <span class='ocrx_word' id='word_1_263' title='bbox 536 1423 723 1461; x_wconf 89' lang='lat' dir='ltr'><strong>modicum</strong></span> <span class='ocrx_word' id='word_1_264' title='bbox 738 1451 748 1469; x_wconf 89' lang='lat'>,</span> <span class='ocrx_word' id='word_1_265' title='bbox 776 1422 884 1471; x_wconf 89' lang='lat' dir='ltr'><strong>juxta</strong></span> <span class='ocrx_word' id='word_1_266' title='bbox 908 1423 1134 1472; x_wconf 90' lang='lat' dir='ltr'><strong>Apostolum</strong></span> <span class='ocrx_word' id='word_1_267' title='bbox 1149 1451 1158 1468; x_wconf 92' lang='lat'>,</span> 
     </span>
     <span class='ocr_line' id='line_1_37' title="bbox 167 1481 1159 1532; baseline -0.002 -14"><span class='ocrx_word' id='word_1_268' title='bbox 167 1484 268 1520; x_wconf 82' lang='lat' dir='ltr'><strong>utilis</strong></span> <span class='ocrx_word' id='word_1_269' title='bbox 294 1491 372 1529; x_wconf 88' lang='lat' dir='ltr'><strong>est,</strong></span> <span class='ocrx_word' id='word_1_270' title='bbox 407 1483 472 1520; x_wconf 90' lang='lat' dir='ltr'><strong>sed</strong></span> <span class='ocrx_word' id='word_1_271' title='bbox 501 1491 538 1519; x_wconf 92' lang='lat' dir='ltr'><strong>et</strong></span> <span class='ocrx_word' id='word_1_272' title='bbox 562 1483 663 1532; x_wconf 90' lang='lat' dir='ltr'><strong>ipsos</strong></span> <span class='ocrx_word' id='word_1_273' title='bbox 695 1481 945 1532; x_wconf 88' lang='lat' dir='ltr'><strong>spiritualium</strong></span> <span class='ocrx_word' id='word_1_274' title='bbox 982 1494 1159 1517; x_wconf 85' lang='lat' dir='ltr'><strong>sensuum</strong></span> 
     </span>
     <span class='ocr_line' id='line_1_38' title="bbox 167 1540 1158 1592; baseline -0.001 -14"><span class='ocrx_word' id='word_1_275' title='bbox 167 1555 317 1588; x_wconf 86' lang='lat' dir='ltr'><strong>ramos,</strong></span> <span class='ocrx_word' id='word_1_276' title='bbox 348 1555 444 1592; x_wconf 90' lang='lat' dir='ltr'><strong>quos</strong></span> <span class='ocrx_word' id='word_1_277' title='bbox 466 1541 514 1579; x_wconf 89' lang='lat' dir='ltr'><strong>de</strong></span> <span class='ocrx_word' id='word_1_278' title='bbox 542 1541 770 1579; x_wconf 88' lang='lat' dir='ltr'><strong>sublimibus</strong></span> <span class='ocrx_word' id='word_1_279' title='bbox 796 1540 1158 1589; x_wconf 85' lang='lat' dir='ltr'><strong>contemplationum</strong></span> 
     </span>
     <span class='ocr_line' id='line_1_39' title="bbox 166 1599 1158 1649; baseline -0.003 -11"><span class='ocrx_word' id='word_1_280' title='bbox 166 1600 366 1638; x_wconf 88' lang='lat' dir='ltr'><strong>arboribus</strong></span> <span class='ocrx_word' id='word_1_281' title='bbox 392 1601 566 1646; x_wconf 82' lang='lat' dir='ltr'><strong>caedunt,</strong></span> <span class='ocrx_word' id='word_1_282' title='bbox 594 1601 633 1636; x_wconf 92' lang='lat' dir='ltr'><strong>in</strong></span> <span class='ocrx_word' id='word_1_283' title='bbox 658 1600 741 1636; x_wconf 90' lang='lat' dir='ltr'><strong>imis</strong></span> <span class='ocrx_word' id='word_1_284' title='bbox 764 1599 961 1648; x_wconf 86' lang='lat' dir='ltr'><strong>dejiciunt,</strong></span> <span class='ocrx_word' id='word_1_285' title='bbox 991 1612 1087 1649; x_wconf 89' lang='lat' dir='ltr'><strong>quos</strong></span> <span class='ocrx_word' id='word_1_286' title='bbox 1111 1599 1158 1635; x_wconf 91' lang='lat' dir='ltr'><strong>ad</strong></span> 
     </span>
     <span class='ocr_line' id='line_1_40' title="bbox 167 1658 1160 1711; baseline -0.005 -13"><span class='ocrx_word' id='word_1_287' title='bbox 167 1662 342 1711; x_wconf 88' lang='lat' dir='ltr'><strong>pietatem</strong></span> <span class='ocrx_word' id='word_1_288' title='bbox 363 1670 530 1711; x_wconf 85' lang='lat' dir='ltr'><strong>spectare</strong></span> <span class='ocrx_word' id='word_1_289' title='bbox 548 1659 703 1696; x_wconf 88' lang='lat' dir='ltr'><strong>dubium</strong></span> <span class='ocrx_word' id='word_1_290' title='bbox 721 1671 798 1695; x_wconf 85' lang='lat' dir='ltr'><strong>non</strong></span> <span class='ocrx_word' id='word_1_291' title='bbox 815 1666 892 1704; x_wconf 89' lang='lat' dir='ltr'><strong>est,</strong></span> <span class='ocrx_word' id='word_1_292' title='bbox 913 1671 995 1707; x_wconf 82' lang='lat' dir='ltr'><strong>quae</strong></span> <span class='ocrx_word' id='word_1_293' title='bbox 1013 1658 1059 1694; x_wconf 88' lang='lat' dir='ltr'><strong>ad</strong></span> <span class='ocrx_word' id='word_1_294' title='bbox 1075 1671 1160 1694; x_wconf 92' lang='lat' dir='ltr'><strong>om-</strong></span> 
     </span>
     <span class='ocr_line' id='line_1_41' title="bbox 169 1720 473 1757; baseline -0.003 -1"><span class='ocrx_word' id='word_1_295' title='bbox 169 1720 230 1757; x_wconf 88' lang='lat' dir='ltr'><strong>nia</strong></span> <span class='ocrx_word' id='word_1_296' title='bbox 253 1721 352 1757; x_wconf 90' lang='lat' dir='ltr'><strong>utilis</strong></span> <span class='ocrx_word' id='word_1_297' title='bbox 372 1728 429 1756; x_wconf 90' lang='lat' dir='ltr'><strong>est</strong></span> <span class='ocrx_word' id='word_1_298' title='bbox 448 1727 473 1755; x_wconf 88' lang='lat'><strong>¹.</strong></span> 
     </span>
    </p>

    <p class='ocr_par' dir='ltr' id='par_1_13' title="bbox 224 1775 1159 1816">
     <span class='ocr_line' id='line_1_42' title="bbox 224 1775 1159 1816; baseline -0.004 -1"><span class='ocrx_word' id='word_1_299' title='bbox 224 1779 283 1815; x_wconf 88' lang='lat'><strong>18.</strong></span> <span class='ocrx_word' id='word_1_300' title='bbox 306 1782 389 1816; x_wconf 89' lang='lat' dir='ltr'><strong>Non</strong></span> <span class='ocrx_word' id='word_1_301' title='bbox 410 1779 531 1815; x_wconf 92' lang='lat' dir='ltr'><strong>solum</strong></span> <span class='ocrx_word' id='word_1_302' title='bbox 553 1786 677 1814; x_wconf 87' lang='lat' dir='ltr'><strong>autem</strong></span> <span class='ocrx_word' id='word_1_303' title='bbox 699 1776 739 1812; x_wconf 93' lang='lat' dir='ltr'><strong>in</strong></span> <span class='ocrx_word' id='word_1_304' title='bbox 758 1777 903 1812; x_wconf 85' lang='lat' dir='ltr'><strong>eunctis</strong></span> <span class='ocrx_word' id='word_1_305' title='bbox 924 1775 1032 1812; x_wconf 91' lang='lat' dir='ltr'><strong>bonis</strong></span> <span class='ocrx_word' id='word_1_306' title='bbox 1052 1783 1159 1812; x_wconf 86' lang='lat' dir='ltr'><strong>exte-</strong></span> 
     </span>
    </p>
   </div>
   <div class='ocr_carea' id='block_1_13' title="bbox 1223 1127 2220 1828">
    <p class='ocr_par' dir='ltr' id='par_1_14' title="bbox 1223 1127 2220 1828">
     <span class='ocr_line' id='line_1_43' title="bbox 1224 1127 2214 1177; baseline 0.005 -14"><span class='ocrx_word' id='word_1_307' title='bbox 1224 1127 1489 1176; x_wconf 89' lang='lat' dir='ltr'><strong>subsequentia</strong></span> <span class='ocrx_word' id='word_1_308' title='bbox 1508 1128 1636 1177; x_wconf 82' lang='lat' dir='ltr'><strong>gratiae</strong></span> <span class='ocrx_word' id='word_1_309' title='bbox 1663 1129 1849 1174; x_wconf 84' lang='lat' dir='ltr'><strong>clamant,</strong></span> <span class='ocrx_word' id='word_1_310' title='bbox 1874 1133 2053 1167; x_wconf 87' lang='lat' dir='ltr'><strong>Hosanna</strong></span> <span class='ocrx_word' id='word_1_311' title='bbox 2072 1146 2079 1167; x_wconf 89' lang='lat'>:</span> <span class='ocrx_word' id='word_1_312' title='bbox 2102 1141 2143 1168; x_wconf 89' lang='lat' dir='ltr'><strong>ut</strong></span> <span class='ocrx_word' id='word_1_313' title='bbox 2169 1133 2214 1168; x_wconf 91' lang='lat' dir='ltr'><strong>ad</strong></span> 
     </span>
     <span class='ocr_line' id='line_1_44' title="bbox 1223 1185 2218 1234; baseline 0.005 -12"><span class='ocrx_word' id='word_1_314' title='bbox 1223 1185 1466 1223; x_wconf 87' lang='lat' dir='ltr'><strong>obtinendam</strong></span> <span class='ocrx_word' id='word_1_315' title='bbox 1484 1187 1727 1224; x_wconf 85' lang='lat' dir='ltr'><strong>salvationem</strong></span> <span class='ocrx_word' id='word_1_316' title='bbox 1752 1197 1929 1224; x_wconf 84' lang='lat' dir='ltr'><strong>aeternam</strong></span> <span class='ocrx_word' id='word_1_317' title='bbox 1944 1218 1952 1234; x_wconf 94' lang='lat'>,</span> <span class='ocrx_word' id='word_1_318' title='bbox 1977 1202 2053 1225; x_wconf 91' lang='lat' dir='ltr'><strong>non</strong></span> <span class='ocrx_word' id='word_1_319' title='bbox 2077 1199 2148 1226; x_wconf 88' lang='lat' dir='ltr'><strong>tam</strong></span> <span class='ocrx_word' id='word_1_320' title='bbox 2172 1191 2218 1227; x_wconf 86' lang='lat' dir='ltr'><strong>de</strong></span> 
     </span>
     <span class='ocr_line' id='line_1_45' title="bbox 1226 1245 2215 1298; baseline 0.005 -18"><span class='ocrx_word' id='word_1_321' title='bbox 1226 1245 1446 1282; x_wconf 88' lang='lat' dir='ltr'><strong>meritorum</strong></span> <span class='ocrx_word' id='word_1_322' title='bbox 1466 1245 1582 1282; x_wconf 81' lang='lat' dir='ltr'><strong>fidant</strong></span> <span class='ocrx_word' id='word_1_323' title='bbox 1600 1246 1778 1295; x_wconf 83' lang='lat' dir='ltr'><strong>qualitate</strong></span> <span class='ocrx_word' id='word_1_324' title='bbox 1800 1255 1837 1283; x_wconf 89' lang='lat' dir='ltr'><strong>et</strong></span> <span class='ocrx_word' id='word_1_325' title='bbox 1855 1248 2080 1296; x_wconf 87' lang='lat' dir='ltr'><strong>quantitate,</strong></span> <span class='ocrx_word' id='word_1_326' title='bbox 2103 1262 2215 1298; x_wconf 86' lang='lat' dir='ltr'><strong>quam</strong></span> 
     </span>
     <span class='ocr_line' id='line_1_46' title="bbox 1224 1304 2218 1358; baseline 0.005 -18"><span class='ocrx_word' id='word_1_327' title='bbox 1224 1304 1271 1341; x_wconf 91' lang='lat' dir='ltr'><strong>de</strong></span> <span class='ocrx_word' id='word_1_328' title='bbox 1292 1305 1507 1342; x_wconf 85' lang='lat' dir='ltr'><strong>orationum</strong></span> <span class='ocrx_word' id='word_1_329' title='bbox 1528 1318 1624 1354; x_wconf 90' lang='lat' dir='ltr'><strong>pura</strong></span> <span class='ocrx_word' id='word_1_330' title='bbox 1642 1306 1860 1343; x_wconf 85' lang='lat' dir='ltr'><strong>assiduitate</strong></span> <span class='ocrx_word' id='word_1_331' title='bbox 1881 1315 1919 1344; x_wconf 88' lang='lat' dir='ltr'><strong>et</strong></span> <span class='ocrx_word' id='word_1_332' title='bbox 1940 1307 2088 1344; x_wconf 90' lang='lat' dir='ltr'><strong>assidua</strong></span> <span class='ocrx_word' id='word_1_333' title='bbox 2110 1309 2218 1358; x_wconf 91' lang='lat' dir='ltr'><strong>puri—</strong></span> 
     </span>
     <span class='ocr_line' id='line_1_47' title="bbox 1225 1363 2216 1413; baseline 0.004 -14"><span class='ocrx_word' id='word_1_334' title='bbox 1225 1371 1313 1400; x_wconf 89' lang='lat' dir='ltr'><strong>tate.</strong></span> <span class='ocrx_word' id='word_1_335' title='bbox 1339 1363 1429 1400; x_wconf 89' lang='lat' dir='ltr'><strong>Hosi</strong></span> <span class='ocrx_word' id='word_1_336' title='bbox 1450 1376 1613 1413; x_wconf 88' lang='lat' dir='ltr'><strong>namque</strong></span> <span class='ocrx_word' id='word_1_337' title='bbox 1627 1391 1637 1409; x_wconf 91' lang='lat'>‚</span> <span class='ocrx_word' id='word_1_338' title='bbox 1665 1372 1707 1401; x_wconf 88' lang='lat' dir='ltr'><strong>ut</strong></span> <span class='ocrx_word' id='word_1_339' title='bbox 1725 1364 1880 1411; x_wconf 82' lang='lat' dir='ltr'><strong>dicitur,</strong></span> <span class='ocrx_word' id='word_1_340' title='bbox 1902 1365 2075 1403; x_wconf 81' lang='lat' dir='ltr'><strong>Salvilica</strong></span> <span class='ocrx_word' id='word_1_341' title='bbox 2095 1366 2216 1403; x_wconf 87' lang='lat' dir='ltr'><strong>inter-</strong></span> 
     </span>
     <span class='ocr_line' id='line_1_48' title="bbox 1225 1423 2220 1472; baseline 0.004 -14"><span class='ocrx_word' id='word_1_342' title='bbox 1225 1431 1407 1472; x_wconf 89' lang='lat' dir='ltr'><strong>pretatur.</strong></span> <span class='ocrx_word' id='word_1_343' title='bbox 1424 1423 1534 1470; x_wconf 88' lang='lat' dir='ltr'><strong>Quod</strong></span> <span class='ocrx_word' id='word_1_344' title='bbox 1549 1432 1673 1460; x_wconf 87' lang='lat' dir='ltr'><strong>autem</strong></span> <span class='ocrx_word' id='word_1_345' title='bbox 1693 1423 1918 1460; x_wconf 91' lang='lat' dir='ltr'><strong>subauditur</strong></span> <span class='ocrx_word' id='word_1_346' title='bbox 1936 1430 1949 1446; x_wconf 74' lang='lat'><strong>³</strong></span> <span class='ocrx_word' id='word_1_347' title='bbox 1973 1429 2081 1462; x_wconf 84' lang='lat' dir='ltr'><strong>Anna</strong></span> <span class='ocrx_word' id='word_1_348' title='bbox 2094 1453 2104 1470; x_wconf 89' lang='lat'>‚</span> <span class='ocrx_word' id='word_1_349' title='bbox 2127 1426 2220 1462; x_wconf 81' lang='lat' dir='ltr'><strong>asse-</strong></span> 
     </span>
     <span class='ocr_line' id='line_1_49' title="bbox 1225 1482 2219 1532; baseline 0.004 -15"><span class='ocrx_word' id='word_1_350' title='bbox 1225 1490 1396 1518; x_wconf 88' lang='lat' dir='ltr'><strong>ctuosum</strong></span> <span class='ocrx_word' id='word_1_351' title='bbox 1420 1482 1562 1519; x_wconf 88' lang='lat' dir='ltr'><strong>orantis</strong></span> <span class='ocrx_word' id='word_1_352' title='bbox 1585 1483 1763 1532; x_wconf 85' lang='lat' dir='ltr'><strong>exprimit</strong></span> <span class='ocrx_word' id='word_1_353' title='bbox 1782 1492 1939 1520; x_wconf 92' lang='lat' dir='ltr'><strong>motum.</strong></span> <span class='ocrx_word' id='word_1_354' title='bbox 1969 1485 2219 1522; x_wconf 87' lang='lat' dir='ltr'><strong>Humiliemus</strong></span> 
     </span>
     <span class='ocr_line' id='line_1_50' title="bbox 1225 1541 2217 1590; baseline 0.002 -13"><span class='ocrx_word' id='word_1_355' title='bbox 1225 1541 1351 1590; x_wconf 88' lang='lat' dir='ltr'><strong>itaque</strong></span> <span class='ocrx_word' id='word_1_356' title='bbox 1378 1554 1446 1577; x_wconf 90' lang='lat' dir='ltr'><strong>nos</strong></span> <span class='ocrx_word' id='word_1_357' title='bbox 1461 1569 1471 1586; x_wconf 89' lang='lat'>,</span> <span class='ocrx_word' id='word_1_358' title='bbox 1501 1541 1631 1578; x_wconf 85' lang='lat' dir='ltr'><strong>fratres</strong></span> <span class='ocrx_word' id='word_1_359' title='bbox 1647 1570 1656 1586; x_wconf 93' lang='lat'>‚</span> <span class='ocrx_word' id='word_1_360' title='bbox 1684 1541 1721 1577; x_wconf 95' lang='lat' dir='ltr'><strong>in</strong></span> <span class='ocrx_word' id='word_1_361' title='bbox 1749 1541 1926 1578; x_wconf 90' lang='lat' dir='ltr'><strong>omnibus</strong></span> <span class='ocrx_word' id='word_1_362' title='bbox 1945 1541 2056 1579; x_wconf 89' lang='lat' dir='ltr'><strong>bonis</strong></span> <span class='ocrx_word' id='word_1_363' title='bbox 2077 1544 2217 1579; x_wconf 80' lang='lat' dir='ltr'><strong>nostris</strong></span> 
     </span>
     <span class='ocr_line' id='line_1_51' title="bbox 1227 1599 2217 1649; baseline 0.003 -14"><span class='ocrx_word' id='word_1_364' title='bbox 1227 1607 1299 1635; x_wconf 88' lang='lat' dir='ltr'><strong>tam</strong></span> <span class='ocrx_word' id='word_1_365' title='bbox 1332 1599 1490 1637; x_wconf 87' lang='lat' dir='ltr'><strong>internis</strong></span> <span class='ocrx_word' id='word_1_366' title='bbox 1515 1613 1626 1649; x_wconf 90' lang='lat' dir='ltr'><strong>quam</strong></span> <span class='ocrx_word' id='word_1_367' title='bbox 1659 1602 1854 1638; x_wconf 83' lang='lat' dir='ltr'><strong>externis:</strong></span> <span class='ocrx_word' id='word_1_368' title='bbox 1877 1610 1915 1637; x_wconf 88' lang='lat' dir='ltr'><strong>et</strong></span> <span class='ocrx_word' id='word_1_369' title='bbox 1946 1602 2044 1638; x_wconf 84' lang='lat' dir='ltr'><strong>inter</strong></span> <span class='ocrx_word' id='word_1_370' title='bbox 2082 1603 2217 1638; x_wconf 88' lang='lat' dir='ltr'><strong>multas</strong></span> 
     </span>
     <span class='ocr_line' id='line_1_52' title="bbox 1224 1659 2218 1711; baseline 0.004 -16"><span class='ocrx_word' id='word_1_371' title='bbox 1224 1659 1384 1695; x_wconf 86' lang='lat' dir='ltr'><strong>virtutes</strong></span> <span class='ocrx_word' id='word_1_372' title='bbox 1401 1668 1473 1695; x_wconf 90' lang='lat' dir='ltr'><strong>tam</strong></span> <span class='ocrx_word' id='word_1_373' title='bbox 1494 1673 1539 1696; x_wconf 87' lang='lat' dir='ltr'><strong>ex</strong></span> <span class='ocrx_word' id='word_1_374' title='bbox 1562 1669 1693 1696; x_wconf 87' lang='lat' dir='ltr'><strong>natura</strong></span> <span class='ocrx_word' id='word_1_375' title='bbox 1713 1661 1822 1698; x_wconf 88' lang='lat' dir='ltr'><strong>nobis</strong></span> <span class='ocrx_word' id='word_1_376' title='bbox 1842 1662 1999 1699; x_wconf 80' lang='lat' dir='ltr'><strong>insertas</strong></span> <span class='ocrx_word' id='word_1_377' title='bbox 2014 1691 2023 1708; x_wconf 94' lang='lat'>‚</span> <span class='ocrx_word' id='word_1_378' title='bbox 2041 1676 2153 1711; x_wconf 89' lang='lat' dir='ltr'><strong>quam</strong></span> <span class='ocrx_word' id='word_1_379' title='bbox 2172 1676 2218 1698; x_wconf 73' lang='lat' dir='ltr'><strong>cx</strong></span> 
     </span>
     <span class='ocr_line' id='line_1_53' title="bbox 1225 1717 2220 1768; baseline 0.005 -15"><span class='ocrx_word' id='word_1_380' title='bbox 1225 1718 1342 1768; x_wconf 86' lang='lat' dir='ltr'><strong>gratia</strong></span> <span class='ocrx_word' id='word_1_381' title='bbox 1360 1717 1467 1754; x_wconf 85' lang='lat' dir='ltr'><strong>nobis</strong></span> <span class='ocrx_word' id='word_1_382' title='bbox 1493 1719 1769 1768; x_wconf 84' lang='lat' dir='ltr'><strong>superadditas,</strong></span> <span class='ocrx_word' id='word_1_383' title='bbox 1793 1721 1878 1757; x_wconf 90' lang='lat' dir='ltr'><strong>totis</strong></span> <span class='ocrx_word' id='word_1_384' title='bbox 1899 1721 2073 1758; x_wconf 89' lang='lat' dir='ltr'><strong>medullis</strong></span> <span class='ocrx_word' id='word_1_385' title='bbox 2095 1722 2220 1758; x_wconf 85' lang='lat' dir='ltr'><strong>cordis</strong></span> 
     </span>
     <span class='ocr_line' id='line_1_54' title="bbox 1225 1776 2220 1828; baseline 0.005 -17"><span class='ocrx_word' id='word_1_386' title='bbox 1225 1776 1448 1821; x_wconf 85' lang='lat' dir='ltr'><strong>clamemus,</strong></span> <span class='ocrx_word' id='word_1_387' title='bbox 1478 1780 1669 1813; x_wconf 84' lang='lat' dir='ltr'><strong>Hosanna.</strong></span> <span class='ocrx_word' id='word_1_388' title='bbox 1703 1778 1843 1826; x_wconf 82' lang='lat' dir='ltr'><strong>Igitur,</strong></span> <span class='ocrx_word' id='word_1_389' title='bbox 1866 1792 1942 1815; x_wconf 91' lang='lat' dir='ltr'><strong>non</strong></span> <span class='ocrx_word' id='word_1_390' title='bbox 1970 1781 2089 1816; x_wconf 91' lang='lat' dir='ltr'><strong>solum</strong></span> <span class='ocrx_word' id='word_1_391' title='bbox 2117 1779 2220 1828; x_wconf 88' lang='lat' dir='ltr'><strong>inju-</strong></span> 
     </span>
    </p>
   </div>
   <div class='ocr_carea' id='block_1_14' title="bbox 169 1834 2219 1888">
    <p class='ocr_par' dir='ltr' id='par_1_15' title="bbox 169 1834 2219 1888">
     <span class='ocr_line' id='line_1_55' title="bbox 169 1834 2219 1888; baseline 0 -14"><span class='ocrx_word' id='word_1_392' title='bbox 169 1837 332 1874; x_wconf 87' lang='lat' dir='ltr'><strong>rioribus</strong></span> <span class='ocrx_word' id='word_1_393' title='bbox 359 1837 549 1888; x_wconf 87' lang='lat' dir='ltr'><strong>corporis,</strong></span> <span class='ocrx_word' id='word_1_394' title='bbox 574 1845 612 1873; x_wconf 89' lang='lat' dir='ltr'><strong>et</strong></span> <span class='ocrx_word' id='word_1_395' title='bbox 634 1836 672 1872; x_wconf 87' lang='lat' dir='ltr'><strong>in</strong></span> <span class='ocrx_word' id='word_1_396' title='bbox 702 1835 888 1872; x_wconf 87' lang='lat' dir='ltr'><strong>universis</strong></span> <span class='ocrx_word' id='word_1_397' title='bbox 916 1834 1161 1871; x_wconf 89' lang='lat' dir='ltr'><strong>interioribus</strong></span> <span class='ocrx_word' id='word_1_398' title='bbox 1181 1839 1208 1875; x_wconf 94' lang='lat' dir='ltr'>C</span> <span class='ocrx_word' id='word_1_399' title='bbox 1229 1844 1326 1872; x_wconf 91' lang='lat' dir='ltr'><strong>stum</strong></span> <span class='ocrx_word' id='word_1_400' title='bbox 1343 1864 1352 1881; x_wconf 93' lang='lat'>,</span> <span class='ocrx_word' id='word_1_401' title='bbox 1377 1835 1442 1872; x_wconf 90' lang='lat' dir='ltr'><strong>sed</strong></span> <span class='ocrx_word' id='word_1_402' title='bbox 1466 1844 1502 1872; x_wconf 87' lang='lat' dir='ltr'><strong>et</strong></span> <span class='ocrx_word' id='word_1_403' title='bbox 1526 1836 1554 1872; x_wconf 93' lang='lat' dir='ltr'><strong>si</strong></span> <span class='ocrx_word' id='word_1_404' title='bbox 1576 1836 1818 1874; x_wconf 84' lang='lat' dir='ltr'><strong>habuerimus</strong></span> <span class='ocrx_word' id='word_1_405' title='bbox 1838 1838 2030 1888; x_wconf 86' lang='lat' dir='ltr'><strong>quidpiam</strong></span> <span class='ocrx_word' id='word_1_406' title='bbox 2048 1838 2191 1887; x_wconf 85' lang='lat' dir='ltr'><strong>justum</strong></span> <span class='ocrx_word' id='word_1_407' title='bbox 2210 1867 2219 1883; x_wconf 84' lang='lat'>‚</span> 
     </span>
    </p>
   </div>
   <div class='ocr_carea' id='block_1_15' title="bbox 163 1893 1163 2184">
    <p class='ocr_par' dir='ltr' id='par_1_16' title="bbox 163 1893 1163 2184">
     <span class='ocr_line' id='line_1_56' title="bbox 169 1893 1162 1947; baseline -0.003 -15"><span class='ocrx_word' id='word_1_408' title='bbox 169 1897 350 1934; x_wconf 88' lang='lat' dir='ltr'><strong>fructibus</strong></span> <span class='ocrx_word' id='word_1_409' title='bbox 391 1897 543 1947; x_wconf 87' lang='lat' dir='ltr'><strong>spiritus</strong></span> <span class='ocrx_word' id='word_1_410' title='bbox 574 1908 613 1932; x_wconf 90' lang='lat' dir='ltr'><strong>se</strong></span> <span class='ocrx_word' id='word_1_411' title='bbox 645 1895 868 1941; x_wconf 90' lang='lat' dir='ltr'><strong>humiliant,</strong></span> <span class='ocrx_word' id='word_1_412' title='bbox 900 1893 964 1931; x_wconf 89' lang='lat' dir='ltr'><strong>sed</strong></span> <span class='ocrx_word' id='word_1_413' title='bbox 995 1902 1032 1930; x_wconf 91' lang='lat' dir='ltr'><strong>et</strong></span> <span class='ocrx_word' id='word_1_414' title='bbox 1063 1894 1162 1930; x_wconf 88' lang='lat' dir='ltr'><strong>inter</strong></span> 
     </span>
     <span class='ocr_line' id='line_1_57' title="bbox 167 1953 1161 2006; baseline -0.004 -13"><span class='ocrx_word' id='word_1_415' title='bbox 167 1969 299 1993; x_wconf 83' lang='lat' dir='ltr'><strong>omnes</strong></span> <span class='ocrx_word' id='word_1_416' title='bbox 315 1969 407 2006; x_wconf 84' lang='lat' dir='ltr'><strong>quas</strong></span> <span class='ocrx_word' id='word_1_417' title='bbox 422 1955 561 1993; x_wconf 85' lang='lat' dir='ltr'><strong>habent</strong></span> <span class='ocrx_word' id='word_1_418' title='bbox 576 1956 734 1992; x_wconf 82' lang='lat' dir='ltr'><strong>virtutes</strong></span> <span class='ocrx_word' id='word_1_419' title='bbox 751 1967 816 1992; x_wconf 91' lang='lat' dir='ltr'><strong>seu</strong></span> <span class='ocrx_word' id='word_1_420' title='bbox 834 1967 903 2003; x_wconf 89' lang='lat' dir='ltr'><strong>per</strong></span> <span class='ocrx_word' id='word_1_421' title='bbox 918 1961 1087 1990; x_wconf 89' lang='lat' dir='ltr'><strong>naturam</strong></span> <span class='ocrx_word' id='word_1_422' title='bbox 1105 1953 1161 1990; x_wconf 94' lang='lat' dir='ltr'><strong>in-</strong></span> 
     </span>
     <span class='ocr_line' id='line_1_58' title="bbox 169 2013 1160 2066; baseline -0.004 -13"><span class='ocrx_word' id='word_1_423' title='bbox 169 2024 306 2062; x_wconf 83' lang='lat' dir='ltr'><strong>sertas,</strong></span> <span class='ocrx_word' id='word_1_424' title='bbox 327 2029 392 2052; x_wconf 90' lang='lat' dir='ltr'><strong>seu</strong></span> <span class='ocrx_word' id='word_1_425' title='bbox 413 2029 482 2066; x_wconf 88' lang='lat' dir='ltr'><strong>per</strong></span> <span class='ocrx_word' id='word_1_426' title='bbox 500 2015 655 2065; x_wconf 83' lang='lat' dir='ltr'><strong>gratiam</strong></span> <span class='ocrx_word' id='word_1_427' title='bbox 677 2013 938 2064; x_wconf 87' lang='lat' dir='ltr'><strong>superadditas</strong></span> <span class='ocrx_word' id='word_1_428' title='bbox 953 2042 963 2060; x_wconf 93' lang='lat'>,</span> <span class='ocrx_word' id='word_1_429' title='bbox 983 2013 1160 2063; x_wconf 82' lang='lat' dir='ltr'><strong>precibus</strong></span> 
     </span>
     <span class='ocr_line' id='line_1_59' title="bbox 170 2073 1162 2124; baseline -0.004 -12"><span class='ocrx_word' id='word_1_430' title='bbox 170 2076 348 2112; x_wconf 89' lang='lat' dir='ltr'><strong>insistunt</strong></span> <span class='ocrx_word' id='word_1_431' title='bbox 371 2074 518 2112; x_wconf 87' lang='lat' dir='ltr'><strong>devotis</strong></span> <span class='ocrx_word' id='word_1_432' title='bbox 546 2087 618 2124; x_wconf 88' lang='lat' dir='ltr'><strong>pro</strong></span> <span class='ocrx_word' id='word_1_433' title='bbox 647 2074 766 2111; x_wconf 84' lang='lat' dir='ltr'><strong>salute</strong></span> <span class='ocrx_word' id='word_1_434' title='bbox 787 2081 928 2110; x_wconf 86' lang='lat' dir='ltr'><strong>aeterna</strong></span> <span class='ocrx_word' id='word_1_435' title='bbox 955 2086 963 2109; x_wconf 75' lang='lat' dir='ltr'><strong>t</strong></span> <span class='ocrx_word' id='word_1_436' title='bbox 986 2073 1073 2122; x_wconf 81' lang='lat' dir='ltr'><strong>quia</strong></span> <span class='ocrx_word' id='word_1_437' title='bbox 1095 2077 1162 2120; x_wconf 77' lang='lat' dir='ltr'><strong>qui</strong></span> 
     </span>
     <span class='ocr_line' id='line_1_60' title="bbox 163 2132 1163 2184; baseline -0.003 -13"><span class='ocrx_word' id='word_1_438' title='bbox 163 2134 354 2184; x_wconf 78' lang='lat' dir='ltr'><strong>proeibant</strong></span> <span class='ocrx_word' id='word_1_439' title='bbox 364 2144 401 2171; x_wconf 86' lang='lat' dir='ltr'><strong>et</strong></span> <span class='ocrx_word' id='word_1_440' title='bbox 415 2139 479 2184; x_wconf 75' lang='lat' dir='ltr'><strong>qui</strong></span> <span class='ocrx_word' id='word_1_441' title='bbox 497 2133 742 2183; x_wconf 76' lang='lat' dir='ltr'><strong>sequebantur</strong></span> <span class='ocrx_word' id='word_1_442' title='bbox 761 2132 994 2178; x_wconf 81' lang='lat' dir='ltr'><strong>clamabant,</strong></span> <span class='ocrx_word' id='word_1_443' title='bbox 1015 2135 1163 2169; x_wconf 76' lang='lat' dir='ltr'><strong>Homn-</strong></span> 
     </span>
    </p>
   </div>
   <div class='ocr_carea' id='block_1_16' title="bbox 224 2269 800 2311">
    <p class='ocr_par' dir='ltr' id='par_1_17' title="bbox 224 2269 800 2311">
     <span class='ocr_line' id='line_1_61' title="bbox 224 2269 800 2311; baseline -0.007 -7"><span class='ocrx_word' id='word_1_444' title='bbox 224 2272 542 2311; x_wconf 80' lang='lat' dir='ltr'><strong>¹1Tim.xv,8.-</strong></span> <span class='ocrx_word' id='word_1_445' title='bbox 565 2269 800 2307; x_wconf 71' lang='lat' dir='ltr'><strong>²J0bxx‚1:·›.</strong></span> 
     </span>
    </p>
   </div>
   <div class='ocr_carea' id='block_1_17' title="bbox 1225 1894 2223 2170">
    <p class='ocr_par' dir='ltr' id='par_1_18' title="bbox 1225 1894 2223 2170">
     <span class='ocr_line' id='line_1_62' title="bbox 1228 1894 2221 1943; baseline 0.005 -14"><span class='ocrx_word' id='word_1_446' title='bbox 1228 1907 1303 1930; x_wconf 91' lang='lat' dir='ltr'><strong>non</strong></span> <span class='ocrx_word' id='word_1_447' title='bbox 1326 1894 1622 1943; x_wconf 83' lang='lat' dir='ltr'><strong>respondeamus</strong></span> <span class='ocrx_word' id='word_1_448' title='bbox 1638 1896 1695 1941; x_wconf 91' lang='lat' dir='ltr'><strong>ei;</strong></span> <span class='ocrx_word' id='word_1_449' title='bbox 1719 1896 1784 1933; x_wconf 90' lang='lat' dir='ltr'><strong>sed</strong></span> <span class='ocrx_word' id='word_1_450' title='bbox 1810 1906 1981 1934; x_wconf 83' lang='lat' dir='ltr'><strong>nostrum</strong></span> <span class='ocrx_word' id='word_1_451' title='bbox 2005 1911 2089 1934; x_wconf 85' lang='lat' dir='ltr'><strong>eum</strong></span> <span class='ocrx_word' id='word_1_452' title='bbox 2118 1898 2221 1934; x_wconf 89' lang='lat' dir='ltr'><strong>bono</strong></span> 
     </span>
     <span class='ocr_line' id='line_1_63' title="bbox 1225 1951 2223 2004; baseline 0.001 -14"><span class='ocrx_word' id='word_1_453' title='bbox 1225 1952 1298 1990; x_wconf 88' lang='lat' dir='ltr'><strong>Job</strong></span> <span class='ocrx_word' id='word_1_454' title='bbox 1325 1951 1492 2000; x_wconf 90' lang='lat' dir='ltr'><strong>judicem</strong></span> <span class='ocrx_word' id='word_1_455' title='bbox 1522 1952 1770 2002; x_wconf 84' lang='lat' dir='ltr'><strong>deprecemur</strong></span> <span class='ocrx_word' id='word_1_456' title='bbox 1792 1961 1824 2001; x_wconf 89' lang='lat'><strong>⁷,</strong></span> <span class='ocrx_word' id='word_1_457' title='bbox 1854 1968 1965 2004; x_wconf 88' lang='lat' dir='ltr'><strong>quem</strong></span> <span class='ocrx_word' id='word_1_458' title='bbox 1995 1956 2223 1992; x_wconf 84' lang='lat' dir='ltr'><strong>dominatio-</strong></span> 
     </span>
     <span class='ocr_line' id='line_1_64' title="bbox 1227 2011 2222 2062; baseline 0.002 -13"><span class='ocrx_word' id='word_1_459' title='bbox 1227 2025 1293 2049; x_wconf 90' lang='lat' dir='ltr'><strong>nes</strong></span> <span class='ocrx_word' id='word_1_460' title='bbox 1312 2011 1490 2056; x_wconf 86' lang='lat' dir='ltr'><strong>adorant‚</strong></span> <span class='ocrx_word' id='word_1_461' title='bbox 1521 2020 1687 2048; x_wconf 88' lang='lat' dir='ltr'><strong>tremunt</strong></span> <span class='ocrx_word' id='word_1_462' title='bbox 1704 2022 1930 2062; x_wconf 85' lang='lat' dir='ltr'><strong>potestates,</strong></span> <span class='ocrx_word' id='word_1_463' title='bbox 1956 2018 2074 2051; x_wconf 87' lang='lat' dir='ltr'><strong>Deum</strong></span> <span class='ocrx_word' id='word_1_464' title='bbox 2095 2015 2222 2051; x_wconf 87' lang='lat' dir='ltr'><strong>omni—</strong></span> 
     </span>
     <span class='ocr_line' id='line_1_65' title="bbox 1230 2071 2223 2124; baseline 0.004 -17"><span class='ocrx_word' id='word_1_465' title='bbox 1230 2079 1442 2122; x_wconf 84' lang='lat' dir='ltr'><strong>potentem,</strong></span> <span class='ocrx_word' id='word_1_466' title='bbox 1470 2071 1683 2118; x_wconf 87' lang='lat' dir='ltr'><strong>viventem,</strong></span> <span class='ocrx_word' id='word_1_467' title='bbox 1709 2082 1747 2109; x_wconf 88' lang='lat' dir='ltr'><strong>et</strong></span> <span class='ocrx_word' id='word_1_468' title='bbox 1775 2082 1994 2124; x_wconf 83' lang='lat' dir='ltr'><strong>regnantem</strong></span> <span class='ocrx_word' id='word_1_469' title='bbox 2033 2075 2069 2110; x_wconf 93' lang='lat' dir='ltr'><strong>in</strong></span> <span class='ocrx_word' id='word_1_470' title='bbox 2097 2075 2223 2111; x_wconf 86' lang='lat' dir='ltr'><strong>omnia</strong></span> 
     </span>
     <span class='ocr_line' id='line_1_66' title="bbox 1231 2131 1773 2170; baseline 0.002 -1"><span class='ocrx_word' id='word_1_471' title='bbox 1231 2132 1364 2170; x_wconf 83' lang='lat' dir='ltr'><strong>saecula</strong></span> <span class='ocrx_word' id='word_1_472' title='bbox 1385 2131 1619 2169; x_wconf 80' lang='lat' dir='ltr'><strong>saeculorum.</strong></span> <span class='ocrx_word' id='word_1_473' title='bbox 1640 2137 1773 2170; x_wconf 87' lang='lat' dir='ltr'><strong>Amen.</strong></span> 
     </span>
    </p>
   </div>
   <div class='ocr_carea' id='block_1_18' title="bbox 1364 2267 1668 2306">
    <p class='ocr_par' dir='ltr' id='par_1_19' title="bbox 1364 2267 1668 2306">
     <span class='ocr_line' id='line_1_67' title="bbox 1364 2267 1668 2306; baseline 0.007 -8"><span class='ocrx_word' id='word_1_474' title='bbox 1364 2271 1376 2284; x_wconf 73' lang='lat'>²</span> <span class='ocrx_word' id='word_1_475' title='bbox 1393 2267 1477 2299; x_wconf 85' lang='lat' dir='ltr'><strong>Alias</strong></span> <span class='ocrx_word' id='word_1_476' title='bbox 1488 2293 1495 2306; x_wconf 89' lang='lat'>‚</span> <span class='ocrx_word' id='word_1_477' title='bbox 1515 2267 1668 2300; x_wconf 78' lang='lat' dir='ltr'><strong>subditur.</strong></span> 
     </span>
    </p>
   </div>
  </div>
 </body>
</html>
