2504 3928
386 252 476 287 1337

378 328 447 363 bus
474 328 508 362 in
533 327 697 361 ecclesiis
731 325 890 360 Domino
924 324 1168 360 benedicitur.
1206 326 1249 361 lli
1284 321 1428 360 sunt⁷⁰³

1031 251 1193 284 stetim)
1222 251 1268 283 IN
1302 247 1458 282 VERBA
1490 246 1774 282 Sttt‘ttzx't'tffz.

2326 242 2420 279 lass

1441 335 1524 372 quae
1551 321 1598 358 ab
1618 321 1724 358 initio
1751 319 2009 357 conversionis
2039 331 2129 355 meae
2155 320 2244 356 milii
2268 322 2423 367 tribuit,

381 387 499 421 sontes
513 385 735 421 Salvatoris:
754 396 914 432 quorum
926 384 1019 419 alter
1035 392 1089 419 cst
1104 384 1298 426 divinitas,
1323 384 1374 419 ir-
1395 385 1419 416 Α
1440 381 1766 430 eompunctionem
1797 379 1970 416 videlieet
1999 379 2273 427 lacrymarum,
2307 381 2427 417 devo-

380 446 527 493 riguum
549 443 721 479 videlicet
743 443 934 492 snperius;
953 443 1046 478 alter
1066 450 1121 478 est
1140 442 1372 484 humanitas,

382 504 563 552 irrignum
587 502 725 537 scilieet
749 501 915 536 inferius.
940 504 993 536 De
1015 501 1116 536 sonte
1136 500 1377 536 humanitatis

384 575 498 611 aquas
520 569 694 610 potamus
708 558 962 603 conlidentia‘3
984 559 1071 607 quia
1090 572 1156 608 per
1177 559 1292 608 ipsam
1314 572 1376 594 ac-

382 634 526 657 eessum
546 619 726 655 habemus
741 618 787 654 ad
805 621 964 660 Patrem,
983 630 1050 666 per
1061 617 1324 653 confidentiam
1339 617 1374 652 in

387 681 458 716 lide
480 679 615 728 ipsius:
630 678 676 713 de
700 678 802 713 l'onte
822 677 1027 712 divinitatis
1040 705 1048 721 ‚
1067 690 1172 725 aqua:
1187 676 1377 725 prodeunt

386 738 669 783 misericordiae‚
689 736 794 785 cujus
816 736 978 785 impetus
1001 735 1161 772 laetilicat
1187 735 1373 771 civitatem

384 797 474 841 Dei,
497 798 681 833 laetantem
700 797 738 832 in
760 795 861 831 coelis
878 795 924 831 ad
939 796 1108 844 plenum,
1130 794 1375 843 peregrinan-

385 866 458 893 tem
476 858 513 893 in
532 858 659 902 terris,
681 864 793 905 prout
809 856 944 904 cuique
964 855 1089 891 divisit
1102 858 1204 891 Deus
1225 867 1375 890 mensu-

386 930 462 952 ram
479 916 575 952 lidei.
588 919 642 952 De
655 914 818 951 latibulis
833 914 1102 963 Prophetarum
1120 913 1256 949 exsiliit
1271 913 1374 949 Chri-

384 985 461 1011 stus
474 980 581 1012 =lesus
596 975 641 1011 ad
659 987 810 1023 campos
831 986 1051 1022 pauperum.
1068 975 1138 1008 Per
1157 971 1287 1007 merita
1301 984 1376 1006 sure

387 1036 627 1071 humanitatis
647 1034 814 1083 impertit
840 1041 876 1068 et
903 1031 1109 1068 divinitatis
1133 1031 1374 1080 participium

387 1096 422 1130 in
438 1095 646 1143 pra-mium.
663 1093 772 1130 Dabit
786 1091 968 1140 siquidem
984 1104 1110 1139 paceni
1127 1089 1246 1134 nobis,
1261 1098 1375 1125 trans-
1395 1090 1421 1122 B

389 1153 543 1189 serendo
572 1166 640 1188 nos
668 1153 704 1188 in
734 1164 909 1187 arcanum
933 1163 1007 1185 suae
1034 1149 1259 1192 divinitatis;
1289 1149 1376 1197 quia

387 1212 514 1248 omnia
534 1224 647 1260 opera
666 1219 791 1246 nostra
811 1218 987 1258 operatus
1004 1217 1059 1244 est
1076 1207 1184 1244 nobis
1201 1207 1238 1243 in
1258 1207 1376 1242 humi-

388 1271 490 1307 litate
507 1284 583 1306 sure
601 1268 853 1305 humanitatis.
875 1268 909 1303 Si
931 1280 1020 1316 ergo
1038 1275 1202 1302 nostram
1220 1267 1375 1302 salutem

386 1338 539 1379 operata
559 1338 613 1365 est
634 1328 862 1371 humanitas,
879 1327 969 1374 quid
989 1334 1166 1375 operatur
1179 1326 1380 1361 divinitas?

386 1391 558 1424 Nostram
580 1388 747 1436 profecto
768 1385 1053 1421 delectationem
1070 1412 1079 1428 ‚
1101 1384 1189 1431 quia
1214 1383 1379 1419 delecta-

391 1447 511 1482 tiones
540 1446 576 1482 in
601 1445 754 1481 dextera
774 1443 854 1490 ejus
877 1455 995 1490 usque
1015 1443 1052 1477 in
1075 1443 1186 1477 linem
1205 1448 1228 1477 ¹.

440 1506 476 1541 st.
497 1504 729 1541 Laborantes
747 1503 858 1551 igitur
879 1501 915 1537 in
936 1514 1026 1550 agro
1048 1500 1278 1550 paupertatis
1302 1499 1378 1535 duo

387 1563 525 1599 habent
549 1563 709 1612 irrigua,
738 1560 874 1610 quibus
899 1560 1069 1596 cordium
1098 1560 1276 1609 irrigatur
1299 1559 1376 1595 ari-

386 1622 499 1667 ditas,
520 1630 555 1657 et
577 1630 684 1657 terrae
703 1628 839 1656 nostrae
861 1619 1057 1655 fruetificat
1073 1619 1257 1655 sterilitas.
1279 1617 1377 1654 Abs-

385 1695 458 1730 que
484 1681 615 1717 harum
640 1692 822 1729 aquarum
852 1678 1044 1727 refrigerio
1070 1679 1172 1714 nulla
1195 1691 1283 1714 sane
1311 1678 1379 1714 ad-

385 1749 480 1776 esset
522 1738 742 1789 proficiendi
780 1737 1006 1787 possibilitas
1031 1766 1040 1783 ‚
1075 1737 1138 1773 sed
1183 1737 1381 1773 deficiendi

386 1798 621 1835 incumberet
643 1798 854 1834 necessitas.
882 1800 973 1833 Cum
996 1797 1095 1832 enini
1119 1796 1164 1832 ad
1187 1804 1222 1832 te
1249 1809 1378 1832 rever-

1411 465 1417 470 ·
1443 441 1581 476 tionem
1607 440 1909 483 meditationum,
1937 438 2230 474 consolationem
2258 439 2293 475 in
2320 440 2427 476 labo-

1443 498 1565 542 ribus,
1584 499 1867 535 delectationem
1886 498 1921 533 in
1937 496 2261 544 meditationibus;
2277 512 2344 548 pro
2359 499 2427 545 his,

1444 560 1619 608 inquam,
1642 567 1678 595 et
1705 557 1910 594 innumeris
1938 555 2020 593 aliis
2047 555 2255 602 beneficiis,
2282 559 2372 606 quid
2393 560 2427 596 ei

1444 630 1591 653 rursum
1614 615 1840 652 retribuam?
1858 614 1928 662 Qui
1951 621 2067 649 totum
2085 613 2204 657 dedit,
2226 615 2312 663 qnid
2333 616 2429 652 ulte-

1444 679 1520 713 rins
1540 675 1758 725 impendere
1779 674 1924 711 habeo?
1947 675 2107 708 Calicem
2138 676 2311 709 salutaris
2330 681 2430 711 acci-

1436 740 1560 783 piam,
1583 744 1616 770 et
1645 748 1776 770 namen
1810 737 1961 769 Domini
1989 732 2199 768 Μυκη-αἶψ’.
2223 728 2320 781 Quid
2349 743 2427 780 est,

1443 797 1602 829 Cala-em
1632 797 1812 841 accipiam
1826 795 1845 826 Ρ
1874 795 2012 827 Anima
2037 804 2118 826 mea
2151 793 2375 829 desiderabit
2396 802 2430 828 le

1441 857 1476 888 in
1490 862 1608 896 nocte,
1630 854 1697 887 sed
1711 856 1905 899 etspiriltcs
1923 863 2024 885 meas
2039 854 2076 885 ia
2090 854 2310 898 proecardiis
2324 857 2426 888 meis.

1442 915 1584 948 Nomen
1618 921 1716 947 tatem
1745 920 1780 947 et
1811 913 2025 945 memoriale
2053 919 2149 946 tuum
2180 915 2218 945 in
2248 913 2429 946 desiderio

1442 977 1581 1007 aniane
1600 970 1624 1007 ³.
1651 974 1795 1006 Nomen
1829 970 2031 1007 Salvatoris
2058 970 2149 1014 mei,
2181 970 2311 1005 fratres
2336 970 2428 1015 mei,

1442 1031 1563 1067 carnis
1588 1043 1701 1075 meze,
1733 1029 1924 1077 sanguinis
1950 1029 2040 1073 mei,
2071 1041 2206 1064 nomen
2236 1042 2256 1064 a
2288 1029 2432 1065 sreculis

1443 1089 1719 1133 absconditum,
1735 1088 1798 1124 sed
1816 1089 1852 1124 in
1872 1089 1944 1123 line
1963 1088 2182 1124 srecutorum
2203 1088 2428 1134 revelatum;

1444 1162 1580 1185 nomen
1604 1148 1791 1193 mirabile,
1812 1160 1949 1184 nomen
1970 1147 2181 1191 ineffabile,
2211 1160 2346 1183 nomen
2372 1148 2432 1184 in-

1442 1207 1656 1244 aestimabile
1669 1235 1677 1250 ‚
1701 1207 1775 1242 imo
1792 1220 1836 1242 eo
1856 1205 2082 1249 mirabilius,
2102 1218 2178 1254 quo
2197 1206 2433 1242 inaestimabi-

1444 1266 1536 1310 lius,
1558 1279 1604 1301 eo
1624 1265 1740 1313 magis
1768 1274 1912 1313 gratum
1931 1293 1940 1309 ,
1969 1278 2045 1313 quo
2071 1265 2272 1312 gratuitum
2298 1280 2306 1300 ι
2339 1265 2432 1311 hoc,

1444 1324 1610 1372 inquam,
1633 1337 1768 1359 nomen
1791 1336 1866 1359 non
1880 1323 1956 1371 jam
1977 1324 2124 1359 vivente
2141 1337 2198 1360 me
2220 1323 2325 1360 labiis
2343 1326 2433 1361 meis

1444 1382 1619 1426 laudabo,
1640 1381 1793 1430 scdjam
1813 1394 1889 1417 non
1913 1382 2063 1417 vivente
2081 1395 2152 1426 me,
2167 1382 2321 1418 vivente
2341 1396 2433 1420 vero

1445 1443 1481 1478 in
1499 1454 1557 1477 me
1577 1441 1745 1486 Christo,
1760 1441 1856 1477 sicut
1872 1440 1980 1490 adipe
1994 1449 2029 1476 et
2048 1440 2273 1490 pinguedine
2290 1441 2434 1490 replea-

1445 1509 1506 1536 tur
1523 1500 1647 1536 anima
1669 1512 1768 1545 mea3
1785 1508 1827 1535 ut
1846 1512 1921 1535 non
1942 1499 2061 1535 solum
2080 1499 2350 1542 exterioribus,
2368 1501 2433 1537 sed

1443 1568 1480 1596 et
1509 1559 1752 1596 interioribus
1775 1558 1882 1595 labiis
1904 1559 2074 1594 invocem
2101 1571 2239 1594 nomen
2267 1559 2432 1595 Domini.

1448 1621 1674 1667 Quicumque
1689 1618 1787 1655 enim
1806 1631 1879 1654 non
1901 1618 2109 1662 vocaverit,
2136 1617 2200 1654 sed
2218 1622 2435 1654 invocaverit

1445 1693 1576 1714 namen
1594 1682 1758 1722 Domini,
1781 1681 1900 1713 salvus
1920 1682 1986 1713 erit
1999 1677 2026 1713 4.
2055 1681 2137 1714 Non
2157 1678 2278 1713 solum
2308 1685 2434 1713 autem

1447 1752 1604 1783 nomen,
1633 1737 1698 1774 sed
1723 1746 1760 1773 et
1783 1737 1998 1773 memoriale
2019 1737 2201 1786 passionis
2229 1736 2309 1785 ejus
2336 1749 2434 1772 scm-

1444 1812 1511 1848 per
1535 1799 1636 1834 sitin
1660 1797 1846 1833 desiderio
1867 1796 2000 1833 animae
2032 1809 2143 1841 meze,
2180 1804 2220 1831 nt
2249 1796 2433 1845 passionis

387 1871 449 1894 sus
469 1857 683 1894 consideras
703 1856 790 1892 hinc
813 1863 1042 1905 exasperatae.
1067 1856 1271 1904 potentiam
1295 1868 1375 1891 ma-
1394 1855 1421 1891 C
1441 1858 1522 1907 ejus
1543 1858 1729 1907 particeps
1759 1856 1920 1901 efficiar,
1941 1856 1970 1892 si
1994 1870 2070 1905 qno
2091 1855 2204 1892 modo
2234 1868 2435 1904 agnoscere

382 1916 548 1964 jestatis,
576 1915 662 1951 inde
690 1915 944 1964 exasperantis
970 1914 1210 1963 pertinaciam
1235 1914 1377 1962 iniqni-

388 1977 495 2022 tatis;
529 1988 655 2011 nonne
686 1983 841 2024 repente
878 1974 1107 2010 subintraret
1137 1974 1348 2023 desperatio
1367 2001 1376 2017 ‚

388 2036 457 2071 nisi
478 2034 694 2071 mediatoris
722 2034 791 2070 Dei
817 2042 853 2069 et
879 2034 1075 2069 hominum
1105 2033 1265 2068 hominis
1292 2036 1380 2068 Jesu

386 2094 520 2130 Christi
543 2093 748 2130 incarnatio
769 2101 1003 2129 succurreret
1022 2101 1058 2128 et
1078 2092 1224 2140 passio?
1241 2094 1382 2141 Super-

389 2154 627 2190 venicntibus
660 2162 783 2190 autem
815 2153 939 2188 saeculi
976 2151 1309 2197 tribulationibus,
1343 2159 1381 2187 et

387 2212 733 2262 impugnationibus
751 2212 953 2257 daemonis,
976 2220 1012 2247 et
1033 2211 1186 2247 elevatis
1202 2212 1240 2247 in
1258 2211 1380 2261 plani-

389 2272 437 2307 tie
469 2274 604 2307 mentis
636 2280 707 2307 tuae
737 2271 984 2307 tentationum
1018 2270 1218 2320 procellis3
1254 2283 1380 2306 nonne

389 2330 623 2379 passionibus
651 2330 762 2378 hujus
795 2330 973 2378 temporis
998 2329 1280 2375 succumberes,
1310 2329 1378 2365 nisi

390 2390 522 2425 suturae
542 2389 669 2438 gloria·
690 2402 774 2437 spes
795 2388 1032 2424 sublevaret?
1054 2388 1155 2425 Sicut
1172 2401 1261 2437 ergo
1279 2387 1379 2436 apud

390 2449 658 2484 humanitatem
689 2447 824 2484 Christi
850 2447 964 2482 habes
995 2447 1145 2491 merita,
1179 2446 1224 2482 de
1245 2446 1380 2494 quibus

389 2506 582 2542 conlidens
605 2505 804 2555 desperare
826 2518 899 2540 non
924 2505 1063 2554 possi53
1085 2505 1133 2540 ita
1155 2504 1254 2553 apud
1281 2504 1380 2539 divi-

391 2566 542 2601 nitatem
562 2573 646 2600 snnt
668 2565 817 2613 pra¹mia
839 2563 884 2599 dc
913 2577 1073 2612 qum-um
1099 2563 1379 2612 exspectatione

1443 1926 1576 1967 potero
1594 1916 1688 1952 sicut
1705 1923 1741 1951 et
1760 1915 1906 1965 agnitus
1924 1927 2018 1951 sum.

1497 1979 1533 2013 5.
1557 1976 1615 2013 Sic
1635 1987 1724 2024 ergo
1747 1974 1895 2010 calicem
1917 1973 1998 2022 ejus
2017 1973 2216 2023 accipiam,
2243 1973 2330 2022 quia
2352 1986 2436 2009 mo-

1447 2044 1624 2072 numenta
1657 2032 1840 2083 passionis
1872 2046 1946 2069 sure
1981 2033 2077 2068 intra
2106 2032 2238 2068 animae
2270 2045 2358 2068 meae
2386 2032 2435 2068 si-

1447 2108 1536 2131 num
1553 2121 1561 2138 ,
1585 2094 1682 2129 intra
1701 2091 1890 2127 memoriae
1909 2103 2000 2126 meae
2019 2090 2129 2126 cellas
2149 2103 2295 2139 semper
2316 2090 2436 2126 revol-

1445 2168 1540 2192 vam.
1560 2152 1745 2201 Aspiciam
1760 2164 1884 2199 regem
1902 2151 2139 2187 Salomonem
2158 2148 2195 2184 in
2213 2148 2433 2193 diademate,

1444 2227 1520 2263 quo
1541 2209 1735 2247 coronavit
1755 2222 1839 2245 euin
1861 2216 1980 2245 mater
2002 2206 2107 2244 sua⁵.
2137 2207 2328 2258 Aspiciam
2349 2220 2435 2243 eum

1445 2273 1596 2322 ligatum
1613 2299 1621 2315 ‚
1658 2268 1883 2317 flagellatum
1900 2296 1908 2312 ,
1942 2275 2167 2315 consputum
2189 2295 2198 2311 ,
2229 2275 2434 2302 saturatum

1444 2329 1660 2380 opprobriis
1679 2357 1688 2373 ,
1724 2327 1912 2375 clavisque
1944 2326 2147 2361 confixum.
2181 2325 2365 2374 Aspiciam
2398 2325 2434 2360 in

1444 2389 1556 2437 liujus
1583 2388 1730 2423 deserto
1759 2386 1877 2421 exsilii
1909 2392 2120 2433 serpentem
2151 2397 2295 2420 aeneum
2325 2396 2437 2432 super

1447 2449 1659 2485 columnam
1680 2445 1800 2481 crucis
1820 2444 2022 2479 exaltatum
2036 2472 2045 2487 ‚
2068 2450 2108 2478 ut
2134 2450 2344 2492 serpentes,
2371 2442 2435 2491 qui

1447 2521 1505 2544 me
1523 2506 1695 2542 mordent
1714 2503 1944 2547 moriantur;
1965 2502 2051 2551 quia
2077 2503 2202 2538 nullus
2226 2502 2289 2550 qui
2317 2502 2435 2538 credit

1445 2567 1480 2601 in
1511 2578 1596 2601 eum
1623 2562 1782 2613 peribit,
1812 2562 1876 2598 sed
1903 2560 2056 2596 habebit
2078 2561 2191 2596 vitam
2218 2559 2433 2596 aeternams'.

390 2625 510 2673 possis
532 2625 566 2659 in
592 2622 897 2659 tribulationibus
921 2635 995 2657 non
1023 2623 1142 2658 solum
1170 2622 1375 2670 respirare,
1396 2632 1427 2664 Ι)
1448 2628 1534 2661 llaec
1555 2632 1590 2659 et
1614 2622 1684 2658 alia
1705 2622 1881 2670 patientis
1907 2627 1943 2655 et
1972 2619 2167 2655 morientis
2187 2618 2338 2655 Domini
2364 2619 2436 2654 mei

389 2682 451 2718 sed
483 2690 520 2717 et
551 2681 700 2731 gloriari
722 2696 728 2717 :
748 2681 834 2730 quia
864 2681 1040 2716 nimirum
1067 2681 1153 2716 fecit
1182 2680 1378 2717 nobiscum

390 2742 683 2778 misericordiam
708 2754 810 2777 snam
826 2769 834 2785 ,
862 2754 937 2776 non
959 2741 1079 2776 solum
1106 2741 1298 2776 remittens
1315 2741 1379 2777 de-

388 2799 487 2843 bita,
511 2800 574 2835 scd
606 2800 716 2835 etiam
747 2799 969 2849 promittens
998 2798 1162 2847 praemia.
1199 2801 1301 2843 Quid
1323 2813 1380 2834 re-

387 2859 543 2894 tribuam
579 2862 738 2894 omniuo
768 2873 837 2906 pro
881 2858 1049 2893 munibus
1090 2871 1176 2905 qaoe
1213 2857 1381 2894 retribuit

389 2917 507 2950 mihi?
533 2929 603 2964 pro
631 2915 807 2951 omnibus
826 2915 977 2963 quidem
1001 2928 1084 2963 qum
1105 2915 1192 2950 mihi
1212 2915 1259 2951 ad
1285 2929 1377 2951 con—

388 2976 596 3010 versionem
624 2986 742 3010 meam
777 2974 931 3010 tribuit?
952 2978 993 3009 In
1020 2974 1097 3023 ipsa
1128 2975 1376 3010 conversione

388 3046 467 3068 mea
491 3046 627 3080 corpus
655 3046 778 3068 memn
800 3042 835 3068 et
855 3034 1015 3068 animam
1040 3047 1157 3069 meam
1184 3033 1374 3078 retribuit,

389 3091 462 3126 imo
495 3091 674 3134 reddidit,
707 3091 779 3126 imo
814 3105 871 3127 me
901 3091 1101 3139 pigritante
1127 3100 1163 3127 et
1194 3092 1375 3128 renitente

387 3151 465 3199 ipse
495 3163 515 3185 a
546 3163 604 3186 me
633 3152 798 3187 extorsit.
828 3154 919 3186 Ecce
948 3159 1070 3186 autem
1101 3164 1170 3199 pro
1201 3151 1375 3189 omnibus

434 3290 438 3301 ¹
476 3284 550 3312 psal.
570 3294 630 3320 xv,
650 3286 758 3313 11.—
780 3283 1130 3320 ²1‘sat.cxv,12,t:3.
1149 3301 1190 3305 ——
1215 3282 1313 3315 3lsai.
1334 3291 1480 3321 xxx1,⁴.)‚
1507 3291 1537 3316 8.
1554 3305 1594 3308 »—
1618 3287 1629 3312 l
1648 3286 1715 3317 Joel
1741 3297 1783 3321 ιι,
1803 3288 1856 3315 32.

1446 2682 1674 2720 memorialia
1698 2680 1888 2717 memoriae
1916 2691 2006 2715 meae
2031 2678 2167 2714 arctius
2193 2677 2437 2714 commenda-

1445 2742 1520 2789 bo,
1555 2751 1591 2778 et
1624 2741 1668 2778 ad
1693 2754 1735 2776 os
1765 2738 2002 2789 cogitationis
2029 2749 2210 2773 revocans
2238 2735 2436 2772 ruminabo

1445 2802 1610 2846 diutius,
1632 2808 1672 2835 nt
1692 2798 1905 2847 impinguer
1929 2796 2113 2832 devotius.
2141 2799 2248 2839 Haec,
2271 2796 2436 2844 inquam,

1446 2861 1564 2896 crucis
1590 2868 1626 2895 et
1645 2857 1827 2908 passionis
1852 2855 1931 2904 ejus
1952 2855 2109 2904 insignia
2132 2854 2204 2890 sint
2225 2855 2436 2903 praesentia,

1447 2928 1486 2955 ut
1507 2920 1596 2955 laeva
1614 2918 1693 2967 ejus
1708 2916 1940 2960 dilectionis,
1964 2928 2038 2964 qua
2053 2927 2164 2950 nemo
2179 2927 2343 2962 unquam
2362 2927 2437 2949 ma-

1438 2978 1560 3026 jorem
1584 2977 1731 3021 habuit,
1753 2975 1799 3011 sit
1829 2973 1898 3010 sub
1919 2974 2039 3023 capite
2063 2986 2167 3016 meo,
2194 2985 2240 3008 ne
2262 2972 2436 3008 videlicet

1443 3050 1546 3072 mens
1564 3049 1643 3071 mea
1664 3035 1709 3071 ad
1727 3033 1888 3069 carnalia
1909 3032 2126 3068 incurvetur
2141 3030 2344 3075 desideria,
2365 3030 2437 3066 do-

1441 3109 1507 3132 nec
1526 3095 1677 3131 dextera
1698 3092 1902 3129 divinitatis
1918 3091 1996 3140 ejus
2013 3091 2249 3140 amplexetur
2266 3103 2324 3125 me
2337 3097 2349 3120 7
2366 3104 2376 3134 ;
2395 3098 2437 3125 ut

1440 3154 1687 3191 absorbeatur
1712 3153 1782 3188 hoe
1806 3151 1907 3200 qnod
1938 3151 2093 3186 mortale
2117 3157 2173 3185 est
2199 3162 2218 3184 a
2246 3149 2369 3194 vita⁸3
2398 3156 2435 3184 et

1906 3283 1942 3306 ,5
1958 3284 2076 3314 (Ianne.
2100 3294 2158 3320 ιιι,
2181 3287 2230 3313 tt.
2262 3302 2284 3305 —*
2308 3281 2322 3300 ‘³
2339 3285 2431 3315 Num.

387 3348 438 3364 xxi
457 3360 462 3369 ,
482 3338 514 3369 ft,
535 3341 560 3365 ct
581 3338 670 3366 Joan.
688 3347 746 3371 ιιι,
771 3338 830 3373 l'i,
852 3340 900 3365 ts».
923 3354 960 3358 ——
980 3336 1123 3366 TCantic.
1143 3347 1186 3371 ιι,
1206 3342 1235 3367 Γ».
1256 3356 1292 3359 —-
1315 3338 1327 3359 S
1354 3342 1378 3368 11
1397 3342 1466 3368 (Ἴων.
1485 3350 1511 3374 v,
1534 3340 1558 3368 i.
