2504 3928
359 139 424 174 ‘2:31

413 220 447 251 Γ).
467 219 603 264 Quanti
616 219 855 267 despe=·.·1ntcs
872 218 1092 266 semetipsos
1111 217 1383 255 tradidissent¹¹

1120 143 1148 177 G
1157 143 1406 178 ILLEBER'l'l
1441 145 1467 176 Λ
1476 143 1638 177 nssA'rls

1392 216 1519 266 ⁰quod
1548 225 1698 266 peccata
1720 216 1894 261 remittit,
1917 217 2096 266 praevenit
2113 217 2264 263 merita,
2283 217 2400 253 comi-

2324 141 2399 178 232

364 276 609 311 immunditia·
630 277 730 312 omm
752 285 787 311 et
805 276 991 320 avaritire;
1021 278 1266 326 ommiumque
1296 279 1348 314 vi-
1371 284 1397 314 Α
1419 284 1529 319 latur,
1553 275 1774 319 accumulat,
1793 287 1907 323 super
1922 274 2048 310 omnia
2063 275 2201 323 fragrat
2218 283 2399 318 aromata,

365 334 500 370 tiorum
525 337 734 384 praecipites
763 349 800 370 se
829 334 1019 371 dedissent
1041 336 1076 371 in
1096 337 1299 384 gurgitem,
1319 338 1347 372 si

365 405 438 428 nou
472 394 726 430 medicaminis
754 393 864 442 liujus
895 394 1176 430 retraherentur
1204 395 1350 430 odore?

363 470 375 480 «ι
397 452 630 496 'l'riluilai-er,
652 471 664 483 υ
682 454 801 502 inquit
817 481 825 497 ,
848 470 862 484 «
884 453 911 488 si
933 453 1114 490 nescirem
1136 454 1350 491 misericor-

365 527 378 538 ι·
397 510 475 545 dias
502 512 652 547 Domini
681 519 686 532 ¹
713 527 720 547 :
743 530 756 544 υ
784 512 1056 548 misericordias
1078 513 1114 548 in
1144 513 1283 562 capite,
1316 522 1352 549 et

366 569 639 607 misericordias
660 572 694 607 in
717 585 876 620 corpore
893 570 973 619 ejus
990 571 1090 620 quod
1108 580 1161 608 est
1178 572 1350 608 Ecclesia.

366 629 455 661 Nam
474 636 508 662 et
539 628 615 676 ipsa
643 629 784 678 accepit
810 643 830 664 a
854 629 1039 673 Domino,
1071 630 1173 678 quod
1200 638 1236 665 et
1269 631 1351 666 filiis

367 685 501 722 tradit:
524 687 623 736 ipsa,
645 688 793 736 inquam
808 717 817 732 ,
839 689 981 737 accepit
1002 688 1292 725 misericordiam
1315 690 1350 725 in

367 757 540 790 munere;
563 747 640 795 ipsa
664 748 773 783 etiam
797 748 833 783 in
853 747 1043 794 mandato,
1062 756 1101 783 ut
1118 748 1163 783 sit
1183 748 1350 784 ministra

368 803 662 841 miserationum.
698 809 841 841 nonum
871 805 1022 854 quidem
1059 805 1350 841 miscricordiam

365 862 590 907 ministrare,
608 864 672 900 sed
695 865 824 900 melius
846 864 1022 900 misereri.
1040 864 1346 907 Misericordiam,

365 933 476 969 quani
501 922 614 958 debes
634 936 678 958 ex
706 923 806 967 loco,
828 936 871 958 cx
899 923 1025 958 animo
1042 923 1155 958 solve.
1173 923 1349 972 Exprime

1415 347 1459 369 eo
1482 333 1583 382 quod
1601 333 1721 368 omnis
1743 333 1904 369 Ecclesia
1919 341 2133 369 sanctorum
2153 334 2238 382 plus
2257 333 2403 370 miseri-

1416 392 1542 428 cordia
1559 404 1669 440 quam
1687 391 1827 427 meritis
1841 391 1983 428 nititur.
1994 392 2404 440 Deniqueremissionis

1417 459 1648 499 unguentum
1665 450 1836 486 ultimum
1854 453 2147 486 Sacramentum.
2159 453 2402 499 Unguentum

1418 510 1488 545 lioc
1508 518 1544 545 et
1564 509 1848 558 peccatoribus,
1871 517 1907 544 et
1921 508 2051 557 justis,
2068 517 2105 544 et
2126 522 2346 555 commune,
2367 517 2405 545 et

1417 567 1657 603 commodum
1682 576 1747 603 est.
1767 570 1858 604 Nam
1880 575 1967 604 sunt
1989 568 2057 604 alia
2072 567 2242 617 quaedam
2260 567 2405 617 specia—

1417 627 1463 662 lia
1486 635 1721 671 sanctorum,
1742 634 1781 662 et
1809 627 1897 663 solis
1925 626 2014 676 ipsis
2034 625 2287 662 accommoda.
2310 629 2405 663 Sunt

1416 685 1513 720 enim
1531 693 1719 733 unguenta
1735 698 1817 734 quae
1837 692 1968 720 sanant
1982 699 1989 720 :
2002 692 2307 732 suntunguenta,
2321 696 2406 733 quae

1418 745 1545 779 fovent
1567 757 1574 777 :
1596 753 1683 779 sunt
1711 752 1902 791 unguenta
1921 756 2005 792 quae
2026 743 2261 779 sanctificant
2282 756 2290 778 :
2319 750 2406 778 sunt

1416 815 1498 851 quae
1527 802 1726 838 delectant.
1755 805 1802 839 Et
1834 802 1955 851 prima
1977 801 2128 851 quidem
2146 800 2404 850 aegritudinem

1415 860 1633 909 depellunt3
1652 860 1815 897 secunda
1833 859 1910 908 jam
1932 860 2030 896 sanis
2049 860 2249 895 conferunt
2271 859 2405 895 alacri-

1417 929 1551 966 tatem3
1587 921 1694 956 tertia
1721 920 1952 956 sanctificant
1986 919 2022 954 in
2057 931 2154 968 opus
2190 918 2405 964 ministerii,

366 980 401 1015 in
423 988 456 1015 te
483 982 615 1018 Clu-isti
640 983 813 1018 affectum
828 1010 837 1027 ,
859 981 966 1029 cujus
987 982 1151 1017 officium
1176 989 1213 1017 et
1232 982 1350 1017 vicem
1371 980 1397 1014 B
1417 979 1679 1027 sicutregium,
1700 986 1737 1014 et
1749 977 1979 1014 sacerdotale
1996 985 2229 1025 unguentum
2248 991 2255 1013 :
2275 984 2407 1026 quarta

365 1041 572 1088 suscepisti.
593 1042 760 1077 Minister
781 1054 820 1077 es
839 1040 920 1088 ejus
941 1041 1005 1088 qui
1033 1040 1137 1076 dives
1159 1040 1268 1076 estin
1288 1041 1352 1076 nii-

365 1099 578 1135 sericordia.
615 1099 698 1136 =Noli
727 1101 761 1136 in
799 1100 921 1135 alieno
950 1098 1145 1148 praedurus
1177 1099 1350 1135 inveniri.

370 1159 486 1205 liroga
508 1159 698 1195 conservis
723 1159 794 1194 tuis
814 1158 994 1206 unguenti
1013 1156 1122 1206 hujus
1140 1171 1352 1194 mensuram

368 1215 402 1250 in
423 1224 603 1265 tempore.
635 1218 669 1253 Si
701 1218 737 1253 in
766 1218 890 1253 alieno
921 1216 1091 1252 infideles
1118 1217 1224 1262 estis,
1252 1215 1354 1265 quod

367 1283 530 1310 vestrum
553 1284 607 1311 est
627 1277 710 1324 quis
731 1276 835 1311 dabit
858 1274 991 1310 vobis?
1014 1275 1179 1311 Affectus
1196 1283 1281 1311 tuus
1309 1275 1355 1310 sit

369 1332 632 1370 misericordiae
652 1349 658 1369 :
680 1348 765 1370 nam
796 1333 949 1370 Domini
976 1341 1032 1369 est
1049 1333 1205 1369 effectus
1222 1333 1353 1369 veniae.

364 1392 434 1437 Qui
456 1392 577 1428 laesam
593 1393 857 1429 conscientiam
875 1400 1012 1441 gestat,
1035 1400 1172 1428 tectum
1187 1397 1200 1413 ³
1217 1392 1355 1428 vulnus

364 1449 433 1484 sub
452 1460 622 1498 pectore,
644 1460 724 1487 tuto
748 1465 785 1487 se
803 1451 868 1487 tibi
889 1451 1116 1496 committet,
1136 1451 1166 1487 si
1185 1463 1300 1500 penes
1320 1459 1354 1487 te

366 1510 544 1556 unguenti
574 1510 685 1558 liujus
714 1511 870 1546 odorem
889 1509 1139 1559 praesenserit.
1161 1512 1201 1545 Si
1216 1513 1355 1546 sciretis

365 1570 456 1614 quid
468 1578 533 1611 est,
550 1571 855 1604 Misericordiam
873 1572 957 1605 volo
971 1577 1007 1603 et
1023 1582 1096 1603 non
1112 1569 1353 1614 sacrficium,

365 1639 553 1673 tmrzquam
579 1630 890 1663 condemnassetis
915 1632 1127 1662 innocentes
1150 1633 1176 1662 ².
1194 1630 1277 1664 Non
1303 1627 1355 1663 sic

367 1692 419 1725 tu,
436 1686 608 1730 Domine,
626 1700 700 1721 non
716 1687 788 1731 sic3
805 1699 879 1722 non
898 1685 1012 1721 modo
1031 1698 1106 1721 non
1124 1685 1355 1732 innocentes,

1418 1050 1493 1073 non
1512 1036 1586 1085 jam
1613 1037 1650 1072 in
1674 1049 1770 1085 opus
1797 1043 1907 1080 sunt,
1934 1034 1999 1072 sed
2028 1035 2064 1070 in
2094 1035 2236 1081 otium;
2270 1048 2346 1071 non
2367 1035 2406 1071 in

1418 1095 1796 1139 administrationem,
1828 1093 1891 1130 sed
1913 1094 1949 1130 in
1970 1106 2157 1139 amorem,
2177 1093 2241 1130 sed
2266 1094 2302 1130 in
2322 1094 2406 1143 glo-

1419 1155 1536 1200 riam,
1569 1155 1633 1191 sed
1665 1154 1702 1190 in
1735 1154 1905 1198 delicias,
1937 1152 2001 1189 sed
2030 1153 2067 1188 in
2095 1165 2203 1189 usum
2224 1153 2351 1202 sponsi
2370 1160 2408 1188 et

1419 1226 1581 1263 sponsae.
1611 1217 1757 1250 Bonum
1784 1221 1840 1248 est
1869 1210 2094 1248 commorari
2128 1211 2167 1247 in
2187 1211 2406 1260 unguentis;

1420 1272 1484 1308 sed
1505 1273 1682 1320 quoniam
1701 1271 1789 1308 alibi
1803 1271 1890 1308 satis
1907 1270 2136 1320 disputatum
2150 1279 2206 1306 est
2219 1283 2331 1319 super
2343 1283 2408 1306 un-

1419 1339 1647 1379 guentorum
1668 1331 1910 1367 distinctione
1931 1329 2132 1379 affligendi
2155 1329 2287 1366 modos
2307 1342 2408 1366 nunc

1420 1388 1876 1438 breviterdistinguamus.
1889 1389 1960 1426 Alii
1979 1397 2197 1438 tanguntur,
2212 1389 2272 1425 alii
2284 1401 2409 1438 asper-

1419 1456 1559 1496 guntur
1571 1477 1580 1494 ,
1595 1448 1656 1484 alii
1673 1449 1920 1497 inunguntur,
1940 1447 2001 1484 alii
2018 1447 2310 1497 perfunduntur.
2334 1449 2409 1484 Re-

1420 1507 1498 1556 lege
1516 1507 1824 1554 Pentateuchum‚
1840 1507 2084 1556 Evangelium
2104 1507 2278 1552 revolve;
2294 1515 2331 1543 et
2349 1506 2409 1542 di-

1419 1567 1614 1603 versitates
1648 1567 1735 1604 istas
1763 1567 1951 1616 ungendi,
1981 1579 2073 1615 quas
2100 1566 2347 1616 corporaliter
2372 1573 2410 1601 et

1420 1625 1583 1661 exterius
1604 1625 1715 1661 factas
1729 1625 1893 1662 advertis
1905 1653 1915 1670 ,
1933 1625 1979 1662 ad
1997 1637 2120 1661 mores
2137 1624 2306 1661 deflecte.
2324 1628 2407 1662 Non

1420 1697 1489 1733 ego
1507 1697 1608 1720 nunc
1624 1684 1670 1720 de
1688 1692 1820 1721 natura
1840 1692 2142 1732 unguentorum,
2156 1684 2220 1720 sed
2238 1683 2284 1720 de
2302 1696 2409 1719 men-

363 1743 426 1778 sed
446 1757 490 1779 ne
509 1753 685 1780 nocentes
703 1745 854 1793 quidem
875 1744 1118 1788 condemnas,
1135 1743 1200 1780 sed
1221 1757 1355 1780 emen-
1376 1745 1403 1780 C
1423 1756 1509 1780 sura
1537 1756 1607 1792 ago
1645 1743 1820 1792 ungendi.
1846 1746 1892 1779 Et
1919 1743 1979 1779 alii
2007 1742 2159 1791 quidem
2182 1743 2317 1787 semel,
2344 1742 2406 1779 alii

366 1802 430 1837 das
451 1815 526 1837 eos.
553 1803 795 1845 Emendabit,
816 1803 955 1851 inquit,
982 1816 1038 1837 me
1052 1803 1174 1847 justus
1193 1806 1230 1838 in
1246 1807 1356 1839 mise-

364 1863 544 1903 ricordia,
564 1865 681 1896 oleum
695 1872 818 1897 autem
834 1865 1043 1909 peccatoris
1062 1875 1135 1896 non
1154 1865 1358 1910 impinguet

363 1928 476 1966 caput
508 1934 628 1955 meum
648 1919 674 1955 ³.
717 1920 917 1968 Distinguit
946 1919 1006 1955 hic
1035 1919 1230 1956 Psalmista
1259 1920 1358 1956 inter

365 1979 490 2014 oleum
522 1987 557 2014 et
589 1979 713 2015 oleum
750 1992 758 2012 ε
788 1979 883 2014 inter
908 1979 1031 2014 oleum
1056 1978 1300 2026 adulationis,
1321 1988 1359 2016 et

363 2038 487 2073 oleum
512 2038 771 2073 miserationis.
793 2037 890 2073 Illud
921 2037 1108 2073 demulcet
1128 2046 1163 2074 et
1184 2039 1323 2074 sauciat
1344 2054 1352 2075 :

365 2097 462 2132 istud
488 2097 676 2133 demulcet
692 2106 727 2133 et
747 2105 862 2133 sanat.
882 2100 939 2132 An
959 2110 1034 2132 non
1059 2097 1124 2132 tibi
1142 2110 1255 2146 super
1272 2111 1354 2134 om—

364 2156 422 2191 nia
441 2164 606 2191 aromata
624 2155 718 2192 bene
737 2155 880 2191 redolet
897 2163 1127 2203 unguentum
1139 2184 1148 2200 ,
1166 2168 1234 2204 per
1250 2156 1353 2204 quod

365 2214 539 2249 universa
559 2213 693 2249 delicta
715 2223 787 2249 tam
813 2213 918 2249 facile
942 2213 1140 2249 delentur?
1156 2215 1269 2250 Filius
1292 2215 1353 2251 ille

360 2271 491 2319 junior
511 2272 548 2307 in
583 2285 621 2307 se
650 2284 838 2316 reversus,
858 2272 1040 2320 unguenti
1061 2271 1171 2319 liujus
1196 2271 1350 2308 uberem

367 2330 512 2378 copiam
535 2329 714 2365 odoratus
744 2337 798 2365 est
828 2329 864 2365 in
890 2338 996 2378 patre
1021 2329 1066 2365 de
1094 2330 1245 2379 regione
1272 2331 1355 2366 lon-

366 2388 523 2436 ginqua,
544 2396 579 2423 et
601 2388 698 2423 inter
718 2400 847 2435 greges
869 2401 1069 2436 porcorum
1090 2389 1205 2437 patris
1225 2389 1257 2424 ei
1277 2402 1355 2424 coe-

368 2447 420 2495 pit
450 2447 610 2494 fragrare
643 2447 852 2483 clementia.
886 2446 974 2483 Ideo
1004 2455 1183 2483 attractus
1215 2456 1290 2493 est,
1319 2457 1355 2483 et

1422 1802 1576 1851 saepius,
1594 1802 1656 1838 alii
1673 1814 1822 1850 semper
1837 1809 2026 1851 unguenta
2044 1801 2294 1850 frequentant.
2308 1804 2409 1837 Bona

1422 1861 1573 1910 quidem
1592 1862 1721 1911 copia,
1740 1861 1770 1898 si
1791 1861 1886 1898 adsit
1904 1870 1941 1898 et
1966 1861 2095 1910 gratia.
2116 1865 2257 1898 Neutra
2282 1861 2409 1897 deesse

1423 1919 1573 1956 videtur
1608 1920 1647 1956 in
1678 1919 1879 1969 unguentis
1918 1932 2087 1969 sponsae,
2118 1932 2187 1956 nec
2220 1919 2382 1956 suavitas
2397 1946 2408 1964 ,

1423 1991 1492 2015 nec
1514 1977 1665 2015 ubertas
1679 2007 1689 2024 ,
1718 1991 1880 2027 quorum
1902 1978 1999 2014 odor
2014 1977 2142 2014 omnia
2162 1985 2327 2014 aromata
2346 1990 2411 2014 su-

1422 2046 1543 2086 perat.

1473 2097 1507 2132 7.
1524 2095 1581 2132 Ad
1602 2095 1804 2132 Ecclesiam
1825 2095 2048 2144 generaliter
2063 2094 2157 2131 hanc
2173 2094 2321 2131 laudem
2342 2094 2408 2131 de-

1419 2151 1653 2190 rivavimus:
1682 2153 1728 2189 ad
1749 2153 1947 2202 specialem
1982 2153 2144 2202 aliquam
2177 2153 2214 2188 in
2244 2153 2406 2190 Ecclesia

1418 2225 1616 2261 personam
1632 2212 1864 2248 declinemus
1887 2224 2114 2254 sermonem,
2133 2224 2216 2260 quae
2231 2212 2407 2260 singulari

1419 2271 1581 2320 quodam
1599 2271 1736 2306 amoris
1747 2278 1783 2306 et
1795 2269 2052 2306 familiaritatis
2065 2268 2246 2305 beneflcio
2261 2281 2409 2319 sponsae

1420 2329 1554 2366 debeat
1582 2330 1736 2366 nomine
1761 2329 1923 2372 censeri,
1956 2328 1993 2364 in
2013 2341 2084 2377 qua
2104 2341 2178 2364 non
2203 2328 2317 2364 modo
2337 2341 2406 2365 ne·

1420 2388 1620 2432 cessitatis,
1651 2387 1714 2423 sed
1742 2387 1932 2436 dignitatis
1957 2395 1993 2422 et
2015 2386 2215 2437 voluptatis
2242 2386 2404 2423 ubertim

1419 2455 1610 2495 unguenta
1645 2446 1823 2496 aspirant.
1857 2450 1939 2483 Non
1970 2446 2064 2482 hanc
2094 2445 2316 2482 crediderim
2337 2458 2406 2494 ego

366 2518 516 2541 currere
537 2505 651 2554 coepit
671 2505 716 2540 ad
731 2513 872 2554 patrem
894 2505 930 2540 in
948 2505 1064 2541 odore
1079 2514 1355 2554 unguentorum
1376 2510 1407 2543 D
1425 2517 1528 2541 sacro
1555 2504 1718 2552 unguine
1740 2504 1799 2540 vel
1822 2512 1954 2539 tactam
1976 2503 2013 2539 in
2034 2511 2157 2552 parte,
2177 2503 2236 2539 vel
2257 2515 2406 2552 resper-

365 2564 458 2613 ejus.
479 2563 571 2599 vide
597 2564 761 2609 facilem,
782 2564 866 2599 vide
888 2564 1072 2613 profluam
1097 2565 1248 2601 Domini
1264 2569 1352 2601 ,lesu

364 2623 517 2670 gratiam
551 2638 558 2658 :
597 2635 680 2658 cum
722 2622 929 2671 poenitente
965 2623 1041 2658 lilio
1074 2623 1237 2671 gaudere
1267 2636 1351 2658 eum

364 2689 513 2731 oportet
543 2689 578 2716 et
607 2681 751 2730 epulari
774 2682 799 2716 4.
827 2684 952 2717 Manet
972 2681 1009 2716 in
1039 2680 1153 2717 domo
1167 2682 1353 2727 Zacchaei,

362 2741 604 2789 publicanum
634 2741 668 2775 in
697 2739 959 2789 discipulatum
986 2740 1129 2776 asciscit
1147 2738 1159 2759 ⁵
1179 2754 1186 2775 :
1210 2748 1246 2776 et
1270 2754 1354 2777 cum

368 2803 503 2835 [almiro
534 2807 617 2847 post
653 2799 838 2834 tumulum
862 2799 1043 2834 instaurat
1070 2798 1282 2834 convivium
1304 2798 1319 2819 ‘³
1344 2813 1352 2833 ε

362 2857 504 2904 Quibus
530 2858 774 2906 propitiatur,
795 2858 1055 2906 improperare
1076 2857 1190 2894 nescit
1213 2872 1219 2893 z
1243 2858 1352 2894 ‹limi-

364 2918 460 2952 ‹liata
483 2917 534 2952 uti
566 2930 640 2952 non
665 2917 769 2952 novit
790 2917 1009 2962 ‹·lcnu·ntia;
1037 2917 1294 2953 familiaritatis
1315 2917 1350 2953 in

363 2976 517 3023 gratiam
540 2976 694 3025 suscipit
718 2975 855 3023 quibus
885 2975 1066 3024 indulget,

417 3039 452 3068 (ἱ.
489 3038 632 3070 Bonum
668 3048 756 3082 crgo
798 3035 1061 3071 misericordiae
1096 3043 1350 3084 unguentum,

1420 2576 1495 2599 sam
1523 2576 1591 2611 per
1618 2571 1767 2612 partes,
1798 2562 1863 2599 sed
1896 2562 2086 2612 perfusam
2117 2569 2155 2597 et
2183 2570 2403 2611 perunctam

1419 2622 1671 2659 abundantius
1692 2622 1728 2657 in
1750 2622 1876 2671 sponsi
1903 2621 2066 2657 delicias.
2089 2620 2259 2670 Copiosae
2291 2632 2407 2669 penes

1419 2681 1520 2716 hunc
1552 2693 1732 2729 sponsum
1763 2688 1972 2716 aromatum
2002 2679 2103 2715 cellse
2130 2687 2342 2716 eructantes
2360 2692 2406 2716 ex

1420 2740 1488 2776 liae
1508 2740 1544 2775 in
1564 2740 1686 2783 illam,
1703 2740 1798 2775 sicut
1815 2739 1955 2788 regales
1972 2746 2123 2787 oportet
2143 2737 2280 2774 habere
2304 2737 2404 2774 divi-

1421 2799 1499 2834 tias.
1527 2797 1598 2833 Sed
1619 2797 1798 2834 credibile
1820 2806 1875 2833 est
1894 2795 2222 2833 excellentioribus
2239 2796 2403 2845 reginam

1419 2857 1617 2906 unguentis
1631 2856 1811 2892 redolere.
1831 2857 1928 2893 Nihil
1946 2864 2068 2892 tamen
2085 2854 2193 2892 nobis
2209 2855 2254 2891 de
2268 2855 2404 2891 virtute

1418 2924 1694 2964 unguentorum
1733 2916 1978 2964 exprimitur,
2010 2923 2260 2964 praeterquam
2298 2914 2402 2964 quod

1418 2977 1518 3012 solus
1543 2975 1639 3010 odor
1661 2974 1948 3010 commendatur
1969 2975 2005 3010 in
2033 2974 2134 3022 ipsis.
2157 2977 2240 3010 Non
2261 2973 2402 3021 eloqui-

1419 3044 1478 3071 tur
1496 3034 1585 3083 quid
1617 3034 1750 3070 efficiat
1779 3035 1930 3077 unctio,
1965 3033 2114 3069 delicias
2141 3033 2239 3069 solas
2258 3044 2402 3068 memo-

411 3173 414 3185 ¹
440 3170 471 3196 ln
502 3169 594 3205 Resp.
617 3166 696 3195 lieet.
720 3168 808 3195 Doni.
839 3170 845 3195 1
870 3166 1025 3205 Quadrag.
1041 3167 1126 3206 juxta
1149 3169 1237 3197 Brer.
1260 3170 1350 3197 Rom.
1374 3186 1417 3190 —
1446 3172 1457 3187 ²
1485 3167 1596 3198 Mauh.
1625 3178 1689 3207 xu,
1712 3170 1740 3198 7.
1768 3185 1809 3190 —
1835 3165 1847 3187 3
1875 3167 1952 3198 Psal.
1979 3178 2040 3196 cxi,
2057 3192 2063 3204 ,
2088 3172 2117 3197 5.
2141 3184 2183 3188 ——-
2207 3166 2221 3192 4
2246 3169 2319 3198 Luc.
2342 3177 2393 3204 xv,

366 3223 472 3248 tt-st'l.
497 3237 534 3239 j*
555 3217 566 3237 —'¹
586 3218 629 3247 ld.
654 3230 706 3246 xix
720 3243 726 3250 ,
752 3223 839 3248 52-10.
861 3238 898 3240 >—
918 3221 932 3237 '³
947 3221 1038 3248 Joan.
1060 3229 1122 3253 χιι,
1143 3223 1150 3248 1
1172 3243 1178 3251 ,
1201 3224 1231 3248 5²..
1256 3238 1286 3240 —
1304 3219 1589 3249 7u‹·1·nnr‹lis·‹·rm.
1616 3224 1654 3249 10
1671 3219 1699 3248 in
1718 3219 1852 3249 Cantica.

2029 3221 2040 3234 ’Ἰ
2061 3219 2141 3248 Ali-'18
2154 3242 2162 3255 ,
2181 3229 2306 3248 (Ἴθι-11111.
