2418 3949
117 92 187 128 481

661 92 893 130 EPISTOLA
922 96 990 130 AD
1018 95 1237 132 FRATRES
1265 97 1330 131 DE
1360 97 1641 132 MONTE—DEI.

2093 92 2168 127 ⁴'182

109 180 193 216 quae
213 168 408 218 proposita
431 176 538 215 sunt,
553 168 695 218 aliquid
713 170 917 207 scrutando
936 169 1102 207 breviter
1119 173 1149 206 A
1170 170 1357 207 clauditur
1372 172 1504 208 oculus
1523 180 1587 207 aut
1603 171 1781 221 aperitur.
1800 168 2043 219 Babyloniam
2059 181 2162 204 nam-

107 227 286 265 dicamus.
315 229 459 277 Quaeris
488 228 534 265 de
564 228 863 278 pulchritudine3
893 229 980 266 audi
1007 229 1097 278 quid

107 287 287 336 scripturn
317 296 373 324 est
400 302 407 324 :
435 290 532 323 lasti
545 286 744 336 fulgebunt
760 292 851 324 sicat
867 291 967 334 sol¹;
989 297 1024 323 et
1042 290 1101 323 sol

104 350 390 395 septempliciter
402 354 498 383 sicut
513 350 580 383 lux
596 356 732 395 septem
749 350 891 383 dierum
909 354 934 383 ².
953 347 990 384 Si
1006 359 1095 395 ergo

105 416 267 455 corpora
297 415 426 443 nostra
450 405 649 455 fulgebunt
667 407 763 442 sicut
788 406 863 450 sol,
879 406 943 455 qui
964 405 1094 441 multi-

103 464 281 512 plicatum
300 466 427 502 lumen
447 474 590 515 septem
608 465 752 501 dierum
771 464 943 510 habebit,
962 477 1095 513 magna

101 523 449 575 incomparabiliter
470 526 542 561 erit
564 526 627 561 illa
651 525 812 574 gloriosa
833 523 1088 574 pulchritudo.

100 585 239 634 Accipe
267 593 304 621 et
330 585 431 621 aliud
460 599 467 620 :
502 586 725 620 Salomon-m
746 593 1017 632 exspectamaS,
1040 583 1091 619 ait

99 644 324 691 Apostolus,
349 645 547 679 Dominam
565 653 727 679 nostrum
744 646 871 679 Jesum
892 644 1088 688 Christum,

97 707 165 748 qui
187 701 405 750 reformabit
422 716 552 750 corpus
575 703 796 739 humilitatis
814 712 952 739 noslrae
970 703 1093 749 confla·

96 771 268 808 gicratum
285 767 430 809 corpori
446 764 631 797 claritatis
649 775 729 798 sace
743 762 768 798 3.
783 765 891 799 Certe
908 761 1089 812 quoniam

98 820 284 857 Dominus
323 822 609 870 transfiguratus
643 828 699 857 est
730 821 769 857 in
803 829 932 857 monte
963 833 1089 856 coram

97 877 289 929 discipulis
311 880 404 925 suis,
422 880 656 930 resplenduit
675 880 787 916 facies
806 879 887 928 ejus
907 880 1003 916 sicut
1020 880 1090 926 sol,

1163 242 1236 278 que
1259 242 1279 265 a
1304 230 1433 267 -Judaea
1462 232 1578 267 multa
1598 231 1841 280 intercapedo
1863 229 2024 275 dirimit3
2045 236 2082 264 et
2103 236 2159 263 ta—

1162 300 1248 323 men
1276 288 1314 323 in
1341 297 1532 325 momento
1553 289 1706 338 angelus
1728 288 1904 325 Habacuc
1927 285 2154 337 prophetam

1162 345 1207 382 de
1231 346 1361 382 Judaea
1383 347 1420 382 in
1444 346 1688 395 Babyloniam
1714 348 1881 393 sustulit,
1904 359 2017 396 quem
2039 356 2154 393 super

1160 405 1281 441 lacum
1314 406 1465 442 leonum
1502 407 1645 455 posuit,
1676 408 1742 456 qui
1769 407 1916 443 Danieli
1949 403 2150 455 prandium

1162 465 1331 512 porrexit
1353 480 1361 501 ε
1382 479 1458 514 quo
1480 466 1576 502 sacto
1603 465 1780 502 Habacuc
1801 465 1975 515 protinus
2001 464 2151 500 restitu-

1163 530 1220 558 tus
1249 532 1304 559 cst
1331 524 1368 559 in
1401 524 1525 559 locum
1562 537 1671 559 suum
1686 531 1711 559 7.
1738 524 1867 561 Mirari
1893 533 1993 560 certe
2024 523 2151 572 potuit

1157 580 1222 618 ubi
1244 583 1373 626 fuerit,
1395 582 1547 631 quando
1574 595 1613 618 se
1639 583 1676 617 in
1701 583 1784 618 loco
1804 583 1960 631 proprio
1981 591 2055 619 tam
2073 583 2148 618 cito

1156 640 1312 676 invenit.
1329 641 1454 676 Talem
1475 641 1602 689 itaque
1617 641 1818 688 agilitatem
1834 641 2064 690 quicumque
2080 641 2148 677 ha-

1156 698 1259 736 bebit
1271 728 1281 746 ,
1299 712 1474 748 magnum
1496 711 1634 735 munus
1651 711 1795 747 magnae
1814 699 1998 735 felicitatis
2014 700 2147 748 procul

1156 757 1273 795 dubio
1293 758 1491 795 obtinebit.

1210 821 1245 856 6.
1275 822 1351 856 Nec
1372 827 1495 855 tamen
1512 818 1581 855 iste
1602 818 1691 854 felix
1709 819 1778 854 ista
1797 818 1877 854 sola
1891 817 2065 854 felicitate
2079 817 2149 852 erit

1156 887 1368 915 contentus».
1385 878 1563 927 Sequitur
1577 878 1677 914 enim
1694 877 1893 923 fortitudo,
1909 889 2021 925 quam
2035 889 2147 912 unus-

96 937 204 986 cujus
228 939 408 975 claritatis
427 939 712 989 pulchritudine
731 938 938 976 delectatus
956 938 1089 975 beatus
1107 941 1134 975 B
1153 937 1313 986 quisque
1327 935 1525 973 beatorum
1545 944 1686 973 tantam
1703 935 1870 980 habebit,
1885 943 2063 984 quantam
2081 947 2148 970 ne-

94 999 238 1044 Petrus,
252 999 434 1044 Domine,
447 998 585 1048 inquit,
604 997 736 1034 bonum
751 1007 806 1033 est
819 1012 885 1033 nos
900 999 961 1033 lu‘c
975 1012 1051 1034 esse
1060 999 1086 1033 ⁴'.

92 1059 275 1105 Aspectus
293 1070 445 1107 quoque
465 1057 586 1106 angeli
603 1058 667 1107 qui
689 1057 786 1094 sedit
801 1057 847 1094 ad
872 1058 1086 1107 sepulcrum

91 1116 266 1161 Domini,
288 1117 464 1166 apparuit
477 1117 681 1166 splendens
697 1117 794 1153 sicut
812 1116 972 1166 fulgur5.
993 1118 1086 1154 Cum

92 1173 207 1223 igitur
239 1183 341 1212 tanta
376 1176 525 1212 claritas
558 1177 670 1212 unius
701 1176 825 1225 angeli
862 1176 922 1212 hic
948 1176 1086 1222 fuerit;

92 1245 226 1282 quam,
258 1243 388 1284 putas,
414 1235 600 1285 gloriosa,
626 1248 739 1285 quam
768 1235 964 1285 magnifica
997 1235 1087 1285 pul-

92 1292 268 1330 chritudo
283 1295 373 1340 erit,
390 1294 543 1344 quando
562 1303 779 1332 sanctorum
798 1295 931 1341 millia,
952 1307 1088 1331 nume*-

91 1365 211 1402 roque
222 1354 399 1400 carentia,
413 1355 515 1391 claro
529 1355 681 1404 corpori
694 1355 850 1392 Domini
865 1355 983 1391 nostri
996 1358 1086 1391 Jesu

91 1411 229 1449 Christi
259 1414 461 1451 assimilata
490 1413 731 1464 apparebunt
754 1428 839 1451 cum
868 1415 960 1451 illo?
979 1417 1085 1450 Hanc

90 1471 360 1510 beatitudinem
379 1474 573 1523 pulchram
596 1483 633 1510 et
655 1473 802 1510 beatam
828 1473 1083 1524 pulchritudi-

91 1544 176 1567 nem
200 1532 319 1569 David
339 1541 489 1569 sanctus
509 1533 794 1579 considerabat,
811 1546 897 1570 cum
918 1533 1081 1569 diceret:

96 1591 216 1626 Unam
233 1596 328 1639 petii
349 1606 373 1627 α
394 1595 575 1637 Domino,
603 1593 701 1628 hanc
726 1597 932 1640 requiram,
957 1601 996 1627 ut
1021 1596 1084 1626 in-

89 1649 246 1686 habitem
276 1655 314 1686 in
338 1653 446 1687 domn
466 1655 622 1688 Domini
650 1651 817 1687 omnibus
842 1650 969 1687 diebus
989 1656 1083 1686 vitoe

1154 1009 1217 1032 mo
1239 995 1378 1032 habere
1394 995 1432 1032 in
1452 995 1630 1045 praesenti
1649 996 1725 1031 vita
1739 995 1882 1044 poterit
1901 1009 1909 1030 :
1928 1006 2014 1030 nam
2036 1007 2146 1030 men-

1154 1069 1241 1092 sura
1269 1055 1438 1105 ejusdem
1464 1055 1691 1092 valetudinis
1713 1063 1817 1091 tanta
1841 1054 1935 1099 erit,
1956 1062 2098 1102 quanta
2116 1053 2148 1089 is

1152 1116 1218 1165 qui
1246 1129 1326 1152 eam
1354 1115 1553 1152 habiturus
1578 1124 1633 1152 est
1657 1115 1823 1165 elegerin
1846 1114 1883 1151 Si
1905 1114 2005 1150 enim
2029 1122 2145 1150 totam

1152 1176 1289 1212 molem
1312 1176 1427 1212 totius
1443 1184 1552 1212 terrae
1568 1188 1647 1212 uno
1665 1175 1783 1224 digito
1800 1186 1953 1210 movere
1969 1173 2146 1218 voluerit,

1151 1234 1282 1283 utique
1316 1235 1490 1272 facillime
1523 1235 1677 1284 poterit.
1713 1233 1896 1271 Diabolus
1926 1233 2049 1278 enim,
2076 1232 2146 1269 Dei

1151 1293 1324 1330 inimicus
1339 1323 1348 1339 ,
1387 1307 1433 1330 ex
1469 1294 1690 1331 fortitudine
1724 1306 1800 1330 suae
1836 1301 1979 1329 naturae
2020 1300 2148 1328 movet

1151 1365 1260 1397 aera,
1291 1354 1428 1390 excitat
1453 1362 1610 1390 ventum
1634 1362 1670 1390 et
1693 1360 1951 1402 tempestates,
1974 1351 2061 1388 facit
2086 1351 2147 1387 in-

1152 1412 1298 1449 terdum
1328 1422 1436 1450 terrae
1461 1422 1628 1460 motum,
1654 1414 1849 1462 multaque
1874 1413 1946 1448 alia
1971 1412 2058 1448 satis
2078 1411 2145 1448 ad-

1151 1473 1321 1509 miranda
1344 1488 1352 1510 z
1380 1473 1480 1510 unde
1508 1482 1546 1510 et
1571 1482 1735 1510 armatus
1765 1472 1872 1508 fortis
1897 1469 2086 1516 dicitur83
2108 1479 2147 1507 et

1148 1535 1250 1569 Deus
1267 1533 1396 1569 clectis
1418 1533 1494 1569 suis
1514 1546 1590 1569 non
1610 1532 1714 1569 dabit
1731 1532 1790 1568 vel
1807 1544 1936 1581 parem
1955 1530 2146 1567 fortitudi-

1149 1603 1255 1637 nem,
1284 1592 1344 1627 vel
1373 1600 1474 1628 certe
1506 1592 1626 1628 multo
1652 1591 1848 1628 meliorem
1873 1599 1909 1627 ct
1936 1589 2144 1638 majorem?

1148 1650 1256 1688 Absit
1275 1659 1316 1686 ut
1335 1650 1407 1687 hoc
1432 1651 1566 1699 aliquis
1587 1650 1741 1695 sentiat,
1763 1650 1829 1699 qui
1847 1661 1937 1686 sano
1962 1649 2085 1698 capite
2105 1657 2147 1684 ut

91 1707 224 1745 meae-⁶.
262 1713 318 1746 De
352 1711 421 1747 ista
453 1711 754 1761 pulchritudine,
786 1724 870 1760 quae
904 1724 993 1747 vere
1027 1713 1126 1749 estC
1148 1710 1262 1746 homo
1293 1709 1425 1759 sapiat.
1464 1712 1697 1745 Voluntatem
1734 1709 1832 1745 enim
1868 1712 2076 1743 timentium
2108 1720 2147 1742 se

88 1781 222 1818 magna
250 1768 466 1817 beatitudo,
500 1771 616 1807 multa
640 1771 887 1808 inveniuntur
906 1771 944 1807 in
971 1783 1078 1807 sacro

87 1827 251 1877 eloquio.

141 1889 176 1924 5.
208 1888 306 1925 Huic
321 1896 446 1924 autem
466 1888 741 1938 pulchritudini
757 1887 926 1937 subjecta
943 1897 999 1925 est
1015 1901 1082 1925 ve·-

87 1946 230 1984 locitas.
248 1947 493 1984 Velocitatem
524 1948 624 1984 enim
655 1956 795 1985 tantam
825 1948 1019 1985 habebunt
1044 1949 1081 1985 hi

86 2006 152 2055 qui
172 2019 257 2043 cum
279 2010 359 2043 Deo
376 2015 508 2053 erunt,
529 2016 708 2056 quantam
728 2007 841 2044 habet
867 2007 995 2044 radius
1015 2020 1079 2044 so-

86 2065 149 2110 lis,
162 2066 222 2102 vel
242 2066 343 2102 oculi
363 2065 519 2114 alicujus
533 2066 696 2103 hominis
711 2067 810 2103 clare
825 2067 999 2103 videntis.
1015 2067 1078 2104 Sol

84 2124 229 2173 quippe
250 2133 291 2161 ut
312 2125 351 2160 in
375 2125 520 2162 oriente
541 2138 657 2175 super
681 2134 817 2162 terram
841 2126 962 2171 venit,
989 2139 1077 2162 mox

83 2183 120 2218 in
139 2183 373 2220 occidentem
394 2184 542 2221 radium
570 2197 680 2221 suum
702 2185 883 2234 porrigit3
906 2185 1078 2222 similiter

85 2242 211 2279 radius
231 2243 352 2289 oculi,
371 2243 460 2281 dum
482 2244 663 2294 palpebra
680 2245 864 2294 aperitur,
882 2245 921 2281 in
941 2245 1073 2281 coelum

84 2309 149 2338 aut
168 2302 303 2350 quovis
323 2303 416 2349 alio,
436 2316 513 2339 non
534 2303 764 2352 impediente
781 2302 911 2348 obice,
932 2303 971 2339 in
992 2303 1079 2339 lon-

83 2373 170 2410 gum
192 2361 388 2410 dirigitur:
407 2362 458 2398 sic
477 2362 653 2398 nimirum
672 2375 834 2412 corpora
851 2370 978 2398 nostra
993 2375 1077 2398 cum

83 2419 292 2468 spiritualia
310 2421 467 2465 fuerint,
483 2430 520 2457 et
535 2421 580 2457 ad
599 2421 718 2457 instar
731 2421 961 2471 Angelorum
980 2434 1078 2470 pon-

1136 1767 1258 1816 faciet
1276 1768 1507 1813 Dominus9;
1530 1768 1669 1817 quibus
1684 1767 1809 1813 etiam,
1825 1775 1866 1803 ut
1886 1765 1974 1803 alibi
1992 1765 2142 1810 dicitur,

1145 1828 1236 1865 nihil
1254 1828 1374 1865 deerit
1389 1835 1439 1874 ¹⁰3
1461 1828 1491 1864 si
1509 1840 1601 1864 vero
1619 1827 1710 1863 nihil
1731 1827 1784 1863 eis
1806 1826 1938 1869 deerit,
1961 1825 2143 1862 fortitudo

1148 1901 1225 1924 non
1247 1887 1366 1924 deerit
1388 1902 1395 1923 :
1417 1886 1536 1923 aderit
1552 1887 1679 1936 itaque
1697 1894 1734 1921 et
1751 1897 1826 1921 non
1848 1884 2008 1920 modica.

1211 1949 1245 1984 7.
1275 1950 1415 1983 Verum
1437 1946 1526 1995 quia
1544 1958 1614 1981 nec
1635 1944 1837 1990 fortitudo,
1857 1957 1925 1980 nec
1945 1943 2143 1989 velocitas,

1148 2019 1216 2042 nec
1246 2003 1491 2055 pulchritudo
1515 2003 1610 2040 adeo
1632 2004 1894 2052 appretiantur
1919 2001 1966 2038 ab
1988 2001 2052 2038 illo
2078 2001 2143 2050 qui

1144 2065 1241 2103 liber
1261 2078 1337 2102 non
1361 2072 1436 2110 est,
1453 2063 1558 2113 quod
1580 2063 1642 2099 illa
1663 2061 1772 2098 beata
1794 2060 1998 2098 multitudo
2025 2059 2143 2096 libera

1144 2125 1239 2169 erit,
1258 2123 1416 2160 dubium
1439 2135 1515 2159 non
1534 2130 1601 2158 est.
1620 2125 1714 2158 Nam
1735 2121 1836 2157 nulla
1854 2119 2014 2156 maceria
2028 2147 2037 2163 ‚
2059 2119 2140 2155 nul-

1142 2185 1200 2221 lus
1220 2184 1313 2233 ignis
1333 2183 1391 2219 vel
1409 2194 1527 2231 aqua,
1546 2182 1624 2217 sive
1644 2181 1714 2217 alia
1738 2179 1916 2229 quaelibet
1940 2178 2114 2214 materies
2127 2206 2137 2222 ‚

1143 2244 1281 2294 poterit
1301 2256 1366 2279 eos
1384 2241 1596 2292 praepedire
1615 2253 1663 2276 ne
1679 2240 1820 2276 intrent
1841 2248 1877 2275 et
1896 2246 2032 2275 exeant
2046 2251 2139 2287 quo-

1144 2316 1307 2353 cumque
1324 2302 1514 2338 voluerint
1529 2301 1671 2336 intrare
1686 2299 1747 2335 vel
1763 2299 1876 2334 exire.
1886 2297 2021 2334 Libere
2038 2296 2138 2333 enirn

1145 2363 1326 2400 Dominus
1356 2362 1483 2398 clauso
1505 2367 1755 2396 monumento
1780 2358 1914 2401 exivit,
1936 2356 2053 2393 libere
2075 2356 2137 2392 in-

1145 2425 1292 2460 fernum
1327 2420 1526 2471 spoliavit,
1555 2418 1672 2456 libere
1704 2418 1751 2454 ad
1782 2417 1985 2466 discipulos
2013 2415 2138 2465 januis

84 2480 152 2516 dus
163 2480 430 2528 etgravitatem
453 2494 529 2517 non
549 2482 746 2524 senserint,
764 2481 936 2517 facillime
953 2490 1074 2518 trans-
1091 2487 1124 2521 D
1142 2483 1275 2520 clausis
1293 2482 1447 2518 intravit
1465 2495 1472 2516 :
1492 2479 1608 2516 libere
1628 2478 1747 2516 sancti
1770 2477 1860 2522 Dei,
1880 2477 1909 2512 si
1930 2476 2135 2519 voluerint,

85 2538 301 2588 migrabunt
333 2553 573 2588 quocumque
608 2540 811 2576 voluerint.
845 2542 937 2576 Nam
970 2549 1007 2576 et
1037 2540 1073 2576 in

84 2600 361 2636 resurrectione
388 2613 592 2650 corporum
615 2598 772 2649 singulae
795 2608 921 2649 partes
947 2600 1077 2636 unius-

84 2656 266 2706 cujusque
304 2658 468 2695 hominis
505 2658 846 2703 coadunabuntur,
887 2659 937 2694 ita
972 2667 1014 2694 ut
1048 2659 1077 2695 si

85 2729 218 2752 manus
254 2717 312 2753 vel
348 2730 414 2766 pes
445 2717 619 2766 alicujus,
651 2726 715 2753 aut
748 2716 946 2766 quodlibet
975 2717 1076 2754 aliud

84 2774 296 2812 membrum
332 2775 368 2811 in
397 2779 542 2813 oriente
570 2777 780 2826 sepultum,
809 2784 872 2812 aut
899 2790 919 2812 a
950 2775 1076 2813 bestiis

84 2834 306 2871 devoratum
329 2835 459 2881 suerit,
481 2844 517 2872 et
538 2836 724 2884 reliquum
748 2836 919 2884 corporis
944 2836 980 2872 in
1010 2850 1076 2872 oc—

86 2893 236 2930 cidente
258 2895 317 2930 vel
338 2896 609 2943 septemtrione
625 2894 808 2943 jacuerit,
831 2903 895 2931 aut
917 2895 954 2931 in
981 2895 1078 2931 divi-

85 2952 136 2989 sis
162 2954 294 2990 mundi
326 2953 498 3004 partibus
535 2954 746 3005 dispersum
775 2955 841 2999 sit,
868 2963 940 2991 tam
974 2956 1078 2991 velo-

85 3012 178 3049 citer
209 3021 329 3050 totum
361 3027 500 3064 corpus
527 3013 838 3063 congregabitur,
864 3027 976 3063 quam
1006 3014 1079 3050 cito

1142 2543 1331 2579 infernum
1348 2539 1545 2578 intrabunt
1557 2567 1567 2583 ‚
1587 2538 1703 2575 libere
1719 2550 1788 2587 per
1804 2537 1928 2586 ignem
1947 2544 1984 2571 et
2000 2535 2138 2572 arden-

1143 2610 1216 2638 tem
1234 2601 1356 2650 picem
1384 2598 1618 2643 transibunt3
1637 2597 1773 2640 libere,
1793 2604 1976 2645 quantum
1999 2595 2134 2631 volue-

1143 2661 1238 2705 rint,
1259 2658 1401 2708 absque
1428 2658 1484 2693 sui
1509 2657 1661 2692 laesione
1687 2654 1960 2695 morabuntur.
1985 2653 2073 2702 quia
2096 2653 2135 2689 in

1142 2721 1204 2757 illa
1222 2718 1419 2769 gehennali
1438 2718 1587 2753 flamma
1604 2716 1695 2752 nihil
1716 2713 1881 2758 ardebit,
1900 2713 1971 2749 nisi
1989 2721 2133 2749 tantum

1142 2779 1295 2824 delicta3
1311 2787 1347 2814 ct
1369 2777 1547 2826 quoniam
1572 2776 1633 2811 illa
1655 2782 1781 2810 sancta
1796 2773 1952 2808 societas
1968 2770 2015 2808 ab
2031 2772 2135 2807 omni

1143 2839 1430 2887 inquinamento
1456 2835 1599 2885 peccati
1621 2841 1778 2883 purgata
1805 2832 1897 2876 crit,
1921 2844 1987 2880 per
2013 2830 2135 2879 gelida

1143 2905 1180 2932 ct
1206 2896 1391 2939 aestivata,
1408 2907 1476 2943 per
1496 2893 1644 2928 diversa
1666 2899 1853 2928 tormenta
1869 2898 1904 2925 ct
1922 2898 2050 2938 stagna
2068 2903 2137 2924 va-

1145 2955 1318 3005 porantia
1338 2951 1510 2989 transibit
1530 2952 1655 2988 illaesa.
1677 2954 1817 2987 lterum
1838 2962 1929 2985 vero
1946 2947 2058 2992 illud,
2079 2949 2136 2984 vel

1146 3013 1398 3050 consideratio
1424 3011 1644 3048 eorumdem
1677 3011 1848 3046 locorum
1875 3009 1944 3044 crit
1972 3008 2009 3043 in
2035 3006 2137 3043 arbi-

136 3151 145 3166 '
163 3146 275 3178 Mauh.
296 3158 372 3185 xm,
394 3150 446 3179 43.
465 3168 505 3171 —
523 3155 534 3170 ²
556 3149 625 3180 lsai.
642 3159 709 3179 xxx
723 3173 729 3185 ,
753 3153 804 3179 20.
821 3168 860 3172 —
883 3148 896 3171 ³
914 3149 1046 3191 Philipp.
1066 3160 1117 3182 ιιι,
1141 3152 1201 3182 20,
1223 3150 1277 3177 21,
1303 3165 1338 3168 a
1357 3145 1370 3170 ⁴
1390 3145 1503 3176 Manli.
1520 3156 1590 3174 xvii
1606 3169 1613 3179 ,
1635 3147 1651 3174 2
1665 3168 1671 3179 ,
1693 3145 1777 3173 4.-
1806 3139 1882 3172 ⁵1d.
1907 3151 2030 3174 xxviii,
2051 3142 2080 3169 3.
2098 3158 2137 3161 ——

87 3196 103 3218 ⁴3
120 3198 197 3228 l‘sal.
215 3210 314 3232 xxvi.
340 3202 366 3229 ἢ.
381 3219 423 3223 —-
446 3207 458 3230 7
480 3204 560 3232 Dan.
578 3213 646 3234 xiv.
665 3205 782 3232 32-138.
797 3222 804 3223 ff

249 3269 338 3290 Tou.
376 3271 387 3290 Χ
402 3286 408 3293 ,

855 3199 956 3232 81,ιι(·.
974 3213 1020 3237 ιι,
1044 3205 1094 3231 Ἡ.
1125 3220 1150 3224 μ
1168 3206 1183 3229 9
1199 3199 1275 3230 mal,
1299 3196 1691 3229 cn.=v.19.-—¹·=}‘sal.
1715 3207 1784 3224 xxii
1801 3219 1808 3227 ,
1836 3198 1861 3223 1,

1919 3252 1963 3284 16
