2418 3949
121 284 164 320 81
210 292 212 295 ’
848 287 899 321 IN
927 285 1153 329 CANTICA,
1184 288 1346 323 SERMO
1375 289 1439 323 XI.
2125 285 2173 322 82

118 360 230 397 istum
251 360 297 397 ad
315 361 426 397 finem
448 360 663 410 respiciunt.
676 361 842 398 Aetionis
860 362 982 398 officia
1000 370 1116 398 trans·
1131 361 1144 378 ⁵

1150 361 1163 378 ⁵
1180 361 1283 410 quod
1309 375 1409 399 novo
1429 363 1581 400 condito
1602 365 1755 401 homine
1776 364 1835 401 die
1863 371 1965 401 sexta
1980 392 1989 410 ‚
2019 365 2178 413 septima

118 428 209 455 eunt
229 435 237 456 ε
262 429 487 469 permanent
515 421 853 470 contemplationis.
883 425 1028 457 Bonum
1054 428 1111 457 est
1128 422 1156 455 A
1177 421 1364 468 requievit
1379 420 1426 456 ab
1447 422 1627 470 operibus
1643 424 1719 460 suis
1738 428 1840 460 Deus
1857 423 1884 459 3.
1905 427 1951 460 Et
1967 432 2004 459 tu
2022 436 2174 472 quoque

118 478 179 514 hie
208 478 276 515 tibi
305 492 407 524 esse,
437 480 498 516 hic
525 479 593 516 tibi
622 478 902 516 tabernaculum
933 480 1000 516 fac.
1027 482 1112 516 Non

121 537 188 574 tibi
205 552 340 586 unum,
360 548 397 576 et
413 540 550 576 dilecto
569 548 633 576 tuo
652 552 768 576 unum
781 567 790 584 ,
807 539 872 576 sed
894 538 961 575 tibi
984 546 1020 574 et
1041 538 1112 587 ipsi

120 610 250 636 unum.
266 602 310 636 In
326 599 400 636 hoc
423 598 638 635 cubiculum
660 598 836 635 dilectum
858 606 963 634 tuum
986 597 1112 633 intro-

119 657 212 703 duc,
236 659 433 708 ingredere
448 660 485 695 in
503 660 671 709 requiem
693 666 816 704 tuam,
838 667 880 694 ut
899 658 1112 707 requiescas

117 730 139 753 a
157 717 350 755 laboribus
379 718 475 764 tuis,
497 718 592 754 sicut
611 726 648 754 et
667 731 687 754 a
709 717 785 754 suis
807 720 921 754 Deus.
946 716 1111 766 Septima

118 776 304 825 requievit
333 776 379 813 ab
414 790 529 826 opere
561 776 826 822 institutionis;
863 775 1022 826 septima
1050 788 1112 811 re·-

117 836 295 884 quievita
308 835 438 872 labore
458 835 706 872 restitutionis
724 849 731 871 :
751 836 791 872 in
811 835 892 882 illa,
909 843 1109 885 postquam

117 894 300 931 mundum
316 895 504 942 condidit3
521 896 560 932 in
577 896 667 940 ista,
687 895 839 945 quando
856 909 894 932 se
914 899 952 933 in
971 908 1110 932 monu-

119 962 247 991 mento
277 954 488 991 recondidit
508 969 515 991 :
535 955 574 991 in
607 955 688 1001 illa,
718 963 917 1004 postquam
941 954 1112 992 fundavit

118 1013 327 1060 mundana;
359 1014 399 1051 in
429 1014 520 1059 ista,
557 1022 756 1064 postquam
789 1014 1007 1051 reformavit
1037 1014 1109 1050 hu-

117 1085 238 1109 mana.
262 1073 298 1111 Si
325 1074 509 1122 quaesisti,
537 1074 566 1110 si
590 1074 786 1119 invenisti,
817 1074 845 1110 si
875 1073 1028 1110 tenuisti
1052 1072 1106 1108 di-

1177 478 1375 515 sabbatum
1416 479 1484 516 tibi
1520 495 1720 531 compara,
1756 482 1898 519 redime
1932 490 2099 531 tempus,
2138 489 2175 517 et

1178 537 1313 574 liberas
1340 537 1388 574 ab
1415 536 1594 576 exteriori
1614 542 1864 591 occupatione
1885 541 1999 578 horas
2024 539 2176 576 vindica

1179 596 1259 633 tibi.

1231 657 1266 692 ὁ.
1288 655 1359 692 Sed
1377 655 1463 692 vide
1481 669 1527 692 ne
1544 656 1669 693 hostes
1687 658 1881 695 derideant
1901 657 2055 695 sabbata
2082 666 2146 694 tua
2161 685 2171 702 ,

1176 727 1224 750 ne
1246 714 1319 751 illis
1336 715 1500 751 serviant
1516 716 1592 751 otia
1612 724 1694 762 tua,
1713 730 1760 753 ne
1777 718 1848 754 illis
1867 730 1977 754 vaces
1990 747 1999 764 ‚
2016 717 2081 766 qui
2108 730 2173 752 va-

1176 786 1260 810 care
1279 777 1361 810 Deo
1390 773 1589 811 debueras.
1623 779 1782 822 Vaccae,
1813 776 1956 825 inquit,
1985 785 2021 812 et
2049 778 2174 812 videte

1176 838 1353 881 quomam
1386 846 1450 881 ego
1479 846 1560 868 sum
1593 835 1691 868 Deus
1705 833 1733 868 ⁴.
1767 837 1914 870 Bonum
1946 843 2002 871 est
2030 835 2172 879 otium,

1176 893 1241 930 sed
1271 892 1491 942 sapientiam
1523 891 1644 929 scribe
1674 893 1712 929 in
1752 901 1922 942 tempore
1965 894 2033 930 otii
2075 893 2168 930 tuif’.

1177 951 1307 990 Scribe
1330 952 1432 988 illam
1457 964 1572 1001 super
1604 951 1841 988 latitudinem
1869 951 1992 989 cordis
2012 952 2076 989 tui.
2098 956 2165 989 La-

1175 1019 1254 1047 tum
1277 1011 1378 1047 enim
1410 1023 1499 1056 cor,
1533 1010 1635 1059 quod
1665 1023 1765 1047 curae
1797 1023 1875 1046 non
1908 1018 2064 1047 arctant.
2097 1014 2173 1047 Im-

1174 1072 1295 1120 prime
1328 1071 1366 1107 in
1394 1070 1528 1107 intimo
1558 1070 1684 1107 cordis
1713 1070 1767 1106 tui
1799 1070 1943 1106 litteras
1979 1083 2063 1119 quae
2094 1083 2171 1106 non

116 1131 252 1168 lectum
272 1140 399 1178 tuum,
421 1140 505 1169 tene
525 1146 638 1182 quem
657 1141 779 1180 tenes;
808 1141 913 1178 tene,
940 1132 1083 1168 inhaere
1097 1159 1106 1176 ‚
1127 1134 1154 1168 B
1175 1130 1394 1177 deleantur,
1424 1139 1461 1167 et
1491 1144 1605 1167 exara
1625 1131 1664 1166 in
1687 1129 1823 1166 tabulis
1849 1129 2104 1180 spiritualibus
2125 1131 2173 1166 si-

116 1191 290 1241 imprime
320 1200 356 1228 te
387 1192 459 1238 illi,
490 1200 533 1228 ut
561 1192 642 1242 ejus
674 1192 712 1228 in
744 1200 778 1229 te
805 1192 909 1228 velut
936 1203 1114 1240 expressa

116 1250 343 1287 reformetur
362 1251 485 1300 imago
502 1280 512 1297 ,
535 1251 622 1287 huic
651 1252 716 1288 fias
743 1251 949 1288 conformis
977 1250 1111 1299 sigillo.

116 1309 198 1346 Eris
225 1317 350 1347 autem
382 1311 411 1347 si
436 1310 638 1347 adhaeseris
673 1325 680 1347 :
715 1311 781 1360 qui
815 1311 915 1347 enim
948 1310 1115 1348 adhaeret

115 1371 219 1414 Deo,
240 1382 339 1406 unus
364 1378 419 1407 est
443 1370 596 1420 spiritus
613 1377 637 1405 ¹.
663 1373 775 1408 Forte
791 1370 888 1407 sicut
908 1369 1012 1406 durae
1033 1382 1115 1405 ma-

117 1428 219 1464 teriae
247 1428 447 1466 difficulter
476 1430 512 1465 in
547 1438 583 1466 te
612 1430 736 1479 primo
770 1430 811 1465 fit
842 1428 924 1477 ejus
952 1429 1115 1478 impres-

117 1488 172 1525 sio
200 1503 207 1524 :
233 1489 301 1526 etsi
321 1489 510 1526 laboriosa
529 1490 747 1539 impressio,
767 1489 832 1526 sed
853 1489 974 1525 dulcis
990 1489 1116 1525 adhae-

116 1548 183 1584 sio.
202 1547 408 1586 Laboriosa
433 1558 490 1587 est
505 1550 784 1587 reformationis
804 1558 876 1586 tuae
897 1557 1000 1586 sexta
1015 1576 1024 1594 ,
1051 1548 1116 1585 sed

118 1607 242 1645 dulcia
261 1608 415 1646 sabbata
434 1609 570 1658 quietis
592 1618 815 1658 sequuntur.

171 1667 206 1703 4.
235 1669 474 1718 Consepelire
506 1681 596 1718 ergo
629 1682 715 1705 cum
742 1669 888 1706 Christo
915 1682 984 1718 per
1013 1668 1116 1705 hunc

117 1725 385 1764 sabbatismum
418 1728 456 1764 in
489 1736 664 1765 mortem.
700 1731 811 1764 Beati
847 1729 947 1765 enim
981 1733 1116 1764 morem·

116 1790 181 1834 qui
212 1790 249 1822 in
283 1789 442 1823 Domino
473 1791 683 1823 moriuntur
714 1802 725 1822 .·

115 1849 286 1893 spiritus,
316 1855 355 1881 nt
382 1851 612 1894 requiescant
628 1860 652 1881 a
675 1845 859 1881 laboribus
877 1851 968 1882 suis.
992 1846 1114 1896 Spiri-

752 1790 886 1822 amodo
911 1792 995 1834 jam
1028 1789 1115 1823 dicit

1179 1204 1252 1240 gna
1278 1190 1491 1240 sapientiae,
1524 1198 1564 1226 ut
1583 1189 1707 1226 dicere
1728 1189 1849 1239 possis
1871 1203 1878 1225 :
1900 1190 2092 1238 Signatum
2123 1199 2175 1224 ese

1178 1264 1289 1299 super
1316 1264 1382 1286 aas
1413 1253 1533 1286 lumen
1567 1253 1692 1286 vultus
1724 1254 1775 1285 cui
1790 1279 1800 1294 ‚
1828 1252 2012 1293 Domine;
2045 1251 2177 1284 dedisti

1181 1312 1350 1345 lcetieiam
1373 1313 1410 1345 1⁴12
1433 1311 1541 1345 corde
1559 1323 1638 1345 meo
1652 1308 1681 1345 ⁶.
1700 1312 1844 1346 Laetare
1867 1317 1904 1345 et
1920 1309 2017 1345 diem
2039 1309 2174 1345 festum

1180 1381 1246 1417 age
1263 1382 1347 1405 cum
1366 1368 1523 1414 dilecto,
1545 1377 1581 1404 et
1597 1369 1750 1418 epulare
1764 1398 1774 1414 ,
1793 1369 1888 1405 sicut
1909 1368 2090 1417 scriptum
2106 1375 2176 1412 est,

1180 1428 1218 1464 in
1241 1428 1399 1464 introitu
1419 1428 1546 1476 gloriae
1575 1427 1806 1477 hujusmodi.
1830 1427 2047 1473 Sabbatum,
2071 1427 2181 1476 juxta

1181 1487 1284 1536 quod
1306 1486 1395 1523 dicit
1415 1487 1551 1537 Isaiass,
1571 1489 1768 1522 delicatum
1787 1496 1862 1532 esc,
1884 1496 1920 1522 et
1936 1496 2104 1521 mactum
2117 1515 2127 1531 ,
2148 1495 2184 1520 et

1179 1550 1380 1595 gloriosum
1400 1553 1428 1582 7.
1461 1549 1693 1590 Delicatum,
1712 1546 1853 1595 inquit,
1875 1555 1910 1582 et
1927 1554 2108 1581 sanctum.
2140 1548 2182 1581 In

1183 1606 1377 1643 desideriis
1395 1614 1450 1642 est
1471 1607 1593 1643 omnis
1611 1606 1775 1643 otiosusS
1797 1621 1803 1642 :
1826 1606 1890 1642 sed
1911 1619 1987 1641 non
2003 1613 2090 1641 sunt
2107 1618 2184 1641 om-

1183 1667 1243 1702 nia
1267 1675 1395 1702 sancta
1421 1666 1626 1711 desideria,
1649 1667 1774 1715 qualia
1795 1679 1927 1702 corum
1961 1669 2024 1713 qui
2054 1667 2186 1701 volunt

1182 1729 1312 1762 divites
1327 1727 1442 1773 fieri,
1474 1734 1511 1762 et
1534 1739 1604 1775 per
1635 1726 1707 1762 hoe
1733 1728 1901 1761 iac-[dunt
1930 1730 1967 1760 ia
1997 1726 2184 1759 desideria

1181 1789 1298 1822 mulla
1314 1789 1465 1821 inutilia
1486 1795 1521 1821 et
1540 1790 1669 1821 nociva
1684 1793 1713 1821 9.
1738 1785 1850 1822 Vides
1869 1784 2063 1834 quomodo
2081 1788 2185 1832 Apo-

1182 1846 1301 1882 stolus
1330 1845 1611 1881 multitudinem
1642 1845 1914 1882 desideriorum
1938 1845 1976 1880 in
1997 1844 2086 1879 vitio
2107 1856 2181 1892 po—

117 1913 175 1941 tus
195 1904 265 1942 hoc
284 1905 393 1952 dicit,
414 1906 559 1942 collatae
577 1906 708 1954 utique
726 1905 863 1954 quietis
881 1905 1112 1942 exhibitione
1131 1911 1158 1946 C
1182 1908 1248 1942 nit.
1271 1905 1370 1953 Quid
1389 1906 1417 1942 si
1440 1914 1476 1942 et
1496 1905 1692 1942 immunda
1714 1906 1875 1942 fuerint?
1904 1917 1989 1941 nam
2010 1912 2047 1939 et
2074 1902 2181 1939 multi

115 1973 152 2000 et
165 1964 299 2001 effectu
317 1965 444 2014 gratiae
457 1993 466 2010 ,
489 1965 684 2014 quomodo
700 1973 738 2001 et
757 1965 838 2014 ipse
859 1965 1115 2001 testimonium

117 2022 239 2059 reddit
274 2023 420 2072 spiritui
446 2032 588 2060 nostro.
612 2024 772 2072 Spiritus
793 2023 863 2059 boc
884 2023 993 2067 dicit,
1027 2024 1115 2072 quia

117 2082 272 2132 spiritus
299 2083 370 2119 hoc
389 2083 514 2119 efficit.
531 2086 617 2133 Ipse
641 2083 747 2127 dicit,
771 2083 859 2132 quia
880 2083 959 2132 ipse
986 2082 1114 2119 donat.

117 2144 264 2177 Amodo
277 2143 362 2188 jam
382 2144 475 2179 dicit
491 2148 663 2191 spiritus,
685 2152 725 2178 ut
747 2147 984 2190 requiescant
1006 2156 1029 2178 a
1057 2146 1116 2178 lu—

123 2200 267 2236 boribus
283 2206 369 2237 suis.
386 2205 422 2237 A
443 2201 627 2238 laboribus
642 2230 651 2247 ,
675 2202 819 2251 inquit3
837 2215 911 2238 non
924 2230 933 2246 ‚
956 2201 1014 2239 Ab
1030 2215 1119 2250 ope-

122 2258 226 2296 ribus
260 2273 267 2295 :
306 2262 430 2308 Opera
460 2266 558 2296 caim
589 2263 734 2296 illorum
763 2270 963 2308 sequuntur
989 2264 1114 2296 ''llas-².

121 2321 246 2368 Opera
267 2327 479 2368 sequuntur
498 2320 669 2370 spiritum
686 2349 696 2366 ,
717 2319 812 2357 sicut
838 2320 942 2356 calor
970 2320 1117 2369 ignem,

122 2376 256 2414 umbra
284 2390 442 2427 corpus,
480 2378 544 2414 lux
581 2379 698 2415 solem
714 2406 723 2424 ,
765 2378 920 2415 effectus
953 2391 1116 2414 causam.

121 2437 191 2484 Qui
212 2435 417 2473 sabbatizat
435 2437 472 2474 in
493 2438 627 2487 spiritu
642 2467 652 2484 ,
675 2438 877 2475 nonhabet
892 2451 988 2488 opus
1004 2446 1122 2474 secta—

122 2496 153 2532 ri
184 2509 325 2546 opera:
346 2509 461 2546 opera
486 2498 585 2534 enim
612 2507 823 2547 sequuntur
848 2498 968 2534 illum.
997 2500 1122 2546 Opera

123 2559 279 2593 illarum.
315 2558 405 2603 Quae
434 2566 522 2593 sunt
551 2571 666 2607 opera
701 2558 874 2594 illorum?
910 2560 1002 2604 Quae
1033 2563 1120 2593 sunt

122 2629 238 2665 opera
257 2616 530 2665 quiescentium
546 2647 555 2664 ,
573 2630 687 2667 opera
705 2626 939 2654 mortuorum
959 2616 993 2652 in
1016 2617 1119 2654 Chri-

1182 1965 1247 2013 qui
1267 1977 1377 2013 agere
1399 1977 1474 2000 non
1498 1973 1678 2014 possunt,
1695 1965 1732 2000 in
1754 1964 1904 2001 occulto
1921 1964 2086 2012 cogitant
2100 1975 2184 2011 quae

1183 2031 1295 2072 turpe
1318 2031 1429 2059 estet
1450 2023 1594 2069 dicere,
1633 2025 1736 2060 tenui
1770 2037 1809 2061 se
1842 2024 1881 2059 in
1917 2023 1989 2059 boc
2021 2023 2184 2058 solantes

1183 2081 1365 2117 remedio.
1390 2081 1447 2118 Ad
1470 2082 1605 2118 borum
1631 2082 1912 2119 distinctionem
1931 2094 2007 2117 non
2027 2089 2186 2126 eonten-

1185 2148 1242 2176 tus
1278 2140 1403 2176 dicere
1448 2141 1640 2177 sabbatum
1680 2144 1875 2178 delicatum
1900 2171 1911 2187 ,
1951 2140 2107 2190 adjecit,
2151 2148 2186 2175 et

1183 2209 1373 2243 sanctum,
1396 2209 1431 2235 et
1451 2204 1605 2236 Domitii
1624 2204 1852 2249 gloriosum,
1887 2210 1927 2237 ut
1958 2214 2035 2237 non
2065 2200 2112 2236 sit
2146 2199 2184 2234 in

1184 2260 1406 2295 confusione
1428 2261 1546 2308 gloria
1568 2269 1644 2297 tua.
1679 2262 1713 2297 Si
1744 2275 1854 2297 vacas
1868 2289 1876 2305 ,
1899 2260 2096 2298 sabbatum
2117 2259 2186 2294 ba-

1185 2318 1250 2354 bes
1273 2333 1281 2354 x
1299 2319 1328 2355 si
1350 2332 1460 2355 vacas
1478 2328 1514 2355 et
1535 2320 1661 2366 vides,
1683 2329 1719 2357 et
1740 2321 2006 2371 contemplaris
2027 2319 2184 2355 delecta-

1188 2378 1310 2414 tiones
1345 2379 1492 2415 Domini
1508 2394 1517 2425 ;
1535 2378 1613 2427 jain
1634 2379 1831 2416 sabbatum
1855 2390 1958 2417 tuum
1987 2381 2182 2415 delicatum

1187 2446 1242 2474 est
1262 2446 1298 2474 et
1318 2447 1505 2482 sam-lum,
1523 2448 1559 2474 et
1575 2439 1770 2477 sabbatum
1794 2443 1944 2475 Domini
1957 2443 2154 2487 gloriosum
2172 2452 2182 2471 .-

1188 2496 1385 2533 sabbatum
1408 2512 1452 2534 ex
1474 2498 1651 2544 sabbato,
1675 2499 1712 2535 id
1733 2508 1788 2536 est
1813 2500 1960 2536 vacatio
1993 2498 2039 2534 de
2070 2510 2182 2534 vaca-

1187 2557 1300 2593 tione.
1334 2558 1457 2594 Prima
1479 2559 1625 2594 vacatio
1646 2567 1701 2595 est
1724 2558 1843 2603 bona,
1875 2559 1903 2595 si
1934 2557 2075 2595 mundo
2104 2570 2180 2593 non

1185 2629 1308 2653 vacas.
1332 2617 1504 2653 Secunda
1525 2617 1676 2665 quidem
1699 2627 1753 2654 est
1772 2619 1924 2661 melior,
1958 2618 1987 2653 si
2015 2616 2080 2652 tibi
2112 2615 2181 2665 ipsi

123 2683 202 2718 sto,
233 2676 540 2725 consepultorum
569 2690 654 2713 eum
679 2677 850 2722 Christe,
881 2689 998 2725 opera
1029 2676 1116 2713 sab·
1135 2684 1221 2718 Det
1256 2690 1387 2721 vaces,
1425 2685 1462 2712 et
1506 2677 1646 2725 cogites
1676 2677 1870 2726 quomodo
1905 2678 2053 2727 placeas
2088 2679 2180 2712 Deo.

123 2732 392 2770 batizantium?
411 2736 560 2772 Festiva
576 2744 682 2782 sunt,
707 2735 835 2772 seriata
852 2743 939 2771 sunt
963 2749 969 2770 :
998 2736 1118 2772 otium

124 2793 251 2829 valent
270 2806 384 2844 opera
410 2794 491 2831 ista.
520 2795 669 2831 Festina
698 2794 843 2844 ingredi
869 2794 907 2830 in
936 2795 1031 2830 lianc.
1061 2809 1119 2831 re-

124 2852 270 2901 quiem,
297 2853 334 2890 in
364 2854 464 2890 bunc
492 2853 776 2891 sabbatismum.
811 2853 881 2890 Sed
911 2854 997 2890 vide
1017 2855 1119 2903 quod

125 2925 200 2948 non
236 2913 462 2962 relinquitur
498 2912 748 2950 sabbatismus
785 2914 852 2950 nisi
890 2915 1120 2963 consepultis

124 2985 207 3008 euni
230 2972 399 3018 Cbristo,
422 2986 496 3010 non
518 2973 744 3023 relinquitur
772 2974 842 3010 nisi
872 2982 957 3023 post
977 2982 1119 3010 sextam

126 3031 239 3076 diem,
261 3039 346 3081 post
362 3040 503 3068 sextam
521 3033 641 3078 illam,
659 3033 695 3069 in
715 3047 789 3083 qua
806 3042 870 3070 aut
883 3041 991 3069 vetus
1007 3033 1120 3069 bomo

126 3091 370 3140 crucifigitur,
390 3101 454 3129 aut
474 3106 596 3129 novus
619 3094 824 3142 perficitur.
849 3096 941 3129 Nam
963 3102 1121 3143 propter

125 3150 230 3186 illum
262 3151 420 3198 dicitur,
444 3153 567 3202 utqui
600 3154 738 3189 mortui
771 3162 857 3189 sunt
887 3153 924 3188 in
953 3153 1120 3198 Christo,

127 3211 362 3260 requiescant
379 3225 398 3248 a
418 3211 610 3249 laboribus
627 3213 721 3258 suis3
745 3221 780 3249 et
802 3220 958 3262 propter
983 3213 1118 3257 istum,

180 3350 185 3363 ¹
211 3346 309 3374 lfor.
326 3356 357 3373 vi
374 3369 381 3381 ,
407 3347 455 3375 17.
484 3364 513 3367 -—
532 3351 543 3366 ²
559 3348 656 3387 Apoe.
676 3358 745 3379 xiv.
772 3350 820 3376 153.
840 3366 878 3368 -ῐ
902 3344 1008 3375 Uien.
1029 3358 1049 3376 ιι
1065 3371 1071 3380 ,
1098 3351 1125 3376 32.
1143 3365 1181 3368 μ-
1206 3346 1217 3370 >5
1239 3346 1315 3376 l‘sal.
1339 3358 1413 3383 xiv,
1438 3352 1488 3378 ΙΙ.

133 3409 159 3427 ι.
176 3415 192 3418 2
241 3403 253 3425 7
273 3397 340 3427 lsai.
363 3409 437 3427 rvui
453 3422 461 3436 ‚
485 3402 533 3429 13.
552 3418 582 3420 -r
610 3398 622 3419 ⁸
641 3402 729 3429 l‘rox.
748 3411 801 3428 xxi
820 3423 826 3430 .
852 3403 903 3429 Ἧι.

1184 2736 1306 2772 'sertia
1327 2744 1380 2772 est
1400 2745 1437 2771 et
1458 2737 1620 2785 optima,
1642 2738 1670 2773 si
1692 2738 1801 2773 etiam
1837 2738 1888 2773 tui
1920 2737 2083 2780 oblitus,
2113 2734 2180 2770 soli

1184 2797 1266 2831 Deo
1287 2807 1416 2838 vaces,
1446 2803 1483 2830 et
1511 2796 1651 2843 cogites
1671 2810 1753 2844 qua·
1781 2797 1929 2832 Domini
1954 2804 2059 2838 sunt,
2083 2807 2181 2843 quo-

1186 2852 1300 2888 inodo
1335 2854 1399 2889 tibi
1438 2854 1581 2902 placeat
1614 2856 1704 2904 ipse.
1746 2859 1826 2892 Non
1862 2856 1907 2891 sit
1951 2854 2178 2890 desidiosum

1185 2912 1380 2948 sabbatum
1404 2922 1530 2958 tuuni,
1551 2927 1709 2963 operare
1730 2915 1765 2950 in
1787 2914 1944 2951 sabbato
1972 2923 2036 2950 tuo
2067 2926 2182 2962 opera

1186 2973 1268 3009 Dei.
1293 2976 1396 3022 Opus
1415 2973 1515 3008 enim
1539 2974 1604 3010 Dei
1625 2983 1678 3010 est
1700 2983 1737 3010 ut
1759 2975 1888 3011 credas
1909 2975 1945 3011 iu
1972 2987 2070 3009 euni.
2095 2972 2182 3009 Fide

1187 3033 1304 3068 vides.
1328 3033 1507 3069 'Videmus
1533 3035 1633 3070 enini
1652 3048 1751 3070 nunc
1769 3048 1835 3084 per
1852 3035 2047 3085 speculum
2067 3048 2074 3068 ε
2097 3033 2181 3069 ideo

1188 3106 1275 3128 vaca
1297 3101 1335 3128 ut
1357 3092 1494 3129 videas.
1523 3095 1730 3130 Delicatum
1754 3096 1864 3144 plane
1893 3108 1988 3144 opus
2014 3103 2068 3130 est
2089 3093 2182 3128 visio

1187 3161 1224 3188 et
1254 3153 1348 3188 visio
1379 3154 1456 3189 Dei.
1483 3157 1564 3190 'Non
1589 3164 1643 3191 est
1666 3154 1729 3190 tibi
1754 3156 1952 3191 necessitas
1971 3154 2016 3189 de
2039 3154 2182 3201 reliquo

1189 3212 1366 3249 dimicare
1395 3226 1465 3262 pro
1494 3213 1584 3259 lide,
1610 3215 1674 3251 sed
1703 3224 1847 3251 tautum
1877 3214 2039 3250 deliciari
2069 3214 2103 3248 in
2126 3226 2179 3247 ea.

1538 3368 1544 3369 ff
1570 3346 1581 3368 ⁵
1599 3348 1690 3379 Pedi.
1716 3360 1794 3377 xxxx
1808 3360 1859 3378 ιιι.
1883 3352 1934 3376 ”),.ι.
2011 3345 2178 3378 ‘'1¹-.<·l.n·,

940 3418 959 3420 -v
983 3405 997 3427 τ’
1016 3401 1023 3428 l
1042 3399 1121 3429 lini.
1139 3409 1167 3428 xi
1184 3422 1190 3432 ,
1210 3402 1240 3428 ἱ).
