2418 3949
204 226 278 262 985

954 229 1019 262 DE
1049 228 1244 264 PASSION
1254 229 1279 262 E
1310 230 1497 264 DOMINI.

200 315 330 352 gamus
358 316 447 351 ergo
475 302 584 338 nobis
609 303 645 338 in
674 302 828 339 {loribus
845 303 936 339 Vitis
959 311 1098 340 nostrae
1119 303 1231 340 1)o-⁴'³

2174 233 2251 267 986

1239 304 1491 341 *excresceret
1505 334 1514 350 ,
1538 314 1574 341 et
1596 319 1732 342 nomen
1755 307 1888 344 Christi
1906 319 1982 343 non
2003 317 2155 357 possent
2173 309 2251 345 sine

203 362 294 398 mini
316 366 403 398 Jesu
433 363 542 412 talem
568 363 785 399 memoriam
803 391 812 408 ,
837 363 946 399 talem
968 364 1194 400 delectatio·
1215 369 1243 401 A
1263 377 1395 413 poena,
1421 366 1476 401 vel
1501 366 1581 401 sine
1608 366 1742 402 timore
1768 366 1957 412 confiteri3
1979 367 2087 404 citius
2104 368 2251 405 audires

204 435 312 468 nem;
332 431 372 458 ut
399 423 571 472 stigmata
598 423 775 460 Crucifixi
805 424 921 459 nostri
947 424 984 459 in
1012 423 1193 459 memoria

196 481 339 531 jugiter
356 483 561 518 retinentes
574 511 583 527 ,
599 483 648 518 ita
665 483 702 518 in
722 482 828 532 ipso,
845 483 908 531 qui
927 483 1028 519 solus
1042 491 1097 518 est
1112 483 1194 518 dul-

200 539 254 576 cis
267 568 276 585 ,
297 540 546 586 delectemur,
565 549 606 576 ut
622 554 752 577 omnes
772 555 840 590 per
859 542 982 590 ipsum
999 542 1194 590 praesentis

202 599 286 635 vitae
318 600 587 636 amaritudines
620 613 862 649 superemus,
889 601 1118 637 mundemur
1147 600 1193 636 ab

202 659 304 694 omni
331 658 487 704 delicto,
511 667 547 695 et
574 659 612 695 in
641 659 750 695 bonis
776 658 954 709 operibus
966 659 1108 707 jugiter
1126 672 1194 708 per

201 717 422 754 humilitatis
446 719 654 754 custodiam
675 732 956 755 conservemur.

535 848 710 886 CAPUT
736 849 858 888 XLV.

495 965 542 994 De
559 962 655 994 odore
682 962 794 994 ssorum
812 964 904 995 Vitis.

1259 436 1322 459 eos
1335 424 1439 472 quod
1451 424 1564 460 corde
1583 434 1734 473 gerunt,
1748 426 1874 474 lingua
1890 427 2107 476 propalare;
2120 436 2157 463 et
2172 440 2251 464 ver-

1260 482 1316 519 bis
1342 483 1453 520 etiam
1478 483 1654 532 abjurare
1671 498 1776 530 eum,
1803 498 1914 534 quem
1937 486 2041 522 factis
2066 485 2252 535 denegare

1260 555 1336 578 non
1359 542 1504 579 timent.
1532 543 1658 579 Simile
1679 553 1734 580 est
1760 544 1807 580 de
1831 545 1976 590 avaris,
1999 546 2063 593 qui
2086 546 2253 582 coelestes

1261 613 1336 636 non
1352 610 1486 637 curant
1503 601 1673 647 divitias,
1689 611 1726 638 et
1741 602 1787 639 de
1805 602 1958 647 invidis,
1977 604 2041 652 qui
2061 604 2252 641 charitatis

1262 660 1410 696 laudem
1437 669 1475 696 et
1494 661 1690 709 praemium
1710 675 1786 697 non
1807 661 2030 709 attendunt,
2048 672 2084 699 et
2104 663 2150 700 de
2170 665 2249 701 ira-

1259 718 1391 754 cundis
1404 747 1413 764 ,
1434 719 1498 768 qui
1519 719 1554 754 in
1572 720 1753 768 patientia
1771 721 1914 757 animas
1934 734 2019 757 suas
2034 735 2110 758 non
2128 725 2250 772 possi-

1260 777 1373 823 dent;
1403 786 1440 814 et
1467 778 1513 814 de
1543 778 1747 825 acediosis,
1775 781 1839 829 qui
1868 793 1938 829 pro
1971 789 2115 818 aeterno
2147 796 2250 819 com—

1262 836 1376 872 modo
1405 836 1554 874 labores
1580 837 1708 874 subire
1731 839 1920 888 refugiunt
1947 841 2192 889 temporales3
2215 851 2252 879 et

1261 895 1308 932 de
1325 896 1543 942 luxuriosis,
1562 898 1627 946 qui
1645 898 1856 934 coelestibus
1875 898 2133 947 voluptatibus
2152 913 2251 937 men-

1262 956 1306 992 tis
1334 956 1485 992 oculum
1518 969 1595 992 non
1627 957 1850 1002 intendunt,
1873 966 1909 993 et
1932 956 1978 993 de
2005 958 2167 1005 gulosis,
2187 961 2251 1009 qui

1261 1027 1396 1064 panem
1430 1015 1536 1051 illum
1571 1015 1875 1052 delicatissimum
1908 1017 2139 1065 Angelorum
2178 1020 2253 1055 suis

259 1076 342 1112 156.
373 1077 551 1124 Superest
572 1083 614 1111 ut
634 1075 734 1112 dulci
752 1079 843 1113 Jesu
861 1076 1064 1126 adjuvante
1088 1076 1190 1113 dica-
1207 1075 1235 1109 B
1254 1073 1376 1123 epulis
1397 1074 1556 1110 terrenis
1575 1082 1813 1123 postponunt
1837 1089 1844 1110 ι
1869 1075 1957 1123 quia
1980 1075 2009 1110 si
2030 1087 2074 1111 ea
2090 1090 2174 1125 quae
2197 1079 2253 1114 fu-

199 1147 304 1179 mus,
335 1133 426 1183 quid
453 1134 500 1170 sit
522 1134 625 1184 quod
659 1147 728 1184 per
750 1135 907 1171 odorem
938 1135 1075 1171 florum
1103 1136 1191 1172 vitis

198 1195 326 1230 omnia
342 1202 526 1230 venenata
546 1194 736 1244 praecipue
754 1195 983 1243 effugentur.
1004 1194 1121 1243 Cujus
1139 1196 1190 1231 rei

196 1254 293 1291 ratio
314 1254 426 1290 citius
446 1254 660 1299 invenitur,
681 1254 710 1290 si
739 1253 831 1302 quid
853 1263 1050 1304 serpentes
1079 1255 1192 1303 signi-

199 1315 327 1360 ficant,
349 1322 586 1363 agnoscatur.
609 1313 721 1361 Quod
745 1322 870 1350 autem
890 1314 935 1350 de
953 1314 1192 1363 serpentibus

196 1374 356 1420 dicitur,
385 1373 432 1410 de
462 1373 543 1410 aliis
574 1386 726 1422 quoque
758 1374 957 1410 venenosis
994 1374 1192 1423 reptilibus

197 1434 414 1483 accipiatur.
443 1433 542 1481 Quid
567 1441 691 1469 autem
716 1434 850 1470 melius
877 1446 946 1483 per
975 1442 1188 1483 serpentes,

197 1506 309 1541 quam
333 1492 539 1529 diabolicas
564 1493 822 1541 suggestiones
851 1493 1105 1542 accipiamus?
1132 1492 1187 1529 Ad

197 1550 481 1587 similitudinem
511 1551 611 1587 enim
637 1559 856 1600 serpentum
879 1560 1028 1600 reptant
1044 1552 1190 1588 occulte

197 1622 266 1658 per
298 1618 440 1646 mentes
472 1609 690 1655 bominum3
714 1609 778 1645 sed
805 1608 953 1654 subito,
979 1610 1048 1646 nisi
1072 1623 1191 1659 agno-

196 1676 371 1715 scantur,
405 1681 552 1705 morsus
588 1669 766 1705 mortales
798 1668 958 1705 incautis
990 1670 1147 1718 affigunt
1179 1683 1187 1705 t

196 1727 300 1777 quod
320 1728 603 1777 praefiguratum
627 1728 833 1777 accipimus
853 1728 889 1764 in
913 1729 997 1765 filiis
1017 1729 1130 1766 lsrael
1152 1729 1190 1765 in

196 1787 347 1823 deserto
361 1799 381 1822 a
392 1785 631 1835 serpentibus
644 1785 906 1822 miserabiliter
918 1787 1154 1836 interemptis
1166 1794 1189 1823 ¹.

1258 1141 1340 1169 tura
1359 1132 1649 1182 promittuntur,
1667 1146 1755 1169 vere
1769 1133 1970 1171 crederent
1984 1163 1993 1180 ,
2012 1149 2250 1185 nequaquam

1258 1192 1417 1228 terrenis
1447 1200 1520 1227 tam
1549 1191 1726 1228 ardenter
1749 1192 1948 1229 inhiarent.
1977 1198 2138 1244 Propter
2163 1208 2252 1243 ergo

1257 1251 1558 1288 incredulitatem
1589 1264 1693 1287 suam
1725 1251 1886 1297 dantur,
1909 1266 1985 1290 non
2014 1255 2135 1291 solum
2164 1255 2252 1290 vul-

1259 1312 1415 1348 nerandi
1448 1326 1516 1361 per
1546 1313 1790 1358 tentationes,
1819 1313 1884 1349 sed
1914 1315 2027 1352 etiam
2053 1315 2250 1352 occidendi

1258 1384 1326 1420 per
1347 1372 1484 1407 veneni
1506 1372 1562 1408 sui
1588 1371 1816 1408 infusionem
1837 1375 2078 1423 serpentibus
2105 1376 2250 1425 ignitis,

1257 1432 1294 1467 id
1333 1439 1407 1475 est,
1449 1430 1686 1467 daemonibus
1717 1431 1818 1468 illius
1850 1434 2001 1470 maximi
2030 1443 2066 1471 et
2092 1436 2251 1472 tortuosi

1257 1491 1443 1540 serpentis
1465 1491 1578 1539 primi
1599 1491 1833 1540 perversoris
1864 1492 2061 1536 ministris,
2084 1494 2149 1542 qui
2168 1495 2252 1530 illos

1256 1564 1382 1587 secum
1415 1558 1659 1599 pervertunt,
1683 1559 1719 1587 et
1747 1551 1932 1587 incendiis
1963 1553 2112 1589 aeternis
2143 1553 2251 1589 addi-

1255 1619 1363 1656 cunt,
1379 1623 1476 1658 quos
1498 1611 1535 1646 in
1565 1610 1632 1646 hac
1656 1611 1731 1647 vita
1750 1611 1925 1648 incendio
1942 1625 2091 1650 suarum
2112 1627 2250 1663 prava-

1259 1683 1340 1706 rum
1363 1671 1646 1719 suggestionum
1668 1680 1934 1721 corrumpunt.

1316 1729 1399 1765 158.
1421 1728 1491 1766 Sed
1507 1728 1714 1765 remedium
1726 1729 1978 1776 attendamus,
1998 1744 2066 1780 per
2077 1731 2181 1780 quod
2194 1732 2250 1768 vi-

1259 1788 1350 1824 tium
1375 1787 1647 1824 incredulitatis
1665 1797 1877 1824 correctum
1905 1798 1971 1825 est.
1994 1791 2100 1826 Dixit
2116 1791 2250 1827 Domi-

197 1845 320 1894 Hujus
348 1845 650 1895 interemptionis
678 1859 827 1883 causam
853 1847 963 1896 ponit
986 1847 1192 1896 Apostolus
1211 1850 1238 1885 C
1255 1861 1325 1884 nus
1341 1848 1387 1884 ad
1404 1851 1560 1897 Moysen
1582 1851 1686 1884 :Fac
1699 1858 1903 1896 serpentem
1919 1864 2081 1895 (eneam,
2103 1860 2141 1886 et
2152 1864 2251 1899 pone

196 1904 327 1942 dicens
353 1919 360 1940 z
394 1907 527 1953 Neque
549 1914 728 1941 tentemus
751 1909 883 1951 Deum,
911 1911 1008 1942 sicut
1034 1909 1188 1954 quidam

195 1978 321 2000 eorum
343 1974 592 2009 tentaverunt,
617 1975 653 2001 et
667 1979 691 2000 (ι
710 1966 939 2014 serpentibus
952 1971 1147 2015 perierunt
1163 1974 1188 2002 ².

197 2023 297 2072 Quid
317 2031 373 2060 est
384 2032 508 2060 autem
523 2032 666 2060 tentare
682 2027 828 2061 Deum?
844 2029 926 2062 Non
945 2025 1100 2062 credere
1118 2030 1190 2062 Do-

197 2083 317 2120 mino.
344 2083 622 2120 Incredulitatis
640 2097 804 2132 namque
825 2084 916 2120 vitio
936 2085 1190 2133 urgebantur,

197 2155 318 2192 eoque
335 2156 356 2179 a
369 2143 608 2192 serpentibus
621 2144 733 2180 occisi
751 2153 851 2180 sunt.
870 2144 969 2192 Quid
990 2153 1046 2181 est
1064 2153 1189 2181 autem

195 2202 400 2249 desertum,
416 2203 453 2239 in
468 2216 545 2251 quo
560 2203 674 2239 occisi
688 2212 787 2248 sunt,
803 2204 872 2240 nisi
887 2204 945 2240 hic
962 2204 1139 2249 mundus,
1151 2206 1188 2240 in

196 2274 274 2311 quo
287 2274 480 2310 vagamur,
494 2274 563 2311 per
578 2262 810 2310 Baptismum
825 2270 1002 2311 tanquam
1018 2262 1191 2300 Rubrum

196 2329 433 2358 transeuntes
451 2335 574 2367 mare,
592 2321 739 2358 liberati
764 2336 833 2372 per
852 2331 1024 2359 nostrum
1040 2323 1191 2372 legisla-

199 2389 318 2417 torem
333 2381 541 2418 Dominum
557 2385 685 2418 Jesum
707 2395 728 2418 a
743 2382 926 2418 servitute
947 2383 1168 2432 AEgyptiaea
1180 2412 1189 2430 ‚

197 2454 270 2490 qua
288 2449 375 2478 ante
395 2441 574 2492 Baptismi
597 2442 753 2490 gratiam
775 2441 1072 2491 premebamur?

254 2501 339 2538 157.
390 2501 427 2538 Si
464 2510 590 2537 autem
626 2501 846 2551 diligentius
885 2502 1169 2539 consideremus
1181 2531 1190 2548 ,

197 2568 332 2596 cuncta
360 2572 458 2609 pene
491 2561 582 2596 vitia
615 2574 661 2596 ex
704 2560 978 2597 incredulitatis
1007 2561 1099 2597 vitio
1132 2561 1192 2597 in—

1256 1911 1292 1942 in
1310 1910 1410 1955 ligno
1430 1917 1548 1944 erecto
1559 1922 1572 1951 ,·
1594 1921 1701 1956 quem
1721 1912 1786 1955 qni
1804 1908 2105 1955 inmitiflterint,
2130 1924 2153 1945 a
2171 1923 2250 1945 ser-

1249 1972 1420 2015 pentium
1438 1967 1617 2003 morsibus
1634 1967 1906 2004 sanabantur&
1932 1968 2046 2017 Cujus
2066 1971 2251 2019 serpentis

1257 2027 1474 2075 mysterium
1504 2028 1583 2076 ipse
1608 2028 1795 2064 Dominus
1823 2031 1932 2064 Jesus
1958 2029 2104 2064 curavit
2130 2042 2250 2078 expo—

1257 2100 1366 2132 nere,
1386 2087 1513 2123 dicens
1538 2101 1544 2122 :

1257 2150 1294 2181 il!
1312 2148 1452 2182 deserto
1466 2175 1476 2190 ,
1498 2151 1550 2182 ita
1571 2150 1735 2181 &calcari
1753 2156 1893 2195 oportet
1911 2150 1944 2183 F
1946 2151 2050 2183 [lium
2067 2150 2251 2191 lamminis,-

1570 2089 1672 2122 Sicut
1688 2090 1834 2134 Mqrses
1849 2091 2032 2123 mallavit
2047 2099 2250 2136 serpentem

1257 2215 1295 2241 ut
1313 2211 1431 2241 onmis
1455 2210 1521 2254 qui
1548 2208 1723 2242 creditit}
1747 2209 1875 2251 illum,
1899 2217 2121 2256 nonpereat
2133 2209 2162 2245 ⁴.
2188 2209 2251 2245 Vi-

1259 2265 1386 2310 desne,
1404 2278 1584 2314 quorsum
1602 2266 1789 2301 feramur?
1806 2269 1967 2302 Prorsus
1983 2266 2029 2302 ad
2045 2267 2250 2303 exaltatum

1258 2325 1295 2360 in
1312 2338 1421 2361 cruce
1442 2325 1646 2374 benignum
1663 2329 1791 2362 Jesum
1807 2352 1816 2369 ‚
1838 2326 1903 2374 qui
1919 2326 2062 2376 optime
2084 2327 2251 2375 serpenti

1257 2396 1364 2420 aeneo
1396 2392 1432 2421 et
1463 2385 1626 2420 exaltato
1661 2392 1916 2433 comparatur.
1952 2388 2114 2434 Serpens
2149 2386 2250 2421 enim

1258 2443 1396 2479 dicitur
1420 2444 1611 2488 mortifer,
1641 2443 1730 2492 quia
1765 2456 1834 2493 per
1865 2444 2143 2494 suggestionem
2175 2458 2253 2481 ser-

1258 2504 1382 2552 pentis
1415 2516 1515 2539 mors
1549 2503 1702 2539 intravit
1733 2503 1771 2539 in
1797 2502 1941 2540 orbem.
1974 2507 2115 2541 sEneus
2140 2518 2252 2550 vero,

1257 2563 1344 2611 quia
1373 2562 1562 2598 charitatis
1593 2562 1702 2597 simul
1723 2570 1760 2598 et
1780 2562 1963 2611 passionis
1985 2561 2134 2611 ignibus
2159 2576 2251 2599 con-

198 2619 395 2656 veniemus
420 2619 523 2656 oriri.
547 2621 639 2667 Quis
663 2620 763 2656 enim
792 2633 926 2657 vanam
950 2620 1080 2657 mundi
1105 2621 1187 2671 glo·
1207 2625 1239 2658 D
1257 2621 1386 2663 ssatus,
1417 2620 1600 2670 passionis
1633 2620 1813 2668 sanguine
1834 2619 2066 2665 rubricatus,
2102 2620 2147 2656 ad
2175 2634 2253 2656 mo-

199 2678 292 2714 riam
319 2687 525 2727 quaereret,
551 2679 581 2714 si
605 2679 770 2728 perfecte
791 2679 962 2716 erederet
984 2680 1093 2716 aliam
1114 2693 1194 2717 esse

199 2737 363 2773 suturam
393 2737 430 2773 in
454 2737 556 2773 coelis
576 2737 944 2785 immarcessibilem,
965 2753 1077 2788 quam
1099 2753 1193 2776 ocu-

203 2798 259 2834 lus
289 2810 367 2833 non
401 2797 514 2843 vidit,
541 2811 610 2834 nec
632 2798 731 2834 auris
763 2798 926 2844 audivit;
958 2812 1027 2835 nec
1060 2800 1097 2835 in
1129 2814 1195 2836 cor

201 2856 362 2893 hominis
391 2857 661 2901 ascenderunt,
694 2870 778 2906 quae
809 2857 1013 2894 humilibus
1040 2872 1195 2895 conser-

201 2919 363 2952 vantur?
393 2920 577 2962 Putasne,
604 2917 689 2953 huic
718 2918 850 2967 gloriae
884 2918 1083 2954 mundanae
1118 2927 1191 2955 tam

197 2977 371 3021 incertae,
400 2989 512 3025 quam
542 2976 766 3013 transitoria·
786 2977 950 3013 animum
973 2978 1192 3014 inclinaret?

201 3039 457 3085 Nequaquam.
491 3035 561 3072 Sed
592 3035 695 3085 quod
726 3037 815 3072 tales
845 3046 1018 3073 asserunt
1046 3051 1084 3073 se
1113 3041 1191 3074 Deo

198 3096 374 3142 credere,
411 3096 588 3145 provenit
617 3110 663 3132 ex
699 3096 861 3146 quadam
898 3097 1192 3141 consuetiuliiw,

198 3155 287 3203 quia
315 3164 434 3192 totum
464 3169 561 3205 pene
592 3155 775 3192 mundum
810 3156 870 3192 tali
905 3156 1034 3192 vident
1062 3166 1098 3192 et.
1125 3169 1193 3191 au-

201 3214 309 3250 diunt
336 3214 408 3250 lide
435 3215 563 3251 teneri.
587 3215 697 3262 Quod
722 3216 749 3251 si
779 3215 986 3251 inlidelium
1016 3229 1194 3251 numerus

1261 2680 1350 2716 dum
1379 2680 1462 2715 aeris
1479 2680 1518 2715 in
1541 2679 1817 2715 resurreetione
1846 2678 2043 2714 induratus
2061 2687 2135 2724 est,
2164 2680 2250 2728 quia

1262 2739 1358 2774 ultra
1387 2751 1461 2774 non
1499 2738 1670 2774 moritur.
1707 2738 1891 2774 Exaltatio
1929 2746 2053 2773 autem
2099 2751 2251 2787 serpen-

1261 2799 1306 2834 tis
1329 2797 1593 2833 exaltationem
1623 2797 1789 2832 crucifixi
1817 2800 1903 2833 Jesu
1928 2798 2074 2845 figurat.
2107 2798 2176 2833 iiie
2196 2807 2251 2833 est

1261 2870 1438 2906 serpens,
1467 2870 1578 2905 quem
1609 2856 1790 2891 increduli
1820 2869 1840 2891 a
1869 2856 2038 2904 malignis
2058 2856 2252 2905 spiritibus

1261 2916 1470 2959 vulnerati,
1503 2915 1548 2951 ad
1570 2915 1828 2951 eredulitatem
1851 2916 2046 2959 conversi,
2070 2916 2096 2951 si
2120 2916 2249 2951 volum

1261 2975 1394 3011 salvari
1408 3004 1416 3019 ,
1439 2975 1625 3023 respicere
1643 2983 1946 3010 comumnentur.
1972 2978 2034 3011 list
2055 2975 2156 3010 enim
2174 2989 2251 3011 ser-

1261 3048 1354 3084 pens
1386 3035 1452 3070 iste
1479 3034 1525 3069 de
1559 3035 1659 3081 virga
1696 3035 1815 3082 Moysi
1846 3036 2146 3070 nausson-matus.
2186 3038 2252 3071 Per

1262 3094 1426 3143 virgaun,
1448 3107 1531 3142 quw.
1556 3101 1610 3128 est
1634 3093 1778 3142 insigne
1805 3094 1971 3141 regium,
1995 3097 2115 3130 Deum
2138 3094 2249 3130 intel-

1262 3155 1331 3202 lige
1359 3168 1364 3188 :
1398 3167 1464 3203 per
1491 3162 1703 3203 serpentem
1734 3167 1847 3198 vero,
1881 3153 1985 3202 eujus
2016 3155 2252 3203 suggestione

1262 3214 1371 3263 primi
1411 3223 1584 3262 parentes
1622 3214 1761 3250 mortui
1792 3223 1900 3258 sunt,
1930 3215 2119 3249 bominem
2148 3228 2250 3249 unu·-

255 3341 572 3379 ·N=1==›.xx1,r..—
592 3347 604 3363 ⁸
623 3346 633 3373 1
655 3344 725 3373 (lor.
751 3353 781 3376 x,
801 3347 833 3372 9.
853 3359 895 3364 -
912 3340 923 3362 3
944 3344 1037 3372 Num.
1057 3353 1111 3371 xxi
1127 3367 1133 3376 ,
1157 3345 1185 3371 ⁸.
1210 3359 1244 3363 -
1264 3341 1275 3365 4
1296 3344 1387 3372 Joan.
1410 3352 1443 3369 ιιι
1459 3364 1465 3372 .
1489 3343 1523 3370 1ἰ
1544 3364 1549 3372 ,
1572 3345 1621 3369 lin.
