2504 3928
338 199 407 233 *Mt

951 206 1070 238 x‘t'tts
1102 207 1333 248 MtS't'ttta,
1367 210 1446 243 51st
1487 207 1767 242 '1'ttACt‘A't'ts

2302 208 2377 244 932

339 273 443 309 labus
471 275 630 314 nostris,
652 284 691 310 ut
724 277 772 311 ita
800 289 874 311 non
901 278 1021 314 solum
1041 281 1241 329 aperiatur,
1262 282 1611 331 scd'‘¹'‘pudicitiam
1638 295 1879 327 consecrans,
1906 283 1952 319 ab
1979 283 2035 319 bis
2066 283 2241 320 omnibus
2267 284 2378 321 debet

338 333 448 367 ctiam
479 334 674 369 claudatur
694 334 730 369 in
754 343 941 384 tcnqmre,
971 347 1009 373 ut
1037 348 1171 375 neutro
1199 342 1322 377 ol'fcn-
1343 346 1368 377 Λ
1392 340 1624 389 temporibus
1648 341 1861 377 abstinere?
1888 342 1960 389 Qui
1977 355 2079 377 suam
2108 343 2239 391 procul
2262 342 2378 380 dubio

338 390 481 427 danius.
504 392 574 428 Sed
601 394 836 443 superposita
867 398 1160 444 apostematibus
1188 401 1326 436 anima-

339 462 420 484 rum
458 451 689 488 infirmarum
722 452 835 489 verba
869 464 1017 501 nostra,
1042 466 1217 507 tauquam
1241 460 1326 496 folia

338 508 522 550 liliorum,
549 512 687 547 saniem
725 513 899 549 vinorum
932 517 1093 552 Domino
1126 517 1327 566 adjuvante

337 566 504 613 ejiciant,
529 579 563 606 ct
589 571 769 607 virtutum
790 572 886 608 vires
908 574 1053 610 valcant
1075 575 1237 612 inserere
1259 591 1326 614 au·

339 625 534 663 «litoribus

649 741 822 780 CAPUT
853 742 1019 783 xxvu.

376 861 422 888 Dc
453 858 531 889 foliis
554 860 607 891 lilii
630 860 826 895 int‘eritwiluis
859 872 886 895 ct
913 866 1144 908 superioribus,
1171 878 1223 897 scu
1249 868 1287 898 de

538 913 708 955 frequentia
734 923 761 946 et
788 918 934 959 parcitate
955 919 1128 950 verborum.

1393 400 1609 449 pudicitiam
1641 413 1714 436 non
1741 401 1917 446 violavit,
1945 409 2047 437 tanto
2081 400 2241 450 majores
2267 400 2380 438 debet

1397 460 1555 496 nomino
1590 460 1746 496 reddere
1777 460 1980 509 gratiarum
2021 461 2207 506 actiones,
2239 469 2379 510 quanto

1395 520 1572 568 majorem
1601 529 1655 555 cst
1682 521 1836 570 gratiam
1868 529 2100 557 consecutus.
2131 524 2253 557 Bonos
2279 521 2379 557 enim

1396 580 1558 627 xirgincs
1578 592 1678 624 csse,
1709 592 1893 615 summum
1921 579 2063 616 bomun
2089 588 2156 625 est,
2174 588 2210 616 et
2235 592 2380 616 summa

1395 638 1524 688 gratia,
1544 638 1632 686 quia
1657 638 1679 674 ii
1705 638 1774 674 soli
1798 647 2008 687 sequuntur
2027 642 2175 688 Agnum
2200 651 2381 688 quocum—

1394 711 1466 747 que
1486 697 1600 733 ierit².
1621 701 1809 744 Quantum
1828 711 1918 734 vero
1936 698 1966 734 is
1989 698 2099 734 etiam
2121 711 2140 734 a
2163 697 2381 746 multipliei-

1396 767 1466 793 tate
1479 756 1681 793 verborum
1697 757 2041 804 debeatabstinere,
2053 758 2136 806 quis
2152 770 2228 793 non
2241 757 2378 803 videat,

1394 830 1476 852 cum
1501 817 1703 865 loquacitas
1721 817 1843 853 omnis
1860 817 1906 853 sit
1924 817 2101 853 indicium
2124 816 2377 865 impudicitiae‚

1392 888 1475 924 qure
1502 888 1735 924 nequaquam
1760 884 1883 925 potest
1905 876 2012 912 simul
2035 889 2114 912 csse
2131 888 2214 912 cum
2234 874 2379 924 pudici-

1392 936 1439 971 tia
1464 935 1656 984 virginali?
1679 935 1931 983 Loquacitatis
1952 948 2042 984 ergo
2066 935 2198 971 vitium
2218 934 2380 970 maxime

1391 993 1558 1028 devitent
1592 992 1753 1042 virgines
1788 992 1934 1041 pudici,
1970 993 1998 1028 si
2035 993 2167 1028 volunt
2202 993 2379 1028 virtutem

387 1046 446 1081 88.
475 1048 570 1094 Quid
594 1057 647 1085 est
670 1058 792 1086 antem
808 1079 816 1095 ,
840 1051 941 1100 quod
962 1053 1039 1101 ipsa
1055 1051 1162 1100 juxta
1187 1061 1322 1088 terram
1343 1053 1368 1086 B
1390 1052 1578 1101 pudicitia»
1591 1064 1826 1088 conservare.
1846 1051 2082 1088 Manifestum
2096 1051 2195 1087 enim
2209 1051 2379 1100 estquod

338 1103 478 1152 majora
499 1116 584 1142 sunt
604 1116 638 1143 et
657 1109 776 1158 plura,
794 1111 967 1160 superius
987 1125 1077 1147 vero
1099 1112 1275 1160 pauciora
1289 1119 1325 1146 ct

335 1163 478 1200 minora
500 1180 506 1200 :
528 1166 596 1202 nisi
617 1168 717 1216 quod
737 1169 806 1204 viri
822 1169 929 1217 justi,
944 1179 978 1206 ct
1000 1171 1189 1219 prcecipue
1209 1170 1325 1219 virgi-

335 1235 420 1268 nes,
442 1234 583 1272 quanto
604 1227 712 1263 altius
739 1228 943 1264 ascendunt
966 1229 1011 1265 ad
1035 1229 1182 1265 culmen
1204 1229 1324 1265 virtu-

336 1290 435 1327 tum,
470 1286 627 1321 terrenis
660 1287 949 1334 cogitationibus
983 1296 1019 1323 et
1056 1287 1323 1336 cupiditatibus

338 1341 431 1377 infra
475 1344 610 1380 relictis
625 1373 633 1387 ‚
670 1354 773 1381 tanto
811 1346 1124 1394 disciplinatiores
1153 1355 1190 1382 et
1221 1354 1323 1382 tanto

335 1401 521 1447 parciores
537 1402 675 1438 debent
693 1416 772 1440 esse
788 1404 824 1439 in
845 1404 994 1440 verbis?
1015 1408 1085 1441 Per
1101 1404 1324 1440 diminutio-

335 1471 417 1494 nem
435 1461 533 1496 enim
552 1462 724 1498 foliorum
742 1463 779 1498 in
801 1464 986 1513 superiori
1009 1472 1110 1513 parte
1127 1463 1323 1513 disciplina

333 1517 536 1554 verborum
559 1520 797 1571 intelligitur;
818 1524 904 1571 quia
927 1523 1153 1573 disciplinati
1182 1523 1322 1572 quique

331 1578 436 1625 quasi
459 1579 732 1617 circumcidunt
753 1590 789 1617 et
806 1590 1010 1618 extenuant
1029 1581 1143 1618 verba
1163 1594 1248 1627 sua,
1274 1594 1321 1618 ne

331 1637 420 1685 quid
438 1637 475 1673 in
494 1639 546 1674 eis
564 1639 751 1687 pudicitiae
764 1670 772 1686 ,
791 1642 847 1677 vel
869 1641 1074 1691 disciplinae
1090 1641 1320 1678 contrarium

331 1696 451 1731 valeat
483 1696 669 1744 inveniri,
705 1712 788 1748 quae
826 1700 1091 1749 indisciplinati
1123 1709 1159 1736 et
1193 1709 1321 1750 turpes

331 1755 560 1805 quicumque
580 1759 683 1795 omni
704 1759 898 1796 honestate
919 1760 1099 1806 carentia,
1121 1761 1268 1811 turgida
1288 1769 1324 1797 et

1391 1112 1428 1147 in
1453 1111 1691 1159 multiloquio
1712 1124 1787 1146 non
1806 1110 1924 1146 deerit
1948 1108 2176 1159 peccatum3,
2200 1110 2263 1146 sed
2281 1123 2379 1159 pau-

1391 1170 1490 1206 latim
1509 1169 1555 1206 ab
1574 1170 1702 1206 otiosis
1726 1169 1852 1206 verbis
1873 1169 1918 1206 ad
1941 1169 2192 1206 detractiones
2211 1169 2376 1214 venitur,

1390 1229 1510 1265 donec
1532 1228 1679 1264 tandem
1700 1229 1745 1265 ad
1771 1237 1917 1277 apertas
1940 1228 2186 1265 contumelias
2203 1241 2380 1277 prorum-

1390 1297 1513 1336 patur.
1550 1288 1684 1337 Arguit
1721 1297 1843 1324 autem
1882 1287 2145 1336 loquacitatem
2187 1287 2378 1337 apostolus

1388 1349 1405 1382 J
1413 1345 1570 1390 acobus,
1590 1347 1638 1382 ita
1656 1346 1784 1382 (licens
1800 1361 1807 1382 :
1825 1349 1865 1382 Si
1883 1351 1966 1394 quis
1983 1355 2091 1394 putat
2111 1360 2149 1381 se
2169 1349 2376 1395 religiosum

1389 1418 1476 1449 esse,
1494 1419 1566 1440 mm
1587 1405 1779 1452 refrenans
1801 1408 1962 1453 liugnam
1983 1419 2101 1450 snam,
2119 1408 2186 1441 sed
2201 1407 2377 1441 seducens

1389 1476 1448 1498 cor
1467 1477 1593 1507 suum,-
1610 1463 1716 1509 lmjas
1733 1477 1838 1499 vana
1859 1472 1911 1498 est
1929 1465 2056 1511 religio
2070 1464 2098 1500 4.
2121 1467 2240 1500 Nemo
2260 1464 2373 1512 igitur

1388 1521 1457 1558 sibi
1478 1521 1523 1558 de
1544 1521 1736 1571 religionis
1756 1521 1884 1558 habitu
1906 1521 2144 1568 blandiatur,
2165 1523 2230 1572 qui
2251 1523 2375 1560 adhuc

1388 1581 1552 1631 linguam
1573 1594 1676 1618 suam
1694 1594 1770 1617 non
1792 1581 1921 1618 didicit
1937 1582 2104 1630 religare.
2127 1582 2255 1632 Religa
2274 1591 2374 1620 tuam

1387 1641 1550 1690 linguam
1565 1668 1574 1685 ‚
1594 1641 1623 1677 si
1645 1641 1699 1677 vis
1715 1653 1794 1676 esse
1816 1641 2024 1689 religiosus,
2042 1641 2130 1690 quia
2145 1641 2224 1677 siue
2240 1642 2377 1691 linguae

1390 1700 1608 1749 religatione
1638 1699 1768 1749 religio
1797 1713 1891 1736 vana
1912 1708 1979 1735 est.
2004 1699 2114 1737 Unde
2141 1703 2269 1737 Patres
2291 1714 2379 1738 san-

1389 1759 1539 1796 ctissimi
1556 1759 1775 1808 religionum
1792 1759 2039 1804 institutores,
2052 1767 2233 1796 eteorum
2248 1772 2379 1809 sequa-

333 1814 459 1850 inflata
477 1816 664 1853 emittunt.
684 1821 753 1854 Per
774 1819 997 1867 paucitatem
1021 1832 1109 1855 vero
1132 1819 1320 1866 soliorum,
1340 1820 1367 1855 C
1386 1831 1445 1854 ces
1460 1819 1743 1868 sapientissimi,
1760 1818 1855 1854 sicut
1870 1830 1889 1854 a
1907 1818 2045 1867 Spiritu
2063 1817 2256 1867 sapientiae
2273 1818 2375 1855 docti

330 1872 533 1910 verborum
553 1877 718 1925 paucitas
739 1878 1008 1914 convenienter
1031 1878 1212 1928 accipitur
1233 1892 1240 1914 :
1262 1878 1322 1914 cui

331 1945 461 1968 omnes
479 1933 566 1971 boni
594 1944 697 1972 tanto
718 1937 832 1988 magis
851 1937 1021 1981 student,
1044 1946 1186 1986 quanto
1203 1938 1323 1974 virtu-

331 1999 408 2026 tum
428 1993 581 2029 culturae
606 1994 803 2032 viciniores
820 1996 998 2032 existunt.
1019 1996 1129 2033 tssnde
1146 1996 1191 2032 de
1212 1996 1323 2033 fratre

329 2052 513 2100 quodam,
534 2055 597 2103 qui
618 2055 759 2093 discere
785 2056 953 2101 volebat,
973 2066 1007 2093 et
1026 2058 1133 2106 quasi
1157 2058 1193 2093 in
1213 2070 1321 2094 usum

330 2111 511 2149 reducere
545 2114 680 2164 lingua»
712 2117 1008 2160 correctionem,
1049 2117 1185 2165 legitur
1219 2116 1322 2166 quod

331 2173 529 2220 quemdam
562 2188 629 2223 per
655 2176 855 2213 triennium
887 2177 1048 2226 lapidem
1079 2176 1254 2226 portabat
1285 2176 1322 2213 in

333 2245 398 2266 ore
424 2247 431 2267 :
457 2233 503 2268 de
532 2234 604 2269 alio
639 2248 750 2281 vero,
779 2236 881 2285 quod
912 2237 1060 2285 triginta
1093 2249 1211 2272 annos
1247 2248 1323 2272 non

334 2290 452 2327 suerat
478 2292 624 2329 locutus
646 2295 861 2343 quidquam.
890 2295 1068 2332 Videmus
1092 2296 1235 2344 plures,
1259 2296 1323 2344 qui

336 2349 425 2385 dum
444 2351 479 2386 in
499 2353 684 2401 principio
703 2353 789 2390 boni
810 2355 1005 2403 propositi,
1025 2363 1061 2390 et
1078 2354 1200 2391 adbuc
1216 2355 1323 2402 quasi

335 2408 445 2444 vicini
473 2417 603 2455 terrae,
628 2411 783 2459 pristina
810 2411 910 2448 ducti
939 2412 1230 2457 consuetudine,
1254 2426 1322 2448 nec

335 2467 574 2513 modestiam,
603 2483 670 2505 nec
697 2471 918 2519 paucitatem
947 2470 1148 2507 verbm-um
1176 2471 1323 2507 valeant

335 2527 554 2574 observare,
573 2543 735 2578 quorum
759 2529 871 2566 verba
891 2531 1133 2579 designantur
1152 2543 1218 2580 per
1239 2531 1323 2567 folia

335 2590 399 2627 lilii
419 2589 528 2638 juxta
561 2596 696 2624 terram
727 2603 732 2623 :
764 2588 992 2638 procedente
1019 2603 1108 2626 vero
1137 2598 1320 2639 tempore,

334 2650 527 2699 gratiaque
543 2648 742 2684 accedente
763 2647 967 2683 secundum
988 2648 1197 2697 profectum
1213 2661 1321 2684 suum

335 2710 578 2745 moderantur
604 2706 737 2751 verba,
764 2706 990 2755 studentque
1016 2708 1178 2753 silentio,
1203 2708 1252 2744 ita
1280 2716 1321 2744 ut

333 2783 406 2805 non
434 2769 554 2805 solum
579 2781 712 2817 prava,
732 2766 795 2803 scd
812 2767 922 2803 etiam
942 2767 1061 2803 otiosa
1078 2767 1256 2804 devitent.

384 2829 445 2863 89.
468 2828 533 2865 Cui
559 2834 680 2862 autem
710 2825 897 2862 bonorum
925 2827 1034 2862 statui
1059 2825 1190 2863 melius
1214 2839 1320 2862 com-

333 2888 425 2936 petit
457 2886 651 2935 disciplina
681 2893 715 2919 ct
750 2884 915 2933 paucitas
952 2883 1174 2929 verborum,
1208 2897 1319 2932 quam

334 2961 346 2980 x
361 2947 467 2996 irgini
492 2945 650 2982 Christi?
667 2948 756 2980 Nam
777 2943 804 2978 si
826 2944 927 2978 omni
952 2943 1095 2979 bomini
1121 2943 1322 2979 christiano

332 3007 560 3055 praecipitur,
583 3013 619 3039 ut
651 3018 716 3039 ncc
746 3004 1036 3052 turpiloquium,
1062 3017 1129 3039 nec
1156 3004 1322 3040 scurrili-

332 3076 384 3101 tas
411 3064 588 3114 proccdat,
611 3077 654 3098 cx
683 3077 747 3098 ore
779 3076 929 3107 corum,
956 3063 1018 3099 sed
1048 3063 1161 3111 magis
1186 3064 1324 3112 gratia-

333 3138 414 3160 rnm
448 3124 585 3167 actio¹3
615 3130 757 3169 quanto
779 3122 892 3169 magis
919 3122 1046 3167 virgo,
1075 3135 1142 3156 suo
1162 3122 1324 3158 Domino

384 3263 390 3276 ¹
417 3255 529 3296 l‘plws.
552 3267 581 3286 v.
614 3256 636 3283 ’4.
665 3272 700 3275 -—-
732 3259 740 3273 ⁷
770 3255 865 3293 Apus.
888 3264 957 3289 xix,
993 3255 1015 3282 ἰ.
1041 3271 1074 3274 --

333 3321 478 3346 cxxxix,
506 3312 554 3339 1¹2.

1110 3253 1116 3272 ”
1140 3257 1227 3283 l‘iox.
1256 3266 1296 3286 x.
1328 3258 1375 3284 tu.
1399 3271 1439 3275 ——·
1469 3254 1480 3277 *i
1506 3252 1614 3283 Jacobi
1640 3264 1671 3287 t,
1702 3256 1751 3281 20.
1779 3269 1804 3272 —

1389 1877 1556 1923 fuerant,
1593 1877 1758 1914 districte
1794 1877 2040 1913 instituerunt
2073 1876 2375 1914 observationem

1388 1938 1524 1973 silentii
1546 1951 1552 1972 ε
1577 1951 1652 1974 non
1676 1938 1891 1986 ignorantes
1911 1937 1998 1985 quia
2019 1937 2113 1973 sicut
2133 1935 2222 1973 urbs
2242 1945 2374 1987 patens

1388 2005 1424 2034 et
1450 1997 1591 2047 absque
1622 2010 1818 2034 murorum
1850 1996 2015 2042 ambitu,
2046 1997 2095 2033 ita
2125 1997 2184 2033 vir
2206 1997 2271 2046 qui
2299 2010 2375 2034 non

1388 2065 1511 2106 potest
1535 2057 1572 2093 in
1607 2056 1797 2105 loquendo
1821 2056 1992 2105 spiritum
2023 2068 2130 2091 suum
2163 2054 2375 2092 cohibere5.

1390 2119 1457 2160 Et,
1477 2116 1571 2152 sicut
1595 2116 1762 2153 Psalmus
1781 2115 1831 2151 ait
1855 2129 1862 2151 ε
1886 2117 1949 2150 Vir
1971 2117 2158 2163 linguosus
2183 2128 2256 2150 non
2281 2116 2376 2150 cliri-

1387 2184 1493 2224 ἒ«μίαν
1517 2179 1553 2211 in
1584 2173 1721 2210 tert-(1⁶.
1754 2174 1884 2210 Sciunt
1916 2173 2027 2209 etiam
2060 2173 2231 2210 homines
2263 2173 2377 2222 spiri-

1391 2235 1528 2279 tuales,
1547 2235 1611 2283 qui
1631 2235 1701 2271 hoc
1725 2233 1871 2283 experti
1892 2242 2000 2278 sunt,
2026 2242 2208 2281 quantum
2231 2233 2376 2269 auferat

1390 2294 1615 2339 devotionis,
1630 2302 1812 2342 quantum
1827 2292 1957 2328 afferat
1973 2292 2228 2329 dissolutionis
2243 2292 2377 2328 intrin-

1390 2367 1495 2390 secus
1512 2353 1686 2401 frequens
1704 2353 1840 2400 linguae
1859 2352 2050 2388 resolutio.
2068 2354 2161 2387 Nam
2183 2351 2278 2388 sicut
2298 2352 2378 2387 for-

1389 2425 1460 2448 nax
1474 2439 1482 2455 ,
1506 2411 1610 2460 cujus
1629 2425 1671 2447 os
1693 2424 1841 2459 semper
1861 2418 2032 2460 apertum
2055 2418 2131 2456 est,
2152 2423 2227 2447 non
2251 2418 2376 2460 potest

1389 2472 1425 2507 in
1444 2485 1481 2507 se
1501 2471 1662 2507 retinere
1683 2471 1868 2507 fervorem
1891 2484 1898 2506 :
1921 2470 1972 2505 sic
1994 2482 2062 2506 nec
2080 2483 2147 2506 cor
2162 2469 2376 2507 devotionis

1390 2531 1425 2566 in
1447 2543 1485 2566 sc
1508 2530 1645 2580 poterit
1664 2530 1818 2579 gratiam
1841 2542 2086 2574 conservare,
2107 2528 2215 2578 cujus
2234 2542 2276 2566 os
2297 2542 2375 2566 non

1342 2591 1371 2624 D
1391 2590 1501 2626 fucrit
1514 2589 1629 2638 janua
1650 2589 1785 2626 silentii
1803 2589 2002 2625 reclusum.
2020 2587 2245 2625 Claudamus
2264 2588 2377 2638 igitur

1388 2662 1430 2685 os
1444 2657 1633 2693 nostrum,
1648 2657 1687 2684 ut
1702 2662 1785 2685 cum
1799 2647 2012 2684 devotionis
2027 2647 2174 2683 fervore
2185 2647 2374 2685 Christum

1388 2708 1600 2744 devotionis
1621 2708 1834 2757 largitorem
1859 2707 1895 2743 in
1922 2706 2082 2743 ferventi
2103 2706 2239 2744 affectu
2259 2706 2375 2743 animi

1388 2768 1573 2817 possimus
1593 2779 1830 2803 conservare.

1441 2828 1502 2863 90.
1525 2830 1599 2863 Vos
1621 2835 1743 2862 autem
1767 2825 1979 2874 praecipuc,
2002 2837 2024 2860 0
2045 2823 2207 2873 virgines
2227 2836 2375 2873 sponsae

1389 2885 1544 2928 Cbristi,
1569 2886 1704 2920 intrate
1732 2885 1770 2920 in
1795 2883 2010 2920 cubiculum
2032 2882 2156 2919 cordis
2182 2883 2318 2928 vestri,
2339 2891 2375 2919 et

1388 2945 1513 2980 clauso
1530 2943 1625 2978 ostio
1641 2943 1715 2978 oris
1733 2943 1845 2978 vestri
1863 2950 1968 2977 orate
1989 2940 2230 2985 familiariter,
2250 2941 2376 2977 humi-

1390 3004 1484 3047 liter,
1506 3001 1807 3050 lacrytmibiliter,
1826 3001 2006 3044 hilariter,
2027 2999 2198 3044 dulciter,
2217 2999 2375 3035 fiducia-

1390 3063 1473 3098 liter
1488 3074 1666 3110 sponsum
1691 3069 1868 3104 vestrum,
1888 3072 2010 3109 regem
2031 3066 2209 3103 vestrum,
2229 3066 2373 3107 patrem

1390 3129 1570 3165 vestrum,
1587 3128 1621 3154 et
1639 3119 1926 3154 consolatorem.
1945 3116 2133 3154 Effundite
2151 3129 2276 3153 coram
2294 3117 2371 3162 illo,

1846 3249 1857 3271 '³
1882 3253 1971 3281 Prox.
1999 3261 2075 3282 xxv.
2104 3253 2157 3280 28.
2187 3268 2226 3271 —
2252 3247 2267 3271 ⁶
2293 3250 2370 3280 l’sat.
