2418 3949
98 181 171 220 257

771 186 817 220 IN
849 183 1075 230 CANTICA,
1104 184 1267 220 SERMO
1296 184 1490 220 XXXVII.

2077 182 2150 219 258

96 272 193 297 unus
217 268 294 307 est,
324 259 408 309 quis
438 258 491 296 ibi
522 259 674 295 hortum
703 272 783 296 esse
813 260 993 297 deliniat?
1026 259 1236 297 Sic'²¹lieri
1254 259 1494 296 viderentur?
1511 259 1764 296 Perfectorum
1782 258 1924 295 solidus
1941 258 2047 296 cibus
2064 268 2140 296 est:

93 331 163 356 nec
183 331 258 355 una
277 318 454 355 castitatis
480 318 684 368 plantati0‚
705 318 770 356 sed
793 331 862 355 nec
885 332 958 355 una
975 318 1082 368 justi·
1099 320 1130 353 A
1147 326 1335 366 quotquot
1352 327 1474 355 tamen
1492 318 1529 354 in
1552 317 1660 354 nohis
1680 318 1889 368 imperfecti
1913 327 2018 364 sunt,
2035 331 2139 355 esum

93 378 153 415 tiae
178 378 279 415 horti
297 386 421 428 potest
446 377 695 427 integritatem
714 378 879 427 explere.
902 379 1079 414 Salomon

87 436 152 485 qui
179 436 360 474 delicatus
379 445 416 473 et
437 437 596 473 tenellus
624 436 745 474 dictus
773 443 876 483 est¹,
900 436 979 486 ipse
1008 435 1078 473 sibi

90 495 176 532 fecit
202 495 333 532 hortos
353 504 389 532 et
411 495 601 545 pomaria,
623 504 660 532 et
686 495 855 532 consevit
882 508 925 532 ea
951 496 1076 533 cuncti

87 555 236 604 generis
249 554 459 592 arboribus.
474 557 557 591 Non
570 582 580 600 ‚
598 554 742 592 Arbore
758 559 917 600 consevi,
933 554 1076 603 inquit3

87 613 153 651 sed
164 642 175 660 ‚
196 613 408 650 arboribus:
427 627 496 650 nec
507 642 517 660 ‚
537 614 658 652 Unius
671 614 817 662 generis
825 629 835 660 ;
851 613 936 658 sed,
954 618 1078 650 cuncte·

85 679 242 722 generis.
265 676 453 710 Exstruoez·
463 702 475 719 ,
503 673 649 722 inquit,
667 675 759 709 milei
771 677 938 722 piscinas
956 686 1078 721 aqua-

87 744 190 778 rum,
220 741 261 768 ιιι
284 736 476 780 irrigarem
496 734 624 767 silvam
653 734 834 780 lignorum
852 734 1072 780 germinan-

86 795 176 827 tium
193 797 219 827 ².
239 791 352 828 Dives
383 791 536 840 quidem
561 792 598 827 in
619 791 778 838 deliciis,
808 792 872 841 qui
892 805 970 828 non
989 805 1073 829 rara

86 851 206 900 ligna,
226 858 264 886 et
285 863 367 899 quae
386 863 464 900 prae
482 851 668 900 paucitate
694 851 883 887 numerari
903 859 940 887 et
959 851 1073 888 scribi

86 918 259 960 possent3
286 909 351 947 sed
379 910 560 959 integram
579 910 746 960 possedit
770 911 925 956 silvam,
942 911 1072 947 silvam

85 969 272 1018 lignorum
298 970 602 1018 germinantium.
630 973 673 1006 In
702 969 815 1006 horto
845 970 986 1019 quippe
1011 983 1073 1007 sa-

1144 378 1289 413 olerum
1306 377 1569 427 dedignantur.
1584 382 1675 426 Quae
1692 378 1933 415 saecularibus
1948 378 2064 415 licent
2077 379 2139 414 in-

1143 436 1280 483 firmis,
1301 438 1438 474 nostris
1454 450 1522 473 nec
1538 437 1778 482 exhibentur,
1796 451 1864 475 nec
1882 437 1951 487 ipsi
1970 438 2138 487 exigunt.

1140 495 1254 545 Apud
1280 509 1350 532 nos
1377 496 1542 545 perfecta
1567 496 1766 544 professio,
1789 496 1962 546 quamvis
1987 496 2138 532 infirma

1141 555 1319 605 expletio.
1340 556 1518 592 Perfectae
1535 556 1805 608 plantationes,
1823 558 1888 593 sed
1907 557 2138 593 incrementa

1142 614 1305 651 infirma.
1329 615 1534 663 Irrigandae
1555 623 1643 651 suut
1663 624 1704 651 ut
1724 624 1912 662 crescant,
1933 616 1998 652 sed
2022 616 2137 666 spiri-

1144 672 1306 709 tualibus
1327 673 1444 721 aquis.
1472 673 1608 709 Paulus
1627 671 1723 709 bene
1744 675 1851 710 novit
1875 674 2012 722 quibus
2032 675 2138 724 aquis

1142 732 1350 781 quemlibet
1380 732 1532 768 hortum
1563 732 1706 781 irriget.
1741 732 1959 782 Conjugatis
1989 735 2136 783 copulat

1138 790 1318 828 maritalis
1349 804 1457 828 usum
1488 790 1718 840 dispensat0',
1738 792 1956 828 consolatur
1976 794 2135 841 pusilla-

1138 850 1278 896 nimes,
1300 850 1456 900 suscipit
1473 850 1643 887 infirmos
1653 858 1680 896 7,
1698 850 1911 887 carnalibus
1927 860 2061 900 potum
2081 853 2136 889 lac

1137 908 1320 958 praebet⁸‚
1350 909 1571 959 sapientiam
1595 909 1763 958 loquitur
1786 909 2044 959 spiritualibus
2072 911 2137 958 qui

1139 967 1349 1017 dijudicant
1369 969 1517 1015 omnia,
1538 969 1759 1018 sapientiam
1781 977 1907 1005 autem
1928 982 2005 1005 non
2026 969 2137 1018 hujus

84 1027 233 1077 pientiae
251 1028 343 1065 nihil
363 1028 506 1074 sterile,
526 1029 585 1064 'nil
607 1041 681 1065 non
707 1028 936 1079 germinans.
960 1029 1018 1067 Sic
1039 1037 1076 1066 et
1097 1030 1123 1064 B
1140 1029 1286 1074 saeculi,
1303 1028 1368 1065 sed
1385 1042 1468 1077 quae
1488 1041 1533 1064 ex
1552 1032 1632 1065 Deo
1649 1037 1722 1073 est,
1739 1028 1960 1077 sapientiam
1981 1028 2135 1065 abscon-

84 1099 222 1137 sponsa
253 1087 378 1137 plures
403 1087 517 1125 habet
537 1088 687 1135 hortm,
717 1097 755 1125 et
783 1089 908 1125 cuncti
927 1090 1074 1140 generis

86 1146 267 1183 virtutum
302 1147 454 1197 copiose
483 1147 652 1198 virgultis
682 1155 738 1185 est
765 1148 922 1185 consita.
956 1152 1002 1185 Et
1033 1149 1072 1185 in

86 1205 329 1255 sequentibus
353 1219 500 1257 sponsae
518 1219 679 1257 sponsus
703 1207 899 1257 applaudit
916 1207 1069 1245 dicens:

91 1265 189 1311 Qaoe
204 1265 348 1301 habitas
362 1269 399 1302 in
420 1266 536 1303 hortis
547 1293 557 1312 ,
573 1270 687 1302 amici
701 1271 910 1303 auscultant
931 1276 966 1303 te
980 1282 992 1302 .-
1001 1266 1075 1316 fac

89 1336 147 1359 me
170 1326 302 1360 audc're
330 1338 457 1360 vocem
477 1334 580 1362 tuam
598 1323 625 1361 ³.
651 1329 743 1362 Jure
771 1325 944 1363 omnino.
975 1326 1075 1374 Quid

86 1382 186 1419 enim
214 1382 286 1420 nisi
313 1383 421 1420 dulce
444 1384 653 1421 auscultare
681 1384 756 1430 illi,
786 1398 869 1434 quae
890 1385 927 1421 in
956 1386 1076 1422 hortis

87 1448 266 1487 moratur,
281 1449 318 1478 et
334 1441 380 1478 de
398 1441 517 1479 hortis
534 1442 730 1491 loquitur?
746 1445 831 1480 Non
851 1443 1003 1480 auditur
1023 1444 1076 1489 fo-

87 1499 138 1537 ris
165 1513 241 1537 vox
265 1499 366 1550 ejus,
392 1514 460 1538 nec
487 1510 592 1539 extra
620 1501 773 1538 hortum
800 1502 913 1539 :ideo
937 1503 1077 1540 amicus

87 1566 143 1594 est
158 1559 223 1607 qui
250 1559 290 1596 in
308 1559 429 1597 hortis
446 1568 701 1596 commoratur
727 1574 811 1597 cum
832 1574 888 1598 ea.
910 1564 985 1598 Nec
1002 1570 1075 1598 tam

89 1617 125 1654 in
143 1617 262 1654 hortis
283 1626 340 1655 est
357 1631 468 1667 quam
485 1618 618 1656 hortus
642 1619 734 1668 ipse.
760 1623 844 1670 Ipsa
860 1620 993 1658 hortus
1005 1649 1015 1666 ‚
1038 1629 1076 1658 et

88 1677 169 1726 ipse
192 1677 295 1723 sons,
323 1677 438 1727 hujus
464 1678 594 1716 hortos
618 1679 799 1716 doctrinae
827 1692 902 1717 suae
928 1680 1078 1718 fluentis

88 1735 259 1785 irrigans.
278 1737 380 1774 Felix
401 1750 558 1788 sponsa,
576 1751 660 1788 quae
676 1751 753 1775 non
772 1738 887 1776 habet
904 1739 975 1776 nisi
993 1740 1078 1777 hor-

90 1802 146 1833 tos
170 1795 339 1846 irrigare.

140 1854 178 1891 3.
213 1857 273 1891 An
305 1867 382 1892 non
412 1855 451 1892 in
483 1855 556 1894 hoc
581 1857 766 1906 frequenti
797 1866 987 1895 conventu
1023 1867 1079 1896 tot

87 1911 204 1959 horti,
226 1922 320 1961 quot
341 1914 483 1951 animi?
506 1918 666 1965 Propter
683 1916 966 1953 unanimitatem
981 1917 1077 1954 hor-

89 1977 149 2007 tus
167 1983 264 2008 unus
286 1985 293 2007 :
313 1981 471 2022 propter
487 1972 705 2012 differentes
721 1975 857 2024 gratias
875 1975 975 2012 horti
993 1977 1079 2026 plu-

86 2041 158 2065 res.
186 2030 339 2067 Utinam
362 2031 400 2068 in
428 2031 486 2069 his
503 2032 622 2070 hortis
650 2034 753 2070 nulla
770 2034 876 2070 radix
897 2035 1078 2071 amaritu-

88 2087 186 2125 dinis
227 2101 376 2127 sursum
417 2092 622 2141 germinet,
662 2093 808 2130 nullum
849 2093 896 2130 sit
934 2094 1077 2144 lignum

88 2145 238 2195 inutile,
259 2149 403 2186 nullum
421 2150 525 2199 quod
542 2151 694 2188 hortum
715 2165 860 2202 sponsae
876 2153 1074 2200 dedeceat;

88 2206 213 2244 nullus
229 2208 275 2245 sit
291 2208 351 2244 hic
373 2209 504 2247 hortus
520 2210 663 2247 olerum
678 2239 688 2257 ,
710 2211 799 2260 quia
822 2212 924 2248 olera
940 2211 1077 2248 herba-

87 2278 170 2302 rum
197 2267 270 2303 cito
293 2268 468 2305 decident
483 2269 512 2305 ⁴.
544 2271 620 2315 Qui
645 2275 768 2316 enirn,
796 2271 939 2320 inquit,
972 2275 1008 2307 ιή
1037 2285 1077 2307 1·-

86 2337 168 2360 mus
195 2334 266 2373 est,
291 2328 371 2362 olus
395 2329 593 2364 manducet
605 2326 632 2365 ⁵.
661 2332 738 2366 Vos
756 2338 882 2366 autem
912 2329 1077 2368 oleribus

87 2395 164 2420 non
175 2383 348 2434 indigetis
358 2387 463 2434 quasi
478 2387 631 2424 infirmi.
647 2388 756 2436 Quod
769 2389 868 2425 enim
883 2389 1074 2427 infirmum

86 2451 143 2480 est
169 2444 207 2481 in
238 2444 365 2491 vobis,
387 2446 522 2483 fortius
551 2455 606 2483 est
631 2447 885 2485 saecularibus.
917 2449 1074 2486 Illorum

85 2501 282 2540 infirmitas
309 2505 468 2552 quiescit
487 2505 524 2541 in
549 2506 675 2553 licitis;
692 2507 738 2543 ad
759 2508 924 2557 perfecta
950 2516 1075 2545 vestra

1141 1086 1256 1122 ditam
1275 1086 1315 1122 in
1335 1086 1529 1136 mysterio.
1551 1090 1598 1123 Et
1617 1086 1647 1123 si
1667 1087 1751 1135 quis
1768 1086 1862 1122 alius
1883 1086 2051 1135 loquitur
2072 1087 2138 1122 de-

1139 1158 1266 1181 corem
1287 1145 1422 1182 domus
1443 1145 1619 1192 Domini,
1641 1145 1767 1182 locum
1788 1144 2030 1182 habitationis
2049 1147 2135 1196 glo—

1140 1204 1204 1241 riae
1219 1203 1301 1253 ejus
1314 1233 1323 1250 ,
1342 1204 1496 1241 thalami
1514 1204 1685 1250 delicias,
1706 1203 1883 1253 gaudium
1905 1217 1981 1253 quo
2001 1204 2139 1254 gaudet

1139 1277 1301 1315 sponsus
1329 1277 1444 1314 super
1471 1277 1670 1315 sponsam,
1700 1273 1736 1301 et
1762 1277 1839 1313 quo
1867 1264 2028 1300 vicissim
2059 1265 2141 1314 ipsa

1139 1322 1306 1373 gaudens
1322 1323 1460 1372 gaudet
1478 1324 1518 1359 in
1537 1322 1723 1369 Domin05
1748 1323 1859 1371 plane
1874 1321 1934 1358 hic
1955 1335 2031 1358 non
2052 1322 2140 1358 hor-

1142 1390 1219 1419 tum
1236 1383 1382 1419 olerum
1397 1381 1552 1430 irrigare
1567 1381 1703 1418 talibus
1717 1380 1830 1417 debet
1843 1382 1962 1430 aquis.
1983 1382 2139 1418 Anima-

1141 1442 1185 1478 lis
1202 1442 1301 1479 enim
1319 1442 1434 1478 homo
1456 1454 1531 1477 non
1548 1441 1710 1491 percipit
1727 1455 1769 1477 ea
1785 1454 1870 1490 quae
1885 1449 1972 1477 sunt
1986 1441 2140 1490 spiritus

1139 1501 1210 1538 Dei
1220 1508 1247 1538 9.
1266 1504 1311 1538 Et
1328 1501 1485 1537 omnino
1505 1501 1676 1550 quisquis
1693 1500 1901 1549 spiritualia
1917 1501 1975 1536 vel
1997 1500 2136 1550 agenda

1140 1561 1333 1611 praecipit,
1354 1561 1411 1597 vel
1433 1559 1675 1610 intelligenda
1697 1559 1900 1609 proponit,
1924 1573 2052 1596 nonne
2073 1560 2139 1596 tibi

1140 1620 1290 1656 videtur
1317 1619 1529 1656 aromaticis
1559 1620 1598 1655 in
1626 1618 1746 1654 hortis
1771 1618 1877 1667 quasi
1906 1618 1989 1654 sons
2017 1631 2137 1668 purus

1142 1681 1319 1716 manare?
1351 1681 1396 1715 Et
1428 1678 1525 1714 bene
1559 1690 1698 1728 purus,
1719 1677 1779 1713 cui
1808 1690 1883 1713 non
1910 1686 1966 1714 est
1988 1691 2139 1715 necesse

1143 1746 1301 1789 propter
1320 1737 1536 1774 auditorum
1562 1735 1857 1786 perfectionem,
1877 1736 1941 1785 qui
1961 1736 1999 1772 in
2021 1736 2140 1773 hortis

1099 1798 1126 1834 C
1144 1798 1377 1847 auscultant,
1395 1797 1465 1833 nisi
1479 1796 1526 1832 de
1546 1795 1749 1846 spiritualis
1771 1795 1856 1831 vitae
1875 1795 2039 1845 puritate
2061 1796 2133 1833 dis-

1142 1866 1297 1906 putare,
1330 1864 1368 1893 et
1403 1856 1509 1905 quasi
1540 1854 1704 1905 paradisi
1734 1853 1867 1891 incolis
1899 1854 1945 1890 de
1975 1855 2139 1904 paradisi

1143 1916 1349 1965 propinare
1367 1914 1531 1951 fluentis.

1195 1975 1232 2011 4.
1255 1978 1370 2012 Juxta
1392 1974 1493 2010 hunc
1510 1985 1661 2010 sensum
1674 2000 1684 2018 ,
1705 1971 1859 2007 hortum
1876 1971 2067 2009 auditores
2084 1973 2139 2009 in-

1145 2034 1266 2083 tellige
1280 2062 1290 2079 ,
1309 2033 1448 2069 fontem
1466 2032 1655 2068 doctores.
1674 2030 1745 2067 Sed
1767 2030 1798 2067 si
1816 2030 1899 2066 fons
1917 2039 2004 2067 sunt
2017 2060 2026 2076 ,
2046 2045 2140 2081 quo-

1143 2092 1258 2130 modo
1281 2092 1444 2142 puteus?
1473 2090 1597 2128 Nostis
1629 2089 1729 2126 enim
1759 2097 1944 2138 quantum
1975 2090 2074 2126 inter
2100 2104 2139 2127 se

1142 2150 1282 2187 distent
1308 2150 1345 2186 hi
1369 2149 1451 2186 noti
1476 2148 1597 2184 fontes
1623 2155 1660 2183 et
1687 2147 1805 2196 putei.
1830 2151 1969 2184 Puteus
1999 2148 2139 2185 infodi-

1144 2218 1218 2255 tur,
1241 2210 1324 2246 fons
1356 2209 1469 2258 gratis
1502 2208 1595 2244 fluit.
1628 2210 1672 2244 In
1701 2207 1766 2243 illo
1797 2219 1903 2255 aquae
1934 2208 2139 2245 reconditae

1141 2277 1252 2314 sunt,
1272 2269 1310 2305 in
1327 2269 1398 2304 isto
1415 2267 1520 2317 quasi
1541 2265 1747 2317 propositae
1762 2294 1771 2311 ,
1799 2273 1835 2302 et
1857 2278 1895 2301 se
1919 2265 2017 2315 ipsas
2039 2267 2136 2304 ofse-

1140 2338 1267 2366 rentes
1286 2329 1399 2364 ultro.
1421 2331 1556 2376 Magna
1577 2334 1632 2363 est
1651 2326 1688 2362 in
1714 2325 1792 2362 istis
1813 2325 2045 2371 differentia,
2068 2340 2137 2363 nc(-

1140 2396 1300 2438 possunt
1316 2396 1474 2436 utraque
1495 2386 1533 2422 in
1558 2385 1748 2422 alterutris
1762 2384 1936 2422 inveniri.
1958 2389 2042 2422 Non
2064 2400 2135 2436 po-

1141 2456 1212 2485 test
1230 2448 1289 2484 vel
1312 2448 1395 2484 fons
1414 2446 1538 2496 putei,
1560 2446 1619 2482 vel
1641 2453 1778 2495 puteus
1795 2445 1909 2482 sontis
1926 2446 2081 2495 propria
2099 2455 2135 2482 et

1139 2507 1342 2543 domestica
1372 2505 1562 2542 vindicare
1584 2503 1680 2541 sibi:
1705 2512 1865 2552 uterque
1891 2513 2034 2540 naturae
2059 2518 2135 2541 sure

87 2560 244 2599 laborat.
264 2563 417 2600 Illorum
436 2564 632 2603 infirmitas
649 2575 705 2603 est
720 2567 774 2603 uti
794 2568 998 2611 concessi53
1016 2582 1075 2605 ve·
1092 2570 1124 2604 D
1140 2568 1356 2604 continetur
1383 2564 1578 2602 limitibus.
1603 2563 1823 2614 Corporalia
1842 2572 1879 2599 ct
1900 2572 2048 2600 terrena
2066 2578 2134 2600 an-

86 2628 162 2658 stra
186 2621 336 2670 quidem
350 2651 360 2669 ,
380 2623 472 2660 citra
501 2625 709 2674 perfectum
739 2625 953 2664 subsistere.
973 2627 1072 2675 Quid

85 2687 143 2716 est
162 2679 200 2717 in
219 2679 327 2718 vobis
344 2694 423 2719 esse
440 2683 650 2730 infirmum,
668 2685 738 2721 nisi
757 2697 834 2722 non
854 2698 933 2722 esse
949 2686 1073 2736 perfe-

86 2740 211 2776 ctum?
237 2739 328 2789 quid
361 2749 416 2777 est
448 2741 485 2777 in
520 2741 627 2779 vobis
651 2755 730 2780 esse
756 2743 947 2781 infirmum
962 2773 972 2791 ‚
1002 2745 1073 2782 nisi

87 2809 275 2835 summum
307 2812 384 2836 non
416 2801 721 2850 apprehendere?
756 2806 801 2840 Et
831 2803 921 2853 quid
955 2804 1072 2850 sorte,

88 2856 158 2893 nisi
170 2884 180 2901 ,
205 2865 246 2894 ut
267 2859 574 2907 apprelientlati5‚
588 2862 840 2900 contendere?
856 2863 945 2900 Ideo
964 2863 1070 2900 inlit-

87 2928 191 2952 mum
218 2925 386 2954 nostrum
419 2918 551 2957 fortius
580 2929 636 2957 est
668 2922 926 2969 saecularibus;
949 2931 1008 2969 et,
1031 2931 1073 2960 ut

86 2975 139 3011 sic
155 2974 274 3011 dicam
287 3004 297 3022 ,
315 2977 446 3013 melior
459 2986 514 3015 est
532 2978 727 3018 infirmitas
743 2982 917 3019 monachi
927 3010 937 3027 ,
959 2995 1071 3030 quam

87 3034 273 3071 saecularis
289 3033 535 3074 benefaciens.
550 3040 673 3089 Opera
689 3052 773 3089 quae
789 3053 904 3090 penes
922 3053 991 3076 nos
1006 3053 1074 3089 pu-

87 3100 213 3130 tantur
235 3093 403 3142 inlirma,
423 3096 553 3145 quanti
580 3098 838 3146 crederentur,
857 3100 887 3136 si
913 3098 960 3136 ab
984 3099 1075 3148 ipsis

1139 2634 1245 2675 gusta
1279 2633 1389 2670 sunt,
1429 2624 1641 2673 spirituales
1669 2622 1864 2659 abundant
1892 2622 2043 2659 divitiae.
2077 2623 2133 2659 Ad

1138 2684 1346 2734 spiritualia
1367 2683 1396 2719 si
1418 2683 1622 2719 reseramus
1642 2682 1732 2727 ista,
1762 2682 1799 2717 in
1820 2681 1954 2718 eodem
1974 2683 2045 2719 erit
2076 2683 2136 2720 iu-

1138 2744 1268 2780 venire
1286 2743 1426 2778 fontem
1448 2750 1483 2777 et
1505 2750 1680 2791 puteum,
1706 2749 1742 2776 et
1762 2741 1942 2777 alterutra
1967 2741 2014 2777 ab
2033 2742 2132 2777 invi-

1139 2816 1219 2839 cem
1233 2802 1386 2852 propria
1400 2800 1684 2838 conununicari.
1699 2800 2031 2838 Communicenms
2042 2815 2132 2851 ergo

1139 2862 1239 2907 haec,
1261 2862 1291 2898 si
1325 2861 1438 2897 vultis
1453 2889 1462 2905 ‚
1487 2861 1645 2896 invicem
1673 2860 1851 2909 propria,
1879 2868 1915 2896 et
1938 2860 1975 2896 in
1996 2860 2129 2897 eodem

1138 2921 1368 2970 assignemus
1392 2928 1562 2968 utraque.
1582 2919 1822 2968 Aceipiamus
1843 2919 1878 2954 in
1901 2919 2004 2956 fonte
2026 2920 2131 2956 sufli-

1139 2979 1312 3016 cie11tia111
1331 2979 1533 3024 doctrina‘3
1553 2979 1589 3015 in
1608 2987 1724 3029 puteo
1738 3007 1748 3024 ,
1769 2987 1953 3015 secretum
1971 2994 1977 3015 :
2002 2979 2039 3016 in
2055 2980 2131 3025 illo,

1140 3038 1408 3075 abundantiam
1423 3053 1432 3085 ;
1454 3038 1490 3074 in
1508 3039 1578 3075 isto
1595 3068 1604 3085 ,
1622 3039 1695 3075 alta
1711 3039 1899 3088 mysteria.
1919 3042 1964 3076 Et
1979 3039 2131 3089 quidem

1141 3097 1265 3135 bonus
1286 3097 1439 3142 doctor,
1470 3098 1534 3147 qui
1557 3098 1663 3148 quasi
1690 3098 1736 3135 de
1768 3098 1932 3148 quodam
1964 3099 2041 3135 alto
2065 3113 2131 3148 pu—

136 3230 144 3245 ¹
168 3227 258 3256 Prov-
286 3236 331 3264 lv»
352 3228 383 3258 3-
407 3246 446 3250 ·-
472 3233 484 3249 ²
504 3228 604 3260 Eccle.
627 3240 665 3266 ιι,
685 3235 701 3261 Ξ»
718 3255 724 3266 ,
748 3235 779 3262 6.
802 3250 843 3253 ——
871 3228 884 3249 3
901 3231 1019 3261 (tanne.
1038 3242 1113 3268 v111,
1137 3234 1187 3261 13.
1206 3248 1244 3251 -
1269 3235 1282 3255 ’ἱ
1304 3230 1382 3260 Psal.
1405 3241 1521 3265 xxxvi,
1549 3234 1578 3261 2.
1602 3249 1637 3253 -
1661 3228 1674 3251 ⁵
1693 3233 1783 3261 Rom.
1803 3242 1869 3265 ux,
1891 3234 1920 3260 52.
1942 3231 2130 3259 -010012

89 3287 147 3314 vn,
170 3280 186 3307 ί)
205 3300 212 3314 ,
229 3279 500 3312 0.—71'1”hess.
515 3292 547 3319 V,
571 3284 677 3312 14.-
699 3281 712 3304 ⁸
732 3285 828 3314 Ιίῖυΐ.
848 3294 900 3320 ιιι,
919 3287 948 3314 Ἰ.
974 3302 1002 3305 --
1030 3291 1045 3312 3¹
1062 3283 1106 3313 ld.
1129 3295 1166 3319 ιι,
1190 3287 1208 3312 s»

244 3348 333 3371 Tum.
368 3351 402 3374 V.

1224 3285 1356 3321 ,7,1.·›‚
1386 3285 1435 3313 ι’..

1930 3343 1951 3374 ἱ)
