<?xml version="1.0" encoding="UTF-8"?>
<!DOCTYPE html PUBLIC "-//W3C//DTD XHTML 1.0 Transitional//EN"
    "http://www.w3.org/TR/xhtml1/DTD/xhtml1-transitional.dtd">
<html xmlns="http://www.w3.org/1999/xhtml" xml:lang="en" lang="en">
 <head>
  <title>
</title>
<meta http-equiv="Content-Type" content="text/html;charset=utf-8" />
  <meta name='ocr-system' content='tesseract 3.04.00' />
  <meta name='ocr-capabilities' content='ocr_page ocr_carea ocr_par ocr_line ocrx_word'/>
</head>
<body>
  <div class='ocr_page' id='page_1' title='image "./operaomniapostho05bern/operaomniapostho05bern_0305.png"; bbox 0 0 2418 3949; ppageno 0'>
   <div class='ocr_carea' id='block_1_1' title="bbox 188 144 262 180">
    <p class='ocr_par' dir='ltr' id='par_1_1' title="bbox 188 144 262 180">
     <span class='ocr_line' id='line_1_1' title="bbox 188 144 262 180; baseline 0 0"><span class='ocrx_word' id='word_1_1' title='bbox 188 144 262 180; x_wconf 74' lang='lat'><strong>597</strong></span> 
     </span>
    </p>
   </div>
   <div class='ocr_carea' id='block_1_2' title="bbox 816 144 1618 182">
    <p class='ocr_par' dir='ltr' id='par_1_2' title="bbox 816 144 1618 182">
     <span class='ocr_line' id='line_1_2' title="bbox 816 144 1618 182; baseline -0.001 -2"><span class='ocrx_word' id='word_1_2' title='bbox 816 145 1219 182; x_wconf 72' lang='lat' dir='ltr'><strong>DECLAMATIONES</strong></span> <span class='ocrx_word' id='word_1_3' title='bbox 1247 144 1315 178; x_wconf 86' lang='lat' dir='ltr'><strong>EX</strong></span> <span class='ocrx_word' id='word_1_4' title='bbox 1343 145 1499 179; x_wconf 67' lang='lat' dir='ltr'><strong>RERNA</strong></span> <span class='ocrx_word' id='word_1_5' title='bbox 1507 146 1618 179; x_wconf 81' lang='lat' dir='ltr'><strong>Rno.</strong></span> 
     </span>
    </p>
   </div>
   <div class='ocr_carea' id='block_1_3' title="bbox 186 217 2244 270">
    <p class='ocr_par' dir='ltr' id='par_1_3' title="bbox 186 217 2244 270">
     <span class='ocr_line' id='line_1_3' title="bbox 186 217 2244 270; baseline -0 -14"><span class='ocrx_word' id='word_1_6' title='bbox 186 229 445 270; x_wconf 71' lang='lat' dir='ltr'><strong>contemptum</strong></span> <span class='ocrx_word' id='word_1_7' title='bbox 467 220 597 257; x_wconf 88' lang='lat' dir='ltr'><strong>mundi</strong></span> <span class='ocrx_word' id='word_1_8' title='bbox 618 221 655 257; x_wconf 86' lang='lat' dir='ltr'><strong>in</strong></span> <span class='ocrx_word' id='word_1_9' title='bbox 674 221 851 265; x_wconf 81' lang='lat' dir='ltr'><strong>universo</strong></span> <span class='ocrx_word' id='word_1_10' title='bbox 869 221 1030 266; x_wconf 88' lang='lat' dir='ltr'><strong>mundo,</strong></span> <span class='ocrx_word' id='word_1_11' title='bbox 1051 229 1086 256; x_wconf 91' lang='lat' dir='ltr'><strong>et</strong></span> <span class='ocrx_word' id='word_1_12' title='bbox 1104 233 1174 254; x_wconf 80' lang='lat' dir='ltr'><strong>vo-</strong></span> <span class='ocrx_word' id='word_1_13' title='bbox 1185 217 1347 254; x_wconf 76' lang='lat' dir='ltr'><strong>u‘¹²⁴intus</strong></span> <span class='ocrx_word' id='word_1_14' title='bbox 1361 246 1370 262; x_wconf 92' lang='lat'><strong>,</strong></span> <span class='ocrx_word' id='word_1_15' title='bbox 1402 220 1504 266; x_wconf 87' lang='lat' dir='ltr'><strong>quod</strong></span> <span class='ocrx_word' id='word_1_16' title='bbox 1524 233 1599 255; x_wconf 85' lang='lat' dir='ltr'><strong>non</strong></span> <span class='ocrx_word' id='word_1_17' title='bbox 1621 221 1667 255; x_wconf 87' lang='lat' dir='ltr'><strong>sit</strong></span> <span class='ocrx_word' id='word_1_18' title='bbox 1689 220 1736 255; x_wconf 87' lang='lat' dir='ltr'><strong>de</strong></span> <span class='ocrx_word' id='word_1_19' title='bbox 1754 219 1877 256; x_wconf 85' lang='lat' dir='ltr'><strong>bobus</strong></span> <span class='ocrx_word' id='word_1_20' title='bbox 1897 228 1933 256; x_wconf 80' lang='lat' dir='ltr'><strong>et</strong></span> <span class='ocrx_word' id='word_1_21' title='bbox 1951 219 2063 255; x_wconf 85' lang='lat' dir='ltr'><strong>asinis</strong></span> <span class='ocrx_word' id='word_1_22' title='bbox 2083 219 2244 255; x_wconf 82' lang='lat' dir='ltr'><strong>caeteris-</strong></span> 
     </span>
    </p>
   </div>
   <div class='ocr_carea' id='block_1_4' title="bbox 2167 145 2241 179">
    <p class='ocr_par' dir='ltr' id='par_1_4' title="bbox 2167 145 2241 179">
     <span class='ocr_line' id='line_1_4' title="bbox 2167 145 2241 179; baseline 0.014 -5"><span class='ocrx_word' id='word_1_23' title='bbox 2167 145 2241 179; x_wconf 71' lang='grc'><strong>,398</strong></span> 
     </span>
    </p>
   </div>
   <div class='ocr_carea' id='block_1_5' title="bbox 190 276 2240 330">
    <p class='ocr_par' dir='ltr' id='par_1_5' title="bbox 190 276 2240 330">
     <span class='ocr_line' id='line_1_5' title="bbox 190 276 2240 330; baseline -0.001 -14"><span class='ocrx_word' id='word_1_24' title='bbox 190 280 389 317; x_wconf 86' lang='lat' dir='ltr'><strong>luntariam</strong></span> <span class='ocrx_word' id='word_1_25' title='bbox 419 294 638 330; x_wconf 73' lang='lat' dir='ltr'><strong>persuasere</strong></span> <span class='ocrx_word' id='word_1_26' title='bbox 670 281 886 317; x_wconf 88' lang='lat' dir='ltr'><strong>hominibus</strong></span> <span class='ocrx_word' id='word_1_27' title='bbox 904 287 1177 330; x_wconf 78' lang='lat' dir='ltr'><strong>paupertatem.</strong></span> <span class='ocrx_word' id='word_1_28' title='bbox 1196 280 1226 312; x_wconf 92' lang='lat' dir='ltr'><strong>A</strong></span> <span class='ocrx_word' id='word_1_29' title='bbox 1246 290 1319 326; x_wconf 89' lang='lat' dir='ltr'><strong>que</strong></span> <span class='ocrx_word' id='word_1_30' title='bbox 1338 276 1520 325; x_wconf 86' lang='lat' dir='ltr'><strong>jumentis</strong></span> <span class='ocrx_word' id='word_1_31' title='bbox 1541 292 1628 315; x_wconf 86' lang='lat' dir='ltr'><strong>cura</strong></span> <span class='ocrx_word' id='word_1_32' title='bbox 1650 283 1745 315; x_wconf 90' lang='lat' dir='ltr'><strong>Deo.</strong></span> <span class='ocrx_word' id='word_1_33' title='bbox 1774 283 1831 315; x_wconf 84' lang='lat' dir='ltr'><strong>An</strong></span> <span class='ocrx_word' id='word_1_34' title='bbox 1861 292 1953 315; x_wconf 80' lang='lat' dir='ltr'><strong>vero</strong></span> <span class='ocrx_word' id='word_1_35' title='bbox 1982 287 2240 329; x_wconf 85' lang='lat' dir='ltr'><strong>comparatum</strong></span> 
     </span>
    </p>
   </div>
   <div class='ocr_carea' id='block_1_6' title="bbox 187 339 1179 685">
    <p class='ocr_par' dir='ltr' id='par_1_6' title="bbox 187 339 1179 685">
     <span class='ocr_line' id='line_1_6' title="bbox 187 339 1177 390; baseline -0.002 -14"><span class='ocrx_word' id='word_1_36' title='bbox 187 343 276 377; x_wconf 85' lang='lat' dir='ltr'><strong>Haec</strong></span> <span class='ocrx_word' id='word_1_37' title='bbox 297 348 385 376; x_wconf 89' lang='lat' dir='ltr'><strong>sunt</strong></span> <span class='ocrx_word' id='word_1_38' title='bbox 411 354 494 389; x_wconf 85' lang='lat' dir='ltr'><strong>quae</strong></span> <span class='ocrx_word' id='word_1_39' title='bbox 516 341 710 377; x_wconf 83' lang='lat' dir='ltr'><strong>monachis</strong></span> <span class='ocrx_word' id='word_1_40' title='bbox 733 342 894 377; x_wconf 77' lang='lat' dir='ltr'><strong>claustra</strong></span> <span class='ocrx_word' id='word_1_41' title='bbox 915 341 1080 390; x_wconf 84' lang='lat' dir='ltr'><strong>replent,</strong></span> <span class='ocrx_word' id='word_1_42' title='bbox 1109 339 1177 375; x_wconf 79' lang='lat' dir='ltr'><strong>‹le-</strong></span> 
     </span>
     <span class='ocr_line' id='line_1_7' title="bbox 190 397 1179 449; baseline -0.002 -15"><span class='ocrx_word' id='word_1_43' title='bbox 190 407 288 435; x_wconf 85' lang='lat' dir='ltr'><strong>serta</strong></span> <span class='ocrx_word' id='word_1_44' title='bbox 317 400 565 436; x_wconf 77' lang='lat' dir='ltr'><strong>anachoretis,</strong></span> <span class='ocrx_word' id='word_1_45' title='bbox 599 403 711 445; x_wconf 81' lang='lat' dir='ltr'><strong>Haec,</strong></span> <span class='ocrx_word' id='word_1_46' title='bbox 740 401 916 449; x_wconf 85' lang='lat' dir='ltr'><strong>inquam,</strong></span> <span class='ocrx_word' id='word_1_47' title='bbox 946 407 1033 435; x_wconf 91' lang='lat' dir='ltr'><strong>sunt</strong></span> <span class='ocrx_word' id='word_1_48' title='bbox 1063 397 1179 433; x_wconf 76' lang='lat' dir='ltr'><strong>verba</strong></span> 
     </span>
     <span class='ocr_line' id='line_1_8' title="bbox 187 459 1179 508; baseline -0.002 -15"><span class='ocrx_word' id='word_1_49' title='bbox 187 471 271 507; x_wconf 90' lang='lat' dir='ltr'><strong>quae</strong></span> <span class='ocrx_word' id='word_1_50' title='bbox 305 462 508 508; x_wconf 77' lang='lat' dir='ltr'><strong>AEgyptum</strong></span> <span class='ocrx_word' id='word_1_51' title='bbox 543 459 708 508; x_wconf 85' lang='lat' dir='ltr'><strong>spoliant</strong></span> <span class='ocrx_word' id='word_1_52' title='bbox 729 486 738 503; x_wconf 90' lang='lat'><strong>,</strong></span> <span class='ocrx_word' id='word_1_53' title='bbox 772 467 808 494; x_wconf 87' lang='lat' dir='ltr'><strong>et</strong></span> <span class='ocrx_word' id='word_1_54' title='bbox 842 459 984 508; x_wconf 88' lang='lat' dir='ltr'><strong>optima</strong></span> <span class='ocrx_word' id='word_1_55' title='bbox 1020 469 1179 506; x_wconf 79' lang='lat' dir='ltr'><strong>quaeque</strong></span> 
     </span>
     <span class='ocr_line' id='line_1_9' title="bbox 187 516 1178 567; baseline -0.003 -13"><span class='ocrx_word' id='word_1_56' title='bbox 187 516 269 565; x_wconf 84' lang='lat' dir='ltr'><strong>ejus</strong></span> <span class='ocrx_word' id='word_1_57' title='bbox 301 517 521 567; x_wconf 89' lang='lat' dir='ltr'><strong>diripiunt¹.</strong></span> <span class='ocrx_word' id='word_1_58' title='bbox 554 518 623 554; x_wconf 90' lang='lat' dir='ltr'><strong>Hic</strong></span> <span class='ocrx_word' id='word_1_59' title='bbox 657 530 781 553; x_wconf 88' lang='lat' dir='ltr'><strong>sermo</strong></span> <span class='ocrx_word' id='word_1_60' title='bbox 817 518 926 553; x_wconf 84' lang='lat' dir='ltr'><strong>vivus</strong></span> <span class='ocrx_word' id='word_1_61' title='bbox 959 524 996 552; x_wconf 88' lang='lat' dir='ltr'><strong>et</strong></span> <span class='ocrx_word' id='word_1_62' title='bbox 1026 516 1178 561; x_wconf 83' lang='lat' dir='ltr'><strong>eflicax,</strong></span> 
     </span>
     <span class='ocr_line' id='line_1_10' title="bbox 187 574 1179 619; baseline -0.003 -7"><span class='ocrx_word' id='word_1_63' title='bbox 187 585 411 613; x_wconf 84' lang='lat' dir='ltr'><strong>convertens</strong></span> <span class='ocrx_word' id='word_1_64' title='bbox 431 577 572 612; x_wconf 89' lang='lat' dir='ltr'><strong>animas</strong></span> <span class='ocrx_word' id='word_1_65' title='bbox 591 576 687 612; x_wconf 81' lang='lat' dir='ltr'><strong>felici</strong></span> <span class='ocrx_word' id='word_1_66' title='bbox 708 575 945 612; x_wconf 79' lang='lat' dir='ltr'><strong>aemulatione</strong></span> <span class='ocrx_word' id='word_1_67' title='bbox 961 574 1179 619; x_wconf 81' lang='lat' dir='ltr'><strong>sanctitatis,</strong></span> 
     </span>
     <span class='ocr_line' id='line_1_11' title="bbox 187 634 814 685; baseline -0.003 -13"><span class='ocrx_word' id='word_1_68' title='bbox 187 644 225 672; x_wconf 86' lang='lat' dir='ltr'><strong>et</strong></span> <span class='ocrx_word' id='word_1_69' title='bbox 245 636 410 672; x_wconf 82' lang='lat' dir='ltr'><strong>veritatis</strong></span> <span class='ocrx_word' id='word_1_70' title='bbox 429 636 680 685; x_wconf 84' lang='lat' dir='ltr'><strong>promissione</strong></span> <span class='ocrx_word' id='word_1_71' title='bbox 702 634 814 671; x_wconf 82' lang='lat' dir='ltr'><strong>fideli.</strong></span> 
     </span>
    </p>
   </div>
   <div class='ocr_carea' id='block_1_7' title="bbox 394 761 966 802">
    <p class='ocr_par' dir='ltr' id='par_1_7' title="bbox 394 761 966 802">
     <span class='ocr_line' id='line_1_12' title="bbox 394 761 966 802; baseline -0.002 -9"><span class='ocrx_word' id='word_1_72' title='bbox 394 765 435 793; x_wconf 89' lang='lat'><strong>11.</strong></span> <span class='ocrx_word' id='word_1_73' title='bbox 453 779 495 783; x_wconf 79' lang='lat'><strong>--</strong></span> <span class='ocrx_word' id='word_1_74' title='bbox 513 764 560 792; x_wconf 88' lang='lat' dir='ltr'><strong>De</strong></span> <span class='ocrx_word' id='word_1_75' title='bbox 581 761 792 802; x_wconf 81' lang='lat' dir='ltr'><strong>relinquendis</strong></span> <span class='ocrx_word' id='word_1_76' title='bbox 811 761 966 792; x_wconf 85' lang='lat' dir='ltr'><strong>omnibus.</strong></span> 
     </span>
    </p>
   </div>
   <div class='ocr_carea' id='block_1_8' title="bbox 237 872 1182 911">
    <p class='ocr_par' dir='ltr' id='par_1_8' title="bbox 237 872 1182 911">
     <span class='ocr_line' id='line_1_13' title="bbox 237 872 1182 911; baseline -0.004 -1"><span class='ocrx_word' id='word_1_77' title='bbox 237 874 271 910; x_wconf 86' lang='lat'><strong>2.</strong></span> <span class='ocrx_word' id='word_1_78' title='bbox 297 874 398 911; x_wconf 82' lang='lat' dir='ltr'><strong>Dixit</strong></span> <span class='ocrx_word' id='word_1_79' title='bbox 416 874 515 909; x_wconf 89' lang='lat' dir='ltr'><strong>enim</strong></span> <span class='ocrx_word' id='word_1_80' title='bbox 536 873 660 910; x_wconf 86' lang='lat' dir='ltr'><strong>Simon</strong></span> <span class='ocrx_word' id='word_1_81' title='bbox 681 876 812 909; x_wconf 85' lang='lat' dir='ltr'><strong>Petrus</strong></span> <span class='ocrx_word' id='word_1_82' title='bbox 834 872 881 908; x_wconf 86' lang='lat' dir='ltr'><strong>ad</strong></span> <span class='ocrx_word' id='word_1_83' title='bbox 901 876 1027 909; x_wconf 69' lang='lat' dir='ltr'><strong>,lesum</strong></span> <span class='ocrx_word' id='word_1_84' title='bbox 1056 885 1063 907; x_wconf 90' lang='lat'>:</span> <span class='ocrx_word' id='word_1_85' title='bbox 1085 874 1182 907; x_wconf 76' lang='lat' dir='ltr'><strong>Ecce</strong></span> 
     </span>
    </p>
   </div>
   <div class='ocr_carea' id='block_1_9' title="bbox 184 931 1178 980">
    <p class='ocr_par' dir='ltr' id='par_1_9' title="bbox 184 931 1178 980">
     <span class='ocr_line' id='line_1_14' title="bbox 184 931 1178 980; baseline -0.001 -13"><span class='ocrx_word' id='word_1_86' title='bbox 184 947 250 968; x_wconf 80' lang='lat' dir='ltr'><strong>nos</strong></span> <span class='ocrx_word' id='word_1_87' title='bbox 276 935 490 980; x_wconf 75' lang='lat' dir='ltr'><strong>reliquinms</strong></span> <span class='ocrx_word' id='word_1_88' title='bbox 516 936 654 967; x_wconf 74' lang='lat' dir='ltr'><strong>omnia.</strong></span> <span class='ocrx_word' id='word_1_89' title='bbox 688 934 810 975; x_wconf 81' lang='lat' dir='ltr'><strong>Bene,</strong></span> <span class='ocrx_word' id='word_1_90' title='bbox 841 931 1003 980; x_wconf 85' lang='lat' dir='ltr'><strong>optime,</strong></span> <span class='ocrx_word' id='word_1_91' title='bbox 1034 939 1071 966; x_wconf 88' lang='lat' dir='ltr'><strong>et</strong></span> <span class='ocrx_word' id='word_1_92' title='bbox 1103 943 1178 966; x_wconf 89' lang='lat' dir='ltr'><strong>non</strong></span> 
     </span>
    </p>
   </div>
   <div class='ocr_carea' id='block_1_10' title="bbox 1241 336 2246 977">
    <p class='ocr_par' dir='ltr' id='par_1_10' title="bbox 1241 336 2246 977">
     <span class='ocr_line' id='line_1_15' title="bbox 1241 336 2243 388; baseline 0.001 -16"><span class='ocrx_word' id='word_1_93' title='bbox 1241 336 1423 385; x_wconf 88' lang='lat' dir='ltr'><strong>jumentis</strong></span> <span class='ocrx_word' id='word_1_94' title='bbox 1452 351 1530 374; x_wconf 87' lang='lat' dir='ltr'><strong>csse</strong></span> <span class='ocrx_word' id='word_1_95' title='bbox 1552 339 1636 387; x_wconf 86' lang='lat' dir='ltr'><strong>quis</strong></span> <span class='ocrx_word' id='word_1_96' title='bbox 1659 338 1805 375; x_wconf 83' lang='lat' dir='ltr'><strong>dubitet</strong></span> <span class='ocrx_word' id='word_1_97' title='bbox 1839 340 2048 384; x_wconf 82' lang='lat' dir='ltr'><strong>hominem,</strong></span> <span class='ocrx_word' id='word_1_98' title='bbox 2074 340 2139 388; x_wconf 91' lang='lat' dir='ltr'><strong>qui</strong></span> <span class='ocrx_word' id='word_1_99' title='bbox 2174 338 2243 374; x_wconf 89' lang='lat' dir='ltr'><strong>sibi</strong></span> 
     </span>
     <span class='ocr_line' id='line_1_16' title="bbox 1241 395 2242 447; baseline 0.002 -16"><span class='ocrx_word' id='word_1_100' title='bbox 1241 395 1331 444; x_wconf 71' lang='lat' dir='ltr'><strong>juga</strong></span> <span class='ocrx_word' id='word_1_101' title='bbox 1360 397 1493 432; x_wconf 82' lang='lat' dir='ltr'><strong>emerit</strong></span> <span class='ocrx_word' id='word_1_102' title='bbox 1519 396 1807 445; x_wconf 70' lang='lat' dir='ltr'><strong>jumentorum?</strong></span> <span class='ocrx_word' id='word_1_103' title='bbox 1840 398 1909 433; x_wconf 89' lang='lat' dir='ltr'><strong>nisi</strong></span> <span class='ocrx_word' id='word_1_104' title='bbox 1939 398 2040 447; x_wconf 87' lang='lat' dir='ltr'><strong>quod</strong></span> <span class='ocrx_word' id='word_1_105' title='bbox 2077 411 2123 434; x_wconf 90' lang='lat' dir='ltr'><strong>eo</strong></span> <span class='ocrx_word' id='word_1_106' title='bbox 2154 411 2242 433; x_wconf 85' lang='lat' dir='ltr'><strong>sane</strong></span> 
     </span>
     <span class='ocr_line' id='line_1_17' title="bbox 1245 455 2244 507; baseline 0.004 -18"><span class='ocrx_word' id='word_1_107' title='bbox 1245 455 1334 503; x_wconf 82' lang='lat' dir='ltr'><strong>ipsis</strong></span> <span class='ocrx_word' id='word_1_108' title='bbox 1367 468 1518 504; x_wconf 87' lang='lat' dir='ltr'><strong>quoque</strong></span> <span class='ocrx_word' id='word_1_109' title='bbox 1543 455 1725 507; x_wconf 79' lang='lat' dir='ltr'><strong>jumentis</strong></span> <span class='ocrx_word' id='word_1_110' title='bbox 1759 458 1995 493; x_wconf 78' lang='lat' dir='ltr'><strong>convincitur</strong></span> <span class='ocrx_word' id='word_1_111' title='bbox 2027 470 2105 493; x_wconf 87' lang='lat' dir='ltr'><strong>esse</strong></span> <span class='ocrx_word' id='word_1_112' title='bbox 2141 457 2244 493; x_wconf 87' lang='lat' dir='ltr'><strong>stoli-</strong></span> 
     </span>
     <span class='ocr_line' id='line_1_18' title="bbox 1246 513 2240 565; baseline 0.002 -16"><span class='ocrx_word' id='word_1_113' title='bbox 1246 513 1350 559; x_wconf 86' lang='lat' dir='ltr'><strong>dior,</strong></span> <span class='ocrx_word' id='word_1_114' title='bbox 1372 522 1409 550; x_wconf 85' lang='lat' dir='ltr'><strong>et</strong></span> <span class='ocrx_word' id='word_1_115' title='bbox 1428 514 1622 550; x_wconf 82' lang='lat' dir='ltr'><strong>bestialior</strong></span> <span class='ocrx_word' id='word_1_116' title='bbox 1656 515 1784 551; x_wconf 86' lang='lat' dir='ltr'><strong>bestiis</strong></span> <span class='ocrx_word' id='word_1_117' title='bbox 1815 516 2103 565; x_wconf 70' lang='lat' dir='ltr'><strong>comprobatur,</strong></span> <span class='ocrx_word' id='word_1_118' title='bbox 2138 516 2240 564; x_wconf 86' lang='lat' dir='ltr'><strong>quod</strong></span> 
     </span>
     <span class='ocr_line' id='line_1_19' title="bbox 1242 572 2244 625; baseline 0.003 -17"><span class='ocrx_word' id='word_1_119' title='bbox 1242 572 1334 621; x_wconf 69' lang='lat' dir='ltr'><strong>juga</strong></span> <span class='ocrx_word' id='word_1_120' title='bbox 1369 574 1597 610; x_wconf 75' lang='lat' dir='ltr'><strong>necessitatis</strong></span> <span class='ocrx_word' id='word_1_121' title='bbox 1634 588 1761 610; x_wconf 84' lang='lat' dir='ltr'><strong>earum</strong></span> <span class='ocrx_word' id='word_1_122' title='bbox 1793 576 1948 624; x_wconf 86' lang='lat' dir='ltr'><strong>propria</strong></span> <span class='ocrx_word' id='word_1_123' title='bbox 1981 577 2058 625; x_wconf 82' lang='lat' dir='ltr'><strong>ipse</strong></span> <span class='ocrx_word' id='word_1_124' title='bbox 2088 575 2244 612; x_wconf 89' lang='lat' dir='ltr'><strong>subierit</strong></span> 
     </span>
     <span class='ocr_line' id='line_1_20' title="bbox 1243 632 2242 679; baseline 0.003 -12"><span class='ocrx_word' id='word_1_125' title='bbox 1243 632 1449 667; x_wconf 78' lang='lat' dir='ltr'><strong>voluntate.</strong></span> <span class='ocrx_word' id='word_1_126' title='bbox 1483 632 1592 679; x_wconf 87' lang='lat' dir='ltr'><strong>Quod</strong></span> <span class='ocrx_word' id='word_1_127' title='bbox 1624 633 1723 668; x_wconf 85' lang='lat' dir='ltr'><strong>enim</strong></span> <span class='ocrx_word' id='word_1_128' title='bbox 1758 634 1829 669; x_wconf 89' lang='lat' dir='ltr'><strong>illis</strong></span> <span class='ocrx_word' id='word_1_129' title='bbox 1868 643 1999 670; x_wconf 87' lang='lat' dir='ltr'><strong>natura</strong></span> <span class='ocrx_word' id='word_1_130' title='bbox 2035 643 2112 679; x_wconf 82' lang='lat' dir='ltr'><strong>est,</strong></span> <span class='ocrx_word' id='word_1_131' title='bbox 2156 635 2242 670; x_wconf 83' lang='lat' dir='ltr'><strong>huic</strong></span> 
     </span>
     <span class='ocr_line' id='line_1_21' title="bbox 1243 691 2242 742; baseline 0.003 -16"><span class='ocrx_word' id='word_1_132' title='bbox 1243 692 1352 740; x_wconf 84' lang='lat' dir='ltr'><strong>eulpa</strong></span> <span class='ocrx_word' id='word_1_133' title='bbox 1384 706 1390 727; x_wconf 93' lang='lat'><strong>:</strong></span> <span class='ocrx_word' id='word_1_134' title='bbox 1425 691 1513 727; x_wconf 86' lang='lat' dir='ltr'><strong>dum</strong></span> <span class='ocrx_word' id='word_1_135' title='bbox 1547 700 1722 740; x_wconf 75' lang='lat' dir='ltr'><strong>tanquan]</strong></span> <span class='ocrx_word' id='word_1_136' title='bbox 1758 706 1872 728; x_wconf 90' lang='lat' dir='ltr'><strong>unum</strong></span> <span class='ocrx_word' id='word_1_137' title='bbox 1909 706 1954 728; x_wconf 72' lang='lat' dir='ltr'><strong>ex</strong></span> <span class='ocrx_word' id='word_1_138' title='bbox 1987 693 2042 729; x_wconf 86' lang='lat' dir='ltr'><strong>his</strong></span> <span class='ocrx_word' id='word_1_139' title='bbox 2069 707 2152 742; x_wconf 79' lang='lat' dir='ltr'><strong>quac</strong></span> <span class='ocrx_word' id='word_1_140' title='bbox 2184 708 2242 729; x_wconf 90' lang='lat' dir='ltr'><strong>ra-</strong></span> 
     </span>
     <span class='ocr_line' id='line_1_22' title="bbox 1245 750 2242 800; baseline 0.001 -15"><span class='ocrx_word' id='word_1_141' title='bbox 1245 750 1346 785; x_wconf 87' lang='lat' dir='ltr'><strong>tione</strong></span> <span class='ocrx_word' id='word_1_142' title='bbox 1375 758 1524 794; x_wconf 81' lang='lat' dir='ltr'><strong>carent,</strong></span> <span class='ocrx_word' id='word_1_143' title='bbox 1557 750 1635 785; x_wconf 84' lang='lat' dir='ltr'><strong>sine</strong></span> <span class='ocrx_word' id='word_1_144' title='bbox 1664 750 1808 785; x_wconf 88' lang='lat' dir='ltr'><strong>ratione</strong></span> <span class='ocrx_word' id='word_1_145' title='bbox 1831 750 1991 798; x_wconf 77' lang='lat' dir='ltr'><strong>degens,</strong></span> <span class='ocrx_word' id='word_1_146' title='bbox 2013 752 2147 800; x_wconf 79' lang='lat' dir='ltr'><strong>etipse</strong></span> <span class='ocrx_word' id='word_1_147' title='bbox 2173 751 2242 787; x_wconf 89' lang='lat' dir='ltr'><strong>sub</strong></span> 
     </span>
     <span class='ocr_line' id='line_1_23' title="bbox 1243 809 2240 858; baseline 0.001 -13"><span class='ocrx_word' id='word_1_148' title='bbox 1243 809 1437 858; x_wconf 86' lang='lat' dir='ltr'><strong>corporcis</strong></span> <span class='ocrx_word' id='word_1_149' title='bbox 1478 810 1646 845; x_wconf 83' lang='lat' dir='ltr'><strong>similiter</strong></span> <span class='ocrx_word' id='word_1_150' title='bbox 1689 809 1859 845; x_wconf 79' lang='lat' dir='ltr'><strong>sensibus</strong></span> <span class='ocrx_word' id='word_1_151' title='bbox 1901 811 2129 846; x_wconf 78' lang='lat' dir='ltr'><strong>incurvatur.</strong></span> <span class='ocrx_word' id='word_1_152' title='bbox 2172 811 2240 846; x_wconf 78' lang='lat' dir='ltr'><strong>Sed</strong></span> 
     </span>
     <span class='ocr_line' id='line_1_24' title="bbox 1246 868 2242 918; baseline 0 -14"><span class='ocrx_word' id='word_1_153' title='bbox 1246 868 1336 917; x_wconf 88' lang='lat' dir='ltr'><strong>quid</strong></span> <span class='ocrx_word' id='word_1_154' title='bbox 1365 882 1450 905; x_wconf 91' lang='lat' dir='ltr'><strong>eum</strong></span> <span class='ocrx_word' id='word_1_155' title='bbox 1478 868 1569 918; x_wconf 79' lang='lat' dir='ltr'><strong>juga</strong></span> <span class='ocrx_word' id='word_1_156' title='bbox 1600 868 1742 905; x_wconf 85' lang='lat' dir='ltr'><strong>subisse</strong></span> <span class='ocrx_word' id='word_1_157' title='bbox 1773 871 2002 905; x_wconf 68' lang='lat' dir='ltr'><strong>causamur?</strong></span> <span class='ocrx_word' id='word_1_158' title='bbox 2032 875 2242 918; x_wconf 75' lang='lat' dir='ltr'><strong>Arguamus</strong></span> 
     </span>
     <span class='ocr_line' id='line_1_25' title="bbox 1246 929 2246 977; baseline 0.001 -14"><span class='ocrx_word' id='word_1_159' title='bbox 1246 929 1362 977; x_wconf 75' lang='lat' dir='ltr'><strong>magis</strong></span> <span class='ocrx_word' id='word_1_160' title='bbox 1394 929 1539 964; x_wconf 87' lang='lat' dir='ltr'><strong>emisse.</strong></span> <span class='ocrx_word' id='word_1_161' title='bbox 1571 929 1669 965; x_wconf 89' lang='lat' dir='ltr'><strong>Illud</strong></span> <span class='ocrx_word' id='word_1_162' title='bbox 1699 930 1796 964; x_wconf 89' lang='lat' dir='ltr'><strong>enim</strong></span> <span class='ocrx_word' id='word_1_163' title='bbox 1828 929 2038 965; x_wconf 80' lang='lat' dir='ltr'><strong>stoliditatis</strong></span> <span class='ocrx_word' id='word_1_164' title='bbox 2068 930 2246 965; x_wconf 84' lang='lat' dir='ltr'><strong>miseran-</strong></span> 
     </span>
    </p>
   </div>
   <div class='ocr_carea' id='block_1_11' title="bbox 183 987 2246 1041">
    <p class='ocr_par' dir='ltr' id='par_1_11' title="bbox 183 987 2246 1041">
     <span class='ocr_line' id='line_1_26' title="bbox 183 987 2246 1041; baseline -0.002 -12"><span class='ocrx_word' id='word_1_165' title='bbox 183 992 230 1028; x_wconf 85' lang='lat' dir='ltr'><strong>ad</strong></span> <span class='ocrx_word' id='word_1_166' title='bbox 262 992 513 1041; x_wconf 84' lang='lat' dir='ltr'><strong>insipientiam</strong></span> <span class='ocrx_word' id='word_1_167' title='bbox 541 990 621 1027; x_wconf 91' lang='lat' dir='ltr'><strong>tibi.</strong></span> <span class='ocrx_word' id='word_1_168' title='bbox 654 994 745 1027; x_wconf 63' lang='lat' dir='ltr'><strong>Diam</strong></span> <span class='ocrx_word' id='word_1_169' title='bbox 776 999 812 1026; x_wconf 88' lang='lat' dir='ltr'><strong>et</strong></span> <span class='ocrx_word' id='word_1_170' title='bbox 835 990 999 1026; x_wconf 91' lang='lat' dir='ltr'><strong>mundus</strong></span> <span class='ocrx_word' id='word_1_171' title='bbox 1029 990 1179 1034; x_wconf 86' lang='lat' dir='ltr'><strong>transit,</strong></span> <span class='ocrx_word' id='word_1_172' title='bbox 1202 993 1227 1026; x_wconf 88' lang='lat' dir='ltr'>B</span> <span class='ocrx_word' id='word_1_173' title='bbox 1246 987 1326 1033; x_wconf 83' lang='lat' dir='ltr'><strong>dae,</strong></span> <span class='ocrx_word' id='word_1_174' title='bbox 1359 988 1457 1023; x_wconf 89' lang='lat' dir='ltr'><strong>istud</strong></span> <span class='ocrx_word' id='word_1_175' title='bbox 1489 996 1667 1024; x_wconf 78' lang='lat' dir='ltr'><strong>extremae</strong></span> <span class='ocrx_word' id='word_1_176' title='bbox 1693 988 1892 1024; x_wconf 66' lang='lat' dir='ltr'><strong>dementire</strong></span> <span class='ocrx_word' id='word_1_177' title='bbox 1917 997 1982 1024; x_wconf 85' lang='lat' dir='ltr'><strong>est.</strong></span> <span class='ocrx_word' id='word_1_178' title='bbox 2019 989 2160 1036; x_wconf 72' lang='lat' dir='ltr'><strong>Dignus</strong></span> <span class='ocrx_word' id='word_1_179' title='bbox 2190 997 2246 1024; x_wconf 89' lang='lat' dir='ltr'><strong>est</strong></span> 
     </span>
    </p>
   </div>
   <div class='ocr_carea' id='block_1_12' title="bbox 183 1049 1180 1694">
    <p class='ocr_par' dir='ltr' id='par_1_12' title="bbox 183 1049 1180 1694">
     <span class='ocr_line' id='line_1_27' title="bbox 183 1049 1179 1101; baseline -0.004 -13"><span class='ocrx_word' id='word_1_180' title='bbox 183 1059 221 1087; x_wconf 87' lang='lat' dir='ltr'><strong>et</strong></span> <span class='ocrx_word' id='word_1_181' title='bbox 240 1052 542 1101; x_wconf 82' lang='lat' dir='ltr'><strong>concupiscentia</strong></span> <span class='ocrx_word' id='word_1_182' title='bbox 562 1051 643 1099; x_wconf 90' lang='lat' dir='ltr'><strong>ejus</strong></span> <span class='ocrx_word' id='word_1_183' title='bbox 662 1065 669 1086; x_wconf 93' lang='lat'>:</span> <span class='ocrx_word' id='word_1_184' title='bbox 689 1061 726 1086; x_wconf 88' lang='lat' dir='ltr'><strong>et</strong></span> <span class='ocrx_word' id='word_1_185' title='bbox 747 1050 959 1099; x_wconf 79' lang='lat' dir='ltr'><strong>relinquere</strong></span> <span class='ocrx_word' id='word_1_186' title='bbox 988 1049 1066 1085; x_wconf 88' lang='lat' dir='ltr'><strong>haec</strong></span> <span class='ocrx_word' id='word_1_187' title='bbox 1095 1062 1179 1084; x_wconf 89' lang='lat' dir='ltr'><strong>ma-</strong></span> 
     </span>
     <span class='ocr_line' id='line_1_28' title="bbox 184 1109 1180 1161; baseline -0.004 -14"><span class='ocrx_word' id='word_1_188' title='bbox 184 1111 239 1159; x_wconf 79' lang='lat' dir='ltr'><strong>gis</strong></span> <span class='ocrx_word' id='word_1_189' title='bbox 269 1110 445 1161; x_wconf 87' lang='lat' dir='ltr'><strong>expedit,</strong></span> <span class='ocrx_word' id='word_1_190' title='bbox 467 1124 579 1160; x_wconf 87' lang='lat' dir='ltr'><strong>quam</strong></span> <span class='ocrx_word' id='word_1_191' title='bbox 604 1110 777 1159; x_wconf 85' lang='lat' dir='ltr'><strong>relinqui.</strong></span> <span class='ocrx_word' id='word_1_192' title='bbox 799 1111 916 1154; x_wconf 67' lang='lat' dir='ltr'><strong>Eece,</strong></span> <span class='ocrx_word' id='word_1_193' title='bbox 939 1109 1080 1157; x_wconf 88' lang='lat' dir='ltr'><strong>inquit,</strong></span> <span class='ocrx_word' id='word_1_194' title='bbox 1113 1122 1180 1144; x_wconf 76' lang='lat' dir='ltr'><strong>nos</strong></span> 
     </span>
     <span class='ocr_line' id='line_1_29' title="bbox 184 1169 1179 1217; baseline -0.001 -12"><span class='ocrx_word' id='word_1_195' title='bbox 184 1172 400 1217; x_wconf 74' lang='lat' dir='ltr'><strong>reliquimus</strong></span> <span class='ocrx_word' id='word_1_196' title='bbox 420 1175 566 1215; x_wconf 71' lang='lat' dir='ltr'><strong>onznia,</strong></span> <span class='ocrx_word' id='word_1_197' title='bbox 589 1179 625 1205; x_wconf 80' lang='lat' dir='ltr'><strong>et</strong></span> <span class='ocrx_word' id='word_1_198' title='bbox 651 1175 765 1205; x_wconf 75' lang='lat' dir='ltr'><strong>secuti</strong></span> <span class='ocrx_word' id='word_1_199' title='bbox 784 1183 911 1204; x_wconf 74' lang='lat' dir='ltr'><strong>santus</strong></span> <span class='ocrx_word' id='word_1_200' title='bbox 928 1178 971 1204; x_wconf 77' lang='lat' dir='ltr'><strong>te.</strong></span> <span class='ocrx_word' id='word_1_201' title='bbox 994 1169 1179 1205; x_wconf 83' lang='lat' dir='ltr'><strong>Nimirum</strong></span> 
     </span>
     <span class='ocr_line' id='line_1_30' title="bbox 183 1228 1177 1278; baseline -0.001 -13"><span class='ocrx_word' id='word_1_202' title='bbox 183 1230 271 1278; x_wconf 87' lang='lat' dir='ltr'><strong>quia</strong></span> <span class='ocrx_word' id='word_1_203' title='bbox 302 1230 502 1266; x_wconf 76' lang='lat' dir='ltr'><strong>exsultavit</strong></span> <span class='ocrx_word' id='word_1_204' title='bbox 522 1238 563 1266; x_wconf 86' lang='lat' dir='ltr'><strong>ut</strong></span> <span class='ocrx_word' id='word_1_205' title='bbox 583 1230 683 1278; x_wconf 73' lang='lat' dir='ltr'><strong>gigas</strong></span> <span class='ocrx_word' id='word_1_206' title='bbox 709 1228 754 1265; x_wconf 88' lang='lat' dir='ltr'><strong>ad</strong></span> <span class='ocrx_word' id='word_1_207' title='bbox 776 1228 1000 1265; x_wconf 81' lang='lat' dir='ltr'><strong>currendam</strong></span> <span class='ocrx_word' id='word_1_208' title='bbox 1024 1229 1122 1264; x_wconf 75' lang='lat' dir='ltr'><strong>viam</strong></span> <span class='ocrx_word' id='word_1_209' title='bbox 1139 1235 1150 1250; x_wconf 84' lang='lat'><strong>²</strong></span> <span class='ocrx_word' id='word_1_210' title='bbox 1167 1257 1177 1273; x_wconf 90' lang='lat'><strong>,</strong></span> 
     </span>
     <span class='ocr_line' id='line_1_31' title="bbox 183 1287 1179 1337; baseline -0.002 -13"><span class='ocrx_word' id='word_1_211' title='bbox 183 1301 252 1325; x_wconf 90' lang='lat' dir='ltr'><strong>nec</strong></span> <span class='ocrx_word' id='word_1_212' title='bbox 275 1297 489 1325; x_wconf 89' lang='lat' dir='ltr'><strong>currentem</strong></span> <span class='ocrx_word' id='word_1_213' title='bbox 512 1288 618 1337; x_wconf 83' lang='lat' dir='ltr'><strong>sequi</strong></span> <span class='ocrx_word' id='word_1_214' title='bbox 638 1296 789 1337; x_wconf 86' lang='lat' dir='ltr'><strong>poteras</strong></span> <span class='ocrx_word' id='word_1_215' title='bbox 811 1296 999 1324; x_wconf 85' lang='lat' dir='ltr'><strong>oneratus.</strong></span> <span class='ocrx_word' id='word_1_216' title='bbox 1021 1287 1093 1325; x_wconf 86' lang='lat' dir='ltr'><strong>Sed</strong></span> <span class='ocrx_word' id='word_1_217' title='bbox 1112 1301 1179 1323; x_wconf 88' lang='lat' dir='ltr'><strong>nec</strong></span> 
     </span>
     <span class='ocr_line' id='line_1_32' title="bbox 183 1347 1179 1397; baseline -0.002 -13"><span class='ocrx_word' id='word_1_218' title='bbox 183 1348 326 1385; x_wconf 86' lang='lat' dir='ltr'><strong>inutilis</strong></span> <span class='ocrx_word' id='word_1_219' title='bbox 358 1348 622 1393; x_wconf 85' lang='lat' dir='ltr'><strong>commutatio,</strong></span> <span class='ocrx_word' id='word_1_220' title='bbox 655 1358 724 1397; x_wconf 85' lang='lat' dir='ltr'><strong>pro</strong></span> <span class='ocrx_word' id='word_1_221' title='bbox 754 1361 799 1384; x_wconf 89' lang='lat' dir='ltr'><strong>eo</strong></span> <span class='ocrx_word' id='word_1_222' title='bbox 820 1347 885 1396; x_wconf 88' lang='lat' dir='ltr'><strong>qui</strong></span> <span class='ocrx_word' id='word_1_223' title='bbox 914 1361 1027 1396; x_wconf 89' lang='lat' dir='ltr'><strong>super</strong></span> <span class='ocrx_word' id='word_1_224' title='bbox 1052 1348 1179 1383; x_wconf 88' lang='lat' dir='ltr'><strong>omnia</strong></span> 
     </span>
     <span class='ocr_line' id='line_1_33' title="bbox 183 1407 1178 1457; baseline -0.001 -14"><span class='ocrx_word' id='word_1_225' title='bbox 183 1415 261 1453; x_wconf 87' lang='lat' dir='ltr'><strong>est,</strong></span> <span class='ocrx_word' id='word_1_226' title='bbox 293 1408 420 1444; x_wconf 87' lang='lat' dir='ltr'><strong>omnia</strong></span> <span class='ocrx_word' id='word_1_227' title='bbox 449 1409 657 1457; x_wconf 85' lang='lat' dir='ltr'><strong>reliquisse.</strong></span> <span class='ocrx_word' id='word_1_228' title='bbox 690 1411 782 1445; x_wconf 64' lang='lat' dir='ltr'><strong>Nam</strong></span> <span class='ocrx_word' id='word_1_229' title='bbox 817 1416 854 1444; x_wconf 92' lang='lat' dir='ltr'><strong>et</strong></span> <span class='ocrx_word' id='word_1_230' title='bbox 886 1407 996 1444; x_wconf 91' lang='lat' dir='ltr'><strong>simul</strong></span> <span class='ocrx_word' id='word_1_231' title='bbox 1022 1420 1106 1443; x_wconf 91' lang='lat' dir='ltr'><strong>cum</strong></span> <span class='ocrx_word' id='word_1_232' title='bbox 1133 1420 1178 1443; x_wconf 86' lang='lat' dir='ltr'><strong>eo</strong></span> 
     </span>
     <span class='ocr_line' id='line_1_34' title="bbox 183 1466 1175 1516; baseline 0 -14"><span class='ocrx_word' id='word_1_233' title='bbox 183 1467 373 1504; x_wconf 83' lang='lat' dir='ltr'><strong>donantur</strong></span> <span class='ocrx_word' id='word_1_234' title='bbox 402 1468 552 1513; x_wconf 89' lang='lat' dir='ltr'><strong>omnia,</strong></span> <span class='ocrx_word' id='word_1_235' title='bbox 581 1475 618 1503; x_wconf 92' lang='lat' dir='ltr'><strong>et</strong></span> <span class='ocrx_word' id='word_1_236' title='bbox 648 1466 710 1502; x_wconf 89' lang='lat' dir='ltr'><strong>ubi</strong></span> <span class='ocrx_word' id='word_1_237' title='bbox 742 1466 1039 1516; x_wconf 83' lang='lat' dir='ltr'><strong>apprehenderis</strong></span> <span class='ocrx_word' id='word_1_238' title='bbox 1067 1479 1175 1512; x_wconf 88' lang='lat' dir='ltr'><strong>eum,</strong></span> 
     </span>
     <span class='ocr_line' id='line_1_35' title="bbox 184 1526 1178 1576; baseline -0.001 -14"><span class='ocrx_word' id='word_1_239' title='bbox 184 1527 256 1563; x_wconf 84' lang='lat' dir='ltr'><strong>erit</strong></span> <span class='ocrx_word' id='word_1_240' title='bbox 289 1540 386 1563; x_wconf 86' lang='lat' dir='ltr'><strong>unus</strong></span> <span class='ocrx_word' id='word_1_241' title='bbox 416 1527 494 1576; x_wconf 83' lang='lat' dir='ltr'><strong>ipse</strong></span> <span class='ocrx_word' id='word_1_242' title='bbox 523 1527 648 1563; x_wconf 83' lang='lat' dir='ltr'><strong>onmia</strong></span> <span class='ocrx_word' id='word_1_243' title='bbox 680 1527 714 1562; x_wconf 91' lang='lat' dir='ltr'><strong>in</strong></span> <span class='ocrx_word' id='word_1_244' title='bbox 748 1526 950 1572; x_wconf 80' lang='lat' dir='ltr'><strong>omnibus,</strong></span> <span class='ocrx_word' id='word_1_245' title='bbox 997 1526 1062 1575; x_wconf 87' lang='lat' dir='ltr'><strong>qui</strong></span> <span class='ocrx_word' id='word_1_246' title='bbox 1107 1539 1178 1575; x_wconf 87' lang='lat' dir='ltr'><strong>pro</strong></span> 
     </span>
     <span class='ocr_line' id='line_1_36' title="bbox 185 1585 1178 1635; baseline 0.001 -15"><span class='ocrx_word' id='word_1_247' title='bbox 185 1585 267 1634; x_wconf 88' lang='lat' dir='ltr'><strong>ipso</strong></span> <span class='ocrx_word' id='word_1_248' title='bbox 293 1586 418 1622; x_wconf 90' lang='lat' dir='ltr'><strong>omnia</strong></span> <span class='ocrx_word' id='word_1_249' title='bbox 445 1586 688 1635; x_wconf 83' lang='lat' dir='ltr'><strong>reliquerunt.</strong></span> <span class='ocrx_word' id='word_1_250' title='bbox 720 1586 854 1623; x_wconf 89' lang='lat' dir='ltr'><strong>Omnia</strong></span> <span class='ocrx_word' id='word_1_251' title='bbox 884 1599 973 1622; x_wconf 84' lang='lat' dir='ltr'><strong>sane</strong></span> <span class='ocrx_word' id='word_1_252' title='bbox 999 1585 1178 1626; x_wconf 84' lang='lat' dir='ltr'><strong>dixerim,</strong></span> 
     </span>
     <span class='ocr_line' id='line_1_37' title="bbox 185 1645 1180 1694; baseline 0.001 -14"><span class='ocrx_word' id='word_1_253' title='bbox 185 1658 261 1680; x_wconf 87' lang='lat' dir='ltr'><strong>non</strong></span> <span class='ocrx_word' id='word_1_254' title='bbox 285 1652 428 1681; x_wconf 88' lang='lat' dir='ltr'><strong>tantum</strong></span> <span class='ocrx_word' id='word_1_255' title='bbox 459 1645 735 1694; x_wconf 83' lang='lat' dir='ltr'><strong>possessiones,</strong></span> <span class='ocrx_word' id='word_1_256' title='bbox 765 1645 829 1681; x_wconf 87' lang='lat' dir='ltr'><strong>sed</strong></span> <span class='ocrx_word' id='word_1_257' title='bbox 853 1646 964 1681; x_wconf 82' lang='lat' dir='ltr'><strong>etiam</strong></span> <span class='ocrx_word' id='word_1_258' title='bbox 989 1645 1180 1694; x_wconf 84' lang='lat' dir='ltr'><strong>cupidita-</strong></span> 
     </span>
    </p>
   </div>
   <div class='ocr_carea' id='block_1_13' title="bbox 187 1705 1183 1755">
    <p class='ocr_par' dir='ltr' id='par_1_13' title="bbox 187 1705 1183 1755">
     <span class='ocr_line' id='line_1_38' title="bbox 187 1705 1183 1755; baseline 0 -15"><span class='ocrx_word' id='word_1_259' title='bbox 187 1713 261 1749; x_wconf 88' lang='lat' dir='ltr'><strong>tes,</strong></span> <span class='ocrx_word' id='word_1_260' title='bbox 294 1713 331 1740; x_wconf 93' lang='lat' dir='ltr'><strong>et</strong></span> <span class='ocrx_word' id='word_1_261' title='bbox 359 1718 420 1755; x_wconf 86' lang='lat' dir='ltr'><strong>eas</strong></span> <span class='ocrx_word' id='word_1_262' title='bbox 449 1705 624 1742; x_wconf 85' lang='lat' dir='ltr'><strong>maxime.</strong></span> <span class='ocrx_word' id='word_1_263' title='bbox 649 1706 735 1742; x_wconf 85' lang='lat' dir='ltr'><strong>Plus</strong></span> <span class='ocrx_word' id='word_1_264' title='bbox 756 1706 854 1741; x_wconf 88' lang='lat' dir='ltr'><strong>enim</strong></span> <span class='ocrx_word' id='word_1_265' title='bbox 879 1706 1183 1754; x_wconf 79' lang='lat' dir='ltr'><strong>concupiscentia</strong></span> 
     </span>
    </p>
   </div>
   <div class='ocr_carea' id='block_1_14' title="bbox 1243 1047 2250 1691">
    <p class='ocr_par' dir='ltr' id='par_1_14' title="bbox 1243 1047 2250 1691">
     <span class='ocr_line' id='line_1_39' title="bbox 1246 1047 2245 1096; baseline -0.002 -13"><span class='ocrx_word' id='word_1_266' title='bbox 1246 1048 1443 1096; x_wconf 81' lang='lat' dir='ltr'><strong>operarius</strong></span> <span class='ocrx_word' id='word_1_267' title='bbox 1463 1047 1636 1083; x_wconf 86' lang='lat' dir='ltr'><strong>mercede</strong></span> <span class='ocrx_word' id='word_1_268' title='bbox 1656 1060 1722 1083; x_wconf 84' lang='lat' dir='ltr'><strong>sua</strong></span> <span class='ocrx_word' id='word_1_269' title='bbox 1741 1062 1748 1083; x_wconf 94' lang='lat'>:</span> <span class='ocrx_word' id='word_1_270' title='bbox 1773 1061 1856 1083; x_wconf 85' lang='lat' dir='ltr'><strong>nain</strong></span> <span class='ocrx_word' id='word_1_271' title='bbox 1875 1056 1915 1083; x_wconf 90' lang='lat' dir='ltr'><strong>ut</strong></span> <span class='ocrx_word' id='word_1_272' title='bbox 1936 1048 2145 1083; x_wconf 85' lang='lat' dir='ltr'><strong>mercedem</strong></span> <span class='ocrx_word' id='word_1_273' title='bbox 2173 1061 2245 1096; x_wconf 86' lang='lat' dir='ltr'><strong>pro</strong></span> 
     </span>
     <span class='ocr_line' id='line_1_40' title="bbox 1245 1106 2247 1156; baseline -0.002 -13"><span class='ocrx_word' id='word_1_274' title='bbox 1245 1120 1361 1156; x_wconf 88' lang='lat' dir='ltr'><strong>opere</strong></span> <span class='ocrx_word' id='word_1_275' title='bbox 1396 1106 1535 1143; x_wconf 88' lang='lat' dir='ltr'><strong>tribuat</strong></span> <span class='ocrx_word' id='word_1_276' title='bbox 1558 1135 1567 1151; x_wconf 92' lang='lat'><strong>,</strong></span> <span class='ocrx_word' id='word_1_277' title='bbox 1603 1106 1830 1143; x_wconf 86' lang='lat' dir='ltr'><strong>inauditum.</strong></span> <span class='ocrx_word' id='word_1_278' title='bbox 1868 1107 2039 1155; x_wconf 85' lang='lat' dir='ltr'><strong>Denique</strong></span> <span class='ocrx_word' id='word_1_279' title='bbox 2080 1107 2247 1155; x_wconf 86' lang='lat' dir='ltr'><strong>loquitur</strong></span> 
     </span>
     <span class='ocr_line' id='line_1_41' title="bbox 1246 1166 2247 1216; baseline -0.002 -13"><span class='ocrx_word' id='word_1_280' title='bbox 1246 1180 1361 1216; x_wconf 88' lang='lat' dir='ltr'><strong>super</strong></span> <span class='ocrx_word' id='word_1_281' title='bbox 1405 1167 1476 1204; x_wconf 89' lang='lat' dir='ltr'><strong>hoc</strong></span> <span class='ocrx_word' id='word_1_282' title='bbox 1513 1166 1630 1203; x_wconf 85' lang='lat' dir='ltr'><strong>verbo</strong></span> <span class='ocrx_word' id='word_1_283' title='bbox 1661 1167 1847 1204; x_wconf 88' lang='lat' dir='ltr'><strong>Dominus</strong></span> <span class='ocrx_word' id='word_1_284' title='bbox 1889 1180 1958 1216; x_wconf 88' lang='lat' dir='ltr'><strong>per</strong></span> <span class='ocrx_word' id='word_1_285' title='bbox 1997 1166 2247 1216; x_wconf 88' lang='lat' dir='ltr'><strong>prophetam,</strong></span> 
     </span>
     <span class='ocr_line' id='line_1_42' title="bbox 1245 1225 2247 1275; baseline -0.003 -13"><span class='ocrx_word' id='word_1_286' title='bbox 1245 1225 1314 1262; x_wconf 91' lang='lat' dir='ltr'><strong>sub</strong></span> <span class='ocrx_word' id='word_1_287' title='bbox 1351 1234 1442 1275; x_wconf 83' lang='lat' dir='ltr'><strong>typo</strong></span> <span class='ocrx_word' id='word_1_288' title='bbox 1473 1225 1640 1261; x_wconf 87' lang='lat' dir='ltr'><strong>mulieris</strong></span> <span class='ocrx_word' id='word_1_289' title='bbox 1675 1225 1885 1262; x_wconf 83' lang='lat' dir='ltr'><strong>fornicariae</strong></span> <span class='ocrx_word' id='word_1_290' title='bbox 1917 1225 2057 1261; x_wconf 84' lang='lat' dir='ltr'><strong>seelera</strong></span> <span class='ocrx_word' id='word_1_291' title='bbox 2088 1237 2247 1273; x_wconf 79' lang='lat' dir='ltr'><strong>arguens</strong></span> 
     </span>
     <span class='ocr_line' id='line_1_43' title="bbox 1245 1283 2250 1333; baseline -0.005 -12"><span class='ocrx_word' id='word_1_292' title='bbox 1245 1285 1391 1322; x_wconf 83' lang='lat' dir='ltr'><strong>Israelis</strong></span> <span class='ocrx_word' id='word_1_293' title='bbox 1415 1299 1421 1320; x_wconf 91' lang='lat'><strong>:</strong></span> <span class='ocrx_word' id='word_1_294' title='bbox 1451 1284 1651 1328; x_wconf 74' lang='lat' dir='ltr'><strong>Omnibus,</strong></span> <span class='ocrx_word' id='word_1_295' title='bbox 1675 1285 1822 1333; x_wconf 90' lang='lat' dir='ltr'><strong>inquit,</strong></span> <span class='ocrx_word' id='word_1_296' title='bbox 1844 1283 2087 1320; x_wconf 71' lang='lat' dir='ltr'><strong>nwretriribus</strong></span> <span class='ocrx_word' id='word_1_297' title='bbox 2111 1286 2250 1319; x_wconf 79' lang='lat' dir='ltr'><strong>dantur</strong></span> 
     </span>
     <span class='ocr_line' id='line_1_44' title="bbox 1245 1345 2247 1380; baseline -0.003 -1"><span class='ocrx_word' id='word_1_298' title='bbox 1245 1346 1430 1380; x_wconf 70' lang='lat' dir='ltr'><strong>mercedes</strong></span> <span class='ocrx_word' id='word_1_299' title='bbox 1462 1359 1473 1379; x_wconf 90' lang='lat'><em>:</em></span> <span class='ocrx_word' id='word_1_300' title='bbox 1505 1355 1542 1380; x_wconf 79' lang='grc' dir='ltr'><strong>ιιι</strong></span> <span class='ocrx_word' id='word_1_301' title='bbox 1573 1353 1696 1379; x_wconf 76' lang='lat' dir='ltr'><strong>autem</strong></span> <span class='ocrx_word' id='word_1_302' title='bbox 1727 1345 1864 1379; x_wconf 71' lang='lat' dir='ltr'><strong>dedisti</strong></span> <span class='ocrx_word' id='word_1_303' title='bbox 1890 1345 2075 1378; x_wconf 65' lang='lat' dir='ltr'><strong>mes-cales</strong></span> <span class='ocrx_word' id='word_1_304' title='bbox 2107 1347 2247 1378; x_wconf 71' lang='lat' dir='ltr'><strong>cunctis</strong></span> 
     </span>
     <span class='ocr_line' id='line_1_45' title="bbox 1245 1402 2250 1446; baseline -0.002 -8"><span class='ocrx_word' id='word_1_305' title='bbox 1245 1404 1471 1439; x_wconf 66' lang='lat' dir='ltr'><strong>amamrzbas</strong></span> <span class='ocrx_word' id='word_1_306' title='bbox 1490 1408 1562 1439; x_wconf 78' lang='lat' dir='ltr'><strong>tuis</strong></span> <span class='ocrx_word' id='word_1_307' title='bbox 1577 1432 1586 1446; x_wconf 91' lang='lat'>‚</span> <span class='ocrx_word' id='word_1_308' title='bbox 1607 1413 1641 1438; x_wconf 81' lang='lat' dir='ltr'><strong>el</strong></span> <span class='ocrx_word' id='word_1_309' title='bbox 1661 1402 1826 1438; x_wconf 78' lang='lat' dir='ltr'><strong>donabas</strong></span> <span class='ocrx_word' id='word_1_310' title='bbox 1851 1407 1903 1438; x_wconf 77' lang='lat' dir='ltr'><strong>eis</strong></span> <span class='ocrx_word' id='word_1_311' title='bbox 1931 1412 1969 1437; x_wconf 80' lang='grc' dir='ltr'><strong>ιιι</strong></span> <span class='ocrx_word' id='word_1_312' title='bbox 1997 1407 2178 1437; x_wconf 69' lang='lat' dir='ltr'><strong>intrarent</strong></span> <span class='ocrx_word' id='word_1_313' title='bbox 2197 1404 2250 1436; x_wconf 76' lang='lat' dir='ltr'><strong>cul</strong></span> 
     </span>
     <span class='ocr_line' id='line_1_46' title="bbox 1245 1461 2246 1512; baseline -0.005 -12"><span class='ocrx_word' id='word_1_314' title='bbox 1245 1473 1280 1500; x_wconf 74' lang='lat' dir='ltr'><strong>te</strong></span> <span class='ocrx_word' id='word_1_315' title='bbox 1309 1466 1474 1512; x_wconf 72' lang='lat' dir='ltr'><strong>undique</strong></span> <span class='ocrx_word' id='word_1_316' title='bbox 1500 1466 1553 1498; x_wconf 82' lang='lat' dir='ltr'><strong>acl</strong></span> <span class='ocrx_word' id='word_1_317' title='bbox 1567 1462 1859 1510; x_wconf 56' lang='grc' dir='ltr'><strong>ιίὲ)ι·ηι”(·ιιιιιίιιηι,·</strong></span> <span class='ocrx_word' id='word_1_318' title='bbox 1880 1461 2101 1509; x_wconf 77' lang='lat' dir='ltr'><strong>factumque</strong></span> <span class='ocrx_word' id='word_1_319' title='bbox 2126 1470 2181 1496; x_wconf 74' lang='lat' dir='ltr'><strong>esc</strong></span> <span class='ocrx_word' id='word_1_320' title='bbox 2208 1466 2246 1495; x_wconf 77' lang='lat' dir='ltr'><strong>ln</strong></span> 
     </span>
     <span class='ocr_line' id='line_1_47' title="bbox 1243 1520 2245 1568; baseline -0.004 -9"><span class='ocrx_word' id='word_1_321' title='bbox 1243 1533 1278 1559; x_wconf 85' lang='lat' dir='ltr'><strong>te</strong></span> <span class='ocrx_word' id='word_1_322' title='bbox 1304 1533 1430 1559; x_wconf 73' lang='lat' dir='ltr'><strong>contra</strong></span> <span class='ocrx_word' id='word_1_323' title='bbox 1462 1525 1764 1558; x_wconf 71' lang='lat' dir='ltr'><strong>canmetmlinem</strong></span> <span class='ocrx_word' id='word_1_324' title='bbox 1795 1525 1986 1557; x_wconf 58' lang='lat' dir='ltr'><strong>rutilior-um</strong></span> <span class='ocrx_word' id='word_1_325' title='bbox 2013 1529 2051 1556; x_wconf 77' lang='lat' dir='ltr'><strong>m</strong></span> <span class='ocrx_word' id='word_1_326' title='bbox 2069 1520 2245 1568; x_wconf 56' lang='grc' dir='ltr'><strong>ιἵξῃ-πίθα-</strong></span> 
     </span>
     <span class='ocr_line' id='line_1_48' title="bbox 1249 1581 2245 1631; baseline -0.003 -13"><span class='ocrx_word' id='word_1_327' title='bbox 1249 1585 1406 1619; x_wconf 78' lang='lat' dir='ltr'><strong>lionilms</strong></span> <span class='ocrx_word' id='word_1_328' title='bbox 1433 1589 1523 1627; x_wconf 58' lang='lat' dir='ltr'><strong>lum,</strong></span> <span class='ocrx_word' id='word_1_329' title='bbox 1554 1593 1589 1618; x_wconf 82' lang='lat' dir='ltr'><strong>et</strong></span> <span class='ocrx_word' id='word_1_330' title='bbox 1607 1592 1695 1631; x_wconf 72' lang='lat' dir='ltr'><strong>post</strong></span> <span class='ocrx_word' id='word_1_331' title='bbox 1718 1592 1751 1618; x_wconf 78' lang='lat' dir='ltr'><strong>te</strong></span> <span class='ocrx_word' id='word_1_332' title='bbox 1777 1597 1849 1618; x_wconf 78' lang='lat' dir='ltr'><strong>uon</strong></span> <span class='ocrx_word' id='word_1_333' title='bbox 1879 1581 2174 1628; x_wconf 71' lang='lat' dir='ltr'><strong>eriljomllculin.</strong></span> <span class='ocrx_word' id='word_1_334' title='bbox 2202 1583 2245 1615; x_wconf 80' lang='lat' dir='ltr'><strong>Iu</strong></span> 
     </span>
     <span class='ocr_line' id='line_1_49' title="bbox 1249 1643 2246 1691; baseline -0.003 -15"><span class='ocrx_word' id='word_1_335' title='bbox 1249 1658 1290 1677; x_wconf 71' lang='lat' dir='ltr'><strong>eo</strong></span> <span class='ocrx_word' id='word_1_336' title='bbox 1316 1648 1413 1678; x_wconf 71' lang='lat' dir='ltr'><strong>em&#39;m</strong></span> <span class='ocrx_word' id='word_1_337' title='bbox 1445 1645 1546 1691; x_wconf 74' lang='lat' dir='ltr'><strong>quod</strong></span> <span class='ocrx_word' id='word_1_338' title='bbox 1571 1645 1706 1677; x_wconf 73' lang='lat' dir='ltr'><strong>dedisti</strong></span> <span class='ocrx_word' id='word_1_339' title='bbox 1731 1643 1912 1677; x_wconf 69' lang='lat' dir='ltr'><strong>mercedes</strong></span> <span class='ocrx_word' id='word_1_340' title='bbox 1928 1671 1937 1685; x_wconf 88' lang='lat'><strong>,</strong></span> <span class='ocrx_word' id='word_1_341' title='bbox 1968 1650 2003 1676; x_wconf 76' lang='lat' dir='ltr'><strong>et</strong></span> <span class='ocrx_word' id='word_1_342' title='bbox 2027 1655 2099 1676; x_wconf 78' lang='lat' dir='ltr'><strong>lion</strong></span> <span class='ocrx_word' id='word_1_343' title='bbox 2141 1654 2246 1675; x_wconf 73' lang='lat' dir='ltr'><strong>acce-</strong></span> 
     </span>
    </p>
   </div>
   <div class='ocr_carea' id='block_1_15' title="bbox 1244 1701 2248 1750">
    <p class='ocr_par' dir='ltr' id='par_1_15' title="bbox 1244 1701 2248 1750">
     <span class='ocr_line' id='line_1_50' title="bbox 1244 1701 2248 1750; baseline -0.001 -14"><span class='ocrx_word' id='word_1_344' title='bbox 1244 1708 1352 1750; x_wconf 66' lang='lat' dir='ltr'><strong>pisti,</strong></span> <span class='ocrx_word' id='word_1_345' title='bbox 1378 1702 1523 1750; x_wconf 67' lang='lat' dir='ltr'><strong>filetum</strong></span> <span class='ocrx_word' id='word_1_346' title='bbox 1553 1713 1604 1738; x_wconf 78' lang='lat' dir='ltr'><strong>ese</strong></span> <span class='ocrx_word' id='word_1_347' title='bbox 1634 1707 1670 1738; x_wconf 72' lang='lat'><strong>1¹11</strong></span> <span class='ocrx_word' id='word_1_348' title='bbox 1697 1713 1731 1739; x_wconf 74' lang='lat' dir='ltr'><strong>te</strong></span> <span class='ocrx_word' id='word_1_349' title='bbox 1764 1702 2032 1737; x_wconf 69' lang='lat' dir='ltr'><strong>contr-‹11-[un13.</strong></span> <span class='ocrx_word' id='word_1_350' title='bbox 2068 1701 2180 1737; x_wconf 84' lang='lat' dir='ltr'><strong>Plane</strong></span> <span class='ocrx_word' id='word_1_351' title='bbox 2211 1709 2248 1736; x_wconf 87' lang='lat' dir='ltr'><strong>et</strong></span> 
     </span>
    </p>
   </div>
   <div class='ocr_carea' id='block_1_16' title="bbox 185 1759 2247 1813">
    <p class='ocr_par' dir='ltr' id='par_1_16' title="bbox 185 1759 2247 1813">
     <span class='ocr_line' id='line_1_51' title="bbox 185 1759 2247 1813; baseline -0.002 -14"><span class='ocrx_word' id='word_1_352' title='bbox 185 1764 333 1808; x_wconf 86' lang='lat' dir='ltr'><strong>mundi,</strong></span> <span class='ocrx_word' id='word_1_353' title='bbox 358 1777 470 1813; x_wconf 86' lang='lat' dir='ltr'><strong>quam</strong></span> <span class='ocrx_word' id='word_1_354' title='bbox 496 1764 702 1801; x_wconf 86' lang='lat' dir='ltr'><strong>substantia</strong></span> <span class='ocrx_word' id='word_1_355' title='bbox 724 1773 846 1800; x_wconf 85' lang='lat' dir='ltr'><strong>nocet.</strong></span> <span class='ocrx_word' id='word_1_356' title='bbox 868 1767 913 1800; x_wconf 86' lang='lat' dir='ltr'><strong>Et</strong></span> <span class='ocrx_word' id='word_1_357' title='bbox 934 1764 1011 1800; x_wconf 83' lang='lat' dir='ltr'><strong>haee</strong></span> <span class='ocrx_word' id='word_1_358' title='bbox 1035 1765 1180 1812; x_wconf 71' lang='lat' dir='ltr'><strong>l&#39;ugien—</strong></span> <span class='ocrx_word' id='word_1_359' title='bbox 1203 1770 1229 1805; x_wconf 84' lang='lat' dir='ltr'>C</span> <span class='ocrx_word' id='word_1_360' title='bbox 1249 1764 1285 1799; x_wconf 92' lang='lat' dir='ltr'><strong>in</strong></span> <span class='ocrx_word' id='word_1_361' title='bbox 1316 1778 1360 1799; x_wconf 90' lang='lat' dir='ltr'><strong>eo</strong></span> <span class='ocrx_word' id='word_1_362' title='bbox 1390 1764 1453 1812; x_wconf 87' lang='lat' dir='ltr'><strong>qni</strong></span> <span class='ocrx_word' id='word_1_363' title='bbox 1482 1763 1572 1811; x_wconf 73' lang='lat' dir='ltr'><strong>juga</strong></span> <span class='ocrx_word' id='word_1_364' title='bbox 1599 1763 1712 1807; x_wconf 91' lang='lat' dir='ltr'><strong>emit,</strong></span> <span class='ocrx_word' id='word_1_365' title='bbox 1749 1762 1980 1797; x_wconf 85' lang='lat' dir='ltr'><strong>eontrarium</strong></span> <span class='ocrx_word' id='word_1_366' title='bbox 2017 1761 2095 1796; x_wconf 86' lang='lat' dir='ltr'><strong>lieri</strong></span> <span class='ocrx_word' id='word_1_367' title='bbox 2129 1759 2247 1795; x_wconf 87' lang='lat' dir='ltr'><strong>mani—</strong></span> 
     </span>
    </p>
   </div>
   <div class='ocr_carea' id='block_1_17' title="bbox 183 1822 1180 1872">
    <p class='ocr_par' dir='ltr' id='par_1_17' title="bbox 183 1822 1180 1872">
     <span class='ocr_line' id='line_1_52' title="bbox 183 1822 1180 1872; baseline -0.001 -14"><span class='ocrx_word' id='word_1_368' title='bbox 183 1822 314 1858; x_wconf 87' lang='lat' dir='ltr'><strong>darum</strong></span> <span class='ocrx_word' id='word_1_369' title='bbox 347 1836 456 1859; x_wconf 82' lang='lat' dir='ltr'><strong>eausa</strong></span> <span class='ocrx_word' id='word_1_370' title='bbox 488 1823 701 1859; x_wconf 77' lang='lat' dir='ltr'><strong>divitiarum</strong></span> <span class='ocrx_word' id='word_1_371' title='bbox 736 1824 924 1872; x_wconf 76' lang='lat' dir='ltr'><strong>praecipua</strong></span> <span class='ocrx_word' id='word_1_372' title='bbox 959 1831 1042 1868; x_wconf 88' lang='lat' dir='ltr'><strong>est,</strong></span> <span class='ocrx_word' id='word_1_373' title='bbox 1080 1822 1180 1871; x_wconf 84' lang='lat' dir='ltr'><strong>quod</strong></span> 
     </span>
    </p>
   </div>
   <div class='ocr_carea' id='block_1_18' title="bbox 183 1882 1182 1932">
    <p class='ocr_par' dir='ltr' id='par_1_18' title="bbox 183 1882 1182 1932">
     <span class='ocr_line' id='line_1_53' title="bbox 183 1882 1182 1932; baseline 0.001 -15"><span class='ocrx_word' id='word_1_374' title='bbox 183 1889 247 1917; x_wconf 88' lang='lat' dir='ltr'><strong>aut</strong></span> <span class='ocrx_word' id='word_1_375' title='bbox 267 1882 351 1927; x_wconf 77' lang='lat' dir='ltr'><strong>vix,</strong></span> <span class='ocrx_word' id='word_1_376' title='bbox 373 1891 436 1918; x_wconf 91' lang='lat' dir='ltr'><strong>aut</strong></span> <span class='ocrx_word' id='word_1_377' title='bbox 460 1896 651 1932; x_wconf 89' lang='lat' dir='ltr'><strong>nunquam</strong></span> <span class='ocrx_word' id='word_1_378' title='bbox 675 1883 752 1919; x_wconf 87' lang='lat' dir='ltr'><strong>sine</strong></span> <span class='ocrx_word' id='word_1_379' title='bbox 774 1895 901 1918; x_wconf 83' lang='lat' dir='ltr'><strong>amore</strong></span> <span class='ocrx_word' id='word_1_380' title='bbox 921 1883 1069 1918; x_wconf 65' lang='lat' dir='ltr'><strong>valeant</strong></span> <span class='ocrx_word' id='word_1_381' title='bbox 1099 1896 1182 1931; x_wconf 85' lang='lat' dir='ltr'><strong>pos-</strong></span> 
     </span>
    </p>
   </div>
   <div class='ocr_carea' id='block_1_19' title="bbox 184 1941 1180 1991">
    <p class='ocr_par' dir='ltr' id='par_1_19' title="bbox 184 1941 1180 1991">
     <span class='ocr_line' id='line_1_54' title="bbox 184 1941 1180 1991; baseline 0 -14"><span class='ocrx_word' id='word_1_382' title='bbox 184 1941 308 1977; x_wconf 84' lang='lat' dir='ltr'><strong>sideri.</strong></span> <span class='ocrx_word' id='word_1_383' title='bbox 331 1942 481 1978; x_wconf 86' lang='lat' dir='ltr'><strong>Limosa</strong></span> <span class='ocrx_word' id='word_1_384' title='bbox 501 1942 685 1991; x_wconf 86' lang='lat' dir='ltr'><strong>siquidem</strong></span> <span class='ocrx_word' id='word_1_385' title='bbox 709 1951 745 1978; x_wconf 85' lang='lat' dir='ltr'><strong>et</strong></span> <span class='ocrx_word' id='word_1_386' title='bbox 765 1942 952 1990; x_wconf 73' lang='lat' dir='ltr'><strong>glutinosa</strong></span> <span class='ocrx_word' id='word_1_387' title='bbox 975 1943 1084 1978; x_wconf 87' lang='lat' dir='ltr'><strong>nimis</strong></span> <span class='ocrx_word' id='word_1_388' title='bbox 1106 1956 1180 1977; x_wconf 88' lang='lat' dir='ltr'><strong>non</strong></span> 
     </span>
    </p>
   </div>
   <div class='ocr_carea' id='block_1_20' title="bbox 186 1999 1182 2045">
    <p class='ocr_par' dir='ltr' id='par_1_20' title="bbox 186 1999 1182 2045">
     <span class='ocr_line' id='line_1_55' title="bbox 186 1999 1182 2045; baseline 0.001 -9"><span class='ocrx_word' id='word_1_389' title='bbox 186 1999 300 2036; x_wconf 88' lang='lat' dir='ltr'><strong>modo</strong></span> <span class='ocrx_word' id='word_1_390' title='bbox 327 2001 511 2045; x_wconf 80' lang='lat' dir='ltr'><strong>exterior,</strong></span> <span class='ocrx_word' id='word_1_391' title='bbox 543 2015 669 2037; x_wconf 81' lang='lat' dir='ltr'><strong>verum</strong></span> <span class='ocrx_word' id='word_1_392' title='bbox 690 2001 799 2037; x_wconf 86' lang='lat' dir='ltr'><strong>etiam</strong></span> <span class='ocrx_word' id='word_1_393' title='bbox 825 2001 982 2037; x_wconf 84' lang='lat' dir='ltr'><strong>interior</strong></span> <span class='ocrx_word' id='word_1_394' title='bbox 1012 2001 1182 2037; x_wconf 81' lang='lat' dir='ltr'><strong>substan-</strong></span> 
     </span>
    </p>
   </div>
   <div class='ocr_carea' id='block_1_21' title="bbox 184 2059 1180 2169">
    <p class='ocr_par' dir='ltr' id='par_1_21' title="bbox 184 2059 1180 2169">
     <span class='ocr_line' id='line_1_56' title="bbox 187 2059 1180 2105; baseline 0.001 -10"><span class='ocrx_word' id='word_1_395' title='bbox 187 2059 235 2095; x_wconf 81' lang='lat' dir='ltr'><strong>tia</strong></span> <span class='ocrx_word' id='word_1_396' title='bbox 278 2068 405 2096; x_wconf 84' lang='lat' dir='ltr'><strong>nostra</strong></span> <span class='ocrx_word' id='word_1_397' title='bbox 450 2060 634 2105; x_wconf 78' lang='lat' dir='ltr'><strong>videtur3</strong></span> <span class='ocrx_word' id='word_1_398' title='bbox 669 2069 705 2096; x_wconf 85' lang='lat' dir='ltr'><strong>et</strong></span> <span class='ocrx_word' id='word_1_399' title='bbox 738 2061 844 2096; x_wconf 85' lang='lat' dir='ltr'><strong>saeilc</strong></span> <span class='ocrx_word' id='word_1_400' title='bbox 875 2073 940 2096; x_wconf 85' lang='lat' dir='ltr'><strong>eor</strong></span> <span class='ocrx_word' id='word_1_401' title='bbox 975 2061 1180 2096; x_wconf 87' lang='lat' dir='ltr'><strong>humanum</strong></span> 
     </span>
     <span class='ocr_line' id='line_1_57' title="bbox 184 2118 951 2169; baseline 0.001 -15"><span class='ocrx_word' id='word_1_402' title='bbox 184 2118 362 2155; x_wconf 86' lang='lat' dir='ltr'><strong>omnibus</strong></span> <span class='ocrx_word' id='word_1_403' title='bbox 391 2133 474 2168; x_wconf 86' lang='lat' dir='ltr'><strong>quae</strong></span> <span class='ocrx_word' id='word_1_404' title='bbox 508 2121 742 2169; x_wconf 84' lang='lat' dir='ltr'><strong>frequentat,</strong></span> <span class='ocrx_word' id='word_1_405' title='bbox 776 2119 951 2156; x_wconf 74' lang='lat' dir='ltr'><strong>adhaeret.</strong></span> 
     </span>
    </p>
   </div>
   <div class='ocr_carea' id='block_1_22' title="bbox 299 2246 1060 2288">
    <p class='ocr_par' dir='ltr' id='par_1_22' title="bbox 299 2246 1060 2288">
     <span class='ocr_line' id='line_1_58' title="bbox 299 2246 1060 2288; baseline -0.001 -10"><span class='ocrx_word' id='word_1_406' title='bbox 299 2250 356 2278; x_wconf 89' lang='lat'>111.</span> <span class='ocrx_word' id='word_1_407' title='bbox 372 2266 414 2270; x_wconf 90' lang='lat'><strong>-—-</strong></span> <span class='ocrx_word' id='word_1_408' title='bbox 433 2250 479 2278; x_wconf 85' lang='lat' dir='ltr'><strong>De</strong></span> <span class='ocrx_word' id='word_1_409' title='bbox 498 2258 535 2278; x_wconf 90' lang='lat' dir='ltr'><strong>eo</strong></span> <span class='ocrx_word' id='word_1_410' title='bbox 552 2248 604 2288; x_wconf 88' lang='lat' dir='ltr'><strong>qui</strong></span> <span class='ocrx_word' id='word_1_411' title='bbox 621 2248 692 2288; x_wconf 80' lang='lat' dir='ltr'><strong>juga</strong></span> <span class='ocrx_word' id='word_1_412' title='bbox 712 2246 804 2277; x_wconf 90' lang='lat' dir='ltr'><strong>boum</strong></span> <span class='ocrx_word' id='word_1_413' title='bbox 822 2247 894 2277; x_wconf 88' lang='lat' dir='ltr'><strong>emit</strong></span> <span class='ocrx_word' id='word_1_414' title='bbox 912 2247 1060 2288; x_wconf 82' lang='lat' dir='ltr'><strong>quinque.</strong></span> 
     </span>
    </p>
   </div>
   <div class='ocr_carea' id='block_1_23' title="bbox 184 2359 1179 2529">
    <p class='ocr_par' dir='ltr' id='par_1_23' title="bbox 184 2359 1179 2529">
     <span class='ocr_line' id='line_1_59' title="bbox 236 2359 1177 2409; baseline -0.003 -12"><span class='ocrx_word' id='word_1_415' title='bbox 236 2361 270 2397; x_wconf 88' lang='lat'><strong>3.</strong></span> <span class='ocrx_word' id='word_1_416' title='bbox 291 2364 368 2409; x_wconf 80' lang='lat' dir='ltr'><strong>Age</strong></span> <span class='ocrx_word' id='word_1_417' title='bbox 385 2373 474 2409; x_wconf 75' lang='lat' dir='ltr'><strong>ergo</strong></span> <span class='ocrx_word' id='word_1_418' title='bbox 494 2359 558 2408; x_wconf 90' lang='lat' dir='ltr'><strong>qui</strong></span> <span class='ocrx_word' id='word_1_419' title='bbox 581 2359 794 2408; x_wconf 85' lang='lat' dir='ltr'><strong>relinquere</strong></span> <span class='ocrx_word' id='word_1_420' title='bbox 825 2359 995 2408; x_wconf 84' lang='lat' dir='ltr'><strong>disponis</strong></span> <span class='ocrx_word' id='word_1_421' title='bbox 1027 2359 1152 2395; x_wconf 86' lang='lat' dir='ltr'><strong>onmia</strong></span> <span class='ocrx_word' id='word_1_422' title='bbox 1168 2387 1177 2403; x_wconf 94' lang='lat'><strong>,</strong></span> 
     </span>
     <span class='ocr_line' id='line_1_60' title="bbox 184 2419 1179 2470; baseline -0.005 -13"><span class='ocrx_word' id='word_1_423' title='bbox 184 2429 219 2457; x_wconf 83' lang='lat' dir='ltr'><strong>te</strong></span> <span class='ocrx_word' id='word_1_424' title='bbox 252 2434 403 2470; x_wconf 88' lang='lat' dir='ltr'><strong>quoque</strong></span> <span class='ocrx_word' id='word_1_425' title='bbox 438 2421 535 2456; x_wconf 89' lang='lat' dir='ltr'><strong>inter</strong></span> <span class='ocrx_word' id='word_1_426' title='bbox 569 2419 816 2468; x_wconf 85' lang='lat' dir='ltr'><strong>relinquenda</strong></span> <span class='ocrx_word' id='word_1_427' title='bbox 863 2432 1062 2455; x_wconf 84' lang='lat' dir='ltr'><strong>numerare</strong></span> <span class='ocrx_word' id='word_1_428' title='bbox 1102 2432 1179 2454; x_wconf 82' lang='lat' dir='ltr'><strong>me-</strong></span> 
     </span>
     <span class='ocr_line' id='line_1_61' title="bbox 185 2479 1179 2529; baseline -0.002 -13"><span class='ocrx_word' id='word_1_429' title='bbox 185 2489 324 2516; x_wconf 84' lang='lat' dir='ltr'><strong>mento.</strong></span> <span class='ocrx_word' id='word_1_430' title='bbox 355 2484 435 2517; x_wconf 89' lang='lat' dir='ltr'><strong>Imo</strong></span> <span class='ocrx_word' id='word_1_431' title='bbox 465 2493 555 2516; x_wconf 87' lang='lat' dir='ltr'><strong>vero</strong></span> <span class='ocrx_word' id='word_1_432' title='bbox 587 2480 747 2516; x_wconf 87' lang='lat' dir='ltr'><strong>maxime</strong></span> <span class='ocrx_word' id='word_1_433' title='bbox 770 2489 807 2516; x_wconf 80' lang='lat' dir='ltr'><strong>et</strong></span> <span class='ocrx_word' id='word_1_434' title='bbox 833 2480 1092 2529; x_wconf 81' lang='lat' dir='ltr'><strong>principaliter</strong></span> <span class='ocrx_word' id='word_1_435' title='bbox 1117 2479 1179 2515; x_wconf 86' lang='lat' dir='ltr'><strong>ab-</strong></span> 
     </span>
    </p>
   </div>
   <div class='ocr_carea' id='block_1_24' title="bbox 1245 1818 2250 2464">
    <p class='ocr_par' dir='ltr' id='par_1_24' title="bbox 1245 1818 2250 2464">
     <span class='ocr_line' id='line_1_62' title="bbox 1249 1818 2244 1869; baseline -0.005 -11"><span class='ocrx_word' id='word_1_436' title='bbox 1249 1823 1381 1858; x_wconf 77' lang='lat' dir='ltr'><strong>t&#39;estuni</strong></span> <span class='ocrx_word' id='word_1_437' title='bbox 1400 1831 1469 1858; x_wconf 86' lang='lat' dir='ltr'><strong>est.</strong></span> <span class='ocrx_word' id='word_1_438' title='bbox 1493 1821 1591 1869; x_wconf 87' lang='lat' dir='ltr'><strong>Quid</strong></span> <span class='ocrx_word' id='word_1_439' title='bbox 1612 1820 1813 1869; x_wconf 64' lang='lat' dir='ltr'><strong>enimjuga</strong></span> <span class='ocrx_word' id='word_1_440' title='bbox 1829 1821 1936 1865; x_wconf 87' lang='lat' dir='ltr'><strong>emit,</strong></span> <span class='ocrx_word' id='word_1_441' title='bbox 1956 1829 1991 1856; x_wconf 87' lang='lat' dir='ltr'><strong>et</strong></span> <span class='ocrx_word' id='word_1_442' title='bbox 2007 1819 2095 1869; x_wconf 77' lang='lat' dir='ltr'><strong>juga</strong></span> <span class='ocrx_word' id='word_1_443' title='bbox 2114 1818 2244 1861; x_wconf 88' lang='lat' dir='ltr'><strong>boum,</strong></span> 
     </span>
     <span class='ocr_line' id='line_1_63' title="bbox 1247 1879 2246 1930; baseline -0.004 -13"><span class='ocrx_word' id='word_1_444' title='bbox 1247 1882 1305 1918; x_wconf 79' lang='lat' dir='ltr'><strong>cui</strong></span> <span class='ocrx_word' id='word_1_445' title='bbox 1333 1882 1465 1930; x_wconf 76' lang='lat' dir='ltr'><strong>jugum</strong></span> <span class='ocrx_word' id='word_1_446' title='bbox 1500 1894 1613 1917; x_wconf 71' lang='lat' dir='ltr'><strong>suave</strong></span> <span class='ocrx_word' id='word_1_447' title='bbox 1645 1881 1758 1929; x_wconf 76' lang='lat' dir='ltr'><strong>gratis</strong></span> <span class='ocrx_word' id='word_1_448' title='bbox 1788 1881 1974 1916; x_wconf 72' lang='lat' dir='ltr'><strong>utl&#39;ertur?</strong></span> <span class='ocrx_word' id='word_1_449' title='bbox 2001 1883 2091 1916; x_wconf 64' lang='lat' dir='ltr'><strong>Nam</strong></span> <span class='ocrx_word' id='word_1_450' title='bbox 2114 1879 2246 1928; x_wconf 74' lang='lat' dir='ltr'><strong>jugum</strong></span> 
     </span>
     <span class='ocr_line' id='line_1_64' title="bbox 1249 1938 2246 1990; baseline -0.004 -13"><span class='ocrx_word' id='word_1_451' title='bbox 1249 1942 1406 1987; x_wconf 77' lang='lat' dir='ltr'><strong>Christi,</strong></span> <span class='ocrx_word' id='word_1_452' title='bbox 1426 1940 1558 1990; x_wconf 77' lang='lat' dir='ltr'><strong>jugum</strong></span> <span class='ocrx_word' id='word_1_453' title='bbox 1584 1939 1747 1976; x_wconf 89' lang='lat' dir='ltr'><strong>hominis</strong></span> <span class='ocrx_word' id='word_1_454' title='bbox 1774 1948 1850 1983; x_wconf 80' lang='lat' dir='ltr'><strong>est,</strong></span> <span class='ocrx_word' id='word_1_455' title='bbox 1872 1939 2054 1988; x_wconf 83' lang='lat' dir='ltr'><strong>siquidem</strong></span> <span class='ocrx_word' id='word_1_456' title='bbox 2079 1946 2114 1975; x_wconf 82' lang='lat' dir='ltr'><strong>et</strong></span> <span class='ocrx_word' id='word_1_457' title='bbox 2140 1938 2246 1975; x_wconf 88' lang='lat' dir='ltr'><strong>Chri-</strong></span> 
     </span>
     <span class='ocr_line' id='line_1_65' title="bbox 1249 1998 2250 2049; baseline -0.004 -12"><span class='ocrx_word' id='word_1_458' title='bbox 1249 2010 1326 2037; x_wconf 85' lang='lat' dir='ltr'><strong>stus</strong></span> <span class='ocrx_word' id='word_1_459' title='bbox 1358 2001 1484 2037; x_wconf 85' lang='lat' dir='ltr'><strong>homo.</strong></span> <span class='ocrx_word' id='word_1_460' title='bbox 1516 2004 1589 2037; x_wconf 58' lang='lat' dir='ltr'><strong>Nee</strong></span> <span class='ocrx_word' id='word_1_461' title='bbox 1611 2000 1724 2035; x_wconf 88' lang='lat' dir='ltr'><strong>modo</strong></span> <span class='ocrx_word' id='word_1_462' title='bbox 1745 2001 1858 2049; x_wconf 75' lang='lat' dir='ltr'><strong>gratis</strong></span> <span class='ocrx_word' id='word_1_463' title='bbox 1882 2000 2084 2043; x_wconf 84' lang='lat' dir='ltr'><strong>tribuitur,</strong></span> <span class='ocrx_word' id='word_1_464' title='bbox 2116 1998 2178 2034; x_wconf 81' lang='lat' dir='ltr'><strong>sed</strong></span> <span class='ocrx_word' id='word_1_465' title='bbox 2211 2006 2250 2034; x_wconf 86' lang='lat' dir='ltr'><strong>et</strong></span> 
     </span>
     <span class='ocr_line' id='line_1_66' title="bbox 1248 2060 2246 2110; baseline -0.003 -14"><span class='ocrx_word' id='word_1_466' title='bbox 1248 2061 1399 2110; x_wconf 82' lang='lat' dir='ltr'><strong>eopiosa</strong></span> <span class='ocrx_word' id='word_1_467' title='bbox 1422 2061 1476 2096; x_wconf 88' lang='lat' dir='ltr'><strong>his</strong></span> <span class='ocrx_word' id='word_1_468' title='bbox 1495 2061 1558 2109; x_wconf 91' lang='lat' dir='ltr'><strong>qui</strong></span> <span class='ocrx_word' id='word_1_469' title='bbox 1582 2060 1757 2104; x_wconf 88' lang='lat' dir='ltr'><strong>tulerint,</strong></span> <span class='ocrx_word' id='word_1_470' title='bbox 1779 2060 2031 2095; x_wconf 82' lang='lat' dir='ltr'><strong>remuneratio</strong></span> <span class='ocrx_word' id='word_1_471' title='bbox 2052 2068 2127 2103; x_wconf 87' lang='lat' dir='ltr'><strong>est,</strong></span> <span class='ocrx_word' id='word_1_472' title='bbox 2158 2066 2198 2093; x_wconf 92' lang='lat' dir='ltr'><strong>ut</strong></span> <span class='ocrx_word' id='word_1_473' title='bbox 2227 2072 2246 2093; x_wconf 83' lang='lat' dir='ltr'><strong>a</strong></span> 
     </span>
     <span class='ocr_line' id='line_1_67' title="bbox 1249 2118 2247 2167; baseline -0.004 -11"><span class='ocrx_word' id='word_1_474' title='bbox 1249 2121 1396 2156; x_wconf 85' lang='lat' dir='ltr'><strong>nemine</strong></span> <span class='ocrx_word' id='word_1_475' title='bbox 1441 2133 1514 2155; x_wconf 83' lang='lat' dir='ltr'><strong>non</strong></span> <span class='ocrx_word' id='word_1_476' title='bbox 1559 2119 1642 2155; x_wconf 86' lang='lat' dir='ltr'><strong>dieo</strong></span> <span class='ocrx_word' id='word_1_477' title='bbox 1680 2119 1781 2164; x_wconf 87' lang='lat' dir='ltr'><strong>emi,</strong></span> <span class='ocrx_word' id='word_1_478' title='bbox 1817 2119 1879 2154; x_wconf 80' lang='lat' dir='ltr'><strong>sed</strong></span> <span class='ocrx_word' id='word_1_479' title='bbox 1923 2120 2038 2167; x_wconf 81' lang='lat' dir='ltr'><strong>gratis</strong></span> <span class='ocrx_word' id='word_1_480' title='bbox 2072 2118 2247 2153; x_wconf 83' lang='lat' dir='ltr'><strong>sustineri</strong></span> 
     </span>
     <span class='ocr_line' id='line_1_68' title="bbox 1246 2176 2245 2228; baseline -0.003 -14"><span class='ocrx_word' id='word_1_481' title='bbox 1246 2187 1372 2228; x_wconf 87' lang='lat' dir='ltr'><strong>queat.</strong></span> <span class='ocrx_word' id='word_1_482' title='bbox 1398 2178 1496 2225; x_wconf 89' lang='lat' dir='ltr'><strong>Quid</strong></span> <span class='ocrx_word' id='word_1_483' title='bbox 1523 2191 1631 2226; x_wconf 78' lang='lat' dir='ltr'><strong>ergo,</strong></span> <span class='ocrx_word' id='word_1_484' title='bbox 1659 2178 1793 2222; x_wconf 87' lang='lat' dir='ltr'><strong>miser,</strong></span> <span class='ocrx_word' id='word_1_485' title='bbox 1820 2191 1889 2226; x_wconf 81' lang='lat' dir='ltr'><strong>pro</strong></span> <span class='ocrx_word' id='word_1_486' title='bbox 1912 2177 2006 2226; x_wconf 76' lang='lat' dir='ltr'><strong>jugo</strong></span> <span class='ocrx_word' id='word_1_487' title='bbox 2028 2177 2142 2212; x_wconf 87' lang='lat' dir='ltr'><strong>boum</strong></span> <span class='ocrx_word' id='word_1_488' title='bbox 2167 2176 2245 2212; x_wconf 84' lang='lat' dir='ltr'><strong>dis-</strong></span> 
     </span>
     <span class='ocr_line' id='line_1_69' title="bbox 1247 2237 2247 2285; baseline -0.002 -12"><span class='ocrx_word' id='word_1_489' title='bbox 1247 2238 1361 2274; x_wconf 82' lang='lat' dir='ltr'><strong>trahis</strong></span> <span class='ocrx_word' id='word_1_490' title='bbox 1385 2238 1547 2273; x_wconf 89' lang='lat' dir='ltr'><strong>animam</strong></span> <span class='ocrx_word' id='word_1_491' title='bbox 1578 2245 1699 2281; x_wconf 91' lang='lat' dir='ltr'><strong>tuam,</strong></span> <span class='ocrx_word' id='word_1_492' title='bbox 1731 2237 1941 2285; x_wconf 71' lang='lat' dir='ltr'><strong>quijugum</strong></span> <span class='ocrx_word' id='word_1_493' title='bbox 1966 2237 2100 2272; x_wconf 75' lang='lat' dir='ltr'><strong>Christi</strong></span> <span class='ocrx_word' id='word_1_494' title='bbox 2127 2237 2247 2273; x_wconf 42' lang='lat' dir='ltr'><strong>susci*</strong></span> 
     </span>
     <span class='ocr_line' id='line_1_70' title="bbox 1245 2295 2247 2346; baseline -0.003 -13"><span class='ocrx_word' id='word_1_495' title='bbox 1245 2298 1370 2346; x_wconf 84' lang='lat' dir='ltr'><strong>piens,</strong></span> <span class='ocrx_word' id='word_1_496' title='bbox 1419 2310 1544 2332; x_wconf 85' lang='lat' dir='ltr'><strong>emere</strong></span> <span class='ocrx_word' id='word_1_497' title='bbox 1577 2304 1726 2345; x_wconf 85' lang='lat' dir='ltr'><strong>poteras</strong></span> <span class='ocrx_word' id='word_1_498' title='bbox 1764 2309 1921 2343; x_wconf 73' lang='lat' dir='ltr'><strong>regnum</strong></span> <span class='ocrx_word' id='word_1_499' title='bbox 1955 2297 2046 2340; x_wconf 89' lang='lat' dir='ltr'><strong>Dei,</strong></span> <span class='ocrx_word' id='word_1_500' title='bbox 2091 2295 2247 2331; x_wconf 85' lang='lat' dir='ltr'><strong>mereari</strong></span> 
     </span>
     <span class='ocr_line' id='line_1_71' title="bbox 1247 2355 2247 2403; baseline -0.003 -11"><span class='ocrx_word' id='word_1_501' title='bbox 1247 2358 1382 2401; x_wconf 80' lang='lat' dir='ltr'><strong>vitani,</strong></span> <span class='ocrx_word' id='word_1_502' title='bbox 1429 2356 1647 2392; x_wconf 79' lang='lat' dir='ltr'><strong>lucrifacere</strong></span> <span class='ocrx_word' id='word_1_503' title='bbox 1678 2355 1890 2392; x_wconf 77' lang='lat' dir='ltr'><strong>Christum?</strong></span> <span class='ocrx_word' id='word_1_504' title='bbox 1925 2359 2016 2392; x_wconf 62' lang='lat' dir='ltr'><strong>Nam</strong></span> <span class='ocrx_word' id='word_1_505' title='bbox 2048 2355 2126 2391; x_wconf 79' lang='lat' dir='ltr'><strong>sine</strong></span> <span class='ocrx_word' id='word_1_506' title='bbox 2155 2355 2247 2403; x_wconf 69' lang='lat' dir='ltr'><strong>jugo</strong></span> 
     </span>
     <span class='ocr_line' id='line_1_72' title="bbox 1246 2414 2248 2464; baseline -0.003 -12"><span class='ocrx_word' id='word_1_507' title='bbox 1246 2417 1394 2452; x_wconf 84' lang='lat' dir='ltr'><strong>interim</strong></span> <span class='ocrx_word' id='word_1_508' title='bbox 1422 2429 1502 2452; x_wconf 86' lang='lat' dir='ltr'><strong>esse</strong></span> <span class='ocrx_word' id='word_1_509' title='bbox 1534 2428 1609 2451; x_wconf 85' lang='lat' dir='ltr'><strong>non</strong></span> <span class='ocrx_word' id='word_1_510' title='bbox 1640 2423 1772 2464; x_wconf 80' lang='lat' dir='ltr'><strong>potes,</strong></span> <span class='ocrx_word' id='word_1_511' title='bbox 1803 2415 1916 2451; x_wconf 84' lang='lat' dir='ltr'><strong>homo</strong></span> <span class='ocrx_word' id='word_1_512' title='bbox 1951 2415 2151 2459; x_wconf 86' lang='lat' dir='ltr'><strong>nimirum,</strong></span> <span class='ocrx_word' id='word_1_513' title='bbox 2184 2414 2248 2463; x_wconf 88' lang='lat' dir='ltr'><strong>qui</strong></span> 
     </span>
    </p>
   </div>
   <div class='ocr_carea' id='block_1_25' title="bbox 1246 2473 2249 2523">
    <p class='ocr_par' dir='ltr' id='par_1_25' title="bbox 1246 2473 2249 2523">
     <span class='ocr_line' id='line_1_73' title="bbox 1246 2473 2249 2523; baseline -0.005 -10"><span class='ocrx_word' id='word_1_514' title='bbox 1246 2486 1353 2513; x_wconf 87' lang='lat' dir='ltr'><strong>natus</strong></span> <span class='ocrx_word' id='word_1_515' title='bbox 1389 2489 1427 2512; x_wconf 83' lang='lat' dir='ltr'><strong>es</strong></span> <span class='ocrx_word' id='word_1_516' title='bbox 1460 2475 1505 2512; x_wconf 87' lang='lat' dir='ltr'><strong>ad</strong></span> <span class='ocrx_word' id='word_1_517' title='bbox 1538 2474 1704 2511; x_wconf 81' lang='lat' dir='ltr'><strong>laborem</strong></span> <span class='ocrx_word' id='word_1_518' title='bbox 1723 2474 1750 2509; x_wconf 62' lang='lat'><strong>⁴¹.</strong></span> <span class='ocrx_word' id='word_1_519' title='bbox 1787 2475 1857 2511; x_wconf 83' lang='lat' dir='ltr'><strong>Sed</strong></span> <span class='ocrx_word' id='word_1_520' title='bbox 1886 2488 1998 2523; x_wconf 72' lang='lat' dir='ltr'><strong>grave</strong></span> <span class='ocrx_word' id='word_1_521' title='bbox 2024 2473 2156 2522; x_wconf 73' lang='lat' dir='ltr'><strong>jugum</strong></span> <span class='ocrx_word' id='word_1_522' title='bbox 2186 2487 2249 2509; x_wconf 85' lang='lat' dir='ltr'><strong>su-</strong></span> 
     </span>
    </p>
   </div>
   <div class='ocr_carea' id='block_1_26' title="bbox 185 2532 2251 2590">
    <p class='ocr_par' dir='ltr' id='par_1_26' title="bbox 185 2532 2251 2590">
     <span class='ocr_line' id='line_1_74' title="bbox 185 2532 2251 2590; baseline -0.004 -14"><span class='ocrx_word' id='word_1_523' title='bbox 185 2553 276 2590; x_wconf 78' lang='lat' dir='ltr'><strong>nega</strong></span> <span class='ocrx_word' id='word_1_524' title='bbox 309 2541 563 2589; x_wconf 84' lang='lat' dir='ltr'><strong>temetipsum,</strong></span> <span class='ocrx_word' id='word_1_525' title='bbox 597 2540 627 2576; x_wconf 88' lang='lat' dir='ltr'><strong>si</strong></span> <span class='ocrx_word' id='word_1_526' title='bbox 658 2540 844 2576; x_wconf 83' lang='lat' dir='ltr'><strong>deliberas</strong></span> <span class='ocrx_word' id='word_1_527' title='bbox 877 2541 981 2589; x_wconf 84' lang='lat' dir='ltr'><strong>sequi</strong></span> <span class='ocrx_word' id='word_1_528' title='bbox 1004 2554 1088 2576; x_wconf 84' lang='lat' dir='ltr'><strong>euin</strong></span> <span class='ocrx_word' id='word_1_529' title='bbox 1114 2540 1176 2589; x_wconf 86' lang='lat' dir='ltr'><strong>qui</strong></span> <span class='ocrx_word' id='word_1_530' title='bbox 1198 2542 1227 2574; x_wconf 86' lang='lat' dir='ltr'><strong>l)</strong></span> <span class='ocrx_word' id='word_1_531' title='bbox 1246 2549 1313 2586; x_wconf 78' lang='lat' dir='ltr'><strong>per</strong></span> <span class='ocrx_word' id='word_1_532' title='bbox 1340 2548 1472 2572; x_wconf 85' lang='lat' dir='ltr'><strong>omnes</strong></span> <span class='ocrx_word' id='word_1_533' title='bbox 1507 2535 1602 2570; x_wconf 83' lang='lat' dir='ltr'><strong>lilios</strong></span> <span class='ocrx_word' id='word_1_534' title='bbox 1636 2532 1805 2579; x_wconf 67' lang='lat' dir='ltr'><strong>Adain5,</strong></span> <span class='ocrx_word' id='word_1_535' title='bbox 1839 2535 1968 2582; x_wconf 68' lang='lat' dir='ltr'><strong>utique</strong></span> <span class='ocrx_word' id='word_1_536' title='bbox 1998 2533 2061 2581; x_wconf 90' lang='lat' dir='ltr'><strong>qui</strong></span> <span class='ocrx_word' id='word_1_537' title='bbox 2089 2546 2251 2582; x_wconf 85' lang='lat' dir='ltr'><strong>sequun-</strong></span> 
     </span>
    </p>
   </div>
   <div class='ocr_carea' id='block_1_27' title="bbox 183 2600 1180 3126">
    <p class='ocr_par' dir='ltr' id='par_1_27' title="bbox 183 2600 1180 3126">
     <span class='ocr_line' id='line_1_75' title="bbox 183 2600 1179 2649; baseline 0 -14"><span class='ocrx_word' id='word_1_538' title='bbox 183 2600 390 2636; x_wconf 73' lang='lat' dir='ltr'><strong>exinanivit</strong></span> <span class='ocrx_word' id='word_1_539' title='bbox 422 2608 577 2649; x_wconf 84' lang='lat' dir='ltr'><strong>propter</strong></span> <span class='ocrx_word' id='word_1_540' title='bbox 611 2608 644 2635; x_wconf 91' lang='lat' dir='ltr'><strong>te</strong></span> <span class='ocrx_word' id='word_1_541' title='bbox 676 2601 930 2649; x_wconf 85' lang='lat' dir='ltr'><strong>semetipsum.</strong></span> <span class='ocrx_word' id='word_1_542' title='bbox 963 2604 1063 2636; x_wconf 84' lang='lat' dir='ltr'><strong>Pone</strong></span> <span class='ocrx_word' id='word_1_543' title='bbox 1094 2613 1179 2649; x_wconf 75' lang='lat' dir='ltr'><strong>gra-</strong></span> 
     </span>
     <span class='ocr_line' id='line_1_76' title="bbox 184 2659 1175 2707; baseline 0 -14"><span class='ocrx_word' id='word_1_544' title='bbox 184 2659 370 2694; x_wconf 72' lang='lat' dir='ltr'><strong>vissimam</strong></span> <span class='ocrx_word' id='word_1_545' title='bbox 404 2659 611 2703; x_wconf 87' lang='lat' dir='ltr'><strong>sarcinam,</strong></span> <span class='ocrx_word' id='word_1_546' title='bbox 648 2671 745 2707; x_wconf 84' lang='lat' dir='ltr'><strong>pone</strong></span> <span class='ocrx_word' id='word_1_547' title='bbox 781 2659 976 2694; x_wconf 87' lang='lat' dir='ltr'><strong>asinariam</strong></span> <span class='ocrx_word' id='word_1_548' title='bbox 1014 2659 1175 2702; x_wconf 81' lang='lat' dir='ltr'><strong>mulam,</strong></span> 
     </span>
     <span class='ocr_line' id='line_1_77' title="bbox 186 2719 1178 2768; baseline 0 -15"><span class='ocrx_word' id='word_1_549' title='bbox 186 2727 370 2754; x_wconf 87' lang='lat' dir='ltr'><strong>terrenam</strong></span> <span class='ocrx_word' id='word_1_550' title='bbox 388 2719 523 2754; x_wconf 85' lang='lat' dir='ltr'><strong>molem</strong></span> <span class='ocrx_word' id='word_1_551' title='bbox 547 2732 553 2753; x_wconf 91' lang='lat'>:</span> <span class='ocrx_word' id='word_1_552' title='bbox 577 2732 674 2767; x_wconf 84' lang='lat' dir='ltr'><strong>pone</strong></span> <span class='ocrx_word' id='word_1_553' title='bbox 693 2719 753 2755; x_wconf 85' lang='lat' dir='ltr'><strong>itta</strong></span> <span class='ocrx_word' id='word_1_554' title='bbox 775 2719 941 2768; x_wconf 87' lang='lat' dir='ltr'><strong>quinque</strong></span> <span class='ocrx_word' id='word_1_555' title='bbox 963 2732 1037 2754; x_wconf 86' lang='lat' dir='ltr'><strong>non</strong></span> <span class='ocrx_word' id='word_1_556' title='bbox 1053 2719 1178 2754; x_wconf 90' lang='lat' dir='ltr'><strong>homi—</strong></span> 
     </span>
     <span class='ocr_line' id='line_1_78' title="bbox 185 2778 1179 2829; baseline 0 -16"><span class='ocrx_word' id='word_1_557' title='bbox 185 2791 273 2813; x_wconf 91' lang='lat' dir='ltr'><strong>num</strong></span> <span class='ocrx_word' id='word_1_558' title='bbox 298 2778 408 2827; x_wconf 85' lang='lat' dir='ltr'><strong>plane</strong></span> <span class='ocrx_word' id='word_1_559' title='bbox 425 2778 536 2826; x_wconf 80' lang='lat' dir='ltr'><strong>juga,</strong></span> <span class='ocrx_word' id='word_1_560' title='bbox 558 2779 620 2814; x_wconf 83' lang='lat' dir='ltr'><strong>sed</strong></span> <span class='ocrx_word' id='word_1_561' title='bbox 646 2779 782 2825; x_wconf 88' lang='lat' dir='ltr'><strong>boum,</strong></span> <span class='ocrx_word' id='word_1_562' title='bbox 805 2793 888 2829; x_wconf 77' lang='lat' dir='ltr'><strong>quae</strong></span> <span class='ocrx_word' id='word_1_563' title='bbox 910 2779 975 2815; x_wconf 89' lang='lat' dir='ltr'><strong>tibi</strong></span> <span class='ocrx_word' id='word_1_564' title='bbox 996 2779 1179 2828; x_wconf 86' lang='lat' dir='ltr'><strong>insipien-</strong></span> 
     </span>
     <span class='ocr_line' id='line_1_79' title="bbox 185 2836 1179 2888; baseline 0 -16"><span class='ocrx_word' id='word_1_565' title='bbox 185 2846 240 2872; x_wconf 90' lang='lat' dir='ltr'><strong>ter</strong></span> <span class='ocrx_word' id='word_1_566' title='bbox 256 2837 389 2873; x_wconf 82' lang='lat' dir='ltr'><strong>emisti.</strong></span> <span class='ocrx_word' id='word_1_567' title='bbox 411 2837 561 2886; x_wconf 84' lang='lat' dir='ltr'><strong>Alioqui</strong></span> <span class='ocrx_word' id='word_1_568' title='bbox 582 2839 683 2887; x_wconf 87' lang='lat' dir='ltr'><strong>sequi</strong></span> <span class='ocrx_word' id='word_1_569' title='bbox 703 2852 904 2888; x_wconf 79' lang='lat' dir='ltr'><strong>sponsum,</strong></span> <span class='ocrx_word' id='word_1_570' title='bbox 927 2846 963 2874; x_wconf 88' lang='lat' dir='ltr'><strong>et</strong></span> <span class='ocrx_word' id='word_1_571' title='bbox 984 2838 1112 2873; x_wconf 85' lang='lat' dir='ltr'><strong>venire</strong></span> <span class='ocrx_word' id='word_1_572' title='bbox 1134 2836 1179 2873; x_wconf 85' lang='lat' dir='ltr'><strong>ad</strong></span> 
     </span>
     <span class='ocr_line' id='line_1_80' title="bbox 185 2896 1180 2947; baseline 0 -16"><span class='ocrx_word' id='word_1_573' title='bbox 185 2896 332 2945; x_wconf 84' lang='lat' dir='ltr'><strong>nuptias</strong></span> <span class='ocrx_word' id='word_1_574' title='bbox 355 2896 565 2945; x_wconf 87' lang='lat' dir='ltr'><strong>spirituales</strong></span> <span class='ocrx_word' id='word_1_575' title='bbox 589 2898 759 2947; x_wconf 89' lang='lat' dir='ltr'><strong>quinaria</strong></span> <span class='ocrx_word' id='word_1_576' title='bbox 786 2898 853 2934; x_wconf 83' lang='lat' dir='ltr'><strong>hac</strong></span> <span class='ocrx_word' id='word_1_577' title='bbox 879 2911 1028 2947; x_wconf 84' lang='lat' dir='ltr'><strong>pressus</strong></span> <span class='ocrx_word' id='word_1_578' title='bbox 1053 2906 1089 2932; x_wconf 87' lang='lat' dir='ltr'><strong>et</strong></span> <span class='ocrx_word' id='word_1_579' title='bbox 1113 2911 1180 2946; x_wconf 83' lang='lat' dir='ltr'><strong>op-</strong></span> 
     </span>
     <span class='ocr_line' id='line_1_81' title="bbox 185 2957 1087 3006; baseline 0.002 -17"><span class='ocrx_word' id='word_1_580' title='bbox 185 2967 334 3003; x_wconf 84' lang='lat' dir='ltr'><strong>pressus</strong></span> <span class='ocrx_word' id='word_1_581' title='bbox 356 2957 525 3005; x_wconf 84' lang='lat' dir='ltr'><strong>eorporis</strong></span> <span class='ocrx_word' id='word_1_582' title='bbox 549 2958 788 2994; x_wconf 81' lang='lat' dir='ltr'><strong>sensualitate</strong></span> <span class='ocrx_word' id='word_1_583' title='bbox 810 2971 885 2993; x_wconf 89' lang='lat' dir='ltr'><strong>non</strong></span> <span class='ocrx_word' id='word_1_584' title='bbox 911 2957 1052 3006; x_wconf 79' lang='lat' dir='ltr'><strong>poteris</strong></span> <span class='ocrx_word' id='word_1_585' title='bbox 1081 2971 1087 2991; x_wconf 74' lang='grc' dir='ltr'>ε</span> 
     </span>
     <span class='ocr_line' id='line_1_82' title="bbox 184 3014 1180 3067; baseline 0.003 -19"><span class='ocrx_word' id='word_1_586' title='bbox 184 3014 251 3050; x_wconf 83' lang='lat' dir='ltr'><strong>etsi</strong></span> <span class='ocrx_word' id='word_1_587' title='bbox 279 3015 480 3052; x_wconf 87' lang='lat' dir='ltr'><strong>novissime</strong></span> <span class='ocrx_word' id='word_1_588' title='bbox 513 3018 659 3053; x_wconf 72' lang='lat' dir='ltr'><strong>veneris</strong></span> <span class='ocrx_word' id='word_1_589' title='bbox 686 3026 722 3053; x_wconf 88' lang='lat' dir='ltr'><strong>et</strong></span> <span class='ocrx_word' id='word_1_590' title='bbox 757 3017 988 3067; x_wconf 74' lang='lat' dir='ltr'><strong>pulsaveris,</strong></span> <span class='ocrx_word' id='word_1_591' title='bbox 1025 3017 1180 3052; x_wconf 87' lang='lat' dir='ltr'><strong>minime</strong></span> 
     </span>
     <span class='ocr_line' id='line_1_83' title="bbox 185 3073 1178 3126; baseline 0.003 -18"><span class='ocrx_word' id='word_1_592' title='bbox 185 3073 353 3121; x_wconf 79' lang='lat' dir='ltr'><strong>profecto</strong></span> <span class='ocrx_word' id='word_1_593' title='bbox 386 3076 574 3125; x_wconf 83' lang='lat' dir='ltr'><strong>aperietur</strong></span> <span class='ocrx_word' id='word_1_594' title='bbox 597 3076 683 3124; x_wconf 80' lang='lat' dir='ltr'><strong>tibi3</strong></span> <span class='ocrx_word' id='word_1_595' title='bbox 706 3078 769 3114; x_wconf 89' lang='lat' dir='ltr'><strong>sed</strong></span> <span class='ocrx_word' id='word_1_596' title='bbox 805 3076 1098 3126; x_wconf 76' lang='lat' dir='ltr'><strong>respondebitur</strong></span> <span class='ocrx_word' id='word_1_597' title='bbox 1133 3075 1178 3111; x_wconf 88' lang='lat' dir='ltr'><strong>de</strong></span> 
     </span>
    </p>
   </div>
   <div class='ocr_carea' id='block_1_28' title="bbox 1116 2956 1179 2991">
    <p class='ocr_par' dir='ltr' id='par_1_28' title="bbox 1116 2956 1179 2991">
     <span class='ocr_line' id='line_1_84' title="bbox 1116 2956 1179 2991; baseline 0.016 -1"><span class='ocrx_word' id='word_1_598' title='bbox 1116 2956 1179 2991; x_wconf 83' lang='lat' dir='ltr'><strong>sed</strong></span> 
     </span>
    </p>
   </div>
   <div class='ocr_carea' id='block_1_29' title="bbox 183 3207 993 3296">
    <p class='ocr_par' dir='ltr' id='par_1_29' title="bbox 183 3207 993 3296">
     <span class='ocr_line' id='line_1_85' title="bbox 234 3207 993 3245; baseline -0.001 -6"><span class='ocrx_word' id='word_1_599' title='bbox 234 3216 239 3227; x_wconf 90' lang='lat'><strong>¹</strong></span> <span class='ocrx_word' id='word_1_600' title='bbox 262 3207 359 3239; x_wconf 65' lang='lat' dir='ltr'><strong>lzxod.</strong></span> <span class='ocrx_word' id='word_1_601' title='bbox 380 3218 442 3244; x_wconf 78' lang='lat' dir='ltr'><strong>xii,</strong></span> <span class='ocrx_word' id='word_1_602' title='bbox 463 3211 504 3237; x_wconf 66' lang='lat'><strong>35»</strong></span> <span class='ocrx_word' id='word_1_603' title='bbox 521 3212 651 3245; x_wconf 66' lang='lat' dir='ltr'><strong>‚1³(i.-</strong></span> <span class='ocrx_word' id='word_1_604' title='bbox 678 3214 689 3229; x_wconf 87' lang='lat'>²</span> <span class='ocrx_word' id='word_1_605' title='bbox 706 3210 783 3240; x_wconf 79' lang='lat' dir='ltr'><strong>l‘sal.</strong></span> <span class='ocrx_word' id='word_1_606' title='bbox 806 3220 900 3243; x_wconf 74' lang='lat' dir='ltr'><strong>xviii,</strong></span> <span class='ocrx_word' id='word_1_607' title='bbox 916 3213 993 3238; x_wconf 45' lang='lat' dir='ltr'><strong>th*</strong></span> 
     </span>
     <span class='ocr_line' id='line_1_86' title="bbox 183 3258 674 3296; baseline 0.004 -7"><span class='ocrx_word' id='word_1_608' title='bbox 183 3272 228 3295; x_wconf 58' lang='grc' dir='ltr'><strong>λι,</strong></span> <span class='ocrx_word' id='word_1_609' title='bbox 251 3264 303 3290; x_wconf 72' lang='grc' dir='ltr'><strong>ΙΝ).</strong></span> <span class='ocrx_word' id='word_1_610' title='bbox 339 3280 342 3281; x_wconf 32' lang='lat'><em>⁷</em></span> <span class='ocrx_word' id='word_1_611' title='bbox 380 3265 391 3288; x_wconf 88' lang='lat'><em>7</em></span> <span class='ocrx_word' id='word_1_612' title='bbox 412 3258 527 3290; x_wconf 80' lang='lat' dir='ltr'><strong>&#39;l&#39;lu·en.</strong></span> <span class='ocrx_word' id='word_1_613' title='bbox 548 3271 599 3296; x_wconf 80' lang='grc' dir='ltr'>ιιι,</span> <span class='ocrx_word' id='word_1_614' title='bbox 621 3265 674 3291; x_wconf 66' lang='lat' dir='ltr'><strong>at.</strong></span> 
     </span>
    </p>
   </div>
   <div class='ocr_carea' id='block_1_30' title="bbox 1029 3206 1418 3240">
    <p class='ocr_par' dir='ltr' id='par_1_30' title="bbox 1029 3206 1418 3240">
     <span class='ocr_line' id='line_1_87' title="bbox 1029 3206 1418 3240; baseline -0.005 -3"><span class='ocrx_word' id='word_1_615' title='bbox 1029 3206 1037 3226; x_wconf 66' lang='lat'>⁴</span> <span class='ocrx_word' id='word_1_616' title='bbox 1058 3206 1166 3237; x_wconf 64' lang='lat' dir='ltr'><strong>lizerli,</strong></span> <span class='ocrx_word' id='word_1_617' title='bbox 1189 3218 1220 3235; x_wconf 68' lang='lat' dir='ltr'><strong>xx</strong></span> <span class='ocrx_word' id='word_1_618' title='bbox 1235 3217 1255 3239; x_wconf 87' lang='grc' dir='ltr'><strong>ι,</strong></span> <span class='ocrx_word' id='word_1_619' title='bbox 1277 3209 1337 3240; x_wconf 67' lang='grc'><strong>33,</strong></span> <span class='ocrx_word' id='word_1_620' title='bbox 1365 3207 1418 3235; x_wconf 73' lang='grc' dir='ltr'><strong>ζΗ.</strong></span> 
     </span>
    </p>
   </div>
   <div class='ocr_carea' id='block_1_31' title="bbox 1245 2594 2251 3122">
    <p class='ocr_par' dir='ltr' id='par_1_31' title="bbox 1245 2594 2251 3122">
     <span class='ocr_line' id='line_1_88' title="bbox 1247 2594 2250 2643; baseline -0.005 -11"><span class='ocrx_word' id='word_1_621' title='bbox 1247 2605 1307 2632; x_wconf 90' lang='lat' dir='ltr'><strong>tur</strong></span> <span class='ocrx_word' id='word_1_622' title='bbox 1329 2609 1427 2632; x_wconf 89' lang='lat' dir='ltr'><strong>eum.</strong></span> <span class='ocrx_word' id='word_1_623' title='bbox 1454 2599 1545 2632; x_wconf 67' lang='lat' dir='ltr'><strong>Nam</strong></span> <span class='ocrx_word' id='word_1_624' title='bbox 1568 2608 1681 2643; x_wconf 80' lang='lat' dir='ltr'><strong>super</strong></span> <span class='ocrx_word' id='word_1_625' title='bbox 1704 2607 1768 2630; x_wconf 86' lang='lat' dir='ltr'><strong>eos</strong></span> <span class='ocrx_word' id='word_1_626' title='bbox 1790 2595 1853 2642; x_wconf 90' lang='lat' dir='ltr'><strong>qui</strong></span> <span class='ocrx_word' id='word_1_627' title='bbox 1875 2594 2064 2630; x_wconf 79' lang='lat' dir='ltr'><strong>Christum</strong></span> <span class='ocrx_word' id='word_1_628' title='bbox 2087 2606 2250 2642; x_wconf 81' lang='lat' dir='ltr'><strong>sequun-</strong></span> 
     </span>
     <span class='ocr_line' id='line_1_89' title="bbox 1247 2652 2246 2701; baseline -0.004 -9"><span class='ocrx_word' id='word_1_629' title='bbox 1247 2665 1326 2701; x_wconf 91' lang='lat' dir='ltr'><strong>tur,</strong></span> <span class='ocrx_word' id='word_1_630' title='bbox 1360 2656 1440 2691; x_wconf 74' lang='lat' dir='ltr'><strong>leve</strong></span> <span class='ocrx_word' id='word_1_631' title='bbox 1471 2663 1524 2690; x_wconf 88' lang='lat' dir='ltr'><strong>est</strong></span> <span class='ocrx_word' id='word_1_632' title='bbox 1558 2663 1593 2689; x_wconf 82' lang='lat' dir='ltr'><strong>et</strong></span> <span class='ocrx_word' id='word_1_633' title='bbox 1628 2652 1782 2689; x_wconf 57' lang='lat' dir='ltr'><strong>suavefi.</strong></span> <span class='ocrx_word' id='word_1_634' title='bbox 1822 2657 2013 2689; x_wconf 75' lang='lat' dir='ltr'><strong>Postremo</strong></span> <span class='ocrx_word' id='word_1_635' title='bbox 2046 2662 2085 2689; x_wconf 89' lang='lat' dir='ltr'><strong>ut</strong></span> <span class='ocrx_word' id='word_1_636' title='bbox 2115 2661 2246 2688; x_wconf 50' lang='grc' dir='ltr'><strong>(πίει-«ι</strong></span> 
     </span>
     <span class='ocr_line' id='line_1_90' title="bbox 1246 2712 2248 2763; baseline -0.006 -11"><span class='ocrx_word' id='word_1_637' title='bbox 1246 2717 1392 2760; x_wconf 76' lang='lat' dir='ltr'><strong>sileam,</strong></span> <span class='ocrx_word' id='word_1_638' title='bbox 1420 2728 1503 2751; x_wconf 84' lang='lat' dir='ltr'><strong>euni</strong></span> <span class='ocrx_word' id='word_1_639' title='bbox 1529 2715 1608 2750; x_wconf 82' lang='lat' dir='ltr'><strong>sine</strong></span> <span class='ocrx_word' id='word_1_640' title='bbox 1627 2714 1720 2762; x_wconf 72' lang='lat' dir='ltr'><strong>jugo</strong></span> <span class='ocrx_word' id='word_1_641' title='bbox 1742 2727 1820 2749; x_wconf 71' lang='lat' dir='ltr'><strong>esse</strong></span> <span class='ocrx_word' id='word_1_642' title='bbox 1846 2727 1919 2749; x_wconf 82' lang='lat' dir='ltr'><strong>non</strong></span> <span class='ocrx_word' id='word_1_643' title='bbox 1948 2713 2114 2763; x_wconf 77' lang='lat' dir='ltr'><strong>possint3</strong></span> <span class='ocrx_word' id='word_1_644' title='bbox 2138 2712 2248 2761; x_wconf 80' lang='lat' dir='ltr'><strong>quale</strong></span> 
     </span>
     <span class='ocr_line' id='line_1_91' title="bbox 1248 2773 2246 2823; baseline -0.005 -12"><span class='ocrx_word' id='word_1_645' title='bbox 1248 2776 1316 2811; x_wconf 77' lang='lat' dir='ltr'><strong>hue.</strong></span> <span class='ocrx_word' id='word_1_646' title='bbox 1349 2775 1469 2823; x_wconf 84' lang='lat' dir='ltr'><strong>ipsum</strong></span> <span class='ocrx_word' id='word_1_647' title='bbox 1498 2783 1574 2817; x_wconf 87' lang='lat' dir='ltr'><strong>est,</strong></span> <span class='ocrx_word' id='word_1_648' title='bbox 1612 2774 1736 2821; x_wconf 68' lang='lat' dir='ltr'><strong>eliger«</strong></span> <span class='ocrx_word' id='word_1_649' title='bbox 1781 2774 1906 2823; x_wconf 78' lang='lat' dir='ltr'><strong>potius</strong></span> <span class='ocrx_word' id='word_1_650' title='bbox 1937 2773 2105 2822; x_wconf 73' lang='lat' dir='ltr'><strong>quinquae¹</strong></span> <span class='ocrx_word' id='word_1_651' title='bbox 2134 2785 2246 2821; x_wconf 85' lang='lat' dir='ltr'><strong>quam</strong></span> 
     </span>
     <span class='ocr_line' id='line_1_92' title="bbox 1248 2832 2247 2882; baseline -0.004 -12"><span class='ocrx_word' id='word_1_652' title='bbox 1248 2837 1394 2870; x_wconf 72' lang='lat' dir='ltr'><strong>uiuun?</strong></span> <span class='ocrx_word' id='word_1_653' title='bbox 1416 2834 1506 2882; x_wconf 75' lang='lat' dir='ltr'><strong>Quis</strong></span> <span class='ocrx_word' id='word_1_654' title='bbox 1526 2833 1624 2869; x_wconf 84' lang='lat' dir='ltr'><strong>enini</strong></span> <span class='ocrx_word' id='word_1_655' title='bbox 1653 2841 1775 2882; x_wconf 78' lang='lat' dir='ltr'><strong>potest</strong></span> <span class='ocrx_word' id='word_1_656' title='bbox 1808 2834 1948 2869; x_wconf 65' lang='lat' dir='ltr'><strong>sci-virt·</strong></span> <span class='ocrx_word' id='word_1_657' title='bbox 1979 2834 2147 2882; x_wconf 84' lang='lat' dir='ltr'><strong>quinque</strong></span> <span class='ocrx_word' id='word_1_658' title='bbox 2179 2832 2247 2867; x_wconf 85' lang='lat' dir='ltr'><strong>du-</strong></span> 
     </span>
     <span class='ocr_line' id='line_1_93' title="bbox 1250 2893 2247 2942; baseline -0.003 -13"><span class='ocrx_word' id='word_1_659' title='bbox 1250 2894 1378 2935; x_wconf 74' lang='lat' dir='ltr'><strong>minis,</strong></span> <span class='ocrx_word' id='word_1_660' title='bbox 1404 2893 1541 2929; x_wconf 81' lang='lat' dir='ltr'><strong>nedum</strong></span> <span class='ocrx_word' id='word_1_661' title='bbox 1561 2893 1729 2942; x_wconf 82' lang='lat' dir='ltr'><strong>quinque</strong></span> <span class='ocrx_word' id='word_1_662' title='bbox 1749 2893 1917 2941; x_wconf 65' lang='lat' dir='ltr'><strong>tyrannis</strong></span> <span class='ocrx_word' id='word_1_663' title='bbox 1931 2923 1938 2937; x_wconf 89' lang='lat'><strong>,</strong></span> <span class='ocrx_word' id='word_1_664' title='bbox 1960 2893 2128 2941; x_wconf 86' lang='lat' dir='ltr'><strong>quinque</strong></span> <span class='ocrx_word' id='word_1_665' title='bbox 2148 2905 2247 2940; x_wconf 76' lang='lat' dir='ltr'><strong>pra:-</strong></span> 
     </span>
     <span class='ocr_line' id='line_1_94' title="bbox 1247 2952 2251 3001; baseline -0.004 -12"><span class='ocrx_word' id='word_1_666' title='bbox 1247 2953 1442 2989; x_wconf 80' lang='lat' dir='ltr'><strong>donibus?</strong></span> <span class='ocrx_word' id='word_1_667' title='bbox 1474 2952 1657 3001; x_wconf 82' lang='lat' dir='ltr'><strong>siquidem</strong></span> <span class='ocrx_word' id='word_1_668' title='bbox 1705 2956 1828 2988; x_wconf 61' lang='lat' dir='ltr'><strong>„culm</strong></span> <span class='ocrx_word' id='word_1_669' title='bbox 1868 2967 1966 2988; x_wconf 70' lang='lat' dir='ltr'><strong>turus</strong></span> <span class='ocrx_word' id='word_1_670' title='bbox 2008 2954 2251 3000; x_wconf 60' lang='lat' dir='ltr'><strong>(lepra-(latm-</strong></span> 
     </span>
     <span class='ocr_line' id='line_1_95' title="bbox 1247 3012 2248 3062; baseline -0.002 -14"><span class='ocrx_word' id='word_1_671' title='bbox 1247 3018 1410 3048; x_wconf 80' lang='lat' dir='ltr'><strong>am&#39;mam</strong></span> <span class='ocrx_word' id='word_1_672' title='bbox 1439 3027 1558 3048; x_wconf 59' lang='lat' dir='ltr'><strong>numm</strong></span> <span class='ocrx_word' id='word_1_673' title='bbox 1575 3019 1600 3048; x_wconf 77' lang='grc'><strong>7.</strong></span> <span class='ocrx_word' id='word_1_674' title='bbox 1629 3018 1683 3049; x_wconf 70' lang='lat' dir='ltr'><strong>An</strong></span> <span class='ocrx_word' id='word_1_675' title='bbox 1713 3026 1788 3048; x_wconf 81' lang='lat' dir='ltr'><strong>non</strong></span> <span class='ocrx_word' id='word_1_676' title='bbox 1817 3026 1915 3062; x_wconf 69' lang='lat' dir='ltr'><strong>srepe</strong></span> <span class='ocrx_word' id='word_1_677' title='bbox 1942 3012 2041 3048; x_wconf 84' lang='lat' dir='ltr'><strong>aliud</strong></span> <span class='ocrx_word' id='word_1_678' title='bbox 2063 3013 2147 3061; x_wconf 72' lang='lat' dir='ltr'><strong>gula</strong></span> <span class='ocrx_word' id='word_1_679' title='bbox 2173 3013 2248 3047; x_wconf 73' lang='lat' dir='ltr'><strong>exi-</strong></span> 
     </span>
     <span class='ocr_line' id='line_1_96' title="bbox 1245 3072 2247 3122; baseline -0.004 -13"><span class='ocrx_word' id='word_1_680' title='bbox 1245 3073 1316 3122; x_wconf 69' lang='lat' dir='ltr'><strong>git,</strong></span> <span class='ocrx_word' id='word_1_681' title='bbox 1354 3072 1398 3108; x_wconf 86' lang='lat' dir='ltr'><strong>ad</strong></span> <span class='ocrx_word' id='word_1_682' title='bbox 1433 3073 1531 3108; x_wconf 83' lang='lat' dir='ltr'><strong>aliud</strong></span> <span class='ocrx_word' id='word_1_683' title='bbox 1570 3073 1736 3122; x_wconf 71' lang='lat' dir='ltr'><strong>pruruus</strong></span> <span class='ocrx_word' id='word_1_684' title='bbox 1764 3073 1909 3109; x_wconf 89' lang='lat' dir='ltr'><strong>aurium</strong></span> <span class='ocrx_word' id='word_1_685' title='bbox 1945 3074 2082 3108; x_wconf 63' lang='lat' dir='ltr'><strong>wit-at?</strong></span> <span class='ocrx_word' id='word_1_686' title='bbox 2117 3072 2173 3106; x_wconf 71' lang='lat' dir='ltr'><strong>Sit·</strong></span> <span class='ocrx_word' id='word_1_687' title='bbox 2212 3079 2247 3106; x_wconf 81' lang='lat' dir='ltr'><strong>et</strong></span> 
     </span>
    </p>
   </div>
   <div class='ocr_carea' id='block_1_32' title="bbox 1511 3203 2240 3240">
    <p class='ocr_par' dir='ltr' id='par_1_32' title="bbox 1511 3203 2240 3240">
     <span class='ocr_line' id='line_1_97' title="bbox 1511 3203 2240 3240; baseline -0.005 -5"><span class='ocrx_word' id='word_1_688' title='bbox 1511 3211 1516 3229; x_wconf 83' lang='lat'>¹</span> <span class='ocrx_word' id='word_1_689' title='bbox 1539 3205 1647 3240; x_wconf 82' lang='grc' dir='ltr'>.Ῐ(ι1)ν,</span> <span class='ocrx_word' id='word_1_690' title='bbox 1670 3225 1727 3235; x_wconf 56' lang='lat'><strong>1.—</strong></span> <span class='ocrx_word' id='word_1_691' title='bbox 1744 3224 1752 3227; x_wconf 94' lang='lat'><em>-</em></span> <span class='ocrx_word' id='word_1_692' title='bbox 2054 3222 2074 3225; x_wconf 44' lang='grc' dir='ltr'><strong>ν·</strong></span> <span class='ocrx_word' id='word_1_693' title='bbox 2097 3206 2110 3222; x_wconf 80' lang='lat'><strong>‘¹</strong></span> <span class='ocrx_word' id='word_1_694' title='bbox 2131 3203 2240 3234; x_wconf 64' lang='lat' dir='ltr'><strong>Manli.</strong></span> 
     </span>
    </p>
   </div>
   <div class='ocr_carea' id='block_1_33' title="bbox 1775 3204 2016 3238">
    <p class='ocr_par' dir='ltr' id='par_1_33' title="bbox 1775 3204 2016 3238">
     <span class='ocr_line' id='line_1_98' title="bbox 1775 3204 2016 3238; baseline -0.012 -2"><span class='ocrx_word' id='word_1_695' title='bbox 1775 3204 1968 3238; x_wconf 70' lang='lat' dir='ltr'><strong>⁵1³,‹-‹=tt.x=.</strong></span> <span class='ocrx_word' id='word_1_696' title='bbox 1992 3209 2016 3234; x_wconf 90' lang='grc'><strong>1.</strong></span> 
     </span>
    </p>
   </div>
  </div>
 </body>
</html>
