2418 3949
125 182 197 219 733

726 185 1010 220 TRACTATUS
1040 186 1103 219 DE
1133 186 1385 222 INTERIORI
1414 189 1565 225 DOMO.

122 273 217 310 vago
237 260 381 296 incessu
405 260 560 305 transit,
583 272 755 309 quaerens
776 261 942 310 requiem
959 261 1024 298 ubi
1041 260 1158 298 non³⁵

2105 191 2176 227 73³1

1163 261 1324 298 ¹³deinde
1363 263 1408 298 ad
1440 265 1626 300 exteriora
1660 265 1861 313 ebulliens,
1891 275 2009 303 totum
2039 280 2178 316 corpus

121 327 188 356 est.
217 322 260 355 In
294 318 471 355 omnibus
496 320 596 355 enim
615 332 699 368 quae
718 319 917 365 videntur,
949 321 1118 370 requiem
1137 327 1169 360 A
1187 330 1348 370 occupat
1367 330 1403 357 et
1422 323 1596 359 maculat.

122 378 276 427 quaesivi
291 406 301 423 ‚
325 386 362 414 et
385 391 511 414 veram
529 378 696 427 requiem
715 379 753 414 in
773 378 828 415 eis
847 379 1019 416 invenire
1038 392 1116 416 non

121 439 242 488 potui.
267 438 412 476 Deinde
430 438 579 475 rediens
596 438 642 475 ad
662 451 743 483 me,
763 439 965 476 consistere
990 439 1027 475 in
1058 452 1116 475 me

121 499 205 548 ipso
230 511 305 535 non
334 511 488 548 possum
519 512 526 533 :
559 497 736 547 quoniam
768 510 873 534 mens
899 510 979 534 mea
1007 498 1116 534 valde

121 557 239 603 levis,
264 558 500 606 multumque
527 556 733 602 instabilis,
762 569 854 606 vaga
881 565 918 593 et
936 556 1115 606 profuga,

122 615 263 665 ubique
292 629 330 652 se
358 616 495 661 variat,
521 614 691 663 undique
711 614 891 659 fluctuat3
922 614 1009 662 quia
1036 614 1118 649 vult

121 684 160 711 et
189 688 266 712 non
287 676 368 712 vult
395 675 521 724 pigra,
551 675 706 711 consilia
734 681 872 718 mutat,
904 674 1118 709 voluntates

122 735 307 779 alternat,
327 733 455 770 similis
475 732 563 768 solio
581 732 683 780 quod
701 745 722 768 a
738 739 853 767 vento
880 739 1057 767 movetur
1082 738 1118 767 et

121 793 395 830 circumfertur.
422 791 515 828 Inde
541 799 597 827 est
622 791 723 840 quod
750 790 995 840 cogitationes
1025 803 1117 826 meae

121 865 226 889 vanae
241 859 278 888 et
292 851 520 900 importunae
537 863 595 885 me
611 849 776 895 trahunt,
791 858 828 885 et
843 848 987 885 ducunt
1003 849 1117 885 modo

120 910 167 946 ad
189 911 314 947 forum
328 937 337 953 ,
365 908 479 945 modo
499 907 545 944 ad
563 908 679 957 litigia
705 908 964 944 altercantium
980 936 990 954 ,
1018 921 1118 945 nunc

120 969 167 1006 ad
197 969 370 1007 convivia
398 968 594 1019 pinguium
614 996 624 1014 ‚
655 980 756 1004 nunc
775 967 823 1003 ad
850 968 1043 1005 immunda
1070 969 1117 1004 li-

119 1029 304 1067 bidinum.
326 1029 442 1066 Modo
457 1027 611 1065 sordida
631 1027 843 1064 titillatione
859 1040 945 1064 caro
964 1028 1113 1064 inflam-
1136 1029 1158 1060 B

120 1098 261 1136 matur3
280 1102 380 1126 nunc
403 1101 495 1125 rero
515 1087 613 1124 foeda
627 1087 854 1136 cogitatione
870 1087 1017 1123 animus
1034 1100 1116 1124 sor-

119 1149 272 1186 didatur
298 1163 306 1185 2
338 1156 375 1185 et
403 1161 488 1184 cum
519 1147 752 1184 confusionis
789 1160 881 1183 meae
917 1147 1114 1197 caliginem

119 1209 306 1246 declinare
337 1208 445 1250 volo,
474 1220 550 1243 non
587 1206 705 1242 valeo.
739 1206 825 1252 Sic,
853 1205 905 1243 sic
935 1205 1024 1242 dum
1056 1219 1116 1242 me

118 1268 316 1318 diligenter
334 1267 494 1316 inspicio
508 1294 517 1312 ‚
538 1267 698 1303 tolerare
716 1279 775 1302 me
790 1267 913 1316 ipsum
931 1279 1008 1302 non
1027 1279 1116 1316 pos—

116 1340 213 1364 sum.
232 1330 317 1364 Non
343 1335 399 1363 est
425 1327 524 1363 enim
550 1326 641 1362 hora
663 1325 762 1371 diei,
792 1339 860 1362 nec
880 1334 1114 1362 momentum

118 1387 317 1436 temporis,
345 1399 422 1435 quo
445 1388 658 1423 Creatorem
689 1398 811 1422 meum
830 1385 867 1421 in
885 1386 1011 1434 aliquo
1038 1398 1113 1421 nou

118 1445 331 1491 offendam,
362 1453 399 1481 et
429 1445 629 1494 imaginem
666 1457 770 1481 suam
810 1445 848 1481 in
890 1457 949 1481 ine
987 1444 1114 1493 aliquo

119 1506 234 1542 modo
266 1518 343 1542 non
375 1503 582 1541 obfuscem.
612 1504 734 1540 Vitam
763 1517 882 1540 meam
915 1517 997 1540 cum
1029 1504 1114 1540 dili-

118 1573 250 1615 genter
270 1564 450 1614 exploro,
479 1563 696 1612 quotidiana
728 1563 966 1600 confessione
995 1564 1116 1615 confi-

120 1625 188 1662 teri
227 1637 304 1662 non
337 1636 490 1675 possum
520 1624 682 1672 pessima
712 1623 888 1659 vitiorum
919 1624 1116 1673 germina,

118 1697 202 1733 quae
225 1684 263 1720 in
283 1695 344 1720 me
365 1682 534 1732 quotidie
561 1682 802 1732 repullulant.
829 1685 924 1719 Ecce
951 1682 1115 1728 audisti,

117 1751 246 1793 pater,
272 1741 571 1779 abominationes
592 1754 693 1777 meas
714 1742 829 1778 malas
852 1750 889 1777 et
914 1742 1115 1791 pessimas3

117 1811 155 1839 et
177 1802 298 1839 adhuc
318 1801 412 1839 scias
434 1801 552 1837 multo
574 1799 702 1850 pejora
719 1809 756 1837 et
778 1800 969 1850 iniquiora
986 1801 1023 1836 in
1045 1813 1115 1836 an—

117 1861 215 1910 gulis
243 1860 366 1898 cordis
392 1860 465 1896 mei
494 1859 609 1896 latere
629 1888 639 1904 ‚
671 1873 756 1908 quae
788 1859 834 1896 ad
867 1860 987 1896 lucem
1017 1873 1116 1896 vera:

118 1920 365 1958 confessionis
391 1919 523 1955 venire
555 1917 749 1955 erubesco.
788 1921 1057 1955 Verumtamen
1085 1920 1115 1955 si

119 1981 187 2017 Dei
215 1980 414 2017 consilium
443 1978 558 2015 habes
577 2005 588 2024 ‚
618 1979 772 2015 consule
804 1978 896 2028 quid
926 1979 1114 2029 agendum

118 2041 178 2077 sit.

180 2100 244 2136 63.
275 2101 368 2136 Cum
400 2111 466 2148 per
493 2110 629 2147 pravas
662 2097 884 2147 ineptasque
917 2098 1114 2147 cogitatio—

119 2172 185 2196 nes
204 2171 296 2209 vaga
313 2166 438 2194 mente
459 2156 656 2203 discurris,
676 2157 902 2207 deceptoriis
921 2158 1116 2207 spiritibus

119 2219 287 2256 tentandi
311 2218 453 2254 aditum
482 2217 518 2252 in
550 2225 584 2252 te
614 2217 750 2265 aperis.
780 2220 826 2253 Et
848 2218 898 2254 ita
930 2226 964 2254 te
987 2230 1008 2254 a
1035 2221 1115 2254 Deo

118 2290 291 2328 separas,
318 2277 498 2327 quoniam
527 2289 715 2326 perversae
739 2277 984 2326 cogitationes
1007 2291 1116 2327 sepa—

118 2345 200 2373 rant
217 2349 238 2373 a
259 2339 358 2382 Deo,
391 2343 428 2371 et
459 2335 619 2383 Spiritus
650 2343 798 2370 sauctus
825 2335 1032 2384 disciplinae
1057 2338 1114 2373 ef-

119 2396 235 2446 fugi'et
266 2396 417 2440 fictum,
449 2404 486 2431 et
521 2395 666 2431 auferet
693 2406 732 2430 se
768 2407 789 2430 a
825 2395 1116 2444 cogitationibus

119 2468 202 2505 quae
222 2463 310 2493 sunt
333 2455 413 2492 sine
436 2455 666 2491 intellectu¹.
689 2457 796 2491 Mens
821 2467 910 2491 vero
931 2455 1116 2492 instabilis

118 2523 156 2552 et
174 2515 360 2564 inquieta,
385 2515 475 2551 dum
498 2527 647 2564 semper
673 2514 805 2551 nititur
829 2515 1115 2565 apprehendere

1511 454 1687 492 CAPL'T
1715 455 1844 494 XXX.

1182 571 1283 613 Pergit
1304 573 1455 613 poenitens
1483 573 1604 615 aperire
1627 574 1845 605 conscientiam
1868 582 1898 607 et
1924 582 2040 608 statum
2064 579 2174 610 anima·

1439 636 1502 656 suae
1519 637 1624 657 coram
1643 633 1729 668 patre
1747 628 1907 669 spirituali.

1211 751 1214 754 ⁴
1237 735 1300 771 (54.
1323 736 1509 783 Quoniam
1527 737 1743 786 AEgyptium
1766 746 1870 774 tuum
1890 752 1966 775 uon
1987 740 2179 779 abomina-

1185 795 1256 840 ris,
1293 795 1357 830 sed
1392 795 1496 831 foves
1529 804 1565 831 et
1599 797 1776 842 instruis;
1809 798 2054 835 manifestabo
2088 801 2177 847 tibi,

1185 867 1262 890 non
1284 854 1405 890 solum
1426 864 1580 903 peccata
1597 857 1786 893 actionum
1800 885 1809 901 ‚
1830 870 1961 893 verum
1980 859 2091 894 etiam
2113 873 2178 896 co-

1183 912 1420 961 gitationum.
1455 913 1555 950 Audi
1575 925 1664 961 ergo
1688 914 1876 951 miseriam
1906 929 2041 953 meam.
2074 920 2179 968 Saepe

1184 972 1342 1008 veniunt
1369 971 1415 1008 ad
1445 981 1608 1008 mentem
1638 985 1758 1009 meam
1788 974 2031 1022 cogitationes
2063 976 2178 1013 innu-

1181 1044 1312 1076 merae,
1335 1040 1372 1067 et
1391 1040 1551 1080 surgunt
1569 1032 1786 1068 affectiones
1807 1034 1934 1070 multae
1947 1062 1957 1079 ,
1980 1043 2017 1071 et
2035 1037 2179 1073 sollici—

1183 1098 1338 1126 tantine
1359 1090 1404 1126 de
1424 1103 1514 1126 cura
1540 1090 1711 1139 corporis
1734 1119 1743 1136 ‚
1769 1099 1806 1126 et
1831 1101 2038 1140 suggerunt
2064 1095 2178 1131 multa

1182 1148 1228 1185 de
1255 1149 1385 1186 usibus
1415 1149 1658 1186 necessitatis.
1680 1150 1922 1187 Conveniunt
1942 1150 1994 1187 ibi
2014 1152 2060 1187 ad
2083 1166 2179 1189 con-

1181 1207 1406 1255 sulendum,
1435 1208 1620 1245 veraciter
1647 1216 1771 1244 autem
1797 1207 1843 1244 ad
1870 1208 2136 1258 decipiendum
2169 1226 2176 1247 ι

1181 1277 1219 1305 et
1232 1277 1511 1318 congregantur
1525 1268 1727 1305 consiliarii
1753 1268 1881 1313 multi,
1903 1277 1940 1305 et
1960 1271 2179 1306 consiliato-

1182 1341 1242 1365 res
1269 1329 1376 1373 ναοὶ,
1404 1329 1481 1364 imo
1511 1327 1733 1377 deceptores
1766 1327 1860 1363 veri.
1894 1330 2180 1378 Congregantur

1181 1396 1306 1423 autem
1335 1387 1440 1436 quasi
1463 1387 1501 1422 in
1533 1387 1730 1423 consilium
1754 1399 1895 1432 unum,
1928 1396 1965 1423 et
1994 1389 2100 1436 quasi
2131 1388 2176 1424 ad

1181 1445 1427 1495 quaerendum
1457 1446 1656 1482 consilium
1693 1445 1835 1482 bonum
1855 1475 1864 1491 ‚
1897 1454 1934 1482 et
1970 1446 2109 1483 dantur
2141 1448 2178 1483 in

1182 1518 1383 1541 commune
1403 1505 1558 1541 consilia
1579 1506 1717 1549 multa,
1747 1505 1811 1541 sed
1831 1505 1978 1542 inutilia
1999 1515 2037 1542 et
2057 1520 2175 1552 vana3

1183 1566 1270 1614 quia
1299 1565 1496 1601 consilium
1525 1565 1698 1601 vanitatis
1727 1573 1802 1609 est,
1831 1574 1866 1600 et
1898 1573 2017 1601 totum
2045 1579 2177 1603 eorum

1185 1625 1380 1661 consilium
1412 1624 1457 1660 de
1491 1625 1654 1660 vanitate
1685 1632 1751 1660 cst.
1786 1624 1951 1661 Suadent
1979 1625 2069 1662 mihi
2089 1638 2178 1662 san—

1184 1685 1336 1733 guinem
1364 1684 1552 1727 minuere,
1587 1691 1627 1720 ut
1659 1684 1798 1733 possim
1828 1697 2005 1734 pausare,
2029 1693 2064 1721 et
2096 1685 2179 1722 lau-

1186 1745 1300 1779 tiores
1321 1742 1425 1779 cibos
1453 1755 1626 1788 sumere3
1663 1756 1857 1779 remanere
1881 1743 1927 1780 de
1948 1744 2081 1793 vigiliis
2096 1772 2106 1789 ‚
2139 1753 2179 1781 ut

1139 1803 1270 1839 Csatis
1303 1803 1445 1850 possim
1485 1802 1663 1838 dormire.
1702 1803 1912 1839 Consulunt
1951 1816 2090 1853 corpus
2119 1817 2180 1840 re-

1183 1874 1309 1899 creare
1331 1874 1376 1897 ne
1397 1861 1564 1906 deficiat,
1586 1875 1735 1898 carnem
1761 1862 1888 1898 fovere
1915 1875 1962 1899 ne
1991 1862 2176 1908 tabescat,

1181 1920 1443 1957 abstinentiam
1466 1920 1738 1969 aliquantulum
1758 1922 1948 1967 relaxare,
1969 1922 2083 1971 quieti
2106 1935 2176 1971 pa-

1182 1994 1337 2030 rumper
1365 1979 1562 2029 indulgere
1585 1994 1592 2015 :
1616 1988 1654 2016 et
1681 1981 1718 2016 in
1744 1980 1844 2017 hunc
1872 1980 2026 2017 modum
2056 1982 2179 2030 agitur

1182 2039 1227 2075 de
1247 2052 1337 2075 cura
1356 2040 1546 2088 corporis,
1577 2052 1667 2075 cura
1696 2040 1909 2089 superflua,
1935 2048 1972 2076 et
1996 2040 2042 2077 de
2071 2042 2178 2077 vani—

1182 2106 1256 2134 tate
1276 2098 1482 2134 ventilatur
1511 2098 1669 2146 quzestio
1701 2111 1816 2144 vana,
1846 2107 1883 2135 et
1910 2112 2023 2148 super
2043 2098 2177 2147 liujus—

1182 2158 1284 2194 modi
1297 2158 1418 2194 inutili
1440 2158 1591 2206 negotio
1611 2158 1846 2194 consumitur
1863 2171 1962 2208 saepe
1979 2158 2069 2195 liora
2087 2172 2174 2195 uua.

1234 2219 1298 2255 65.
1328 2218 1401 2265 Qui
1430 2218 1551 2253 carnis
1576 2230 1652 2254 suae
1685 2217 1879 2255 desideriis
1908 2231 1985 2254 non
2014 2220 2175 2263 resistit,

1182 2284 1219 2312 et
1246 2285 1370 2312 motus
1393 2275 1517 2312 cordis
1532 2276 1588 2312 sui
1605 2277 1794 2314 custodire
1822 2278 1998 2326 negligit;
2021 2278 2072 2314 ita
2097 2286 2178 2314 tan-

1181 2335 1267 2371 dem
1298 2348 1413 2384 prava
1445 2334 1718 2371 consuetudine
1744 2336 1928 2384 illigatur,
1946 2344 1987 2372 ut
2007 2344 2179 2386 postmo—

1181 2395 1271 2432 dum
1305 2396 1415 2431 etiam
1455 2395 1584 2431 rolens
1616 2396 1669 2432 eis
1706 2396 1878 2432 resistere
1920 2409 1997 2432 non
2044 2397 2175 2445 possit.

1181 2458 1385 2504 Propterea
1415 2455 1564 2503 quoties
1593 2454 1811 2504 hujusmodi
1840 2456 2073 2492 consiliarios
2105 2457 2178 2493 im—

1182 2514 1324 2563 probos
1350 2522 1387 2550 et
1415 2514 1565 2562 iniquos
1587 2514 1624 2550 in
1655 2528 1771 2551 unum
1804 2516 2008 2552 convenire
2040 2517 2177 2558 sentis;

120 2574 222 2623 quod
238 2574 404 2624 appetit,
422 2574 616 2611 desideriis
628 2573 705 2611 suis
719 2574 997 2625 circumagitata
1014 2589 1108 2611 nun-
1131 2580 1161 2613 D
1180 2587 1256 2609 non
1285 2574 1337 2610 eis
1357 2575 1568 2611 consentias
1584 2602 1594 2619 ‚
1617 2574 1682 2611 sed
1704 2575 1803 2611 illico
1825 2584 1960 2611 excute
1990 2584 2045 2621 te,
2079 2589 2179 2612 nuuc

121 2646 233 2683 quam
255 2633 464 2681 requiescit.
491 2633 633 2670 Idcirco
655 2634 693 2669 in
715 2647 791 2670 uno
810 2635 1027 2671 aeternitatis
1051 2634 1112 2671 ‹le-

121 2691 259 2728 siderio
291 2690 533 2728 immobiliter
560 2692 672 2729 debet
697 2693 769 2742 (igi.
799 2696 949 2730 Peccata
989 2702 1111 2730 autem

125 2761 186 2788 tua
220 2752 388 2789 confiteri
417 2765 491 2788 non
519 2752 716 2789 erubescas
745 2767 752 2788 ε
783 2754 961 2802 quoniam
989 2755 1115 2790 omnia

123 2811 160 2846 in
193 2811 428 2848 confessione
460 2811 651 2857 lavantur;
682 2819 719 2848 et
747 2812 892 2848 nullum
919 2821 1111 2861 peecatum

122 2869 345 2916 dimittitur,
380 2870 450 2907 nisi
482 2871 585 2919 prius
615 2871 850 2907 confiteatur.
881 2874 1113 2921 Prosequere

121 2929 255 2978 igitur;
288 2937 325 2965 et
352 2929 381 2965 si
405 2929 450 2965 ad
473 2930 675 2979 perfectam
696 2931 892 2967 sanitatem
913 2931 1113 2981 pervenire

122 2987 340 3033 desideras,
380 2989 564 3038 quidquid
602 2989 840 3027 conscientiae
878 2990 1112 3027 stomachum

121 3056 271 3096 gravat,
297 3056 416 3084 totum
440 3049 583 3085 vomitu
612 3062 718 3099 purae
739 3049 987 3086 consessionis
1017 3062 1111 3085 evo-

122 3119 224 3142 mere
252 3119 328 3144 non
354 3107 517 3144 differas.
549 3108 658 3145 Virus
685 3109 786 3145 enim
815 3109 1013 3153 vitiorum,
1043 3109 1112 3144 uisi

124 3165 340 3202 festinanter
359 3165 540 3214 ejiciatur,
558 3166 662 3216 prius
680 3167 859 3203 interiora
879 3166 1086 3215 corrumpit
1102 3180 1111 3206 ;

176 3297 271 3333 ¹8:11».
290 3304 315 3328 ι,
331 3297 363 3330 lt,
383 3299 412 3323 ξι.

1179 2633 1225 2669 ad
1256 2633 1496 2677 orationem,
1530 2633 1645 2669 modo
1677 2634 1723 2669 ad
1754 2634 2038 2683 operationem,
2080 2648 2178 2686 saepe

1179 2701 1303 2728 autem
1325 2691 1371 2728 ad
1391 2691 1673 2728 meditationem
1697 2707 1704 2728 :
1725 2706 1792 2728 uec
1814 2693 1917 2741 prius
1939 2706 2079 2737 cesses,
2107 2693 2177 2729 do-

1181 2765 1248 2788 nec
1269 2752 1321 2787 illi
1342 2760 1577 2787 evanescant.
1608 2755 1759 2787 Intuere
1786 2752 1981 2800 quomodo
2010 2753 2178 2788 (Lliristus

1179 2811 1281 2848 stetit
1306 2811 1342 2846 iu
1372 2824 1503 2854 cruce;
1536 2810 1732 2846 considera
1758 2811 1952 2859 quomodo
1983 2812 2176 2856 morieris,

1179 2872 1237 2907 vel
1260 2871 1343 2916 ubi,
1363 2870 1421 2906 vel
1439 2869 1592 2918 quando
1618 2883 1624 2904 :
1649 2878 1770 2906 statue
1797 2879 1831 2906 te
1859 2879 1945 2907 ante
1974 2872 2176 2907 terrilicum

1182 2930 1343 2967 tribunal
1374 2928 1559 2965 tremendi
1585 2929 1749 2974 Judicis;
1772 2930 1956 2966 descende
1983 2944 2102 2979 usque
2131 2931 2176 2966 ad

1180 2990 1368 3026 infernum
1407 2989 1656 3034 inferiorem,
1687 2998 1723 3025 et
1756 2989 1805 3026 ibi
1845 3003 1955 3026 cerne
1986 2990 2178 3039 quomodo

1181 3063 1251 3098 pro
1276 3049 1437 3098 peccatis
1461 3049 1537 3084 suis
1559 3049 1694 3085 auimae
1718 3050 1941 3098 puniuntur.
1981 3050 2078 3086 'l'alis
2117 3058 2176 3084 et-

1180 3109 1279 3144 enim
1313 3108 1489 3155 cogitatio
1525 3108 1830 3157 probatissimum
1876 3110 2082 3145 remedium
2124 3118 2179 3144 est

1181 3175 1310 3203 contra
1342 3176 1470 3216 turpes
1496 3168 1752 3217 cogitationnes.
