2504 3928
279 217 351 252 087

895 220 1016 255 vlTIS
1046 222 1276 265 MYSTICA,
1308 222 1395 258 SEU
1427 222 1710 258 TRACTATL'S

2244 228 2320 264 988

281 295 389 329 talem
412 293 549 341 accipe.
572 295 710 328 Mutata
736 302 790 329 est
825 294 927 343 virga
958 296 994 332 in
1025 306 1235 346 serpentem
1252 297 1318 344 ‚⁴⁹³
1332 312 1398 348 per
1419 306 1577 334 mortem
1599 298 1715 334 nostri
1733 299 1936 348 Serpentis,
1957 301 2022 349 qui
2042 309 2201 338 mortem
2224 304 2322 339 anti-

280 352 432 400 quando
467 350 631 387 Verbum
662 365 748 388 caro
782 353 917 389 linctum
956 363 1038 400 est,
1076 370 1267 393 assumens
1284 359 1313 391 Α
1334 357 1396 406 qui
1430 357 1614 405 serpentis
1647 357 1806 402 occidit,
1833 372 1853 394 a
1882 367 2099 408 serpentum
2136 361 2324 398 morsibus

281 410 382 459 quod
411 423 486 445 non
509 418 609 453 crat,
645 410 756 446 idest
786 411 1083 458 humanitatem,
1113 428 1266 451 manens

282 470 382 519 quod
400 478 491 515 erat,
515 470 550 506 id
568 479 621 506 est
637 473 748 506 Deus.
767 471 869 508 Sicut
882 486 971 521 ergo
988 474 1103 510 sactus
1116 488 1269 523 serpens

283 533 478 577 Magorum
513 529 776 578 Aigyptiorum
808 540 1000 580 serpentes
1027 532 1239 569 devoravit·
1263 548 1270 569 :

284 591 335 626 sic
369 592 467 624 Deus
498 588 614 624 sactus
647 588 762 625 homo
794 590 1034 627 inimicorum
1071 606 1271 641 suggeren-

287 649 379 683 tium
412 655 584 695 peccata,
614 656 650 682 et
680 648 827 684 fraudes
855 651 1078 693 evacuavit,
1113 652 1271 687 maxime

286 715 408 742 tamen
424 719 507 741 eum
536 714 630 741 esset
647 708 829 744 exaltatus
856 709 891 744 in
915 722 1048 754 cruce,
1074 723 1157 746 cum
1186 723 1273 746 san-

287 765 409 815 guinis
427 765 482 801 sui
503 765 614 801 flores
632 766 869 813 ostenderet,
892 777 927 804 et
945 769 1079 805 [lorum
1095 797 1104 814 ‚
1132 770 1273 805 scilicet

286 825 467 860 virtutum
491 837 641 860 suarum
666 824 821 861 odorem
855 839 923 875 per
947 835 1066 863 totum
1089 828 1271 864 mundum

287 883 516 927 effunderet,
549 892 585 919 et
616 883 728 920 corda
743 884 1046 935 quibuscumque
1074 888 1171 923 vitiis
1196 888 1275 923 vul-

292 951 419 979 nerata
437 951 599 978 sanaret.

345 1003 427 1038 159.
451 1002 708 1050 Respiciamus
729 1002 841 1051 igitur
858 1012 894 1039 et
910 1017 977 1040 nos
995 1005 1031 1040 in
1051 1005 1178 1041 faciem
1198 1018 1277 1042 ser-

287 1062 409 1112 pentis
429 1062 521 1098 aenei
541 1062 673 1097 elevati
687 1090 696 1106 ,
724 1063 880 1106 Christi,
910 1064 939 1099 si
958 1065 1130 1101 volumus
1147 1079 1166 1101 a
1184 1079 1273 1114 pra-
1294 1067 1319 1099 B

286 1135 420 1158 vorum
457 1121 671 1158 ‹immonum
715 1123 1016 1172 suggestionibus
1050 1125 1276 1173 serpentinis

286 1181 448 1217 liberari.
467 1181 665 1229 Respicere
680 1190 823 1226 autem,
843 1183 914 1219 lide
932 1184 966 1218 in
984 1185 1104 1232 ipsum
1124 1184 1276 1220 tendere

287 1248 341 1276 est
360 1254 366 1274 :
391 1238 492 1288 quod
509 1253 584 1275 non
606 1240 771 1284 inlirma,
793 1241 855 1276 sed
875 1241 959 1276 sorti
976 1250 1010 1277 et
1026 1243 1189 1290 perfecta
1205 1242 1276 1277 fide

288 1299 512 1347 completur.
543 1302 635 1334 Sunt
657 1308 780 1334 autem
803 1301 865 1348 qui
890 1300 1041 1348 quidem
1065 1314 1130 1336 ore
1152 1302 1274 1336 conli—

288 1367 414 1394 tentur
430 1358 607 1406 quoniam
623 1358 812 1393 christiani
829 1367 933 1403 sunt,
955 1359 1058 1394 sactis
1075 1367 1198 1394 autem
1215 1373 1277 1395 ne-

287 1425 376 1467 gant
398 1431 404 1450 :
424 1429 518 1464 quos
536 1429 610 1451 non
627 1425 718 1465 puto
740 1416 812 1452 lide
831 1417 984 1453 tendere
1002 1417 1038 1452 in
1055 1418 1276 1455 crucifixum

290 1477 393 1525 pium
414 1479 554 1511 Jcsum.
574 1477 625 1511 [t
654 1483 777 1510 autem
802 1475 871 1510 hoc
903 1489 970 1524 per
991 1476 1276 1512 similitudinem

288 1535 414 1583 aliquo
432 1533 544 1570 modo
561 1533 804 1570 ostendamus
825 1548 831 1569 ε
853 1535 982 1571 similis
999 1544 1053 1570 est
1070 1535 1170 1571 enim
1190 1535 1279 1572 tides

287 1594 378 1629 vino
393 1621 402 1638 ‚
435 1591 536 1641 quod
559 1600 699 1629 tantum
722 1593 886 1629 colorem
912 1593 1023 1629 habet
1043 1594 1141 1639 vini,
1175 1594 1238 1630 sed
1260 1608 1279 1631 a

288 1665 422 1702 sapore
439 1652 519 1688 veri
540 1651 616 1687 vini
636 1660 671 1687 et
692 1651 837 1688 viribus
857 1661 911 1688 est
928 1653 1091 1689 alienum
1114 1668 1121 1689 ι
1149 1652 1278 1702 cujus-

291 1711 394 1747 modi
412 1711 541 1747 vinum
562 1724 637 1746 non
653 1711 766 1747 eredo
786 1711 946 1747 fideliter
963 1716 1042 1749 Deo
1061 1721 1276 1763 acceptum3

290 1771 354 1807 sed
383 1771 492 1819 quale
512 1771 550 1806 in
573 1771 724 1808 Cantico
743 1772 971 1807 cantieorum
1001 1771 1195 1817 laudatur,
1218 1771 1281 1808 ubi

1333 424 1502 464 petemus
1523 428 1564 450 ac
1585 415 1791 464 poterimus
1809 415 1971 453 liberari.

1656 545 1832 585 CAPUT
1856 547 1999 587 XLVI.

1360 661 1406 688 De
1431 658 1530 689 fructu
1552 658 1632 689 vitis
1652 665 1781 697 nostrie,
1809 671 1861 691 seu
1885 661 2018 699 Christi,
2038 673 2095 705 pro
2112 662 2201 693 nohis
2223 663 2302 705 passi

1730 718 1759 742 et
1784 713 1931 743 crucilixi.

1397 822 1477 857 160.
1497 821 1590 869 Quia
1613 821 1770 858 docente
1788 832 1823 859 et
1844 824 2002 861 ducente
2016 853 2026 871 ,
2047 833 2087 861 ut
2107 838 2237 875 spem,
2258 839 2326 863 nos

1341 882 1479 930 pariter
1496 882 1557 930 pio
1574 885 1660 917 Jesu
1677 910 1686 926 ‚
1709 882 1803 919 duce
1822 884 1967 933 optimo
1984 893 2021 920 et
2041 885 2194 921 doctore
2208 914 2217 931 ,
2242 899 2327 936 pro—

1342 940 1512 975 lixiorem
1546 941 1665 976 multo
1699 955 1810 990 quam
1839 944 2088 991 speravimus,
2116 957 2326 981 sermonem

1342 999 1540 1036 habuimus
1555 1000 1600 1036 de
1616 1000 1770 1037 (loribus
1788 1002 1881 1038 vitis
1900 1011 2054 1048 nostra-3
2076 1016 2175 1038 nunc
2193 1003 2325 1040 eodem

1342 1073 1410 1094 nos
1430 1059 1632 1108 adjuvante
1646 1088 1654 1104 ,
1673 1061 1737 1109 qui
1759 1074 1876 1109 usque
1893 1062 1929 1096 in
1947 1063 2056 1097 linem
2074 1062 2194 1112 diligit
2214 1071 2251 1099 et
2270 1063 2329 1098 di-

1343 1120 1428 1167 rigit
1455 1133 1564 1164 suos,
1606 1120 1643 1155 in
1669 1119 1776 1168 cujus
1808 1133 1919 1156 manu
1949 1133 2077 1156 sumus
2107 1128 2145 1156 et
2170 1133 2260 1166 nos,
2293 1130 2330 1158 et

1342 1192 1532 1214 sermones
1550 1179 1686 1225 nostri3
1707 1178 1752 1215 ad
1773 1179 1933 1215 fructum
1954 1179 2121 1227 ejusdem
2139 1180 2224 1217 vitis
2245 1180 2330 1216 ani-

1344 1251 1444 1273 mum
1463 1238 1688 1273 acclinemus
1702 1267 1711 1283 ,
1739 1239 1870 1274 llorum
1884 1238 2120 1287 dispendium
2141 1240 2330 1276 fructuum

1343 1297 1568 1345 compendio
1604 1297 1846 1345 redempturi.
1883 1298 2096 1334 Conl'ortata
2139 1307 2194 1335 est
2231 1299 2330 1334 enim

1343 1356 1494 1391 scientia
1516 1357 1655 1392 fructus
1680 1357 1775 1393 Vitis
1798 1365 1933 1393 nostrae
1955 1357 2065 1406 hujus
2080 1386 2089 1402 ,
2112 1366 2149 1394 et
2167 1371 2241 1394 non
2262 1371 2331 1407 po-

1345 1422 1414 1449 test
1433 1414 1478 1449 ad
1495 1427 1574 1450 eam
1599 1415 1717 1450 nostri
1740 1415 1916 1463 ingenioli
1935 1416 2087 1453 tarditas
2103 1417 2255 1453 elevari.
2279 1421 2329 1454 Ut

1345 1485 1434 1520 ergo
1454 1485 1585 1508 omnes
1605 1472 1867 1509 abscindamus
1892 1473 2066 1524 ambages
2083 1504 2092 1519 ,
2127 1475 2156 1512 si
2189 1476 2332 1512 fructus

1345 1531 1607 1579 perquiramus
1622 1559 1630 1575 ‚
1653 1532 1842 1581 praecipue
1863 1532 2072 1582 redemptio
2091 1542 2147 1570 est
2166 1534 2334 1583 plantata

1346 1589 1383 1625 in
1407 1599 1504 1626 terra
1523 1589 1739 1636 benedicta,
1761 1592 1797 1627 in
1818 1592 1968 1641 Virgine
1996 1593 2181 1641 virginum
2202 1593 2330 1630 Maria.

1346 1649 1414 1685 Illa
1431 1649 1526 1686 Vitis
1545 1663 1653 1696 vera,
1672 1649 1789 1687 dulcis
1807 1655 1930 1696 Jesus,
1951 1652 2124 1701 apparuit
2143 1652 2180 1688 in
2200 1652 2336 1688 nativi-

1347 1717 1437 1754 tate,
1461 1709 1613 1758 praecisa
1634 1710 1670 1745 in
1692 1710 1974 1747 circumcisione
1993 1739 2002 1756 ‚
2034 1711 2276 1748 circumfossa
2295 1711 2334 1747 in

1347 1767 1513 1813 insidiis,
1536 1767 1702 1817 perfossa
1729 1768 1842 1804 clavis
1858 1796 1867 1813 ,
1889 1769 1998 1817 ligata
2015 1769 2177 1805 vinculis
2201 1770 2334 1806 multi-

292 1831 370 1880 ipse
387 1843 546 1879 sponsus
562 1829 608 1865 ad
624 1843 798 1879 sponsam
815 1830 885 1874 ait,
912 1833 1044 1867 Guttur
1057 1840 1172 1878 tumn,
1191 1836 1283 1867 sicut
1302 1837 1328 1871 C
1349 1825 1508 1875 plicibus
1524 1855 1533 1872 ‚
1558 1826 1726 1863 fronduit
1744 1827 1780 1862 in
1803 1827 2023 1874 virtutibus,
2045 1829 2279 1865 fructificavit
2296 1828 2334 1865 in

288 1891 417 1926 vinum
439 1894 628 1937 optimum.
655 1892 698 1925 Et
718 1890 782 1925 illa
802 1890 925 1926 statim
954 1890 1182 1939 respondet,
1211 1894 1280 1927 Di-

287 1963 399 1998 gnum
420 1951 553 1984 delecto
569 1962 648 1983 meo
663 1951 715 1984 ml
725 1952 947 1997 potandum,
969 1959 1003 1985 ec
1017 1950 1186 1985 (lentibus
1204 1955 1281 1996 ejus

291 2011 345 2044 ud
357 2010 618 2044 rmm‘namlum
633 2014 644 2028 ²
663 2016 722 2044 :et
740 2018 824 2057 post
841 2022 977 2058 pauca,
999 2009 1116 2052 Dalm,
1135 2009 1278 2059 inquit,

291 2067 356 2102 tibi
374 2072 500 2102 vinum
514 2068 698 2101 conditam
715 2075 750 2101 ec
765 2071 921 2102 mixtum
942 2069 1119 2102 malorum
1139 2081 1279 2115 grana-

292 2135 407 2161 torum
429 2122 629 2160 meorum3.
657 2127 748 2161 Ecce
769 2126 878 2174 quale
896 2125 1025 2162 vinum
1049 2126 1118 2162 erit
1136 2126 1285 2176 placens

289 2186 444 2230 dilecto,
472 2194 509 2221 et
526 2184 630 2233 quod
647 2185 685 2221 in
704 2198 869 2222 amorem
886 2186 1003 2223 nostri
1026 2186 1129 2222 illum
1152 2200 1284 2223 aceen-

291 2245 364 2281 dat.
379 2248 442 2281 Est
461 2257 622 2292 namque
640 2244 770 2280 vinum
789 2245 974 2293 optimum
994 2244 1281 2294 lidesperfecta,

290 2304 414 2341 cordis
430 2304 634 2348 sententia,
657 2312 693 2339 et
710 2305 783 2339 oris
796 2304 1029 2340 consessione
1046 2305 1184 2353 pariter
1197 2318 1285 2341 con-

292 2363 484 2401 cordante.
508 2367 553 2399 Et
583 2362 686 2411 quod
707 2362 904 2408 subditur,
942 2364 1046 2399 Dabo
1067 2364 1134 2399 tibi
1154 2369 1281 2399 vinum

292 2426 502 2467 conclama,
526 2422 617 2458 sides
637 2422 745 2458 bonis
768 2422 950 2458 virtutum
981 2422 1160 2471 operibus
1189 2436 1284 2459 con-

293 2483 369 2518 dita
389 2491 424 2517 et
440 2482 641 2518 exercitata
663 2481 894 2529 intelligitur.
920 2481 997 2517 Tali
1022 2481 1092 2516 lide
1120 2481 1285 2517 tenditur

292 2550 329 2578 et
349 2540 558 2577 intenditur
588 2540 625 2575 in
658 2540 760 2588 pium
788 2543 936 2584 Deum,
973 2553 1047 2575 non
1082 2539 1152 2575 lide
1173 2540 1282 2584 licta,

1348 1885 1537 1935 passione3
1551 1894 1587 1921 et
1604 1885 1760 1922 redemit
1776 1887 1984 1932 hominem,
2004 1900 2114 1936 quem
2131 1888 2205 1924 alio
2224 1888 2335 1924 modo

1351 1945 1485 1981 redimi
1507 1958 1581 1981 non
1602 1945 1861 1981 conveniebat.
1893 1946 1965 1983 Sed
1993 1945 2084 1982 dicis
2105 1961 2112 1982 :
2135 1946 2337 1994 Quomodo

1346 2004 1482 2041 dicitur
1499 2005 1536 2041 in
1559 2005 1731 2054 passione
1759 2005 1998 2042 fructificasse
2011 2033 2020 2050 ,
2042 2006 2107 2055 qui
2124 2006 2236 2055 paulo
2251 2014 2338 2042 ante

1347 2064 1468 2100 dictus
1496 2073 1551 2100 est
1582 2064 1620 2099 in
1657 2064 1874 2101 nativitatea
1914 2064 2110 2101 floruisse?
2144 2065 2337 2114 Numquid

1350 2123 1449 2159 idem
1473 2132 1560 2159 sunt
1581 2123 1692 2160 flores
1725 2132 1761 2160 et
1787 2124 1950 2161 fructus?
1970 2128 2028 2160 An
2046 2125 2096 2160 ita
2116 2123 2240 2160 subito
2259 2125 2339 2161 sine

1349 2182 1551 2219 intervallo
1570 2183 1747 2232 temporis
1763 2183 1905 2219 fruetus
1919 2196 2026 2219 suum
2046 2183 2176 2219 florem
2187 2191 2338 2220 secutus

1351 2244 1435 2278 est?
1455 2246 1536 2279 Non
1559 2243 1659 2278 enim
1678 2242 1715 2278 id
1739 2242 1909 2279 videmus
1927 2243 2005 2278 lieri
2025 2243 2062 2279 in
2081 2256 2205 2279 rerum
2232 2250 2339 2278 natu-

1350 2300 1400 2335 ris
1422 2313 1429 2334 :
1452 2301 1669 2349 praecedunt
1689 2301 1786 2336 enim
1807 2300 1938 2346 flores,
1959 2309 1996 2336 et
2014 2300 2212 2337 intercedit
2230 2301 2338 2336 multi

1350 2360 1530 2408 temporis
1546 2360 1783 2395 intervallum
1794 2388 1804 2404 ,
1822 2368 1863 2395 ut
1877 2360 2017 2396 fructus
2030 2360 2075 2396 ad
2088 2360 2338 2396 maturitatem

1349 2418 1586 2467 perducatur.
1606 2418 1716 2466 Quod
1735 2431 1802 2454 nos
1824 2432 1954 2454 verum
1976 2418 2127 2467 quidem
2145 2431 2224 2454 esse
2247 2419 2340 2454 sate-

1351 2491 1463 2513 mur:
1489 2491 1618 2513 verum
1643 2490 1685 2513 ea
1715 2491 1797 2526 quae
1831 2477 2012 2514 habemus
2041 2491 2117 2527 prae
2142 2477 2337 2523 manibus,

1352 2550 1427 2572 non
1447 2545 1588 2573 tantum
1608 2537 1790 2581 humana,
1814 2537 1931 2573 sedet
1954 2537 2079 2573 divina
2107 2546 2216 2582 sunt3
2239 2537 2339 2573 unde

292 2599 547 2651 operibusque
567 2606 717 2634 carente
735 2626 744 2643 ,
767 2598 846 2634 sine
870 2597 1007 2647 quibus
1029 2598 1119 2634 fides
1138 2607 1286 2634 mortua
1303 2606 1334 2639 D
1354 2609 1428 2631 non
1449 2604 1658 2645 sequuntur
1680 2609 1806 2631 rerum
1829 2605 1979 2632 naturas
2003 2597 2039 2632 in
2061 2595 2254 2642 omnibus,
2275 2595 2339 2633 sed

292 2669 359 2696 est.
380 2663 522 2695 Demus
542 2671 630 2706 ergo
655 2657 791 2693 dilecto
814 2666 945 2693 nostro
968 2658 1030 2706 pio
1052 2661 1132 2694 Deo
1156 2658 1283 2694 vinum

292 2720 478 2769 optimum
497 2717 582 2753 lidei
604 2717 797 2766 perfectae,
819 2725 856 2752 et
878 2717 1005 2752 vinum
1028 2716 1184 2752 diversis
1201 2729 1285 2752 aro—

295 2778 457 2816 matibus
477 2778 658 2813 virtutum
680 2789 902 2825 saporosum
928 2791 935 2811 :
957 2784 993 2812 et
1009 2776 1060 2811 sic
1075 2775 1287 2811 intueamur

294 2840 331 2875 in
353 2838 482 2874 faciem
501 2836 582 2885 ejus
598 2865 606 2881 ,
632 2849 702 2885 pro
721 2835 829 2871 nobis
847 2834 891 2871 ad
914 2834 1195 2871 similitudinem
1213 2848 1286 2871 ser-

292 2897 417 2947 pentis
447 2896 539 2932 :enei
561 2896 596 2930 in
623 2907 732 2930 cruce
761 2893 948 2941 suspensi.
973 2896 1018 2930 Et
1047 2893 1195 2942 quoties
1216 2893 1286 2929 ali-

292 2955 398 3003 cujus
418 2954 643 3003 serpentina:-
669 2952 884 2988 tentationis
919 2965 1044 2988 morsu
1063 2965 1130 2988 nos
1145 2965 1286 3002 cogno-

294 3015 457 3050 verimus
481 3014 698 3049 vulneratos·
715 3040 723 3055 ,
757 3011 802 3047 ad
830 3025 976 3047 erucem
1010 3025 1223 3057 curramus,
1250 3020 1287 3048 et

292 3073 339 3109 ad
360 3073 534 3109 thronum
551 3071 672 3108 crucis
687 3071 914 3120 quandoque
929 3071 1156 3120 ignomifflae,
1184 3084 1284 3107 nunc.

292 3145 448 3169 summae
471 3132 598 3181 gloriae
624 3130 861 3175 acc1=damus3
887 3139 923 3166 et
951 3130 1022 3166 side
1039 3158 1047 3174 ,
1083 3138 1119 3166 et
1138 3144 1222 3180 spe,
1249 3139 1285 3167 et

291 3192 523 3229 charitatem
545 3190 782 3227 liberatorem
805 3191 1009 3239 piissimum
1030 3189 1281 3235 intendentes,

343 3330 350 3345 ¹
371 3324 553 3359 Exod.v11,
578 3326 616 3354 10
634 3347 640 3356 ,
668 3327 718 3353 Γ).
737 3341 773 3344 -
794 3328 804 3344 ²
825 3322 941 3352 (Iantic.
966 3333 1031 3358 vit,
1055 3326 1087 3351 ⁸),

1170 3319 1180 3340 3
1199 3322 1241 3352 ld.
1262 3333 1322 3350 viii
1337 3345 1343 3356 ,
1364 3326 1392 3351 ἶ),.

1353 2664 1496 2692 naturae
1514 2656 1628 2704 magis
1644 2669 1750 2691 suum
1768 2664 1980 2704 sequuntur
1999 2665 2206 2692 auctorem.

1408 2717 1490 2752 161.
1525 2716 1636 2763 Quod
1667 2715 1840 2752 videlicet
1877 2716 2042 2765 apertius
2079 2715 2281 2764 intelliges,
2309 2715 2340 2751 si

1352 2773 1567 2824 diligentius
1595 2775 1759 2811 volueris
1786 2775 1921 2811 intueri
1954 2775 1990 2811 in
2026 2775 2128 2810 omni
2161 2773 2340 2810 arborum

1351 2847 1506 2884 genere,
1529 2834 1565 2870 in
1587 2843 1670 2870 ortu
1695 2834 1836 2870 fructus
1856 2835 1985 2870 florem
2003 2833 2174 2870 decidere
2191 2842 2227 2870 et
2247 2846 2338 2883 per-

1353 2893 1406 2929 ire
1427 2908 1433 2928 :
1457 2894 1492 2929 in
1516 2893 1731 2929 hominibus
1750 2906 1901 2942 quoque
1921 2902 1957 2929 et
1986 2894 2062 2929 sere
2084 2892 2228 2929 cunctis
2255 2892 2339 2929 ani-

1353 2952 1540 2989 mantibus
1576 2953 1719 2989 fructus
1754 2954 1927 2989 soliorum
1959 2953 2090 2989 florem
2117 2952 2341 3000 virginitatis

1351 3011 1548 3049 abscindit.
1566 3015 1647 3049 Non
1663 3013 1714 3048 sic
1730 3021 1808 3048 erat
1826 3013 1862 3048 in
1880 3013 2072 3048 nativitate
2087 3011 2179 3048 vitis
2190 3019 2340 3048 nostrae.

1351 3071 1563 3108 Beatissima
1588 3071 1687 3107 enim
1721 3075 1838 3107 Mater
1869 3072 1966 3107 illius
1999 3071 2160 3107 fructum
2189 3069 2342 3118 quidem

1352 3130 1508 3180 protulit
1532 3130 1771 3166 benedictum
1787 3143 1862 3165 non
1880 3130 2015 3167 amisso
2035 3128 2258 3179 virginitatis
2276 3129 2346 3165 sso-

1352 3203 1391 3226 re
1411 3218 1419 3235 ,
1451 3190 1525 3226 imo
1548 3189 1662 3237 magis
1693 3202 1760 3239 per
1783 3197 1929 3238 partum
1952 3187 2159 3224 mirabilem
2181 3196 2218 3224 et
2239 3200 2346 3224 mun-

1745 3328 1757 3341 ³¹
1776 3324 1865 3351 Fol'lt·
1879 3345 1885 3354 ,
1905 3321 2059 3364 pastinum
