2418 3949
222 242 318 279 1129
1038 248 1200 282 SERMO
1228 245 1446 280 TERTIUS.
2172 250 2180 283 l
2200 250 2270 285 1:30

216 319 538 367 Egredituretiam
564 335 646 358 cum
670 322 848 358 claritate.
866 326 1047 358 Nascente
1066 319 1264 371 (puppe⁴‘⁶8
1278 320 1490 369 placebunt.
1524 323 1706 359 Dominus
1741 325 1840 360 enim
1872 333 1995 362 vester
2031 326 2197 362 elevatus·
2229 328 2266 362 in

215 378 279 414 illo
306 381 486 429 sepelitur
516 382 638 418 omnis
670 382 732 418 illa
760 381 988 418 stellantium
1020 382 1203 417 luminum
1223 380 1251 412 A
1271 393 1403 424 cruce,
1432 380 1653 429 largissimas
1683 383 1874 433 sanguinis
1902 384 2021 421 undas
2050 400 2070 421 a
2101 395 2264 435 quatuor

215 437 401 475 luminosa
417 441 618 486 serenitas;
636 449 673 477 et
688 441 794 477 stella
809 439 1004 476 candidior
1019 439 1205 475 lucidiori-

214 495 284 533 bus
311 498 423 536 radiis
449 501 751 549 praescintillans,
772 508 886 536 totam
912 498 982 535 sibi
1005 499 1089 535 coeli
1110 499 1206 547 rapit

213 558 442 606 portionem.
463 559 669 596 Ambulant
690 572 795 608 reges
819 559 856 595 in
878 559 1079 608 splendore
1100 567 1204 595 ortus

212 617 313 665 ejus,
335 619 513 667 quoniam
531 632 617 655 ecce
639 631 744 668 reges
759 618 973 668 congregati
989 626 1094 664 sunt,
1113 631 1203 654 con—

212 686 398 713 venerunt
418 678 456 713 in
477 691 610 714 unum.
638 678 713 727 Ipsi
739 677 905 714 videntes
937 678 988 714 sic
1017 681 1136 714 Deum
1167 686 1204 713 et

211 735 401 773 bominem
427 745 663 780 nascentem,
685 739 843 773 Matrem
867 745 904 772 et
926 737 1110 785 virginem
1133 750 1202 785 pa-

211 795 389 840 rientem,
411 793 584 831 admirati
604 803 712 841 sunt,
733 794 947 831 conturbati
971 804 1076 840 sunt,
1098 808 1201 831 com-

211 854 302 890 moti
319 862 429 899 sunt,
453 862 593 890 tremor
607 853 858 904 apprehendit
873 868 937 891 eos
954 856 990 891 in
1010 864 1199 891 tantorum

209 913 290 949 luce
310 913 591 950 miraculorum.
618 913 818 950 E¹¹reditur
836 921 872 950 et
891 927 976 949 cum
997 922 1198 964 pauperta-

209 979 245 1007 te
263 985 270 1007 :
289 971 382 1020 quia*
396 972 434 1007 in
455 972 587 1021 pannis
611 971 798 1008 vilissimis
819 972 1040 1018 reclinatus,
1055 972 1131 1021 jam
1153 987 1199 1009 ex

207 1038 296 1066 tunc
312 1031 555 1068 sanctissimis
576 1030 755 1068 membris
772 1032 890 1081 legem
910 1032 1078 1080 martyrii
1098 1045 1198 1081 prae-

1271 437 1443 487 partibus
1476 439 1533 475 sui
1567 442 1737 490 corporis
1770 442 2024 480 abundantius
2059 447 2260 482 emanavit.

1271 497 1395 545 Spinis
1425 498 1523 534 enim
1554 500 1808 547 pungentibus
1839 503 2114 539 sanctissimum
2148 514 2262 553 eaput

1271 557 1379 592 nivea
1405 557 1548 593 cervice
1571 559 1751 595 reflexum
1765 588 1774 605 ,
1796 569 1834 597 et
1855 562 1968 598 clavis
1987 562 2102 611 pedes
2123 572 2158 599 et
2180 577 2260 600 ma-

1270 628 1362 659 nus,
1384 623 1422 650 et
1450 616 1577 651 lancea
1600 616 1696 653 latus
1722 617 1802 666 ejus
1824 619 2152 656 transverberante
2172 635 2259 670 pre—

1269 675 1386 710 tiosus
1417 675 1568 723 sanguis
1588 677 1777 713 emanavit
1799 692 1806 712 τ
1834 678 1941 726 cujus
1960 680 2177 728 aspersione
2194 680 2259 729 ju-

1268 732 1340 769 dex
1373 733 1505 768 transit
1539 734 1576 769 in
1611 743 1779 783 patrem3
1802 737 1940 783 iratus,
1971 738 2009 773 in
2040 739 2167 776 mitem
2191 755 2198 776 :
2220 741 2258 776 in

1269 792 1563 829 misericordiam
1577 821 1587 838 ,
1615 794 1739 843 virga3
1764 797 1959 845 captivitas
1973 825 1983 841 ,
2005 797 2044 833 in
2064 812 2257 836 coronam.

1267 852 1435 888 Christus
1461 866 1550 902 ergo
1579 854 1660 890 sons
1689 855 1808 892 latens
1827 864 1864 892 et
1882 857 2053 893 occultus
2071 857 2110 893 in
2131 859 2233 894 coelis
2248 888 2258 903 ,

1268 910 1350 946 fons
1371 919 1504 961 patens
1530 920 1566 948 et
1594 921 1747 961 apertus
1772 915 1809 950 in
1834 915 1941 951 terris
1964 930 1970 951 :
1990 915 2064 952 illic
2085 916 2130 952 de
2151 925 2258 953 utero

1266 970 1384 1005 Patris
1400 999 1409 1016 ,
1429 970 1488 1006 hic
1509 971 1700 1020 egreditur
1717 972 1762 1009 de
1786 982 1896 1009 utero
1914 974 2089 1023 Virginis.
2108 975 2188 1011 Illic
2202 976 2258 1011 vi-

1264 1042 1357 1065 vens
1390 1037 1527 1066 terram
1559 1030 1689 1080 irrigat
1715 1032 1923 1068 viventium
1947 1048 1955 1069 ε
1984 1033 2044 1069 hic
2070 1034 2256 1080 moriens,

207 1089 356 1138 figebat.
386 1090 586 1139 Egreditur
618 1091 793 1127 occulte:
817 1091 905 1140 quia
933 1090 1197 1127 subtilissimus
1218 1093 1244 1126 B
1265 1097 1401 1124 terram
1435 1090 1690 1126 morientium.
1723 1091 1803 1127 Illic
1831 1091 2011 1128 dividitur
2034 1093 2072 1128 in
2105 1102 2258 1142 quater—

205 1149 268 1186 ille
297 1149 482 1186 fraudium
507 1149 766 1198 investigator,
788 1157 900 1186 tantae
926 1149 972 1186 ab
1004 1150 1200 1186 altitudine

204 1209 432 1259 dignationis
452 1208 678 1245 excluditur.
700 1209 798 1246 Hinc
815 1217 870 1246 est
891 1210 992 1258 quod
1015 1208 1199 1258 ambiguis

204 1268 518 1305 alternationibus
554 1268 746 1317 fatigatus,
781 1268 887 1305 illum
919 1276 1059 1314 tentat,
1098 1282 1198 1305 nunc

204 1335 387 1363 tentatum
405 1327 520 1363 filium
537 1327 702 1376 appellat
714 1327 892 1363 Altissimi
907 1341 917 1372 ;
934 1340 1034 1363 nunc
1052 1328 1199 1364 instruit

202 1399 351 1422 erucem
363 1414 373 1431 ‚
391 1399 491 1422 nunc
504 1386 683 1432 destruit,
703 1386 885 1422 mandans
901 1399 969 1435 per
986 1387 1195 1431 mulierem,

202 1454 425 1483 consuetum
460 1445 530 1482 sibi
559 1458 742 1495 organum
770 1460 776 1480 :
808 1446 916 1482 Nihil
946 1446 1012 1481 tibi
1042 1455 1078 1481 et
1095 1448 1198 1492 justo

203 1508 260 1541 illi
276 1512 301 1541 ¹.

255 1566 292 1599 8.
316 1563 504 1612 Sequitur,
526 1566 590 1599 Ad
601 1566 832 1612 irrigandam
849 1570 1054 1601 ‹mim-‚ivam
1073 1579 1194 1614 supet·-

189 1623 321 1668 fic-iem
337 1632 447 1659 terrae
468 1637 480 1657 :
499 1623 536 1659 id
553 1632 626 1669 est,
643 1623 689 1659 ad
711 1632 897 1661 terrenam
921 1625 1108 1661 miseriam
1129 1640 1194 1662 ex-

201 1681 396 1730 piandam,
422 1695 533 1730 quam
564 1682 674 1720 nobis
700 1684 736 1718 in
771 1683 1023 1720 haereditatcm
1051 1685 1194 1734 primus

199 1741 262 1776 ille
287 1749 461 1790 peccator
479 1742 692 1790 reliquerat.
721 1743 816 1779 Volo
844 1751 883 1779 ut
908 1744 1113 1792 Apostolus
1136 1744 1194 1780 liic

198 1812 285 1835 eum
314 1800 405 1835 mihi
421 1829 431 1846 ,
452 1801 547 1837 sicut
566 1810 602 1837 et
618 1803 809 1850 superius,
831 1803 867 1838 in
889 1811 1053 1852 quatuor
1073 1805 1194 1853 capita

199 1858 419 1904 distribuat,
437 1861 524 1909 quia
540 1862 705 1898 securius
723 1862 804 1911 ejus
823 1863 1099 1912 expositionem
1117 1878 1193 1900 sus-
1212 1871 1238 1903 (j

196 1919 310 1968 cipio.
339 1920 413 1964 Qui
429 1918 557 1967 flletus
583 1931 636 1957 ese
663 1922 790 1966 nobls,
822 1924 961 1972 inquit,
981 1928 1191 1971 supinum,

188 1980 358 2024 justitia,
374 1982 618 2027 sanctificatio
629 2009 640 2025 ,
663 1983 901 2029 redemptiffl.
926 1982 982 2018 Ad
1001 1995 1069 2019 nos
1085 1984 1192 2033 quip-

198 2050 245 2086 pe
272 2039 426 2075 veniens
451 2039 514 2088 qui
535 2052 684 2077 eramus
709 2041 747 2076 in
774 2054 942 2086 carcere,
965 2042 1089 2091 primo
1108 2057 1191 2078 om-

197 2097 301 2134 nium
329 2098 502 2136 tenebras
529 2099 750 2147 ignorantia:
777 2108 914 2136 nostrae
938 2100 1082 2150 depulit
1109 2102 1190 2138 luce

192 2157 384 2206 sapientiae
415 2170 510 2204 suae;
545 2158 697 2194 demum
724 2172 792 2208 per
817 2158 1000 2207 justitiam
1031 2173 1115 2209 quae
1141 2175 1185 2197 ex

193 2214 266 2251 lide
293 2225 367 2260 est,
397 2217 510 2253 solvit
538 2217 646 2253 funes
672 2225 914 2266 peccatorum
947 2227 1184 2265 nostrorum,

189 2275 427 2312 sanctificans
456 2289 525 2312 nos
553 2276 592 2312 in
620 2289 688 2313 suo
716 2290 896 2326 corpore,
930 2278 1117 2315 redimens
1147 2280 1183 2315 in

191 2333 362 2381 eorporis
390 2335 563 2384 passione
584 2349 591 2371 z
614 2337 798 2372 Dominus
819 2337 918 2372 enim
946 2338 1057 2373 solvit
1080 2352 1185 2374 com-

190 2391 362 2440 peditos,
381 2395 565 2431 Dominus
587 2395 774 2431 illuminat
800 2394 953 2442 caecos3,
983 2398 1187 2434 sanctificat

192 2448 498 2498 tabernaculum,
520 2453 567 2489 de
595 2466 707 2490 manu
731 2454 883 2490 redimit
904 2455 1058 2491 inimiei.
1082 2456 1186 2492 Divi-

189 2508 292 2545 ditur
309 2518 345 2546 et
363 2511 398 2546 in
420 2512 638 2560 patientiam
651 2541 660 2559 ,
676 2526 750 2562 qua
766 2522 981 2563 peccatores
1001 2515 1159 2551 sustinet
1176 2531 1183 2551 ε

190 2569 226 2603 in
248 2569 561 2616 misericordiam,
577 2585 651 2621 qua
672 2581 888 2622 peccatores
907 2574 1009 2610 fovet
1031 2588 1037 2608 :
1058 2575 1094 2610 in
1117 2575 1185 2611 lar-

189 2627 362 2675 gitatem,
387 2642 462 2678 qua
486 2631 727 2679 proficientes
753 2633 888 2668 exaltat
908 2646 915 2667 :
936 2633 972 2669 in
1002 2634 1184 2670 soi-titudi-
1206 2641 1236 2673 D
1255 2643 1315 2670 tur
1347 2635 1472 2671 dicere
1493 2644 1712 2684 poteramus
1737 2650 1744 2670 :

191 2699 275 2722 neni
288 2715 297 2730 ,
314 2700 386 2736 qua
398 2690 634 2737 perficientes
647 2700 857 2727 conservat.
872 2695 925 2728 De
937 2692 1007 2728 hoc
1018 2694 1184 2729 seeundo

189 2746 449 2792 quaternario,
478 2755 557 2783 toto
580 2748 649 2784 boc
678 2749 855 2786 Adventu
878 2758 1010 2786 vestrae
1036 2754 1184 2788 Frater-

191 2805 295 2840 nitati
322 2804 584 2842 confabulatus
603 2820 707 2853 sum,
728 2821 795 2857 per
824 2808 1022 2845 {luminum
1049 2810 1183 2846 decur—

189 2864 334 2899 sionem
363 2872 399 2900 et
425 2866 620 2902 nominum
650 2867 997 2916 interpretationem
1029 2871 1183 2906 moralia

190 2923 356 2970 mysticis
372 2923 626 2961 internectens
644 2940 651 2961 :
669 2934 794 2962 utrum
812 2927 952 2977 aliquid
971 2928 1100 2977 digne,
1116 2943 1184 2965 vos

190 2980 370 3018 videritis.
388 2986 526 3019 Verum
545 2997 620 3020 non
643 2986 767 3021 onmia
790 2999 987 3035 possumus
1007 2989 1182 3036 praesenti

189 3052 362 3075 sermone
379 3050 590 3089 coarctare,
610 3043 796 3080 fastidium
815 3045 1008 3081 evitantes.

243 3101 278 3135 ἓ).
310 3099 438 3137 Habeo
455 3115 525 3151 ego
541 3111 702 3151 quatuor
719 3105 839 3153 capita
857 3104 1023 3141 dulciora
1045 3107 1181 3155 priori-

191 3157 274 3202 bus,
294 3171 376 3207 qua:
396 3160 561 3198 fortassis
582 3163 713 3199 vestris
729 3163 909 3200 cordibus
924 3164 1069 3201 dulcius
1084 3179 1180 3200 eom-

243 3294 248 3306 “
270 3289 382 3319 Manli.
399 3302 509 3329 xxvii,
534 3297 581 3324 19.
603 3313 640 3317 ψ
670 3301 680 3315 ²
702 3299 711 3325 1
735 3298 805 3326 (lor.
827 3308 855 3329 ι,
880 3299 934 3324 ao.
960 3313 991 3316 -·

190 3342 206 3358 ‘⁵
227 3340 343 3372 llabac.
361 3354 403 3379 ιι,
423 3347 453 3373 3.

1019 3293 1031 3314 ³
1055 3295 1129 3325 l’sal.
1150 3308 1243 3329 (xm,
1273 3299 1303 3329 7.

1267 1148 1413 1183 narium
1444 1147 1704 1185 admirabilem
1734 1165 1741 1185 :
1770 1150 1851 1195 hic,
1881 1151 1918 1186 in
1947 1151 2107 1188 dulcem.
2130 1153 2256 1189 Dulcis

1268 1207 1474 1253 Dominus,
1505 1207 1624 1244 dulcis
1655 1209 1839 1254 Domina,
1869 1210 1956 1259 quia
1984 1211 2046 1246 ille
2077 1212 2257 1247 Dominus

1265 1280 1391 1313 meus,
1421 1267 1678 1304 misericordia
1703 1282 1784 1304 mea
1811 1283 1819 1305 :
1847 1269 1925 1305 baec
1956 1270 2121 1306 Domina
2153 1284 2232 1307 mea
2249 1300 2258 1315 ,

1265 1326 1532 1374 misericordiae
1548 1335 1670 1375 porta.
1694 1330 1814 1363 Ducat
1829 1341 1896 1364 nos
1911 1331 2030 1364 Mater
2045 1329 2092 1365 ad
2108 1329 2257 1376 Filium,

1265 1386 1381 1423 Filius
1401 1386 1446 1422 ad
1474 1390 1642 1431 Patrem,
1665 1399 1803 1435 sponsa
1829 1387 1876 1423 ad
1897 1400 2101 1437 sponsum,
2121 1389 2185 1438 qui
2203 1398 2259 1425 est

1267 1447 1367 1481 Deus
1392 1444 1613 1482 benedictus
1633 1445 1670 1482 in
1689 1446 1835 1482 saecula.
1856 1451 1989 1483 Anien.

1261 1583 2257 1595 ...................................................................

1650 1693 1669 1725 l·
1681 1694 1695 1726 J
1707 1693 1869 1726 LSDml

1667 1718 1677 1725 ,
1835 1721 1844 1726 .

1365 1820 1427 1864 ΙΝ
1465 1819 1862 1866 NATIVITATE
1898 1820 2146 1867 DOMlN1³

1646 1959 1769 1981 sumto
1800 1960 1859 1981 ιιι.

1363 2067 1408 2094 De
1422 2064 1516 2094 ssux‘io
1531 2063 1652 2105 AEgypti
1669 2069 1697 2093 et
1716 2065 1781 2104 ejus
1798 2064 1870 2094 rixis
1888 2075 1944 2105 per
1959 2064 2146 2105 allegoriam.

1648 2189 1658 2191 -
1676 2185 1827 2197 —ocufl—

1311 2284 1341 2317 1.
1376 2281 1541 2317 'l'andem
1564 2281 1609 2316 de
1631 2281 1722 2316 mari
1743 2280 1788 2316 ad
1810 2290 1983 2330 portum,
2000 2282 2046 2318 de
2064 2283 2249 2331 promisso

1253 2340 1298 2376 ad
1315 2341 1510 2389 praemium
1525 2368 1534 2385 ,
1554 2341 1600 2376 de
1621 2340 1749 2376 labore
1768 2339 1814 2376 ad
1837 2341 2029 2389 requiem,
2050 2341 2096 2377 de
2117 2342 2247 2391 despe—

1253 2399 1397 2435 ratione
1419 2399 1463 2435 ad
1491 2411 1617 2448 spem,
1642 2399 1688 2435 de
1716 2400 1776 2435 via
1804 2399 1850 2435 ad
1881 2400 2038 2449 patriam
2068 2402 2246 2449 perveni-

1253 2472 1347 2494 mus.
1384 2458 1590 2508 Scripserat
1622 2459 1807 2507 siquidem
1843 2458 1951 2494 nobis
1987 2459 2248 2508 frequentibus

1251 2518 1420 2566 epistolis
1455 2518 1621 2554 calamus
1655 2518 1788 2554 scribae
1823 2519 2004 2554 velociter
2026 2518 2246 2555 scribentis:

1253 2578 1457 2625 Exspecta,
1479 2587 1709 2626 reexspecta.
1737 2578 1808 2615 Sed
1833 2590 1901 2613 nos
1921 2577 2023 2626 quod
2050 2577 2245 2627 subjungi—

1772 2637 1958 2670 Modicum
1981 2635 2044 2679 ibi,
2066 2645 2102 2670 et
2126 2640 2246 2671 mod(-

1251 2709 1331 2729 cum
1354 2695 1437 2730 sbi—⁸.
1461 2698 1789 2730 Praecucurrerant
1805 2707 1978 2729 cursores
1997 2695 2247 2742 promissione

1251 2753 1408 2796 ‹lix-iios,
1442 2753 1505 2788 sed
1540 2753 1774 2788 exhibitione
1813 2753 2054 2801 pauperrimi.
2092 2754 2243 2790 Dicebat

1249 2813 1343 2848 alius
1356 2841 1364 2857 ,
1391 2813 1556 2847 sil-iliter
1576 2827 1665 2859 age,
1686 2821 1720 2846 et
1742 2812 1965 2858 rotdomum·
1989 2825 2051 2846 cor
2071 2821 2171 2847 [(ιιιη)
2184 2841 2192 2853 ,
2212 2824 2246 2849 cc

1249 2882 1389 2907 ,summe
1408 2875 1605 2906 Dominum
1621 2870 1632 2891 5
1649 2885 1656 2906 ε
1680 2871 1773 2906 alter
1789 2883 1880 2905 vero
1892 2898 1900 2914 ,
1923 2874 1961 2905 Si
1983 2879 2244 2919 1110171121Jecc·

1251 2936 1308 2973 ril,
1338 2939 1514 2978 ιιι-,ψιτια
1543 2943 1648 2972 vam,
1666 2944 1755 2977 quta
1784 2943 1938 2965 vemens
1966 2929 2131 2965 2·‹·111'‹·l‘⁵.
2162 2934 2243 2968 l‘ari

1250 2989 1408 3025 consilio
1440 2989 1607 3024 exierant
1640 2987 1686 3023 de
1713 2988 1925 3024 sanctuario
1951 2988 2040 3033 Dei,
2065 2989 2156 3025 nihil
2183 3003 2242 3026 se—

1249 3063 1332 3084 eum
1371 3049 1438 3084 nisi
1471 3047 1765 3096 promissionum
1798 3047 2077 3083 multitudinem
2110 3061 2243 3097 repor-

1251 3116 1379 3142 tantes.
1408 3107 1515 3143 l'nde
1543 3115 1577 3142 et
1603 3106 1799 3143 Citharista
1822 3106 2041 3154 nosterjam
2061 3106 2240 3143 dormita-

1251 3174 1353 3201 xerat
1391 3179 1467 3213 pra·
1502 3164 1632 3210 medio,
1666 3173 1702 3200 et
1736 3166 1771 3200 in
1808 3166 1929 3213 ipsum
1971 3169 2088 3200 Deum
2125 3167 2242 3202 tacitis

1332 3302 1359 3325 S.
1443 3301 1455 3319 ⁴
1478 3296 1543 3325 lsai.
1569 3307 1696 3330 xxxiii,
1725 3299 1774 3325 ta.
1870 3303 1880 3314 ·'
1908 3296 1983 3324 l'sal.
2008 3307 2102 3328 xxxi,
2134 3298 2182 3325 l-i.

811 3354 823 3368 ¹¹
842 3351 876 3378 lu
900 3347 1090 3378 llibliotlieea
1112 3349 1304 3379 (Iistereiensi
1333 3349 1521 3385 nist-ribuar,
1539 3365 1548 3373 -‹
1575 3352 1607 3379 Ιιι
1627 3353 1640 3377 Χ
1655 3349 1735 3387 ignia
1757 3352 1931 3378 ,Natnitatts
1949 3350 2091 3380 Donum,
2111 3364 2120 3371 ··
2138 3354 2195 3377 etv.
