2504 3928
360 216 450 252 1:331

859 219 903 253 lx
936 220 1226 255 NA’HVITATE
1255 222 1288 255 S.
1320 221 1519 256 JOANNJS
1550 222 1682 256 BAPT.
1714 223 1889 257 SERMO.

350 292 497 340 sponsi,
520 304 667 339 sponsa:
685 300 930 341 praeparator.
963 297 1068 330 [snus
1089 303 1164 339 est,
1188 304 1224 331 et
1241 295 1378 332 simi-'³⁷

2300 226 2394 263 1332

1385 297 1524 333 “troire
1539 298 1574 334 in
1591 301 1722 334 Sancta
1741 306 1976 343 sanctorum,
2000 307 2035 335 et
2053 301 2248 348 aspergine
2271 303 2397 338 multi-

349 351 419 385 lem
439 363 513 385 uou
543 349 652 386 babet
668 379 676 393 ,
706 351 770 399 qui
800 351 925 387 choris
946 353 1106 389 insertus
1142 356 1335 403 angelicis,
1358 361 1386 393 Α
1409 357 1517 392 sormi
1538 369 1692 392 summae
1714 356 1917 393 divinitatis
1936 357 2026 393 iram
2049 358 2275 408 refrigerare.
2295 363 2395 397 Con-

349 409 576 444 sublimioris
591 422 742 446 corona:
765 410 879 446 titulis
900 412 1152 449 universitatis
1170 414 1341 451 humanae

352 468 582 504 transcendit
613 482 823 505 ascensum.
863 471 1034 519 Denique
1050 499 1059 516 ,
1100 475 1200 508 Inte-r
1235 484 1340 509 natos

352 530 543 561 mulsi-ram
565 542 637 562 uon
653 534 815 564 surrent-it
825 536 947 575 nmjor
963 533 1111 567 lanum(-
1130 534 1300 581 Baptista
1316 541 1340 570 ¹.

353 586 451 621 l·'elix
474 586 586 621 bomo
600 616 608 631 ,
624 587 687 635 qui
706 588 861 624 feliciter
874 589 1055 626 ccrlorum
1076 591 1342 639 perambulans

350 645 538 687 ot'liciuas,
561 659 670 681 eursu
693 645 905 682 felicissimo
922 648 1092 696 sequitur
1111 649 1340 700 Redempto—

350 716 450 744 rem;
478 717 546 740 nee
569 704 726 752 alicujus
748 707 990 754 przecluditur
1013 708 1156 757 fastigio
1178 709 1339 759 dignita-

352 763 396 798 tis
411 791 420 805 ,
443 777 554 811 quem
576 778 730 801 summa:
752 766 936 802 solicitatis
954 767 1183 805 immensitas
1204 770 1341 818 largius

350 822 537 858 irroravit.
553 827 745 860 Laemntur
763 826 892 874 Augeli
905 854 914 869 ‚
934 835 969 862 et
991 829 1185 876 utriusque
1201 838 1341 866 naturae

353 882 601 918 numerositas
625 882 832 920 admiratur
848 885 1037 922 hominem
1059 886 1110 923 sic
1135 887 1340 936 ingressum

351 939 526 987 abyssum
556 942 729 986 luminis,
760 952 796 979 et
826 944 922 981 intra
963 945 1108 982 interna
1138 946 1342 985 divinitatis

353 999 593 1048 absorptum,
613 1010 653 1036 ut
670 1002 787 1051 ipsam
804 1003 1020 1040 reverberet
1032 1005 1148 1041 aciem
1167 1007 1342 1055 angelicae

1407 417 1558 452 venitur
1587 415 1755 464 undique
1781 416 1817 452 in
1846 425 2009 452 sanctam
2039 417 2246 461 civitatem,
2268 428 2304 455 et
2324 433 2395 469 po-

1407 476 1582 525 pulorum
1608 474 1716 511 turba
1751 476 1984 524 frequentior
2013 478 2177 513 cumulat
2204 480 2394 515 materiam

1406 534 1641 583 gaudiorum.
1665 538 1767 571 luter
1783 548 1866 583 quae
1885 548 1987 572 sacra
2003 537 2210 573 consistens
2226 538 2394 574 Archan-

1406 594 1509 643 gelus
1533 610 1539 628 ;
1566 596 1622 629 Ne
1642 598 1788 639 timeas,
1812 595 1953 643 iuquit,
1980 596 2185 638 Zacharia,
2212 600 2302 644 quia
2331 611 2398 633 na-

1406 663 1524 688 scetur
1544 653 1761 699 tibifilius’,
1782 662 1979 703 parentum
2003 654 2194 703 gaudium,
2222 654 2398 693 nobilitas

1407 714 1571 762 generis,
1589 712 1690 749 orbis
1700 715 1914 763 exemplum
1927 742 1935 757 ,
1957 715 2039 750 finis
2053 715 2161 763 Legis
2177 742 2187 760 ,
2207 715 2397 763 Evangelii

1407 772 1655 821 principium,
1675 773 1804 808 mortis
1820 773 2012 822 expulsio,
2025 772 2141 820 janua
2159 773 2261 818 vitae,
2283 773 2397 810 decus

1408 831 1602 867 hominum
1620 859 1629 876 ‚
1655 831 1951 867 conversationis
1977 831 2175 881 splendor,
2203 831 2398 880 omnisju-

1408 891 1514 926 stitiae
1537 890 1780 940 principatus.
1811 894 1856 927 Et
1884 904 1930 927 ne
1950 891 2134 927 diffusiori
2159 899 2314 927 tractatu
2337 904 2398 927 re-

1409 963 1490 986 rum
1512 950 1770 986 excellentiam
1808 950 2105 995 confundamus,
2146 950 2330 986 nascentis
2363 958 2400 986 et

1407 1010 1661 1045 conversantis
1680 1010 1870 1059 integritas
1885 1010 1922 1046 in
1943 1009 2064 1046 Libris
2083 1009 2306 1058 evangelicis
2322 1009 2400 1058 ple-

349 1059 532 1106 puritatis.
555 1061 758 1098 Eleventur
779 1076 932 1109 omnes,
951 1072 987 1099 et
1004 1064 1222 1101 meritorum
1243 1079 1340 1115 prae·
1362 1067 1389 1100 B
1411 1069 1494 1104 nius
1516 1069 1735 1117 assignatur.
1771 1069 1971 1105 Considera
1999 1067 2206 1104 nuntiantis
2227 1067 2400 1104 sublimi-

354 1118 532 1165 rogativis
560 1128 645 1156 ante
681 1121 946 1157 consistorium
981 1122 1183 1171 majestatis
1214 1125 1342 1160 exsul-

351 1185 447 1219 tent,
473 1190 548 1213 non
570 1179 640 1214 erit
673 1187 795 1216 tamen
821 1181 884 1229 qui
910 1180 956 1216 ad
978 1181 1075 1218 beati
1100 1183 1256 1219 Joannis
1277 1187 1341 1220 Ba-

348 1236 468 1284 ptistae
490 1237 723 1286 privilegium
761 1240 895 1276 audeat
928 1241 1106 1290 aspirare.
1140 1247 1237 1291 Age,
1262 1242 1339 1291 jam

350 1295 611 1343 aggrediamur
645 1297 788 1345 ingredi
825 1299 1006 1335 virtutum
1045 1300 1221 1349 insignia,
1256 1315 1340 1350 quae

349 1357 450 1389 Deus
472 1355 672 1403 majestatis
696 1357 730 1392 iu
757 1357 876 1393 amico
899 1371 967 1394 suo
988 1359 1150 1406 gloriosa
1172 1361 1341 1396 cuniula—

354 1412 454 1448 tione
472 1414 641 1460 signavit.
665 1415 723 1451 Sic
743 1416 841 1451 enim
863 1415 910 1452 ab
929 1425 1014 1453 ortu
1031 1418 1118 1454 vitae
1133 1431 1209 1454 suae
1225 1432 1344 1468 usque

351 1470 395 1505 ad
417 1484 588 1507 occasum
623 1483 865 1510 conversatus
893 1484 947 1511 est
976 1489 1061 1512 cum
1094 1476 1311 1513 hominibus
1330 1506 1339 1523 ,

350 1538 390 1564 ut
412 1530 528 1566 forma
549 1531 654 1576 vitae,
675 1546 821 1569 morum
845 1534 1062 1571 informatio
1083 1535 1278 1572 habeatur.
1298 1540 1343 1573 Et

352 1589 436 1624 licet
453 1589 566 1637 hujus
586 1592 770 1628 sermonis
792 1605 906 1629 aurea
930 1606 1006 1629 non
1030 1595 1157 1630 rutilet
1177 1595 1345 1643 pulchri—

358 1648 449 1683 tudo
465 1677 473 1691 ,
501 1649 730 1687 tentabimus
746 1660 867 1688 tamen
889 1666 1013 1689 rerum
1035 1654 1228 1690 veritatem
1251 1668 1344 1704 qua—

357 1706 546 1756 licumque
595 1709 679 1745 stilo
719 1711 970 1760 perstringere
986 1739 995 1756 ,
1033 1712 1123 1748 illud
1167 1712 1344 1762 sapientis

355 1766 590 1803 attendentes
627 1783 635 1804 ε
671 1769 923 1807 Prudentibus
960 1771 1048 1807 viris
1083 1784 1157 1807 non
1196 1770 1344 1821 placere

359 1824 568 1873 phalerata,
590 1827 652 1863 sed
672 1828 793 1865 fortia.

407 1883 440 1920 2.
469 1886 613 1922 Primus
640 1888 739 1924 enim
762 1889 883 1925 honor
905 1898 972 1926 est.
992 1890 1171 1927 Gloriain
1199 1905 1350 1928 annun-

357 1942 523 1980 tiatione.
548 1949 629 1982 Non
647 1956 701 1983 est
723 1947 971 1985 dissimulanti
989 1949 1139 1986 silentio
1157 1959 1350 1988 transeun-

356 2001 466 2047 dum,
493 2017 604 2051 quam
627 2006 784 2043 solemni
805 2008 1077 2057 glorificatione
1103 2011 1211 2059 pueri
1236 2010 1350 2059 hujus

353 2062 389 2096 iu
426 2062 527 2099 hune
560 2065 740 2102 mundum
774 2068 968 2104 nuntiatur
993 2068 1194 2117 ingressus.
1233 2070 1348 2108 Adest

354 2122 507 2168 angelus
528 2123 699 2170 Gabriel,
717 2134 753 2161 et
769 2139 788 2162 a
806 2127 1045 2175 superiorum
1067 2129 1247 2165 coelorum
1270 2142 1346 2166 car-

353 2179 440 2214 dine
473 2183 621 2218 Domini
643 2184 824 2221 fortitudo
845 2186 1075 2223 descendens
1089 2216 1098 2232 ,
1120 2196 1191 2224 stat
1212 2202 1232 2224 a
1252 2189 1346 2224 dex-

354 2240 418 2275 tris
438 2241 564 2277 altaris
591 2243 744 2280 incensi.
773 2249 848 2281 Nec
880 2246 1040 2295 quilibet
1069 2248 1225 2296 angelus
1245 2276 1254 2293 ,
1281 2248 1346 2284 sed

358 2298 419 2333 ille
449 2299 662 2347 sublimior,
690 2304 753 2352 qui
785 2303 899 2340 beatae
921 2306 1062 2355 Virgini
1092 2307 1265 2342 nuntium
1292 2316 1344 2343 at-

359 2357 441 2392 tulit
474 2360 680 2407 singulare,
702 2363 813 2398 ctiam
842 2364 980 2400 electus
1012 2373 1065 2400 est
1091 2373 1130 2400 ut
1158 2366 1346 2402 nuntiaret

359 2416 539 2462 militem,
571 2420 633 2468 qui
663 2423 800 2469 Regem
841 2424 1013 2459 nuntiare
1045 2424 1217 2460 debebat.
1240 2430 1345 2462 Astat

354 2476 534 2511 Sacerdos
559 2479 851 2517 sacerdotalibus
879 2482 1053 2528 indutus,
1080 2492 1115 2519 ct
1150 2484 1346 2533 multiplici

355 2536 663 2574 vestiim·ut0rum
683 2540 861 2577 varietate
877 2542 1083 2579 coelestium
1097 2553 1348 2579 sacramento-

1410 1135 1539 1173 tatem,
1570 1128 1640 1163 loci
1680 1128 1922 1177 dignitatem,
1956 1126 2030 1163 diei
2059 1126 2330 1172 reverentiam3
2363 1135 2401 1162 et

1409 1195 1498 1223 tunc
1538 1187 1746 1237 intelligere
1781 1188 1921 1237 poteris
1953 1199 2065 1236 quam
2089 1186 2400 1235 superexcellenti

1408 1246 1526 1295 gloria
1559 1247 1714 1282 Joannis
1753 1247 1928 1296 Baptistae
1959 1246 2130 1294 genitura
2162 1244 2400 1294 praedicetur.

1406 1306 1515 1343 Salva
1541 1306 1654 1354 igitur
1671 1306 1934 1355 Redemptoris
1959 1304 2168 1342 reverentia
2188 1303 2201 1354 (
2221 1304 2307 1353 quia
2324 1317 2400 1340 non

1410 1365 1634 1413 derogamus
1654 1365 1766 1413 Regi,
1786 1366 1814 1401 si
1835 1365 1946 1414 Regis
1968 1366 2122 1401 militem
2139 1365 2399 1413 honoramus),

1411 1437 1494 1460 cum
1516 1424 1578 1460 ille
1594 1424 1799 1469 Dominus,
1823 1422 1881 1459 liic
1901 1436 2047 1468 servus;
2066 1423 2127 1459 ille.
2145 1425 2317 1468 Creator,
2340 1423 2403 1459 hic

1410 1491 1600 1528 creatura,
1636 1482 1798 1531 digniori
1845 1481 2196 1531 praemonstratione
2238 1485 2404 1518 Joannes

1411 1542 1608 1578 nuntiatur
1631 1554 1743 1591 quam
1767 1541 1946 1578 Christus.
1978 1540 2146 1578 Christus
2173 1540 2337 1577 fortassis
2365 1541 2402 1576 in

1411 1600 1572 1637 thalamo
1597 1615 1603 1636 z
1627 1605 1792 1637 Joannes
1811 1600 1849 1636 in
1881 1599 2045 1648 templo,
2067 1607 2104 1635 et
2125 1612 2201 1634 non
2219 1599 2339 1635 solum
2361 1599 2399 1635 in

1411 1661 1573 1710 templo,
1604 1660 1669 1697 sed
1689 1660 1799 1696 etiam
1832 1668 1918 1695 ante
1941 1661 2074 1696 Sancta
2100 1667 2315 1695 sanctorum
2336 1673 2345 1704 ;
2367 1667 2404 1696 et

1409 1719 1542 1769 insigni
1561 1719 1622 1756 die
1642 1719 1888 1756 solemnitatis
1912 1730 2067 1763 eorum;
2089 1721 2254 1754 Joannes
2269 1716 2316 1753 ab
2336 1731 2403 1753 eo-

1410 1777 1494 1814 dem
1509 1778 1750 1827 archangelo,
1775 1778 1809 1813 in
1833 1777 1916 1813 loeo
1930 1776 2115 1826 digniori,
2137 1784 2308 1825 tempore
2321 1789 2404 1812 san-

1370 1838 1396 1871 C
1416 1837 1548 1882 ctiori,
1585 1837 1764 1886 apertiori
1793 1836 1974 1872 miraculo
1996 1835 2232 1884 praedicatur.
2267 1836 2404 1872 Recole

1414 1899 1515 1932 Isaac
1535 1895 1582 1932 ab
1606 1895 1758 1945 Angelis
1775 1895 1986 1931 nuntiatum
2006 1895 2038 1940 ³3
2065 1897 2219 1931 Samson
2243 1908 2311 1944 per
2326 1899 2405 1932 An-

1415 1955 1537 2003 gelum
1558 1954 1799 2003 praedicatum
1828 1955 1856 1999 ⁴,
1894 1962 1932 1990 et
1959 1954 2171 1990 universam
2205 1957 2404 1991 Nazaraeo-

1416 2026 1498 2050 rum
1525 2021 1661 2049 sectam
1680 2013 1876 2062 conspice3
1896 2021 1933 2048 et
1949 2013 2070 2048 solum
2085 2012 2307 2062 Baptistam,
2331 2021 2404 2049 tam

1415 2073 1452 2108 in
1473 2072 1544 2108 hoc
1559 2100 1569 2117 ,
1593 2085 1705 2121 quam
1726 2072 1763 2107 in
1786 2072 1865 2107 aliis
1887 2071 2057 2108 invenies
2077 2071 2300 2120 digniorem.

1465 2132 1500 2169 3.
1523 2131 1716 2168 Secundus
1744 2131 1868 2167 honor
1887 2139 1942 2167 est
1959 2130 2202 2167 sanctificatio
2228 2130 2265 2166 in
2296 2138 2404 2167 utero

1415 2190 1553 2226 matris.
1602 2190 1839 2238 Quicumque
1881 2189 1926 2225 de
1975 2202 2094 2226 massa
2138 2189 2405 2239 praevarieante

1414 2249 1595 2285 mundum
1617 2249 1851 2298 ingredimur
1864 2277 1874 2294 ,
1891 2249 2039 2297 longam
2058 2257 2191 2285 restem
2213 2249 2406 2299 originalis

1413 2307 1555 2356 peccati
1578 2307 1773 2343 nobiscum
1802 2307 1993 2343 trahimus.
2020 2308 2129 2345 Solus
2150 2307 2213 2344 ille
2232 2308 2296 2357 qui
2317 2320 2405 2357 pec-

1412 2374 1534 2402 catum
1571 2378 1646 2401 non
1679 2366 1789 2410 fecit,
1825 2366 2032 2414 excipitur,
2073 2379 2184 2414 quem
2215 2365 2405 2415 virginalis

1412 2425 1508 2461 uteri
1529 2424 1713 2460 thalamus
1743 2425 1950 2473 ignorantis
1978 2424 2100 2460 virum
2124 2425 2234 2460 terris
2259 2424 2402 2460 effudit.

1413 2487 1542 2532 Longe
1555 2483 1696 2532 quippe
1717 2483 1822 2519 aliter
1839 2495 1950 2532 quam
1967 2496 2036 2519 nos
2055 2492 2091 2520 et
2105 2483 2272 2520 dissimili
2291 2483 2404 2519 modo

1414 2550 1618 2591 conceptus
1655 2550 1735 2586 est,
1769 2542 1909 2592 Spiritu
1941 2551 2069 2578 sancto
2106 2550 2183 2578 tota
2212 2541 2404 2590 majestate

358 2607 437 2629 rum
462 2597 706 2645 praeligurans
725 2599 921 2649 imaginem
936 2629 945 2646 ,
968 2603 1229 2651 purgationem
1256 2616 1347 2652 pec·
1365 2609 1396 2641 D
1414 2602 1604 2649 Virginem
1629 2601 1837 2638 inundante
1857 2629 1866 2646 ‚
1897 2614 2078 2650 superans
2114 2614 2222 2637 usum
2256 2601 2402 2646 earnis,

356 2662 523 2691 catorum
548 2659 692 2706 mystici
710 2660 899 2707 sanguinis
919 2662 1135 2710 aspersione
1163 2662 1344 2710 designat.

355 2715 531 2752 (Ionsistit
557 2730 682 2753 coram
704 2732 788 2755 arca
819 2720 991 2765 foederis,
1026 2730 1111 2758 ante
1135 2723 1346 2759 testamenti

356 2772 498 2810 tabulas
514 2804 522 2820 ,
543 2785 578 2812 et
602 2791 732 2814 urnam
764 2793 913 2816 auream
935 2780 1134 2818 habentem
1149 2810 1158 2827 ,
1188 2795 1344 2827 manna,

354 2832 495 2879 virgam
531 2839 677 2879 Aaron,
720 2837 919 2874 Cherubim
953 2848 989 2875 et
1018 2841 1344 2889 propitiatorium,

353 2892 573 2929 solemniter
602 2895 800 2941 infulatus,
820 2898 943 2934 vultui
964 2899 1053 2944 Dei,
1079 2900 1208 2947 gloriae
1231 2899 1347 2948 maje-

354 2951 480 2995 statis,
505 2966 629 2989 rerum
667 2957 834 2992 omnium
868 2957 1030 2993 Domino
1061 2967 1147 2994 vota
1176 2959 1346 3007 percele—

352 3007 445 3044 brat.
483 3011 568 3046 Dies
599 3013 711 3049 instat
746 3015 946 3060 solemnis,
970 3025 1005 3052 et
1037 3017 1181 3053 caeteris
1211 3016 1343 3053 diebus

351 3069 582 3106 multitudini
610 3073 826 3110 ,ludaeorum
845 3075 1051 3119 celebrior,
1083 3077 1234 3112 Domini
1253 3089 1344 3125 prae-

348 3127 518 3175 eipientis
539 3133 775 3169 attestatione
801 3134 990 3178 sublimis,
1016 3149 1104 3171 sane
1130 3135 1344 3184 spectabilis

351 3196 384 3222 et
415 3188 562 3235 festiva3
584 3191 619 3226 in
649 3205 721 3240 qua
743 3194 820 3229 sola
842 3195 908 3230 soli
931 3195 1098 3231 Pontifici
1124 3195 1258 3231 licebat
1286 3195 1343 3231 in-

399 3320 403 3330 “
431 3314 540 3344 ttaul»,
564 3328 613 3347 xi,
645 3322 691 3347 Η.
783 3323 1002 3351 ’I.ur,1.l.'l.

1413 2669 1555 2697 naturae
1569 2660 1755 2703 ordinem,
1771 2661 1841 2696 viri
1855 2661 2176 2697 conuuixtionem.
2193 2661 2252 2698 Sic
2263 2661 2405 2710 quippe

1413 2719 1569 2756 decebat
1595 2728 1636 2755 ut
1671 2728 1865 2769 peecatum
1903 2720 2089 2765 nesciret,
2119 2720 2184 2769 qui
2210 2728 2404 2769 peccatum

1414 2778 1584 2824 tollebat3
1614 2778 1897 2815 similitudinem
1926 2778 2047 2815 carnis
2072 2779 2212 2828 peccati
2239 2778 2405 2827 suscipe-

1413 2847 1492 2884 ret,
1526 2851 1600 2874 non
1633 2847 1756 2874 autem
1791 2851 1940 2875 earnem
1982 2838 2138 2888 peccati.
2163 2841 2254 2875 Cum
2293 2838 2406 2886 igitur

1413 2910 1543 2933 omnes
1563 2897 1599 2932 in
1619 2896 1879 2945 iniquitatibus
1905 2897 2077 2946 concepti
2098 2897 2193 2942 sint,
2217 2897 2404 2932 neminem

1412 2969 1578 3004 unquam
1607 2956 1820 2991 mortalium
1841 2956 1936 2992 intra
1957 2964 2124 2991 materna
2150 2955 2293 2992 viscera
2317 2967 2404 2991 san-

1413 3015 1613 3051 ctificatum
1634 3015 1791 3063 legimus
1808 3045 1817 3060 ‚
1836 3024 1973 3064 praeter
1991 3015 2194 3052 Jeremiam
2208 3043 2218 3060 ,
2234 3023 2271 3050 et
2286 3018 2404 3051 Joan-

1410 3088 1494 3111 nem
1515 3075 1729 3123 Baptistam.
1751 3078 1973 3124 Quanquam
1992 3083 2029 3110 et
2044 3074 2090 3110 de
2110 3073 2288 3123 singulari
2316 3073 2404 3109 Vir-

1409 3135 1495 3185 gine
1527 3134 1627 3170 nulla
1653 3134 1700 3170 sit
1719 3134 1964 3183 ambiguitas,
1994 3134 2084 3182 quin
2114 3134 2193 3183 ipsa
2223 3133 2400 3169 maternis

1411 3194 1658 3242 circumsepta
1675 3193 1898 3239 visceribus,
1913 3192 2120 3230 sublimiori
2135 3192 2402 3229 sanctificatio-

1048 3340 1055 3343 *
1084 3319 1184 3352 ‘tii-u.
1203 3333 1309 3355 xviii,
1336 3325 1384 3352 10.
1406 3338 1445 3342 —-
1463 3321 1476 3346 4
1492 3321 1597 3353 Judic.
1616 3324 1756 3353 x111.3.
