2418 3949
113 159 187 196 289
824 160 872 193 IN
903 159 1128 202 CANTICA,
1158 159 1320 193 SERMO
1347 160 1446 194 XLI.
2085 155 2161 191 290

110 236 330 272 laetificantis
349 243 387 272 et
405 234 627 271 inebriantis
647 235 830 271 sermonis
849 234 978 271 vinum
1000 233 1152 284 saepe¹⁴¹
1169 242 1254 270 sunt
1271 234 1402 282 plenae.
1422 237 1468 270 Et
1484 233 1562 269 haec
1580 233 1660 282 ipsa
1676 245 1697 268 a
1715 232 1879 269 Domino
1900 230 2157 269 blandimenta

111 295 269 332 latenter
284 294 499 331 immiscuit.
520 298 575 330 Ita
597 302 664 330 est.
681 298 755 330 Lac
774 294 890 343 ipsius
905 294 983 330 vini
1003 293 1102 330 obti-
1117 296 1147 329 A
1166 293 1331 342 prolata,
1348 291 1560 328 inebriandi
1578 305 1653 328 non
1671 300 1798 328 carent
1813 290 1949 328 effectu
1965 305 1973 326 :
1991 291 2157 327 efficacia

110 353 223 390 nebat
235 354 425 390 virtutem.
437 353 603 402 Simplex
615 352 696 401 ejus
709 353 894 389 institutio
903 381 913 399 ,
927 361 965 389 et
979 365 1101 389 sermo

109 413 247 450 lacteus
264 413 430 449 animum
447 412 628 461 auditoris
644 413 682 448 in
697 412 896 461 quemdam
914 411 1102 448 inebrian-

111 479 185 507 tem
213 471 382 507 alienatae
407 471 543 507 mentis
564 483 758 507 excessum
783 471 910 507 furtim
936 471 1102 520 arripere

108 529 318 566 consuevit.
337 528 448 566 Unde
465 529 529 578 qui
544 529 745 579 potabatur
757 557 766 574 ‚
784 528 871 577 jure
888 528 1012 565 dicere
1032 541 1102 578 po-

110 596 205 625 terat
225 602 233 624 :
253 588 349 635 Quia
369 587 440 623 bibi
461 592 587 623 vinam
608 601 687 623 cum
713 590 820 624 lacte.
842 590 924 624 Imo
943 588 979 623 in
1004 588 1099 624 lacte

108 655 267 683 noverat
294 646 362 682 ista
394 654 599 695 temperate
632 646 788 682 miscere
804 674 814 692 ‚
846 654 883 681 et
912 646 950 682 in
980 646 1098 682 altero

107 714 310 754 utrumque
330 705 468 753 largiri.
491 705 603 742 Facili
623 705 670 741 ad
686 704 944 741 aedificandum
961 704 1097 741 uteba—

108 773 168 801 tur
180 763 353 809 materia‚
368 763 433 799 sed
449 763 724 799 vehementiam
739 763 957 800 inebriantis
972 765 1099 813 gratiae

109 823 264 860 sentires
283 823 321 858 in
346 821 483 858 verbis.
514 822 645 859 Facilis
664 822 785 858 inerat
804 822 836 857 ei
864 823 1074 860 intellectus
1088 853 1097 871 ,

107 881 172 919 sed
193 882 340 918 affectio
362 881 574 918 vehemens.

160 941 194 978 7.
215 940 431 978 Dolendum
461 940 636 989 quidem,
669 939 772 988 quod
795 940 888 976 tanti
910 940 981 976 viri
1008 940 1100 976 sub-

1166 351 1312 387 suntad
1328 350 1570 387 emulcendos
1584 364 1715 387 eorum
1732 350 1870 400 quibus
1884 350 1977 386 fiunt
1989 350 2155 387 affectus.

1167 409 1318 446 Habent
1334 418 1456 446 tamen
1474 410 1573 446 inter
1594 423 1632 446 se
1652 409 1948 455 distinctionem,
1966 416 2003 444 et
2017 409 2157 458 aliquid

1167 469 1328 519 amplius
1347 470 1473 518 gratiae
1493 470 1646 518 praefert
1665 471 1892 514 charissimi,
1915 481 2028 518 quam
2045 474 2159 505 amici

1166 529 1406 566 vocabulum.
1445 532 1538 574 Vos,
1572 529 1695 578 inquit
1721 530 1912 579 Apostolis
1945 530 2132 567 Dominus
2146 559 2155 575 ,

1166 591 1278 624 amici
1294 593 1367 624 mei
1387 593 1490 630 estis,
1511 593 1543 623 si
1553 587 1720 635 feceritis
1736 602 1823 636 qzcoe
1836 590 2019 636 proecipio
2039 589 2155 625 vobis.

1163 648 1247 682 Jnm
1263 660 1336 681 non
1348 675 1358 690 ,
1379 646 1503 694 inquit
1515 674 1525 690 ,
1547 648 1670 681 dicam
1689 660 1755 681 vos
1769 659 1903 691 servos,
1923 649 1990 682 sed
2003 653 2154 692 amicas,

1164 709 1255 752 quia
1269 708 1396 740 omnia
1412 717 1655 752 quaecumque
1667 706 1792 738 audivi
1808 718 1831 738 a
1848 706 1961 740 Patre
1974 719 2054 741 meo
2069 716 2157 742 nota

1154 762 1238 812 feei
1254 763 1357 800 vobis
1367 760 1396 800 b.
1420 762 1551 801 Videte
1570 770 1607 798 et
1626 762 1686 798 hic
1705 762 1907 811 quamdam
1929 763 2154 802 distantiam.

1163 823 1244 860 Illic
1263 823 1441 859 dicuntur
1456 826 1567 857 amici
1586 829 1624 857 et
1642 821 1721 867 hic,
1744 821 1809 857 sed
1829 821 2056 858 differenter.
2077 824 2134 860 Ibi
2147 854 2156 870 ‚

1165 883 1252 932 quia
1275 884 1416 919 faciunt
1431 898 1440 929 3
1470 882 1530 918 hic
1544 911 1553 928 ,
1583 881 1670 930 quia
1701 881 1824 917 sciunt
1853 895 1859 915 :
1892 880 1942 916 ibi
1960 909 1969 926 ,
2000 892 2157 931 propter

1165 942 1503 988 ministrationem;
1532 941 1613 987 hic,
1643 948 1800 990 propter
1830 941 2049 988 mysterium
2072 957 2080 977 :
2105 942 2156 978 ibi

108 1009 224 1037 tracta
240 1008 295 1037 cst
316 999 424 1036 nobis
438 1000 546 1049 copia
566 1014 573 1035 :
594 998 658 1036 sed
675 999 919 1036 nihilominus
935 1000 1097 1048 glorian-
1115 1001 1142 1035 B
1162 1001 1383 1046 comedunt,
1401 1009 1437 1036 et
1454 1001 1513 1036 hic
1525 999 1674 1036 bibunt.
1694 999 1895 1047 Utrimque
1911 1004 2043 1045 altrici,
2060 1014 2158 1037 non—

108 1059 196 1095 dum
210 1088 219 1105 ,
239 1059 340 1108 quod
359 1059 467 1095 talem
484 1059 529 1095 de
546 1058 704 1094 hortulis
725 1058 862 1094 nostris
883 1059 1096 1095 fasciculum

108 1119 268 1168 myrrhae
281 1118 328 1154 ad
342 1119 528 1155 coelestem
543 1118 647 1154 illum
665 1117 817 1153 hortum
834 1118 1095 1166 praemisimus.

107 1178 186 1215 Illic
208 1185 472 1214 ornamentum
491 1185 568 1223 est,
589 1177 653 1225 qui
674 1176 783 1212 nobis
805 1177 865 1212 hic
885 1177 1006 1213 fuerat
1029 1177 1098 1213 ad-

103 1235 330 1286 jumentum.
354 1241 401 1274 Et
423 1238 452 1273 si
471 1245 628 1273 vacuata
648 1236 824 1272 videntur
843 1236 1003 1272 alvearia
1022 1250 1096 1272 no-

108 1304 206 1342 stra,
226 1305 263 1332 et
281 1296 413 1332 hortus
437 1295 621 1341 nudatus;
644 1296 782 1331 multos
802 1303 925 1331 tamen
948 1296 1098 1344 reliquit

107 1355 318 1404 manipulos
332 1383 342 1400 ,
365 1355 411 1391 de
431 1353 569 1404 quibus
588 1362 724 1403 potens
740 1363 795 1390 est
813 1358 915 1390 Deus
936 1368 1003 1403 per
1019 1355 1095 1391 vir—

109 1419 229 1449 tutum
249 1413 478 1450 incrementa
499 1426 626 1449 creare
647 1414 854 1449 fasciculos.
873 1413 984 1460 Quod
1001 1422 1038 1449 et
1058 1414 1095 1449 in

109 1479 185 1507 tota
203 1480 383 1520 operatur
402 1472 565 1508 Ecclesia
578 1500 587 1517 ,
611 1471 730 1507 donec
750 1484 818 1520 per
844 1472 1096 1508 successiones

108 1531 323 1576 continuas,
335 1531 502 1567 omnium
516 1530 697 1579 graduum
711 1530 988 1579 dispensatione
999 1544 1098 1567 com-

107 1590 207 1638 pleta
219 1618 228 1635 ‚
246 1602 392 1639 sponsae
405 1602 480 1626 suae
492 1588 568 1637 jam
584 1590 759 1638 perfectae
775 1598 810 1625 et
830 1599 1097 1627 consummatae

108 1648 226 1685 dicat:
245 1650 339 1684 Veni
353 1654 390 1685 in
406 1650 545 1685 hortum
563 1663 682 1684 metim
693 1676 705 1693 ,
726 1663 828 1684 soror
843 1663 925 1685 mea
942 1664 1095 1696 sponsa,

93 1710 251 1744 -Messm'
276 1709 459 1754 myrrham
481 1722 600 1744 ineam
630 1722 708 1743 eccm
738 1709 961 1745 aromatibus
988 1714 1095 1753 mciv,

1165 1060 1254 1095 dum
1283 1068 1405 1096 tamen
1431 1060 1654 1094 charissimi.
1675 1057 1907 1095 Charissirnis
1931 1058 1968 1093 in
1989 1059 2156 1108 potatio-

1164 1132 1250 1155 nem
1271 1119 1369 1155 cedit
1388 1118 1559 1155 ebrietas.
1591 1121 1677 1167 Ipsa
1697 1117 1860 1153 nominis
1880 1118 1999 1154 forma
2021 1131 2157 1168 super—

1163 1176 1432 1214 abundantiam
1470 1177 1672 1226 quamdam
1706 1177 1866 1212 latenter
1900 1176 2084 1223 insinuat,
2120 1187 2156 1214 et

1163 1237 1345 1285 significat
1373 1236 1650 1286 plenitudinem
1680 1235 1882 1272 charitatis.
1913 1236 2158 1274 Charissimus

1162 1305 1217 1332 est
1244 1297 1308 1345 qui
1338 1296 1517 1332 charitate
1546 1296 1785 1345 plenissimus
1811 1303 1878 1331 est.
1909 1295 2156 1333 Charissimus

1163 1363 1218 1391 est
1237 1356 1302 1404 qui
1321 1355 1501 1391 charitate
1526 1355 1673 1391 infusus
1697 1362 1734 1390 et
1753 1353 1920 1390 imbutus
1944 1363 2022 1399 est,
2049 1355 2156 1404 cujus

1162 1414 1334 1450 medullae
1363 1422 1399 1450 et
1426 1427 1509 1450 ossa
1542 1422 1579 1449 et
1606 1414 1733 1450 omnia
1762 1413 1940 1450 interiora
1967 1414 2157 1451 charitatis

1163 1473 1310 1520 liquore
1337 1473 1516 1521 rigantur.
1538 1476 1612 1509 Nec
1631 1474 1719 1521 quia
1737 1473 1974 1509 charissimus
1997 1482 2053 1509 est
2069 1474 2153 1511 ine-

1163 1531 1328 1577 briatur,
1349 1532 1415 1568 etsi
1436 1532 1523 1567 inde
1543 1531 1781 1567 charissimus
1802 1540 1857 1567 est
1877 1531 1963 1579 quia
1989 1532 2155 1569 inebria-

1164 1599 1236 1626 tur.
1274 1591 1468 1639 Denique,
1504 1590 1594 1638 quid
1627 1589 1728 1625 aliud
1762 1598 1817 1626 est
1848 1589 2049 1636 inebriari,
2083 1593 2154 1629 nisi

1164 1650 1352 1685 charitatis
1389 1648 1668 1698 perfectissimae
1705 1648 1953 1685 delectatione
1988 1651 2154 1699 repleri?

1163 1713 1238 1746 Aut
1258 1709 1354 1745 forte
1374 1710 1425 1744 sic
1441 1709 1669 1757 distinguere
1695 1709 1889 1754 volumus,
1912 1717 1953 1744 ut
1976 1709 2050 1745 sint
2067 1710 2156 1747 cha—

107 1766 390 1815 comedifcwum
407 1781 487 1803 cum
505 1771 611 1804 melle
626 1782 726 1812 mci),
743 1768 818 1804 bibi
832 1774 961 1805 vinum
979 1783 1096 1804 inerim
1115 1772 1140 1807 C
1161 1768 1294 1804 rissimi
1323 1767 1538 1816 plenissime
1567 1767 1781 1815 diligentes,
1808 1767 2000 1812 inebriati,
2030 1770 2155 1818 perfe-

107 1840 188 1862 cum
213 1830 308 1863 lacte
331 1840 422 1863 meo,
447 1829 660 1871 comedite,
688 1832 820 1871 aunei,
853 1837 889 1863 et
907 1828 1038 1872 bibite5
1063 1838 1098 1864 ct

107 1885 367 1929 inebriamini,
398 1887 618 1922 charissimi.
643 1886 751 1933 Quod
782 1886 933 1935 quidem
961 1888 1028 1923 etsi
1058 1888 1095 1922 in

107 1945 270 1993 generali
292 1945 355 1981 illa
377 1945 548 1981 Ecclesiae
577 1944 856 1980 introductione
880 1946 916 1981 in
949 1946 1096 1981 Domini

107 2003 282 2052 gaudium
300 2031 309 2049 ‚
328 2016 411 2053 quae
427 2012 512 2053 post
534 2004 843 2040 resurrectionem
867 2006 929 2040 liet
945 2033 954 2050 ,
979 2005 1098 2053 perfe-

106 2063 266 2100 ctissime
281 2072 469 2112 speratur;
482 2063 649 2112 quotidie
665 2072 785 2099 tamen
799 2064 985 2111 angelicos
999 2064 1098 2099 cives

106 2122 152 2158 ad
164 2124 494 2172 congratulationis
507 2124 721 2159 convivium
735 2123 884 2159 invitari
897 2122 1096 2166 credimus,

105 2194 188 2217 cum
209 2190 334 2217 sancta
356 2181 529 2230 quaelibet
551 2182 673 2217 anima
692 2181 791 2231 (sive
814 2181 960 2229 qualem
983 2194 1095 2229 supra

107 2240 343 2277 meminimus
357 2269 366 2286 ,
388 2241 466 2276 sive
486 2240 672 2276 inferioris
692 2240 931 2288 perfectionis
954 2247 991 2274 et
1008 2252 1094 2286 gra-

106 2298 186 2349 tiae)
203 2300 239 2335 in
256 2299 416 2349 paradisi
431 2299 681 2335 amoenitatem
697 2299 936 2343 transfertur,
955 2299 993 2333 in
1011 2299 1096 2334 hor-

105 2366 161 2394 tos
184 2371 331 2407 semper
350 2359 536 2402 virentes,
569 2358 605 2393 in
628 2355 751 2393 lo‘cum
775 2356 1006 2392 tabernaculi
1027 2356 1095 2392 ad-

104 2416 281 2453 mirabilis
297 2430 415 2466 usque
436 2417 482 2453 ad
505 2416 659 2453 domum
681 2416 762 2453 Dei.

155 2476 190 2511 8.
211 2479 299 2512 Ilaec
314 2475 484 2518 recolite,
503 2475 655 2520 fratres,
671 2475 750 2511 haec
767 2473 1036 2518 recordamini,
1055 2483 1092 2510 et

1163 1827 1324 1863 ctissime
1341 1826 1524 1862 delectati.
1548 1827 1754 1870 comedite,
1775 1831 1903 1870 antici,
1924 1836 1962 1862 ct
1976 1827 2103 1872 bibite;
2123 1839 2159 1865 et

1164 1885 1423 1929 inebriamini,
1463 1886 1682 1920 charissimi.
1717 1885 1837 1921 Amici
1870 1895 1957 1922 sunt
1994 1888 2058 1935 qui
2097 1889 2153 1924 vel

1165 1952 1280 1992 agunt
1300 1944 1357 1978 vel
1388 1943 1566 1988 audiunt,
1598 1944 1826 1986 charissima,
1857 1945 1921 1992 qui
1952 1945 2154 1982 adhaerent.

1163 2002 1282 2039 Amici
1305 2010 1420 2050 agunt
1440 2015 1510 2050 pro
1535 2014 1599 2046 ρο,
1620 2010 1656 2036 et
1676 2002 1834 2037 audiunt
1860 2002 1906 2037 ab
1927 2016 1992 2048 003
2016 2004 2156 2041 charis-

1164 2062 1245 2097 simi
1275 2060 1512 2097 inebriantur
1537 2074 1594 2096 (το.
1624 2061 1745 2097 Amici
1771 2070 1875 2105 sunt,
1901 2061 2038 2109 quibus
2068 2073 2156 2100 nota

1165 2121 1251 2156 fecit
1274 2133 1358 2169 quse
1388 2120 1529 2156 audivit
1551 2133 1570 2155 a
1596 2123 1704 2155 Patre
1726 2134 1732 2154 :
1760 2120 1987 2165 charissimi,
2020 2122 2157 2170 quibus

1160 2180 1311 2228 plenam
1334 2179 1452 2228 ipsius
1473 2179 1592 2214 Patris
1608 2179 1746 2214 infudit
1763 2179 1946 2215 notitiam.
1963 2179 2018 2216 Ibi
2040 2183 2158 2218 multa

1161 2238 1369 2282 docentur,
1406 2237 1465 2272 liic
1497 2237 1665 2286 diligitur
1693 2251 1823 2274 unum.
1855 2241 1897 2274 In
1929 2239 2155 2277 charissimis

1160 2310 1235 2333 non
1253 2305 1305 2332 est
1323 2310 1480 2345 operum
1500 2297 1558 2332 vel
1580 2296 1761 2332 ‹loen-inre
1782 2297 1980 2341 distensio,
2003 2298 2066 2334 scd
2084 2299 2155 2335 dif-

1163 2355 1259 2391 fusio
1280 2356 1379 2400 sola,
1411 2363 1447 2391 et
1479 2368 1623 2390 summa
1657 2355 1806 2391 amoris.
1834 2356 1951 2391 Amici
1978 2366 2062 2393 sunt
2089 2359 2153 2407 qni

1159 2422 1494 2463 contemperantur
1517 2413 1654 2450 divinae
1675 2415 1860 2450 voluntati
1888 2430 1894 2451 ι
1924 2416 2154 2462 charissimi,

1158 2473 1222 2522 qui
1261 2473 1497 2509 inebriantur
1526 2481 1562 2509 et
1600 2473 1824 2510 imbuuntur
1856 2476 1994 2511 amoris
2032 2476 2149 2512 divini

102 2533 282 2569 effundite
300 2533 336 2569 in
353 2532 460 2569 vobis
477 2533 618 2569 animas
633 2541 786 2569 vestras.
805 2533 925 2580 Ignita
941 2540 996 2568 cst
1012 2532 1088 2568 haec
1111 2538 1142 2571 D
1158 2533 1365 2581 voluptate.

105 2592 313 2628 recordatio
334 2606 342 2628 :
363 2593 569 2641 liquescere
593 2593 701 2629 saciet
719 2592 881 2628 animam
907 2600 1006 2627 tuam
1020 2620 1029 2636 ‚
1052 2600 1088 2627 et

104 2651 143 2687 in
158 2650 422 2687 delectationes
437 2660 474 2687 et
489 2651 670 2688 desideria
685 2650 829 2687 effundi
844 2679 853 2696 ‚
870 2664 954 2687 cum
974 2659 1091 2687 trans-

108 2708 180 2745 ibis
201 2709 237 2745 in
260 2710 382 2746 locum
408 2709 636 2746 tabernaculi
663 2708 905 2746 admirabilis.
934 2712 977 2745 Iu
1000 2722 1090 2745 voce

105 2767 203 2804 enim
222 2768 481 2804 exsultationis
494 2777 531 2805 et
546 2769 790 2805 confessionis
807 2781 919 2805 sonus
934 2769 1091 2818 epulan-

107 2825 151 2861 tis
164 2832 188 2862 ¹.
210 2826 336 2863 Dulcis
353 2826 401 2862 ibi
422 2835 579 2876 uterque
597 2840 710 2864 sonus
724 2856 733 2873 ,
751 2836 787 2864 et
803 2827 911 2864 amici
933 2828 1093 2877 epulan-

107 2884 169 2929 tis,
180 2885 375 2921 etDomini
391 2885 592 2922 invitantis.
605 2886 802 2923 Invitantis
816 2895 870 2923 est
880 2886 979 2923 enim
994 2899 1088 2922 vox:

109 2943 315 2987 Come-dite,
333 2948 461 2988 amici,
478 2954 512 2980 ee
525 2944 659 2989 bibile;
680 2954 715 2981 ct
734 2945 990 2990 inebriamini,
1006 2946 1092 2980 cha-

106 3006 251 3037 rissimi.
285 3003 433 3047 Amici,
462 3004 599 3053 inquit,
630 3014 664 3041 et
693 3006 909 3042 charissimi.
942 3005 1092 3042 Blandi-

107 3060 240 3097 tiarum
278 3062 355 3098 haec
381 3071 466 3099 sunt
496 3064 648 3100 nomina
678 3079 686 3101 ε
723 3064 787 3101 scd
820 3065 875 3101 hae
902 3064 1092 3100 blanditiae

103 3115 354 3157 adulationem
381 3134 456 3157 non
483 3122 651 3171 sapiunt;
680 3123 793 3158 officii
819 3131 853 3157 et
883 3122 1093 3158 dilectionis

157 3250 164 3264 ¹
183 3245 260 3275 l’sal.
276 3256 349 3284 xm,
371 3251 399 3276 5.

235 3316 322 3338 TUM.
347 3317 380 3339 V.

1207 2593 1242 2627 9.
1268 2592 1480 2635 Comedste,
1500 2595 1628 2626 amici.
1651 2595 1732 2628 Jam
1751 2604 1827 2627 non
1846 2591 2001 2637 dicitur,
2025 2597 2149 2630 Edent

1152 2664 1340 2698 pauperes
1349 2679 1359 2695 ,
1398 2659 1435 2685 et
1464 2649 1780 2696 saturab1mtur33
1814 2651 1899 2697 scd,
1937 2653 2147 2699 Comeilitc‘,

1158 2714 1295 2753 amici,
1314 2719 1349 2744 et
1365 2709 1615 2744 inebriamini.
1638 2710 1840 2757 Quomodo
1858 2724 2063 2760 pauperes,
2084 2714 2148 2762 qui

1157 2768 1394 2805 inebriantur
1414 2767 1460 2803 ab
1487 2767 1658 2803 ubertate
1684 2768 1818 2804 domus
1840 2770 2020 2806 Domini?
2050 2785 2149 2820 quo-

1158 2828 1271 2863 modo
1290 2835 1492 2876 paupertas
1510 2826 1574 2862 ubi
1593 2825 1769 2863 ubertas?
1793 2828 1996 2873 Comedite,
2017 2836 2150 2876 amici,

1157 2896 1192 2921 ec
1212 2886 1322 2922 bibite
1334 2901 1344 2929 ,·
1364 2895 1397 2920 et
1419 2885 1676 2929 inebriamini,
1699 2887 1917 2923 charissimi.
1939 2889 2060 2926 Amici
2081 2904 2149 2927 vos

1157 2954 1193 2981 ct
1214 2945 1418 2981 charissimi
1441 2945 1529 2980 mihi
1548 2959 1555 2981 :
1577 2945 1705 2991 amici,
1726 2955 1884 2995 propter
1909 2946 2149 2986 dilectionem

1158 3005 1355 3051 socialcm;
1378 3005 1605 3049 charissimi,
1635 3013 1792 3054 propter
1812 3006 2037 3055 sponsalem.
2066 3011 2148 3043 Im·-

1159 3063 1356 3108 briamini‚
1386 3065 1605 3100 charissimi.
1636 3065 1834 3101 Introduxi
1856 3080 1924 3101 vos
1948 3067 1983 3102 in
2015 3069 2145 3103 cellam

1158 3122 1362 3165 vinariam,
1396 3131 1439 3168 ut-
1467 3123 1680 3160 ordinarem
1714 3124 1750 3160 in
1780 3124 1887 3160 vobis
1916 3126 2145 3162 charitatem.

428 3266 458 3269 --
477 3253 487 3268 ²
502 3250 592 3278 Joau.
611 3259 663 3282 xv.
688 3250 723 3277 14
739 3272 745 3281 ,
769 3251 873 3277 15.»ἡ
902 3245 913 3267 3
933 3247 1009 3277 Psal.
1034 3257 1089 3275 xxi
1104 3271 1110 3279 .
1133 3250 1183 3277 527.

1948 3310 1990 3341 lt)
