2418 3949
200 254 294 291 1077

786 258 1071 294 TRACTATUS
1099 257 1165 292 DE
1193 256 1347 293 STATU
1376 259 1644 296 VIRTUTUM.

2142 253 2241 297 1078

188 329 579 377 cunda,deilica,nec
591 331 750 368 similem
767 330 1240 382 habensprimam,vel⁸⁴⁰
1252 345 1350 369 unus
1376 341 1414 369 et
1441 333 1540 370 idem
1568 335 1684 371 homo
1712 348 1797 371 cum
1827 343 1991 373 transeat
2010 335 2056 372 de
2086 336 2245 373 infantia

188 389 502 440 subsequentem,
531 392 676 441 quippe
708 392 890 442 templum
920 392 1094 438 Domini,
1123 404 1186 428 sa—
1204 391 1237 425 A
1253 390 1299 426 ad
1320 392 1519 441 pueritiam
1536 421 1546 437 ,
1566 393 1612 429 de
1628 394 1789 442 pueritia
1811 394 1856 430 ad
1874 394 2137 443 juventutem,
2159 396 2245 432 inde

184 450 346 486 crarium
370 451 529 500 Spiritus
555 451 693 497 sancti,
717 464 829 500 quam
851 451 1036 501 splendor
1064 451 1178 500 elegit

182 517 348 558 paternae
376 510 504 559 gloriae
526 524 534 546 ε
556 523 642 546 cum
671 518 786 555 esset,
816 510 992 559 inquam,
1026 510 1108 546 talis
1137 523 1180 546 ac

184 576 301 614 tanta,
323 582 400 605 non
426 582 465 606 se
494 569 540 606 de
569 570 679 607 donis
701 568 916 606 coelestibus
935 569 1091 613 extulit,
1112 568 1180 605 sed

181 627 429 665 humilitatem
451 642 562 678 quam
587 628 810 665 exhibuerat
829 627 997 666 Gabrieli
1018 627 1180 664 archan-

181 687 265 735 gelo
281 715 291 732 ‚
311 687 421 724 etiam
442 687 659 724 hominibus
677 687 856 724 exhibere
875 687 1041 733 curavit,
1056 700 1179 736 quan-

181 745 232 782 do
262 747 466 783 Dominum
500 756 538 784 et
565 747 757 784 hominem
791 755 939 796 gestans
967 747 1007 783 in
1044 755 1174 791 utero,

182 804 373 841 Elisabeth
401 814 569 855 cognatae
588 819 685 851 suae,
710 815 887 855 tanquam
907 807 1014 855 virgo
1035 805 1178 854 juven-

181 864 284 910 cula,
310 865 458 901 mulieri
485 873 676 914 proveetae
703 866 839 910 aetatis,
870 865 1061 902 servitutis
1089 865 1176 901 offi-

178 922 276 959 cium
296 923 488 960 humiliter
505 924 690 973 impendit
711 938 719 960 1
741 933 778 960 et
795 938 881 961 cum
901 933 999 962 esset
1019 924 1172 961 humilis

180 989 217 1017 et
249 981 374 1030 virgo,
405 995 483 1018 non
514 983 789 1032 virginitatem,
819 983 885 1020 sed
917 983 1170 1020 humilitatem

179 1054 283 1078 suam
296 1041 480 1079 Dominus
490 1043 699 1092 respexisse
711 1043 860 1080 dicitur.
873 1046 1087 1080 Exsultavit
1099 1046 1172 1091 spi-

1248 451 1295 487 ad
1317 451 1461 487 senium
1478 465 1547 500 per
1562 452 1730 490 diversas
1747 462 1875 491 aetates
1893 469 1902 500 ;
1923 468 2022 492 unus
2037 456 2151 492 homo
2165 465 2220 492 est
2233 483 2242 501 ‚

1245 522 1322 546 non
1346 511 1474 559 plures
1491 511 1664 548 homines
1678 540 1688 556 ,
1706 513 1771 548 sed
1792 526 1890 550 unus
1910 528 1918 550 :
1940 523 1976 550 et
1992 515 2087 551 sicut
2103 528 2148 551 ex
2169 528 2243 551 una

1244 567 1392 605 arboris
1435 569 1561 606 radice
1599 571 1772 619 procedit
1802 573 1935 622 stipes,
1964 582 2002 610 et
2034 587 2079 610 ex
2119 575 2244 623 stipite

1243 627 1362 673 rami,
1380 641 1427 664 ex
1448 628 1560 665 ramis
1581 629 1694 667 flores
1717 639 1754 667 et
1777 631 1884 678 folia,
1906 641 1943 668 et
1967 633 2055 670 inde
2078 634 2240 680 sructus;

1242 685 1293 721 ita
1312 698 1358 722 ex
1385 699 1460 723 una
1488 687 1711 725 humilitatis
1740 690 1866 726 radice
1897 693 2109 740 procedunt
2140 692 2241 729 bona

1242 757 1382 794 opera,
1405 753 1582 795 tanquam
1604 748 1722 793 rami;
1750 751 1982 798 paupertatis
2003 751 2173 796 habitus,
2201 760 2239 788 et

1241 802 1356 840 verba
1377 805 1569 853 religiosa,
1597 814 1773 856 tanquam
1790 808 1902 845 flores
1918 818 1954 846 et
1973 810 2081 856 folia;
2101 811 2238 848 deinde

1240 862 1418 911 gaudium
1432 863 1470 899 in
1485 865 1627 913 Spiritu
1642 874 1787 909 sancto,
1804 875 1979 917 tanquam
1998 868 2108 905 bonae
2127 870 2239 906 arbo-

1240 921 1291 958 ris
1311 922 1465 960 fructus.
1487 927 1551 961 Est
1574 938 1663 974 ergo
1676 953 1686 970 ‚
1705 926 1735 962 si
1758 935 1857 963 recte
1883 928 2098 977 perpendo,
2118 930 2238 965 virtus

1238 980 1457 1020 humilitatis
1473 983 1511 1019 in
1529 984 1642 1021 corde
1658 1012 1668 1030 ,
1686 986 1828 1034 species
1850 987 2071 1025 humilitatis
2088 989 2127 1024 in
2148 1002 2214 1025 ore
2228 1017 2238 1035 ,

1238 1039 1346 1077 labor
1377 1042 1601 1080 humilitatis
1631 1044 1669 1080 in
1690 1057 1828 1093 opere,
1851 1046 1994 1083 fructus
2020 1047 2242 1083 humilitatis

179 1106 268 1137 ritus
282 1115 402 1146 meus,
419 1102 560 1151 inquit,
576 1106 614 1138 itz
629 1105 793 1138 Domino
809 1106 889 1138 Deo
902 1106 1062 1139 salutari
1081 1115 1177 1146 mea,
1199 1098 1226 1133 Β
1244 1098 1304 1135 hic
1324 1108 1361 1136 et
1379 1101 1417 1137 in
1436 1102 1700 1150 perventione.
1732 1106 1808 1140 Dat
1836 1106 1936 1141 enim
1963 1109 2064 1142 Deus
2083 1106 2240 1154 gratiam

179 1164 269 1208 quia
287 1165 454 1208 respexit
473 1162 719 1198 humilitatem
741 1165 897 1198 ancilloe
914 1168 1028 1198 saoe‘.
1047 1164 1079 1198 Ο
1105 1161 1180 1198 hu-

179 1219 316 1257 militas
329 1249 339 1266 ,
357 1233 427 1270 per
446 1233 558 1270 quam
577 1221 714 1258 femina
731 1229 851 1258 mater
865 1222 933 1258 Dei
954 1222 1088 1258 effecta
1105 1229 1176 1267 est,

177 1292 248 1328 per
261 1292 372 1328 quam
388 1283 489 1317 Deus
506 1279 552 1316 de
569 1281 664 1317 coelo
679 1280 873 1318 descendit
889 1281 935 1318 ad
954 1289 1091 1325 terras,
1109 1294 1179 1331 per

178 1351 291 1388 quam
322 1339 456 1376 animae
482 1339 528 1376 de
555 1340 705 1376 inferno
736 1340 783 1377 ad
816 1341 953 1377 coelum
985 1340 1178 1377 translatae

178 1406 278 1436 sunt.
301 1402 390 1436 Haec
407 1408 463 1436 est
479 1400 575 1436 scala
595 1400 790 1450 proposita
812 1399 923 1437 vobis
942 1413 964 1436 a
983 1404 1086 1446 Deo,
1108 1413 1177 1449 per

177 1471 290 1507 quam
311 1458 527 1496 ascenditur
547 1459 594 1495 de
617 1460 725 1496 terris
747 1459 794 1496 ad
814 1460 966 1496 coelum.
985 1463 1056 1496 Per
1079 1459 1175 1496 hanc

178 1517 431 1554 ascenderunt
463 1527 587 1567 patres
618 1518 759 1563 nostri,
797 1531 864 1568 per
898 1519 996 1555 hanc
1030 1527 1068 1555 et
1103 1531 1173 1555 nos

178 1575 380 1612 ascendere
405 1585 579 1627 oportet,
605 1577 772 1626 alioquin
804 1590 881 1614 non
913 1577 1170 1623 ascendemus.

237 1635 295 1673 lsi.
326 1637 398 1673 Sed
435 1638 743 1686 praetereundum
784 1650 862 1673 non
899 1645 973 1683 est,
1012 1637 1174 1686 qualiter

178 1694 317 1744 gradus
351 1695 573 1731 humilitatis
615 1695 787 1744 dispositi
823 1704 911 1732 sunt
951 1695 990 1731 in
1030 1696 1175 1745 Regula

178 1753 279 1790 beati
304 1753 507 1791 Benedicti.
537 1754 636 1790 Dicit
655 1762 780 1790 autem
814 1755 901 1804 quia
931 1754 978 1790 ad
1008 1754 1174 1804 primum

177 1812 398 1849 humilitatis
417 1812 575 1861 gradum
604 1813 770 1862 pertinet
794 1813 908 1849 timor
935 1828 942 1850 :
969 1814 1015 1850 ad
1043 1826 1176 1849 secun—

177 1872 291 1920 dum,
319 1885 396 1909 non
428 1885 553 1909 amare
583 1873 780 1923 propriam
812 1873 1049 1909 voluntatem
1084 1888 1092 1909 ε

179 1932 329 1969 tertium
342 1960 352 1978 ‚
377 1931 592 1970 obedientia
614 1947 622 1968 ε
644 1932 691 1969 ad
711 1941 888 1982 quartum
903 1961 913 1978 ,
931 1933 970 1969 in
989 1932 1173 1969 obedien-

179 1992 228 2028 tia
258 1992 438 2042 patientia
462 1991 539 2028 :ad
567 1992 765 2041 quintum,
794 1992 1044 2041 cogitationes
1073 1991 1174 2041 patri

178 2052 346 2088 revelare
367 2066 374 2087 :
393 2051 440 2088 ad
456 2059 624 2096 sextum,
643 2051 749 2088 omni
769 2051 912 2088 vilitate
928 2059 968 2088 et
992 2050 1173 2087 extremi-

179 2120 253 2148 tate
279 2125 359 2148 esse
379 2120 623 2158 contentum,
654 2120 691 2147 et
722 2124 761 2147 se
793 2111 916 2161 ipsum
935 2110 1108 2159 judicare
1126 2109 1174 2146 ad

179 2172 307 2208 omnia
329 2171 500 2220 injuncta
517 2172 734 2221 operarium
753 2171 953 2220 indignum
971 2185 978 2206 :
995 2169 1040 2206 ad
1056 2169 1175 2219 septi-

179 2245 302 2278 mum,
320 2245 397 2268 non
415 2232 536 2268 solum
554 2233 681 2281 lingua
694 2231 965 2281 pronuntiare,
984 2229 1049 2267 sed
1063 2230 1175 2266 etiam

178 2291 292 2328 corde
314 2292 469 2328 credere
497 2305 536 2328 se
557 2291 735 2328 omnibus
762 2291 981 2327 inferiorem
1002 2297 1039 2325 et
1058 2289 1175 2325 vilio—

179 2364 259 2387 rem
288 2366 296 2388 :
328 2351 374 2388 ad
405 2360 581 2388 octavum
597 2380 607 2397 ,
629 2351 721 2387 nihil
742 2363 852 2400 agere
873 2349 945 2386 nisi
975 2362 1045 2398 per
1068 2362 1173 2385 eom-

178 2423 330 2448 munem
363 2411 531 2461 regulam
565 2411 784 2447 monasterii
814 2418 851 2446 et
884 2422 953 2459 per
985 2408 1172 2457 majorum

178 2470 350 2520 exempla
367 2485 375 2507 ε
393 2470 440 2506 ad
456 2483 599 2507 nonum
615 2498 624 2515 ,
643 2470 809 2519 linguam
828 2467 898 2505 sub
920 2468 1173 2505 taciturnitate

178 2529 356 2567 cohibere
385 2543 504 2580 usque
524 2530 571 2567 ad
599 2529 937 2579 interrogationem
960 2541 968 2564 :
991 2527 1037 2564 ad
1069 2527 1171 2564 deci-

180 2603 302 2635 mum,
319 2603 396 2626 non
413 2603 492 2627 esse
510 2599 729 2640 promptum
751 2590 788 2626 in
809 2589 887 2626 risu
909 2603 917 2625 ε
949 2588 996 2625 ad
1016 2588 1175 2625 undeci-

1128 1872 1221 1909 adC

1244 1172 1317 1208 pro
1347 1161 1486 1209 gratia,
1521 1162 1611 1210 quia
1640 1170 1677 1198 et
1708 1162 1746 1198 in
1772 1165 1948 1212 praesenti
1976 1178 2090 1214 super
2112 1165 2239 1201 humi-

1244 1218 1318 1254 lem
1339 1227 1376 1255 et
1392 1220 1561 1269 quietum
1583 1221 1785 1270 requiescit
1806 1224 2010 1269 Dominus,
2031 1232 2069 1259 et
2098 1232 2242 1272 quanto

1244 1279 1404 1328 quisque
1432 1280 1470 1316 in
1494 1280 1563 1317 hac
1595 1289 1694 1317 terra
1718 1282 1832 1318 suerit
1865 1283 2057 1328 humilior,
2080 1291 2183 1319 tanto
2204 1288 2242 1319 in

1243 1350 1360 1386 regno
1373 1340 1626 1377 constituetur
1642 1341 1853 1390 gloriosior.
1868 1346 1956 1379 Haec
1972 1343 2018 1378 de
2033 1343 2241 1378 humilitate

1242 1396 1406 1435 diximus
1423 1407 1582 1449 propter
1597 1400 1786 1446 Novitios,
1801 1409 1842 1437 ut
1855 1402 1974 1438 sciant
1990 1401 2239 1438 humilitatem

1240 1468 1320 1493 esse
1363 1458 1650 1496 fundamentum
1687 1459 1725 1495 in
1770 1473 1847 1510 quo
1883 1469 2036 1511 oportet
2079 1461 2240 1510 reliquas

1238 1516 1397 1554 virtutes
1416 1518 1579 1555 fundari.

1237 1647 1404 1662 *mum-s»-
1410 1648 2122 1662 ιιιινινινιιινιηνκιιηκν-,ιιιι-ι--ι-ηιιιιιιοκιμ
2128 1650 2151 1659 n
2159 1650 2165 1658 ι
2172 1650 2181 1658 ι
2188 1650 2222 1658 nu
2228 1650 2239 1657 .

1440 1754 1626 1812 PARS
1670 1757 2040 1814 SECUNDA.

1584 1895 1632 1917 me:
1662 1895 1901 1919 OBEDIENTIA.

1641 2002 1855 2017 40006-

1298 2108 1353 2143 16.
1385 2106 1480 2154 Quia
1501 2119 1591 2156 ergo
1611 2106 1860 2144 humilitatem
1887 2121 1997 2144 soror
2020 2108 2233 2145 obedientia

1241 2165 1772 2215 inseparabilitercomitatur,
1792 2167 1934 2215 aliquid
1955 2167 2001 2204 de
2022 2167 2238 2203 obedientia

1242 2224 1421 2261 dicamus.
1455 2224 1527 2262 Sed
1560 2223 1785 2261 obedientiae
1820 2225 1962 2262 bonum
2001 2240 2069 2276 per
2098 2225 2234 2262 inobe-

1241 2283 1392 2323 dientiae
1424 2284 1562 2320 malum
1592 2284 1753 2321 lucidius
1784 2284 2022 2321 declaratur:
2051 2294 2235 2334 (plantum

1239 2344 1339 2380 enim
1357 2343 1616 2380 inobedientia
1630 2344 1764 2380 crescit
1779 2344 1817 2380 in
1836 2346 1935 2381 malo
1951 2374 1959 2390 ,
1980 2353 2125 2381 tantum
2144 2344 2236 2380 obe—

1239 2404 1379 2440 dientia
1399 2404 1532 2440 crescit
1552 2404 1589 2440 in
1611 2403 1728 2440 bono.
1754 2404 2015 2441 Inobedientia
2032 2405 2130 2441 enim
2153 2418 2236 2440 am-

1239 2464 1416 2514 plectitur
1435 2476 1549 2499 omne
1570 2463 1722 2500 malum.
1744 2463 2007 2500 Inobedientia
2036 2464 2082 2500 de
2102 2464 2236 2513 angelo

1241 2523 1325 2559 fecit
1355 2521 1574 2568 diabolum,
1603 2522 1747 2572 primos
1776 2531 1951 2571 parentes
1978 2523 2024 2559 de
2061 2523 2236 2572 paradiso

1240 2583 1411 2632 expulit,
1436 2583 1658 2630 innumeros
1680 2591 1810 2632 postea
1831 2583 1983 2619 tradidit
2007 2584 2043 2619 in
2065 2583 2236 2627 inferno;

180 2663 303 2695 mum,
320 2650 369 2696 si,
384 2663 468 2686 cum
481 2650 756 2699 quisloquitur,
778 2649 912 2685 leviter
931 2656 969 2684 et
983 2648 1175 2684 humiliter
1191 2647 1224 2681 D
1242 2642 1342 2679 bona
1362 2650 1532 2686 evacuat,
1555 2642 1651 2678 mala
1670 2642 1914 2691 multiplicat,
1936 2642 2079 2678 idolum
2097 2642 2132 2678 in
2153 2656 2236 2678 cor-

179 2723 265 2746 cum
286 2710 487 2759 gravitate,
514 2718 552 2745 et
582 2722 703 2758 pauca
736 2708 852 2745 verba
873 2716 910 2744 et
940 2707 1175 2744 rationabilia

180 2770 356 2818 loquatur
380 2783 387 2804 :
409 2767 455 2804 ad
476 2767 744 2804 duodecimum
758 2795 768 2812 ‚
790 2775 831 2803 ut
853 2766 939 2817 quis
959 2779 1036 2802 non
1053 2767 1175 2803 solum

179 2828 217 2865 in
238 2827 353 2864 corde
375 2827 526 2863 humilis
541 2855 550 2872 ,
574 2827 638 2863 sed
658 2827 775 2876 ipsam
796 2825 1042 2862 humilitatem
1061 2825 1175 2874 signis

180 2888 357 2937 congruis
373 2887 538 2923 exterius
560 2885 777 2922 videntibus
796 2885 843 2922 ad
863 2884 1080 2933 exemplum
1104 2884 1173 2920 de-

181 2955 384 2992 monstret,
415 2947 452 2982 in
488 2946 647 2983 vestium
688 2946 829 2982 vilitate
861 2952 899 2981 et
925 2944 1051 2980 vultus
1085 2944 1176 2980 sim-

181 3007 385 3058 plicitate².

239 3067 296 3103 15.
314 3066 385 3103 Sed
407 3079 492 3102 cum
518 3065 644 3101 multis
671 3064 791 3101 modis
816 3063 1090 3101 diversificetur
1107 3062 1175 3099 hu-

182 3126 337 3172 militas,
369 3126 466 3162 sicut
497 3125 587 3162 mihi
621 3125 790 3169 videtur,
827 3137 901 3160 una
935 3132 991 3159 est
1022 3122 1174 3158 humili-

183 3194 254 3231 tas;
282 3184 490 3221 secundum
521 3185 678 3222 effeetus
715 3184 913 3220 interiores
947 3191 984 3219 et
1019 3182 1175 3217 effectus

182 3245 388 3282 exteriores
404 3245 662 3295 multipliciter
677 3245 807 3281 crescit
826 3258 832 3280 ι
851 3241 1174 3293 quemadmodum

235 3378 241 3391 ¹
267 3375 533 3409 !.1u-.1,‘i7,'18.
552 3391 592 3395 —
613 3375 764 3414 1(’,;ιιι.7“.

1242 2702 1287 2738 de
1318 2700 1487 2737 fabricat.
1507 2701 1614 2738 Nolle
1634 2703 1894 2750 acquiescere,
1928 2702 2049 2737 scelus
2072 2710 2125 2736 est
2147 2702 2232 2736 ido-

1241 2761 1413 2799 lolatriae.
1442 2761 1513 2798 Sed
1539 2770 1734 2810 peecatum
1752 2762 1863 2809 quale
1889 2762 1936 2797 sit
1964 2770 2000 2797 et
2028 2770 2233 2810 quantum,

1240 2823 1278 2859 in
1301 2822 1424 2871 primo
1445 2829 1602 2870 parente
1629 2820 1824 2857 evidenter
1850 2820 2110 2870 perpenditur.
2136 2825 2236 2857 Deus

1241 2895 1331 2932 ergo
1346 2880 1488 2916 homini
1501 2893 1612 2928 quem
1629 2880 1756 2929 posuit
1774 2881 1810 2916 in
1828 2880 2001 2929 paradiso
2019 2881 2237 2929 voluptatis,

1241 2940 1377 2977 diversi
1409 2939 1558 2987 generis
1592 2939 1735 2975 fructus
1766 2939 1893 2988 plures
1927 2947 1963 2975 et
1995 2939 2160 2988 optimos
2189 2939 2235 2975 ad

1241 3014 1345 3038 esum
1374 2998 1604 3044 concedens,
1631 2999 1872 3035 solummodo
1899 3000 2041 3047 lignum
2074 2999 2238 3035 scientiae

1240 3060 1331 3096 boni
1352 3068 1389 3095 et
1410 3059 1495 3095 mali
1517 3058 1718 3095 interdicit.
1738 3063 1888 3096 Certum
1906 3068 1963 3095 est
1980 3068 2104 3096 autem
2122 3058 2236 3095 arbo-

1241 3133 1318 3156 rem
1339 3119 1438 3155 illam
1457 3132 1531 3154 non
1555 3118 1667 3154 fuisse
1688 3117 1774 3154 cibo
1793 3119 1945 3155 noxiam
1967 3135 1973 3155 :
1997 3133 2119 3168 neque
2138 3119 2236 3154 enim

1240 3179 1305 3228 qui
1327 3179 1463 3214 l'eecrat
1488 3178 1615 3213 omnia
1642 3177 1742 3214 bona
1765 3178 1897 3225 valde,
1921 3179 1956 3215 in
1980 3179 2152 3228 paradiso
2180 3179 2239 3214 in-

1241 3238 1414 3274 stituerat
1433 3236 1574 3286 aliquid
1597 3237 1683 3273 mali
1704 3252 1711 3273 z
1734 3237 1799 3275 sed
1831 3246 1871 3274 ut
1895 3252 1963 3288 per
1994 3238 2127 3274 melius
2151 3237 2239 3273 obe-
