2418 3949
128 140 201 178 501

180 219 215 255 3.
246 214 468 266 Respondet
497 215 639 265 quippe
671 215 760 250 mihi
790 215 891 252 intus
925 215 963 250 in
995 212 1285 251 anima²⁵⁴tur2

754 137 899 174 LIBER
928 138 992 174 DE
1020 137 1412 174 CONTEMPLANDO
1443 139 1551 174 DEO.

2113 132 2188 170 502

1315 213 1397 249 Tibi
1416 216 1516 249 dixit
1539 227 1602 249 cor
1625 226 1761 256 meum,
1786 214 1999 260 Exquisivit
2018 220 2054 247 te
2066 209 2189 258 facies

128 290 210 314 mea
229 285 266 314 et
284 284 409 312 mente
427 280 531 311 mea³
548 302 557 320 ‚
575 274 808 311 tumultuans
821 274 860 310 in
879 286 951 318 me,
971 281 1008 310 et
1023 285 1116 309 con·
1131 274 1165 307 A
1185 287 1267 308 mea
1280 288 1294 317 ,·
1313 271 1459 320 faelem
1484 282 1599 316 tuam,
1632 275 1809 315 Domine,
1837 276 2026 320 reqm'ram
2045 270 2079 307 ⁵!
2108 275 2186 308 Ita-

127 337 273 373 cutiens
300 334 428 372 omnia
451 333 632 370 interiora
653 345 734 369 mea
757 346 829 369 vox
853 331 1122 369 testificationis

127 403 201 432 tuae
223 410 230 432 :
252 403 288 431 et
307 394 466 443 caligant
486 392 586 429 oculi
609 391 681 428 mei
712 391 913 427 interiores
932 403 953 426 a
978 390 1123 438 fulgore

126 454 294 491 veritatis
314 461 385 489 tuae
410 451 619 500 ingerentis
644 450 756 495 mihi,
776 450 864 498 quia
882 461 959 485 non
980 447 1130 500 videbit.

127 522 162 550 te
182 514 321 558 homo,
343 521 380 548 et
405 511 533 547 vivere
561 510 713 560 poterit.
740 513 819 559 Ego
848 509 948 545 enim
972 522 1058 544 vere
1083 508 1121 544 in

124 572 288 622 peccatis
309 579 409 608 totus
430 582 548 618 usque
565 569 704 613 adhuc,
721 568 882 605 necdum
903 568 1009 617 potui
1028 567 1124 603 mori

125 631 243 676 mihi,
273 638 316 666 ut
341 630 465 665 vivam
495 627 559 663 tibi
583 642 590 663 :
615 627 679 664 sed
706 635 831 664 tamen
860 639 905 663 ex
934 634 1124 685 praecepto

126 698 210 736 tuo,
236 697 274 726 et
301 688 404 725 dono
430 696 495 723 tuo
516 695 574 723 sto
594 687 633 723 in
655 695 764 736 petra
791 686 878 723 fidei
904 699 1014 733 meae,
1037 685 1125 722 fidei

125 749 337 786 christianae
353 776 362 793 ,
392 748 431 783 in
463 747 548 782 loco
577 746 642 795 qui
664 759 753 782 vere
778 754 834 782 est
858 758 974 796 penes
1001 753 1055 791 te,
1085 744 1124 780 in

123 821 223 858 quo,
242 815 285 844 ut
300 819 480 857 possum,
499 805 651 842 interim
670 805 750 841 fero
768 805 976 855 patienter,
997 813 1034 841 et
1049 817 1126 841 am-

123 867 270 918 plector
282 895 292 912 ,
310 875 348 903 et
364 866 565 903 deosculor
581 873 789 914 tegentem,
810 874 847 902 et
862 873 1124 916 protegentem

123 938 196 972 me,
210 925 405 962 dexteram
427 932 551 969 tuam;
569 931 607 960 et
627 923 827 972 aliquoties
845 924 1122 973 contemplans,

1187 345 1281 382 que,
1304 340 1346 368 ut
1365 332 1465 377 dixi,
1489 345 1535 368 ex
1560 331 1662 368 dono
1683 331 1811 380 gratiae
1833 339 1907 367 tuae
1928 331 2191 379 contemplans

1188 404 1320 428 omnes
1349 392 1505 441 angulos
1530 391 1770 428 conscientiae
1791 403 1882 427 meae
1902 391 1961 427 vel
1989 390 2190 435 terminos,

1189 451 1300 487 unice
1321 459 1357 486 et
1376 451 1616 499 singulariter
1634 449 1807 486 desidero
1825 449 1953 486 videre
1973 458 2028 496 te,
2044 458 2086 486 ut
2111 462 2191 485 om-

1189 523 1255 546 nes
1281 510 1373 546 fines
1408 518 1517 546 terrae
1545 521 1637 545 meae
1665 508 1818 544 videant
1847 509 2009 545 salutare
2036 508 2191 545 Domini

1190 569 1256 606 Dei
1289 569 1363 614 sui,
1396 576 1439 604 ut
1470 580 1590 603 amem
1622 580 1707 602 cum
1730 566 1884 611 vider03
1908 580 2020 616 quem
2041 580 2190 614 amare,

1189 629 1261 665 hoc
1279 636 1335 664 est
1354 640 1444 664 vere
1461 627 1602 663 vivere.
1617 626 1712 662 Dico
1728 626 1828 662 enim
1845 627 1935 662 mihi
1953 628 1990 662 in
2006 628 2189 677 languore

1191 687 1366 725 desiderii
1383 687 1457 722 mei
1476 701 1483 722 :
1503 686 1595 733 Quis
1615 693 1716 721 amat
1730 685 1834 734 quod
1855 698 1932 721 non
1950 686 2082 722 videt?
2098 700 2191 736 quo-

1191 747 1306 784 modo
1336 754 1462 796 potest
1490 757 1570 782 esse
1597 744 1783 790 amabile,
1806 744 1910 792 quod
1937 757 2015 780 non
2037 754 2093 781 est
2121 746 2191 782 ali—

1190 814 1376 858 quatenus
1401 805 1574 842 visibile?
1596 804 1668 840 Sed
1699 812 1734 840 te
1761 803 1988 839 desideranti
2017 804 2191 840 amabilia

1190 865 1344 917 quidem
1368 873 1430 902 tua
1451 872 1679 908 occurrunt,
1701 872 1738 899 et
1758 877 1779 899 a
1802 863 1895 899 coelo
1915 872 1953 899 et
1971 877 1991 899 a
2013 871 2133 909 terra,
2154 873 2191 900 et

1190 925 1238 962 ab
1261 924 1367 961 omni
1387 932 1558 960 creatura
1578 931 1641 959 tua
1661 935 1700 959 se
1722 922 1812 958 mihi
1828 923 1931 958 ultro
1947 922 2137 968 offerunt,
2155 931 2191 959 et

122 992 159 1021 et
173 984 303 1021 videre
319 983 481 1034 gestiens
497 983 709 1032 posteriora
724 982 886 1018 videntis
899 996 971 1029 me,
988 991 1026 1019 et
1038 995 1122 1032 per·
1141 985 1169 1019 B
1185 984 1365 1033 ingerunt
1377 1011 1386 1029 ‚
1409 995 1432 1018 ο
1460 982 1498 1018 in
1528 981 1706 1018 omnibus
1732 981 1925 1017 adorande
1955 989 1992 1017 et
2020 981 2190 1018 amabilis

121 1057 279 1081 currens
293 1044 463 1081 semitam
486 1042 781 1092 dispensationis
798 1042 971 1079 liumanae
983 1042 1121 1080 Christi

122 1103 190 1139 filii
223 1103 277 1140 tui
309 1102 487 1153 suspiciO.
514 1101 586 1138 Sed
610 1115 696 1138 cuin
725 1102 901 1138 accedere
931 1102 1049 1151 gestio
1073 1100 1120 1138 ad

122 1176 232 1210 eum,
249 1164 308 1200 vel
329 1163 425 1199 sicut
441 1161 706 1198 haemorroissa
726 1161 788 1198 illa
810 1161 970 1198 infirmae
989 1170 1026 1198 et
1045 1161 1118 1197 mi-

121 1234 213 1259 serae
233 1222 366 1258 animae
388 1234 480 1258 meae
505 1234 526 1257 a
545 1221 737 1257 salutifero
762 1229 864 1257 tactu
883 1221 943 1258 vel
964 1220 1120 1258 fimbriae

123 1279 204 1329 ejus
231 1281 338 1330 quasi
364 1280 481 1317 furari
505 1280 623 1329 gestio
644 1280 843 1317 sanitatem
872 1286 880 1301 ¹
902 1295 910 1317 :
938 1281 996 1317 vel
1025 1281 1121 1317 sicut

122 1340 285 1377 Thomas
315 1340 378 1377 ille
401 1340 460 1377 vir
485 1339 776 1386 desideriorum,
801 1349 923 1377 totum
943 1354 1030 1378 eum
1051 1341 1119 1378 de·

122 1399 248 1437 sidero
276 1399 427 1446 videre,
454 1408 492 1436 et
521 1408 695 1449 tangere3
722 1408 759 1435 et
785 1413 862 1437 non
889 1401 1033 1446 solum,
1057 1401 1120 1437 sed

122 1459 301 1496 accedere
329 1458 374 1495 ad
405 1466 685 1496 sacrosanctum
708 1459 833 1495 lateris
858 1459 938 1508 ejus
957 1460 1096 1497 vulnus
1111 1488 1120 1505 ,

123 1518 262 1555 ostium
282 1531 377 1555 arcae
403 1518 507 1567 quod
529 1518 667 1555 factum
689 1527 746 1555 est
766 1519 804 1555 in
826 1519 962 1565 latere,
984 1528 1026 1556 ut
1044 1532 1120 1556 non

124 1586 270 1614 tantum
297 1579 445 1615 mittam
465 1578 625 1628 digitum
645 1578 705 1614 vel
726 1586 842 1614 totam
865 1591 1017 1615 manum
1031 1608 1040 1625 ,
1056 1579 1121 1616 sed

123 1644 224 1674 totus
242 1637 381 1674 intrem
401 1649 520 1686 usque
539 1637 586 1674 ad
606 1638 732 1687 ipsum
753 1651 820 1674 cor
837 1642 925 1675 Jesu
939 1667 949 1684 ,
967 1639 1006 1675 in
1024 1642 1123 1676 San—

123 1705 224 1734 ctum
253 1706 493 1742 sanctorum,
520 1698 560 1734 in
583 1711 707 1734 arcam
737 1699 970 1743 testamenti3
989 1699 1037 1736 ad
1059 1713 1121 1736 ur-

122 1769 208 1793 nam
229 1769 380 1794 auream
395 1785 405 1803 ,
426 1757 590 1794 animam
611 1766 749 1794 nostrae
768 1757 1011 1796 humanitatis
1031 1772 1120 1795 con-
1145 1758 1171 1794 C

123 1816 304 1854 tinentem
321 1818 421 1854 intra
434 1830 472 1854 se
486 1830 623 1854 manna
633 1817 840 1853 divinitatis
856 1832 863 1853 :
879 1817 972 1854 lieu!
989 1818 1127 1855 dicitur

123 1876 227 1920 mihi,
251 1879 336 1912 Noli
352 1891 410 1913 me
431 1886 583 1926 tangere
598 1883 635 1922 ²;
654 1885 691 1913 et
706 1876 801 1913 illud
817 1876 864 1913 de
880 1878 1124 1927 Apocalypsi,

125 1938 233 1972 Foris
257 1934 395 1972 canes³
424 1951 431 1972 :
460 1936 588 1985 sicque
618 1949 704 1973 cum
734 1937 857 1987 dignis
885 1938 1125 1974 conscientiae

125 2008 216 2032 meae
251 1994 473 2033 verberibus
509 1997 688 2046 expulsus
725 2005 762 2033 et
797 1998 1019 2046 propulsus,
1048 1999 1121 2034 im-

123 2054 323 2105 probitatis
349 2064 385 2092 et
411 2057 721 2106 praesumptionis
742 2069 834 2093 meae
857 2069 988 2106 poenas
1009 2070 1124 2106 cogor

123 2114 254 2160 luere3
287 2127 515 2164 rursumque
545 2115 583 2151 in
613 2125 757 2164 petram
789 2129 908 2152 meam
938 2130 997 2152 me
1027 2117 1123 2153 reci-

122 2173 254 2222 piens,
285 2186 368 2223 quae
403 2174 591 2224 refugium
622 2183 678 2212 est
711 2175 968 2221 herinaciis&
1004 2175 1123 2225 spinis

123 2240 363 2281 peccatorum
394 2233 540 2282 plenis,
563 2234 833 2283 reamplector,
861 2242 897 2270 et
928 2234 1123 2271 reosculor

123 2299 309 2340 tegentem
323 2319 333 2337 ‚
350 2300 389 2328 et
404 2300 664 2342 protegentem
682 2306 741 2329 me
753 2322 761 2338 ‚
777 2293 972 2330 dexteram
991 2302 1090 2330 tuam
1109 2309 1118 2330 :

123 2358 159 2386 ct
179 2363 225 2386 ex
240 2363 286 2387 eo
299 2378 308 2395 ,
327 2351 429 2400 quod
451 2352 509 2388 vel
526 2351 658 2388 leviter
671 2353 791 2398 sensi,
809 2353 869 2389 vel
887 2353 984 2400 vidi,
1002 2354 1118 2403 magis

123 2422 282 2447 accenso
313 2410 501 2448 desiderio
526 2412 590 2448 vix
615 2412 803 2462 patienter
828 2422 1007 2463 exspecto
1036 2422 1078 2450 ut
1102 2427 1122 2450 a

124 2482 183 2505 me
201 2469 347 2506 auFeras
371 2483 523 2507 manum
547 2480 758 2520 tegentem,
781 2481 819 2508 et
838 2472 1015 2509 infundas
1038 2485 1123 2522 gra-

1186 1043 1365 1080 Domine.
1393 1046 1484 1090 Quae
1513 1050 1658 1091 quanto
1684 1049 1719 1077 te
1742 1040 1972 1077 manifestius
2001 1049 2037 1077 et
2064 1041 2190 1078 verius

1186 1103 1418 1153 praedicant,
1441 1110 1478 1138 et
1507 1100 1723 1152 approbant
1748 1099 1945 1137 amabilem
1962 1128 1971 1145 ,
1995 1108 2100 1136 tanto
2127 1113 2190 1136 ar-

1185 1162 1337 1199 dentius
1356 1170 1391 1198 te
1410 1161 1500 1197 mihi
1521 1161 1664 1197 faciunt
1679 1159 1967 1197 desiderabilem
1984 1175 1992 1197 :
2013 1160 2078 1197 sed
2097 1160 2189 1196 lieu!

1186 1236 1262 1259 non
1288 1221 1333 1258 ad
1362 1221 1512 1258 fruendi
1533 1221 1739 1270 perfectam
1767 1220 2012 1264 suavitatem,
2036 1228 2074 1256 ct
2097 1233 2190 1269 gau-

1185 1281 1315 1327 dium,
1347 1280 1412 1317 sed
1447 1279 1495 1316 ad
1529 1278 1786 1316 intentionisb
1821 1287 1859 1316 et
1889 1279 2057 1316 desectus
2086 1280 2190 1329 (non

1187 1349 1312 1377 tamen
1332 1340 1410 1377 sine
1430 1340 1556 1389 aliqua
1581 1338 1792 1388 suavitate)
1813 1347 2059 1376 tormentum.
2087 1340 2190 1377 Sicut

1187 1401 1286 1437 enim
1308 1413 1390 1437 mea
1411 1413 1487 1436 non
1511 1400 1577 1436 tibi
1597 1399 1765 1449 perfecte
1782 1399 1934 1449 placent
1952 1399 2098 1445 oblata,
2118 1400 2189 1437 nisi

1187 1472 1334 1496 mecum
1357 1474 1365 1495 ε
1389 1459 1441 1495 sic
1460 1458 1650 1495 bonorum
1668 1466 1818 1495 tuorum
1837 1458 2106 1508 contemplatio
2126 1472 2189 1495 re-

1187 1518 1264 1555 ficit
1285 1531 1354 1555 nos
1373 1517 1525 1567 quidem
1547 1518 1726 1564 dulciter,
1750 1517 1815 1555 sed
1835 1531 1912 1554 non
1933 1519 2041 1555 satiat
2061 1519 2188 1568 perfe-

1188 1585 1247 1613 cte
1268 1577 1339 1613 nisi
1361 1585 1499 1613 tecum.

1550 1680 1726 1719 CAPL'T
1754 1681 1805 1719 II.

1239 1789 1351 1820 Anima
1374 1791 1474 1819 Deum
1504 1787 1685 1819 desiderans
1708 1788 1788 1819 mole
1810 1788 1949 1830 corporis
1969 1799 2001 1820 se
2023 1791 2142 1831 gravari

1613 1847 1766 1882 queritur.

1250 1941 1285 1975 5.
1317 1943 1404 1976 Haec
1429 1946 1485 1975 est
1511 1938 1645 1975 animae
1667 1952 1759 1976 meae
1783 1939 1931 1976 assidua
1949 1941 2190 1986 exercitatio,

1191 2000 1278 2035 hinc
1311 1998 1459 2035 assidue
1495 2011 1612 2048 scopo
1642 1999 1816 2048 spiritum
1850 2012 2000 2045 meum;
2033 2009 2071 2037 et
2106 2014 2190 2037 cum

1190 2058 1301 2095 bonis
1321 2067 1358 2095 ct
1380 2057 1606 2094 amabilibus
1627 2059 1700 2096 tuis
1714 2088 1723 2105 ,
1745 2060 1852 2108 quasi
1873 2060 2035 2109 pedibus
2053 2069 2089 2097 et
2113 2075 2193 2097 ma-

1190 2119 1327 2164 nibus,
1359 2127 1397 2154 ct
1426 2119 1514 2154 totis
1540 2119 1705 2156 innitens
1730 2119 1876 2157 viribus
1902 2133 2049 2157 sursum
2078 2122 2193 2158 tendo

1189 2178 1236 2214 ad
1260 2187 1318 2224 te3
1340 2179 1376 2214 in
1411 2186 1468 2222 te,
1489 2191 1635 2214 summe
1655 2191 1782 2225 amor,
1804 2192 1992 2216 summum
2014 2180 2158 2217 bonum
2185 2196 2192 2217 :

1190 2238 1254 2275 sed
1276 2246 1421 2287 quanto
1440 2237 1555 2274 tendo
1573 2238 1726 2284 fortius,
1746 2247 1851 2275 tanto
1869 2239 2048 2276 retrudor
2063 2239 2195 2276 durius

1187 2297 1226 2333 in
1249 2305 1407 2342 terram,
1426 2298 1462 2333 in
1482 2298 1748 2347 memetipsum
1765 2326 1774 2342 ,
1792 2297 1862 2335 sub
1881 2299 2116 2349 memetipso.
2135 2300 2194 2336 Sic

1186 2369 1276 2406 ergo
1306 2357 1511 2407 respiciens
1541 2365 1578 2393 et
1604 2357 1822 2395 discernens
1843 2367 1879 2394 et
1902 2358 2114 2407 dijudicans
2134 2373 2194 2395 me

1189 2417 1333 2466 ipsum,
1359 2416 1479 2452 sactus
1503 2430 1585 2453 sum
1612 2417 1702 2453 mihi
1725 2418 1797 2467 ipsi
1829 2418 1875 2454 de
1897 2431 1956 2454 me
1982 2419 2064 2468 ipso
2088 2418 2195 2455 labo—

1189 2476 1288 2512 riosa
1312 2484 1349 2512 et
1369 2475 1522 2512 taediosa
1541 2476 1700 2525 quaestio
1722 2491 1728 2511 :
1755 2485 1900 2522 tamen,
1919 2478 2095 2523 Domine,
2118 2492 2196 2515 cer-

125 2529 211 2565 tiam
228 2529 504 2566 illuminantem
518 2546 528 2577 ;
544 2540 585 2567 ut
602 2531 750 2568 tandem
769 2533 973 2582 aliquando
991 2546 1123 2570 secun·
1141 2538 1173 2572 D
1193 2543 1252 2572 tus
1268 2548 1349 2572 sum
1370 2549 1437 2584 per
1450 2535 1608 2585 gratiam
1629 2544 1729 2572 tuam
1745 2565 1753 2581 ‚
1773 2536 2002 2574 desiderium
2020 2538 2195 2574 desiderii

124 2588 213 2625 dum
237 2602 460 2639 responsum
489 2591 659 2627 veritatis
681 2600 753 2628 tuae
775 2600 948 2628 mortuus
969 2593 1058 2629 milii
1087 2601 1123 2629 et

123 2648 255 2685 vivens
286 2648 377 2694 tibi,
405 2651 568 2687 revelata
593 2651 684 2687 facie
710 2652 827 2700 ipsam
857 2661 959 2688 tuam
992 2652 1122 2689 faciem

125 2708 300 2758 incipiam
332 2709 482 2754 videre,
512 2719 550 2746 et
575 2710 673 2746 affici
704 2710 769 2747 tibi
799 2725 819 2748 a
849 2711 993 2748 visione
1021 2711 1124 2748 faciei

127 2776 210 2803 tuae.

177 2827 212 2864 4.
244 2830 308 2874 Et,
342 2842 365 2863 o
392 2829 525 2876 facies,
557 2830 687 2875 facies,
710 2844 823 2879 quam
855 2830 962 2867 beata
989 2831 1124 2876 facies,

125 2900 209 2936 quae
238 2887 334 2924 affici
367 2887 434 2924 tibi
461 2897 629 2926 meretur
659 2890 826 2927 videndo
857 2899 916 2935 to;
940 2890 1129 2927 aedilicans

127 2948 165 2983 in
186 2946 301 2984 corde
322 2960 391 2984 suo
412 2947 696 2986 tabernaculum
719 2954 800 2987 Deo
820 2949 938 2987 Jacob
952 2979 961 2995 ,
987 2959 1023 2987 ct
1043 2964 1128 2987 om—

127 3006 188 3042 nia
211 3007 349 3044 faciens
377 3009 585 3046 secundum
608 3011 803 3060 exemplar
823 3009 927 3060 quod
947 3010 979 3046 ei
999 3019 1129 3047 osten—

127 3066 230 3103 ditur
252 3067 289 3103 in
312 3077 441 3105 monte
454 3096 464 3115 ,
483 3069 542 3106 hic
561 3083 651 3107 xero
668 3079 704 3107 ct
722 3079 985 3119 competenter
1002 3079 1128 3108 canta-

178 3199 182 3212 ·
203 3194 316 3225 Manli.
338 3206 390 3232 ix,
411 3200 528 3228 20-22.
547 3217 583 3220 —
610 3205 619 3219 ¹
637 3201 729 3229 Joan.
752 3210 812 3233 xx,
834 3202 873 3227 21»
890 3222 896 3232 ,
927 3200 977 3227 17.
1010 3217 1025 3219 ⁴
1068 3197 1187 3240 ‘Apina

174 3255 184 3267 ‘¹
201 3252 305 3293 Tium.
325 3254 355 3283 in
375 3256 479 3285 anima
500 3264 529 3285 rt
546 3257 576 3285 iu
595 3262 693 3288 tuetur
712 3268 789 3287 mvn.
804 3258 828 3294 ’ξ
854 3278 868 3279 ἡ
912 3258 925 3277 ¹·
954 3257 1005 3287 ilii
1021 3257 1138 3287 :ulduni
1155 3282 1160 3291 ,

1191 2596 1264 2639 tui,
1297 2605 1333 2632 ct
1371 2608 1536 2631 amorem
1567 2596 1706 2632 amoris
1735 2596 1786 2632 tui
1816 2596 1955 2633 habere
1976 2611 2035 2633 me
2056 2598 2090 2634 in
2117 2606 2195 2634 toto

1191 2655 1305 2692 corde
1322 2684 1331 2700 ‚
1354 2664 1391 2691 et
1419 2655 1456 2691 in
1479 2663 1556 2690 tota
1577 2655 1700 2691 anima
1727 2669 1821 2691 mea.
1843 2660 1924 2692 Huc
1944 2670 2061 2706 usque
2083 2666 2117 2693 te
2139 2658 2195 2692 sa-

1192 2715 1316 2751 ricntc
1344 2714 1509 2763 profeci,
1536 2722 1577 2750 ut
1606 2714 1815 2751 desiderem
1837 2715 2051 2752 desiderare
2079 2725 2134 2757 te,
2160 2726 2194 2752 et

1193 2788 1313 2811 ameni
1333 2787 1457 2811 amare
1480 2782 1514 2809 te
1535 2789 1542 2810 :
1563 2774 1626 2810 sed
1649 2774 1719 2810 hoc
1735 2788 1864 2811 amans
1881 2776 1972 2825 quid
1991 2789 2110 2812 ameni
2131 2790 2196 2812 ue-

1196 2835 1286 2871 scio.
1308 2833 1408 2882 Quid
1430 2842 1485 2870 est
1505 2834 1605 2869 enim
1630 2847 1755 2870 amare
1775 2847 1942 2871 amorem
1957 2864 1966 2880 ‚
1983 2835 2198 2873 desiderare

1197 2893 1450 2929 desiderium?
1470 2897 1608 2929 Amore
1636 2907 1804 2930 amamus
1835 2895 1863 2931 si
1888 2895 1978 2944 quid
2008 2908 2198 2940 amanum,

1196 2953 1385 2989 desiderio
1419 2952 1677 2989 desideramus
1710 2954 1894 3004 quidquid
1924 2955 2193 2992 desideramus.

1197 3012 1269 3048 Sed
1293 3012 1448 3048 forsitan
1467 3025 1552 3049 cum
1574 3026 1659 3048 amo
1682 3026 1871 3058 amorem,
1893 3027 1967 3051 non
1986 3028 2072 3051 auio
2093 3029 2197 3050 amo-

1199 3085 1276 3108 rem
1295 3101 1303 3116 ,
1320 3085 1397 3121 quo
1417 3084 1503 3108 amo
1523 3072 1626 3121 quod
1647 3086 1772 3110 amare
1796 3074 1884 3109 volo
1900 3102 1909 3118 ,
1928 3083 1962 3110 et
1981 3087 2066 3110 amo
2088 3075 2198 3122 quid-

1209 3210 1292 3231 xxii.
1318 3203 1366 3229 lsi.
1396 3218 1426 3221 *—
1450 3207 1460 3224 ⁴
1479 3200 1554 3230 l’sul.
1576 3212 1649 3231 (.1¹t.
1679 3205 1726 3230 18.
1745 3219 1770 3222 -κ
1801 3199 2067 3232 ⁵1·-.==l.xn1.⁸.

1183 3266 1209 3286 ,Ἰ
1228 3258 1427 3287 namuurum.
