2418 3949
86 139 103 173 Ji
117 138 158 174 ‘15

82 214 229 264 spiritui
249 215 445 261 affectum,
465 215 639 264 proximo
656 216 890 264 exemplum,
907 220 987 252 Deo
1003 216 1072 251 ho·

83 286 214 309 norem
247 287 253 309 :

83 335 205 368 Deum
229 345 327 369 reus.
350 336 432 370 Non
453 332 557 381 quod
578 332 784 368 secundum
807 332 978 381 Apostoli
997 344 1078 368 sen-

83 404 164 427 sum
189 405 266 428 non
284 391 459 428 videatur
478 391 684 427 humanum
706 391 816 427 etiam
837 390 928 436 hoc,
944 399 982 427 et
1001 403 1077 426 non

83 451 233 498 deceat,
250 460 288 488 et
309 464 385 488 non
410 450 563 496 debeat,
582 458 618 486 et
635 449 778 498 justum
796 462 872 486 non
896 450 944 485 sit
967 457 1079 498 caput

82 510 287 559 aliquando
320 509 448 546 dolere
480 509 518 545 in
552 509 705 545 servitio
732 508 823 552 Dei,
851 507 954 556 quod
987 508 1076 543 olim

82 582 180 619 saepe
209 582 327 619 usque
359 570 406 606 ad
436 569 607 605 dolorem
637 568 824 605 laboravit
848 568 886 604 in
914 567 1078 604 vanitate

81 629 227 675 saeculi;
245 628 388 665 esurire
411 637 581 664 ventrem
603 641 722 677 usque
741 627 788 664 ad
805 627 968 676 rugitum
980 655 989 671 ,
1009 627 1073 676 qui

81 701 180 737 saepe
201 688 367 737 repletus
389 695 444 723 est
464 699 583 735 usque
603 686 650 722 ad
671 686 855 722 vomitum
877 701 884 722 :
907 685 972 722 sed
989 698 1073 722 mo-

80 746 151 783 dus
173 747 210 782 in
237 744 413 782 omnibus
435 744 629 781 habendus
648 753 713 781 est.
736 744 990 794 Affligendum
1018 753 1074 781 est

79 817 216 854 corpus
241 803 464 853 aliquando,
486 803 549 840 sed
572 816 649 839 non
670 803 957 840 conterendum.
980 807 1072 840 Nam

79 863 286 912 corporalis
307 863 527 898 exercitatio
547 862 593 898 ad
621 862 812 898 modicum
831 862 982 910 quidem
1004 876 1073 898 va-

79 924 141 967 let,
161 932 198 960 et
214 923 332 973 pietas
351 921 396 958 ad
418 922 544 958 onmia
561 921 663 957 utilis
682 929 737 957 est
753 927 776 957 ¹.
796 924 956 970 Propter
971 921 1073 970 quod

624 141 853 182 EPISTOLA
885 142 949 175 AD
980 141 1196 175 FRATRES
1228 143 1289 175 DE
1321 144 1600 177 MORTE-DEI.

1081 214 1129 232 2¹⁴

2061 144 2135 181 -si-'ifi

1143 224 1178 251 et
1211 216 1396 253 salubrius
1429 218 1622 266 digeritur.
1656 217 1922 255 observandus
1957 228 2013 256 est
2047 233 2136 269 ergo

285 274 485 323 sacrilegus
513 281 585 316 est,
613 281 648 310 et
675 273 811 310 horum
837 274 1006 310 omnium
1035 274 1072 309 in
1095 277 1123 307 A
1142 275 1314 311 sumendi
1344 276 1478 312 modus
1514 285 1551 313 et
1585 286 1755 327 tempus,
1784 277 1856 314 cibi
1886 279 2075 328 quantitas
2103 289 2139 315 et

1143 334 1303 382 qualitas
1324 348 1330 369 :
1355 335 1530 383 fugienda
1554 336 1746 385 superflua
1763 345 1800 372 et
1815 336 2026 374 adulterina
2045 350 2139 374 con-

1144 393 1321 430 dimenta.
1351 393 1620 431 observandus
1650 404 1727 436 est.
1759 396 1934 445 inquam,
1964 397 2138 434 sumendi

1145 452 1298 498 modus,
1317 462 1357 489 ut
1378 466 1454 489 non
1475 453 1644 490 effundat
1665 455 1730 503 qui
1747 455 1911 492 comedit
1928 469 2042 505 super
2058 469 2138 492 om-

1144 523 1228 546 nem
1259 510 1385 560 cibum
1417 511 1579 548 animam
1609 525 1713 548 suam
1744 527 1751 548 t
1782 522 1950 563 tempus,
1976 528 2024 551 ne
2050 524 2136 551 ante

1143 569 1274 605 horam
1296 584 1303 605 :
1322 570 1498 618 qualitas,
1520 571 1573 606 uti
1591 571 1728 619 quibus
1753 573 1870 608 utitur
1892 575 2140 612 communitas

1143 628 1385 664 fraternitatis
1397 656 1406 673 ,
1423 637 1577 677 excepta
1595 642 1704 665 causa
1725 631 1929 668 manifestae
1946 634 2141 670 necessita-

1141 686 1199 722 tis.
1226 689 1280 722 De
1307 686 1557 723 condimentis
1578 700 1668 723 vero
1699 690 1878 734 sufficiat,
1900 690 2078 737 obsecro,
2100 703 2140 730 ut

1141 744 1392 781 comestibiles
1421 746 1512 781 fiant
1540 746 1613 782 cibi
1638 748 1778 793 nostri,
1808 761 1883 784 non
1906 750 2018 786 etiam
2048 765 2140 787 con-

1140 803 1376 853 cupiscibiles
1391 832 1400 849 ,
1421 805 1479 840 vel
1504 803 1756 842 delectabiles.
1775 806 1919 842 Sufficit
1932 808 2032 844 enim
2046 822 2140 845 con-

1140 863 1380 912 cupiscentiae
1399 863 1538 899 malitia
1558 877 1622 900 sua
1639 878 1646 899 :
1665 877 1749 913 quae
1765 878 1851 901 cum
1872 866 1935 901 vix
1952 874 2016 902 aut
2033 868 2137 903 nullo

1141 922 1255 958 modo
1279 923 1509 972 pertransire
1531 924 1648 972 possit
1663 924 1709 960 ad
1728 924 1839 960 linem
1859 926 2054 974 explendae
2072 940 2140 963 ne—

77 992 115 1020 et
133 983 180 1019 ad
200 982 404 1027 modicum,
425 982 496 1018 hoc
511 989 659 1018 estnon
679 981 717 1017 in
739 981 1071 1031 concupiscentiis,
1095 982 1119 1015 B
1140 982 1339 1028 cessitatis,
1354 982 1424 1018 nisi
1440 995 1508 1032 per
1523 983 1621 1019 viam
1638 992 1952 1033 quantaecumque
1970 984 2137 1022 delecta-

77 1041 142 1079 sed
164 1050 287 1078 tamen
309 1054 400 1077 cura
422 1041 543 1077 carnis
563 1039 707 1088 agenda
721 1047 788 1076 est.
806 1039 962 1088 Agenda
984 1053 1074 1077 vero

77 1110 132 1138 est
150 1100 296 1146 sobrie,
314 1113 400 1137 cum
421 1100 605 1149 spirituali
623 1091 785 1148 quadam
802 1098 1016 1148 disciplina,
1034 1108 1075 1136 ut

78 1173 199 1210 neque
215 1160 252 1196 in
275 1159 389 1196 modo
410 1158 492 1207 ejus
507 1187 516 1204 ‚
533 1170 656 1206 neque
675 1157 713 1193 in
731 1158 931 1206 qualitate,
951 1171 1073 1207 neque

77 1219 114 1255 in
143 1218 350 1268 quantitate
376 1225 555 1267 appareat
579 1216 744 1265 aliquid,
767 1216 872 1266 quod
898 1229 976 1253 non
1006 1217 1072 1254 de-

76 1285 158 1314 ceat
178 1290 329 1314 servum
351 1277 432 1313 Dei.
455 1276 516 1312 Eis
536 1276 636 1312 enim
662 1289 746 1324 quae
765 1276 963 1313 inhonesta
985 1285 1073 1314 sunt

77 1345 205 1374 nostra
218 1366 227 1383 ,
260 1336 576 1373 abundantiorem
612 1335 796 1372 honorem
839 1336 1072 1372 circumdare

75 1396 268 1433 debemus.
296 1399 464 1433 Honesta
490 1407 582 1431 vero
609 1402 737 1430 nostra
761 1394 900 1431 nullius
923 1401 1068 1445 egent2.

79 1458 162 1492 Non
182 1455 303 1492 solum
321 1463 445 1491 autem
463 1454 548 1499 hoc,
564 1453 630 1490 sed
645 1462 681 1490 et
697 1466 848 1490 omnem
866 1454 979 1490 vitam
997 1468 1069 1490 no-

78 1522 207 1559 stram,
223 1515 395 1563 quamvis
417 1513 633 1550 hominibus
662 1513 868 1558 occultam,
891 1513 1070 1550 exhibere

78 1572 260 1609 debemus
281 1576 362 1610 Deo
383 1581 550 1609 sanctam
568 1581 605 1608 et
623 1573 819 1609 honestam
834 1601 843 1618 ,
865 1581 901 1608 et
918 1586 1068 1609 omnem

76 1632 400 1668 conversationem
419 1639 584 1667 nostram
603 1631 741 1667 sanctis
753 1631 903 1680 Angelis
917 1633 1071 1681 conspi-

77 1690 234 1727 cabilem
265 1704 373 1740 agere
402 1699 439 1727 et
469 1689 750 1735 delectabilem,
776 1691 947 1739 quamvis
974 1692 1072 1727 inter

1142 1042 1270 1087 tionis;
1288 1042 1317 1078 si
1338 1042 1496 1091 coeperit
1509 1042 1676 1092 accipere
1694 1043 1928 1080 irritamenta
1943 1043 1990 1080 ab
2004 1046 2057 1081 eis
2074 1047 2136 1094 qui

1140 1110 1365 1151 perpetuum
1380 1114 1578 1151 suscepere
1590 1102 1729 1138 bellum
1747 1103 1926 1140 adversus
1940 1103 2022 1152 ejus
2037 1104 2138 1140 oble—

1139 1169 1345 1206 ctamenta,
1372 1162 1466 1197 liunt
1488 1161 1564 1198 duo
1593 1171 1725 1199 contra
1748 1176 1887 1208 unu1n3
1908 1172 1945 1200 et
1965 1164 2016 1200 sic
2035 1166 2139 1214 peri-

1140 1220 1289 1256 clitatur
1304 1220 1553 1258 continentia.

1192 1279 1252 1316 34.
1281 1279 1426 1316 Deinde
1445 1280 1540 1316 sicut
1557 1280 1603 1317 de
1619 1279 1704 1316 cibo
1720 1280 1860 1316 dictum
1880 1289 1953 1325 est,
1973 1281 2024 1318 sic
2040 1290 2076 1318 et
2092 1282 2138 1317 de

1137 1351 1283 1374 somno.
1309 1341 1406 1375 Cave
1427 1339 1464 1374 in
1485 1348 1666 1388 quantum
1692 1348 1821 1389 potes,
1843 1352 1949 1376 serve
1978 1341 2066 1386 Dei,
2089 1354 2136 1376 ne

1137 1406 1239 1434 totus
1269 1397 1473 1446 aliquando
1504 1398 1688 1443 dormias,
1718 1411 1764 1434 ne
1794 1399 1839 1434 sit
1864 1411 2019 1435 somnus
2051 1407 2137 1435 tuus

1137 1471 1212 1494 non
1239 1458 1388 1507 requies
1418 1458 1524 1503 lassi,
1550 1458 1614 1494 sed
1645 1459 1841 1507 sepultura
1861 1459 2032 1507 corporis
2059 1461 2137 1495 sus-

1138 1517 1247 1553 focati
1278 1532 1285 1553 :
1317 1530 1393 1553 non
1427 1518 1637 1566 reparatio,
1667 1518 1730 1553 sed
1762 1518 1960 1554 exstinctio
1983 1519 2138 1568 spiritus

1138 1577 1202 1612 tui.
1223 1578 1400 1625 Suspecta
1422 1589 1479 1612 res
1494 1585 1550 1613 est
1572 1589 1744 1619 somnus,
1761 1586 1797 1613 et
1817 1590 1863 1612 ex
1884 1590 2017 1626 magna
2033 1587 2138 1627 parte

1137 1634 1307 1671 ebrietati
1329 1636 1469 1672 similis.
1488 1636 1665 1685 Exceptis
1680 1637 1778 1672 enim
1801 1636 1920 1681 vitiis,
1940 1636 2077 1685 quibus
2097 1638 2134 1673 in

1138 1694 1371 1737 dormiente,
1405 1707 1489 1730 cum
1526 1707 1687 1744 corpore
1719 1695 1948 1731 dormitante
1987 1696 2132 1732 ratione

76 1750 301 1787 domesticos
317 1750 478 1799 parietes
496 1750 690 1786 inclusam.
711 1752 852 1787 Omnia
867 1759 1004 1794 vestra,
1021 1751 1075 1786 in-
1093 1752 1119 1786 C
1141 1766 1214 1789 non
1240 1762 1296 1789 est
1323 1754 1387 1802 qui
1411 1754 1665 1799 contradicat3
1689 1763 1872 1804 quantum
1897 1754 1943 1790 ad
1965 1754 2136 1792 debitum

76 1811 159 1858 quit
184 1811 409 1859 Apostolus,
437 1811 587 1845 honeste
598 1811 701 1855 fiunt
727 1813 764 1844 in
787 1809 890 1844 vobis
906 1807 933 1845 3.
959 1812 1074 1847 Grata

77 1872 176 1905 Deos
196 1882 254 1906 res
272 1878 328 1906 est
348 1869 541 1913 honestas,
557 1876 594 1904 et
610 1876 825 1904 sanctorum
841 1868 1072 1916 Angelorum

76 1930 205 1965 amica.
224 1931 383 1977 Propter
403 1927 506 1976 quod
523 1927 632 1963 etiam
649 1926 759 1975 jubet
778 1928 982 1975 Apostolus
1003 1941 1072 1964 ve-

77 1987 144 2023 lari
166 1987 340 2023 mulieres
361 1995 517 2036 propter
536 1986 702 2035 Angelos
722 2000 729 2022 :
753 1987 817 2034 qui
837 2000 920 2022 cuni
942 1988 1074 2036 procul

76 2046 192 2083 dubio
208 2055 281 2083 tam
297 2046 356 2082 die
368 2059 480 2094 quam
497 2054 605 2082 nocte
621 2044 814 2082 vobiscum
829 2046 904 2082 sint
919 2047 955 2082 in
972 2047 1073 2084 cellis

76 2107 227 2151 vestris,
249 2118 314 2142 vos
330 2105 602 2150 custodientes,
623 2113 659 2141 et
679 2105 812 2142 vestris
830 2105 961 2141 studiis
982 2118 1071 2142 con-

74 2167 296 2214 gaudentes,
317 2176 352 2203 et
373 2174 640 2216 cooperantes;
664 2167 784 2215 placet
804 2166 874 2210 eis,
897 2174 937 2202 ut
962 2168 1072 2203 etiam

75 2225 178 2260 nullo
190 2225 343 2262 homine
355 2225 463 2262 viden
471 2234 518 2270 te,
531 2225 658 2261 omnia
667 2233 789 2261 vestra
798 2224 954 2260 honeste
964 2224 1066 2261 liant.

125 2284 186 2320 33.
217 2284 302 2321 Sive
322 2297 411 2332 ergo
432 2283 689 2328 manducetis,
712 2283 790 2319 sive
814 2282 968 2328 bibatis,
992 2283 1069 2320 sive

73 2342 211 2392 aliquid
239 2343 340 2379 aliud
370 2343 530 2388 faciatis3
551 2343 678 2378 omnia
699 2343 737 2378 in
764 2343 927 2379 Domino
947 2343 1043 2392 agite
1057 2371 1066 2387 ‚

73 2401 152 2450 pie,
174 2411 317 2448 sancte,
336 2410 373 2438 et
391 2403 571 2451 religiose.
596 2402 631 2438 Si
658 2402 880 2446 manducas,
902 2415 1067 2438 mensam

73 2468 186 2504 tuam,
205 2474 273 2510 per
292 2474 330 2498 se
347 2461 435 2498 satis
452 2461 632 2507 sobriam,
653 2461 838 2498 sobrietas
860 2469 921 2497 tua
940 2474 1068 2511 peror-

1140 1813 1308 1850 continui
1335 1813 1545 1862 profectus,
1569 1814 1658 1850 nihil
1687 1815 1869 1863 temporis
1891 1823 1964 1850 tam
1991 1815 2138 1864 deperit

1140 1873 1185 1909 dc
1208 1873 1282 1909 vita
1305 1882 1454 1918 nostra,
1480 1886 1592 1922 quam
1621 1874 1724 1922 quod
1756 1887 1889 1910 sonmo
1921 1873 2135 1923 deputatur.

1141 1936 1266 1969 lturus
1294 1946 1383 1981 ergo
1409 1932 1455 1968 ad
1485 1945 1659 1968 somnum
1689 1945 1838 1983 semper
1866 1932 2005 1981 aliquid
2034 1932 2138 1969 deser

1142 2000 1262 2028 tecum
1291 1992 1327 2027 in
1351 1991 1531 2027 memoria
1551 1991 1609 2027 vel
1628 1991 1876 2040 cogitatione,
1899 1991 1937 2027 in
1955 2004 2033 2040 quo
2053 1991 2135 2040 pla—

1140 2051 1221 2087 cide
1238 2050 1455 2087 obdormias
1468 2079 1477 2095 ,
1494 2049 1596 2099 quod
1612 2063 1884 2099 nonnunquam
1905 2050 2014 2086 etiam
2034 2063 2137 2087 som—

1144 2109 1359 2158 niarejuvet
1372 2124 1379 2146 :
1392 2111 1495 2158 quod
1507 2110 1617 2145 etiam
1631 2110 1867 2158 evigilantem
1883 2118 1917 2146 te
1929 2110 2133 2159 excipiens,

1141 2169 1178 2204 in
1197 2177 1332 2204 statum
1348 2168 1531 2204 hesternae
1553 2167 1773 2203 intentionis
1793 2168 1974 2203 restituat.
1993 2168 2051 2204 Sic
2068 2166 2134 2203 tibi

1136 2240 1210 2264 nox
1239 2227 1335 2263 sicut
1371 2226 1450 2262 dies
1487 2225 1783 2271 illuminabitur,
1811 2235 1848 2261 et
1886 2239 1961 2262 nox
1993 2226 2133 2262 illumi-

1136 2286 1238 2322 natio
1268 2294 1330 2322 tua
1354 2285 1425 2321 erit
1450 2285 1487 2321 in
1515 2285 1656 2322 deliciis
1681 2285 1753 2321 tuis
1767 2286 1793 2320 4.
1825 2285 1972 2321 Placide
1993 2284 2135 2320 obdor-

1137 2345 1228 2380 mies
1243 2373 1252 2390 ,
1288 2345 1326 2380 in
1363 2357 1453 2393 pace
1482 2344 1671 2393 quiesces,
1710 2344 1814 2379 facile
1845 2343 2057 2392 evigilabis;
2098 2353 2133 2380 et

1135 2416 1292 2451 surgens
1312 2403 1427 2439 facilis
1442 2411 1478 2439 et
1497 2403 1600 2451 agilis
1615 2403 1688 2438 eris
1703 2403 1747 2439 ad
1766 2402 2000 2438 redeundum
2020 2403 2056 2438 in
2077 2403 2112 2438 id
2125 2432 2133 2446 ‚

1135 2464 1236 2499 unde
1267 2476 1344 2499 non
1374 2471 1475 2499 totus
1506 2462 1718 2498 discessisti.
1746 2461 1922 2499 Subrium
1954 2462 2055 2498 enim
2080 2463 2135 2498 ei-

72 2527 146 2556 net.
168 2523 314 2557 Etcum
338 2520 561 2567 manducas,
581 2534 818 2570 nequaquam
839 2529 940 2557 totus
957 2534 1065 2557 man-
1083 2523 1115 2555 D
1136 2522 1244 2567 bum,
1283 2521 1530 2570 sobriumque
1567 2534 1717 2558 sensum
1733 2551 1741 2566 ‚
1775 2522 1945 2570 sequitur
1985 2521 2133 2557 sobrius

71 2578 202 2625 duces,
220 2579 284 2616 sed
307 2593 469 2629 corpore
492 2588 558 2617 tuo
578 2593 682 2617 suam
707 2580 949 2616 resectionem
976 2594 1067 2630 pro-

71 2646 253 2684 curante,
289 2652 394 2676 mens
428 2652 533 2676 suam
574 2652 651 2675 non
686 2639 849 2689 negligat
879 2653 886 2674 ε
921 2639 987 2676 sed
1022 2640 1068 2676 de

72 2698 252 2734 memoria
281 2697 474 2735 suavitatis
503 2698 675 2744 Domini,
703 2698 760 2734 vel
789 2698 1066 2748 Scripturarum

68 2756 228 2806 aliquid,
247 2757 352 2807 quod
372 2771 453 2794 eain
478 2766 607 2807 pascat
621 2786 630 2803 ‚
655 2757 896 2803 meditando,
914 2758 973 2795 vel
994 2759 1067 2795 sal-

71 2824 144 2852 tem
168 2816 415 2853 memorando
435 2829 561 2853 secum
583 2817 750 2853 ruminet
766 2825 803 2853 et
820 2816 975 2866 digerat.
994 2817 1066 2855 Sed

69 2881 106 2911 et
125 2875 203 2925 ipsa
225 2875 445 2922 necessitas,
465 2889 541 2912 non
565 2875 813 2922 saeculariter,
830 2889 905 2912 non
930 2889 1064 2912 carna·

69 2933 153 2970 liter
183 2935 409 2984 expleatur:
446 2935 510 2971 sed
538 2935 634 2972 sicut
669 2935 775 2971 decet
807 2936 1034 2972 monachum
1052 2965 1061 2981 ,

69 2992 162 3028 sicut
197 2994 374 3031 convenit
410 3007 519 3031 servo
556 2995 635 3032 Dei.
671 2999 762 3032 Nam
792 2996 902 3031 ctiam
937 2996 1062 3044 quoad

69 3052 262 3089 sanitatem
294 3054 487 3103 corporis,
514 3054 618 3092 cibus
647 3063 790 3103 quanto
813 3055 1006 3091 honestius
1028 3063 1064 3090 et

69 3110 276 3150 ordinatius
306 3113 466 3150 sumitur
492 3122 527 3150 et
560 3114 760 3163 ingeritur;
788 3122 891 3150 tanto
922 3114 1065 3150 facilius

119 3242 124 3255 ¹
148 3237 321 3273 1Ti1u.1v‚
339 3243 368 3270 8.
389 3258 417 3261 —
442 3243 648 3274 71(ἶυι·.)ιιι,
668 3243 708 3269 ‘23
723 3265 729 3274 ,
750 3243 803 3270 ’),ἰ,
880 3239 890 3260 ³
909 3239 952 3269 ld.
970 3250 1000 3268 xi
1018 3263 1024 3273 ,
1052 3241 1100 3268 it).

1133 2594 1300 2617 somnus.
1325 2580 1492 2617 Carnalis
1515 2593 1606 2616 vero
1629 2593 1804 2624 somnus,
1826 2588 1863 2616 et
1886 2579 2021 2616 brutus
2039 2607 2048 2624 ‚
2072 2589 2132 2623 et,

1134 2639 1229 2675 sicut
1257 2639 1413 2684 dicitur,
1440 2638 1614 2683 letliaeus,
1635 2637 1912 2674 abominandus
1939 2646 1996 2674 est
2023 2652 2132 2675 servo

1137 2698 1216 2735 Dei.
1249 2701 1305 2735 De
1331 2710 1408 2746 quo
1436 2710 1526 2733 vero
1551 2704 1636 2746 post
1660 2709 1864 2745 congruam
1886 2696 2051 2745 quietem
2078 2697 2132 2732 sa-

1133 2757 1203 2794 cile
1237 2765 1292 2794 est
1324 2769 1456 2793 sensus
1484 2756 1656 2806 corporis
1677 2765 1714 2792 et
1740 2756 1875 2793 mentis
1896 2768 2077 2796 evocare.
2095 2765 2130 2792 et

1133 2817 1238 2865 quasi
1257 2828 1386 2852 servos
1410 2815 1545 2851 domus
1566 2816 1840 2864 patrisfamilias
1865 2815 1909 2851 ad
1931 2828 2044 2863 opera
2066 2828 2130 2851 ne-

1132 2875 1290 2911 cessaria
1310 2875 1456 2923 spiritui
1479 2875 1655 2911 suscitare
1672 2884 1706 2911 et
1725 2875 1893 2910 emittere
1912 2889 1918 2909 :
1940 2874 2128 2922 hujusmo-

1132 2935 1168 2970 di
1187 2948 1342 2970 somnus
1365 2942 1534 2982 tempore
1552 2948 1639 2979 suo,
1661 2934 1774 2970 inodo
1791 2948 1859 2970 suo
1873 2933 2131 2982 aspernandus

1131 3008 1206 3029 non
1231 3003 1296 3029 est.
1319 2994 1376 3030 sic
1397 2993 1564 3042 prudens
1581 3003 1614 3029 et
1639 2998 1717 3031 Deo
1735 2994 1882 3030 deditus
1900 2994 2050 3030 animus
2065 2994 2130 3029 lia-

1130 3052 1219 3088 bere
1240 3065 1278 3088 se
1299 3051 1411 3087 debet
1430 3052 1466 3087 in
1486 3053 1577 3088 cella
1599 3066 1664 3088 sua
1681 3061 1717 3089 et
1735 3052 1771 3088 in
1791 3052 2020 3088 conscientia
2037 3065 2100 3087 sua
2118 3079 2125 3090 .

1132 3112 1226 3148 sicut
1252 3111 1418 3161 prudens
1445 3112 1709 3161 paterfamilias
1737 3113 1772 3148 in
1802 3111 1916 3147 domo
1944 3124 2019 3146 sna.
2046 3114 2125 3145 Non

1183 3237 1477 3269 *tantumn-111.
1504 3241 1561 3271 15¹.
1586 3241 1634 3268 ll.
