2504 3928
319 195 366 228 63
1078 193 1367 229 GILLEBERTI
1400 195 1594 230 ABBA'HS
2304 195 2350 230 (54

320 279 412 314 tem,
434 283 516 305 cum
535 267 791 304 admirationis
811 267 956 302 cantico
976 267 1159 304 reducunt
1181 283 1188 304 z
1212 269 1304 313 (luis
1319 268 1351 287 ⁹⁴
1370 269 1496 314 oliva»,
1525 282 1570 305 ex
1599 282 1671 317 qua
1703 268 1829 304 unctio
1855 269 1975 305 omnis
2006 274 2174 307 emanat?
2195 275 2251 307 An
2276 285 2352 308 nou

318 338 371 363 vs!
391 333 455 363 im·
479 333 544 375 qui
574 332 673 363 ιϊηίι
698 328 744 360 de·
765 327 883 360 lidum
896 353 904 366 ‚
935 331 1057 362 tinctis
1080 328 1242 364 ‘vestibus
1261 329 1305 363 de
1325 329 1351 361 Α
1371 328 1436 364 tibi
1459 329 1559 363 xelut
1579 328 1680 364 oliva
1699 328 1848 364 videtur
1868 330 2009 365 Veritas
2026 338 2063 365 et
2079 330 2243 367 Verbum
2264 331 2352 375 Dei,

317 390 463 422 Basra?
494 391 560 420 iste
579 384 768 432 formosus
802 389 839 419 in
867 387 1000 429 stalw,
1029 386 1156 435 utique
1183 388 1304 424 carius

318 457 404 480 suan

372 505 406 539 7.
431 507 520 539 Jure
540 501 690 550 quidem
715 501 901 537 formosus
924 501 960 537 in
983 503 1076 538 stola
1105 517 1193 547 sua,
1220 517 1303 553 quae

318 562 396 598 sine
422 560 688 597 commixtione
722 570 903 610 concepta
931 569 1007 606 est,
1037 562 1135 598 etde
1155 563 1304 611 Virgine

316 628 401 655 nata
424 628 502 663 est,
523 627 558 654 et
587 618 634 654 ab
654 619 757 654 omni
786 632 861 655 uon
894 620 1006 655 modo
1036 622 1303 670 corruptione,

316 678 508 713 sedetiam
532 677 788 725 corruptionis
811 678 938 714 fomite
961 679 1139 716 immunis
1154 694 1306 717 conser-

317 745 400 773 vata
417 745 489 781 est,
507 745 543 772 et
565 738 599 772 in
617 737 791 785 sepulcro
810 736 987 774 dissoluta
1010 752 1084 774 non
1102 748 1157 775 cst
1171 768 1180 783 ,
1197 748 1232 775 ct
1246 741 1305 777 die

319 797 426 832 tertia
454 796 690 839 resuscitata,
717 796 999 844 quadragesima
1027 798 1063 833 111
1092 799 1306 836 0040111115-

317 864 489 905 sumpta,
513 855 616 890 0111111
638 855 696 890 die
718 855 840 904 (quod
872 869 985 905 super
1007 857 1132 893 onmia
1167 858 1307 894 miran-

317 915 407 950 dum
429 923 465 950 et
485 914 711 962 amandum)
731 915 767 950 in
783 915 909 950 salutis
925 914 1048 951 cibum
1066 916 1306 953 credentibus

316 973 511 1022 proposita
557 973 647 1019 Quis
681 986 757 1008 non
794 973 839 1008 ad
874 974 1019 1022 singula
1051 974 1119 1010 ista
1151 975 1307 1011 miretur

1369 387 1475 436 cujus
1493 388 1619 424 unctio
1639 387 1747 423 docet
1769 401 1836 423 nos
1853 388 1898 424 dc
1914 388 2088 425 omnibus
2104 418 2112 433 ,
2136 389 2243 438 cujus
2263 391 2354 427 mol-

1369 447 1422 482 liti
1442 455 1527 482 sunt
1542 460 1732 483 sermones
1753 460 1866 496 super
1882 448 2029 494 oleum,
2051 448 2157 497 cujus
2178 462 2352 497 unguen-

1370 515 1446 542 tum
1468 507 1627 542 effusum
1651 520 1787 542 nomen
1813 508 1894 542 cst?
1919 507 2013 543 lluic
2036 507 2145 543 olivae
2166 508 2353 557 personali

1369 566 1508 601 unione
1525 573 1720 601 consertus
1740 565 1986 609 conditionis,
2010 578 2085 601 non
2103 567 2354 615 corruptionis

1371 632 1507 659 nostr-”e
1529 624 1702 668 oleaster,
1725 632 1766 659 ut
1798 624 1848 659 sic
1879 624 2019 668 dicam,
2050 632 2087 660 et
2119 624 2355 674 pinguedinis

1370 682 1469 718 1111115
1489 683 1604 718 factus
1624 683 1821 731 particeps.

1424 743 1459 777 5).
1481 741 1578 788 Quid
1603 741 1753 776 luminis
1767 769 1776 785 ‚
1800 740 1889 789 quid
1909 740 2139 787 dulcedinis,
2159 741 2249 790 quid
2269 755 2354 778 sua-

1372 799 1505 844 vitatis,
1527 799 1615 847 quid
1630 799 1856 835 omnimodae
1876 799 2025 835 virtutis
2044 801 2240 849 acceperit,
2262 814 2355 849 ope—

1372 871 1454 893 rum
1486 857 1566 905 ejus
1593 857 1728 894 indicia
1764 858 2080 906 loquuntm·:nisi
2111 858 2213 907 quod
2246 859 2356 907 longe

1371 917 1575 954 excellebat
1602 917 1704 966 quod
1738 917 1851 954 sensit
1880 917 1916 953 in
1944 917 2096 966 spiritu,
2117 931 2229 966 quam
2251 918 2355 967 quod

1371 977 1555 1026 expressit
1582 977 1618 1012 in
1651 985 1748 1013 actu.
1778 977 1948 1025 Denique
1980 976 2026 1012 ad
2056 977 2182 1012 onmia
2209 977 2358 1013 virtutis

317 1041 486 1068 aiilanter
503 1041 537 1067 et
557 1031 655 1067 (licat
676 1046 683 1067 :
710 1034 796 1077 Quis
815 1041 865 1067 es!
884 1038 950 1067 iate
969 1042 1044 1067 mm
1061 1032 1247 1078 fortunius
1267 1039 1304 1069 iu
1326 1032 1351 1065 B
1370 1035 1506 1071 indicia
1543 1035 1667 1072 (licere
1698 1044 1824 1085 potes,
1863 1038 1992 1070 Oleum
2026 1033 2187 1082 effusum
2222 1049 2355 1071 nomen

316 1106 385 1128 sua
401 1094 522 1126 stola?
542 1091 743 1127 Cucurristi
764 1104 830 1139 per
850 1091 926 1127 hzec
947 1091 1072 1127 onmia
1088 1091 1305 1128 admiratio-

318 1151 374 1187 nis
393 1163 548 1199 gcnera,
566 1150 641 1185 imo
658 1149 829 1199 stupidus
845 1163 912 1199 per
927 1150 1070 1199 singula
1086 1149 1303 1195 substitisti,

315 1219 353 1246 et
372 1223 457 1246 ecce
483 1209 609 1245 denuo
643 1221 741 1244 nova
771 1207 837 1244 tibi
869 1208 1127 1245 admirationis
1155 1211 1307 1246 materia

315 1268 403 1304 inde
423 1268 600 1315 exsurgit.
629 1268 723 1303 Satis
753 1267 789 1303 in
816 1267 888 1303 illis
914 1268 1139 1313 exercitatus
1162 1269 1304 1304 fueris:

316 1326 377 1362 hic
394 1326 528 1362 iterum
545 1325 591 1361 ad
613 1326 1040 1375 stupendum.excitaris
1053 1355 1062 1368 ‚
1089 1327 1194 1374 quasi
1215 1327 1306 1362 illud

320 1385 385 1421 tibi
407 1386 552 1422 dicatur
575 1386 790 1434 prophetoe,
814 1387 870 1421 Ne
892 1391 1104 1421 memineris
1126 1391 1305 1433 priorum,

319 1458 413 1479 noea
431 1458 495 1492 ego
508 1443 612 1490 facio
623 1450 648 1479 ².

372 1505 407 1538 8.
428 1503 525 1550 Quid
545 1503 660 1551 magis
683 1515 823 1538 novum
836 1531 846 1548 ,
867 1516 978 1551 quam
996 1503 1099 1552 quod
1117 1503 1153 1539 in
1171 1511 1309 1551 myste-

318 1563 373 1599 rio
409 1562 595 1598 Dominici
631 1562 810 1610 Corporis
846 1571 1010 1598 mutatur
1048 1563 1243 1607 materies,
1272 1571 1309 1599 et

316 1622 459 1670 species
479 1623 675 1657 servatur?
690 1621 847 1657 Pristina
870 1629 995 1657 manet
1010 1622 1141 1667 forma,
1158 1622 1221 1658 sed
1240 1635 1308 1657 no-

317 1694 362 1716 va
390 1680 507 1728 gratia
522 1708 531 1724 ‚
557 1680 643 1728 quia
664 1692 761 1715 nova
783 1679 1001 1716 substantia.
1029 1684 1134 1717 Nova
1155 1681 1306 1729 quidem

317 1752 392 1774 non
417 1739 454 1774 in
477 1751 515 1774 se
530 1766 539 1782 ,
571 1737 635 1773 sed
670 1738 707 1773 in
740 1737 955 1785 hujusmodi
990 1739 1124 1787 specie.
1159 1743 1307 1775 Novum

1371 1103 1497 1137 tuum,·
1517 1093 1656 1142 absque
1679 1107 1724 1130 eo
1755 1093 1857 1142 quod
1882 1094 2106 1129 intrinsecus
2133 1093 2255 1129 latet&
2280 1097 2354 1130 Nec

1371 1153 1470 1188 enim
1485 1161 1779 1188 consentaneum
1793 1161 1865 1197 est,
1881 1160 1921 1188 ut
1938 1151 2144 1200 quamlibet
2159 1153 2357 1189 mirificum

1373 1211 1463 1246 foris
1490 1211 1624 1247 animae
1653 1224 1749 1260 opus
1775 1211 1874 1247 illins
1895 1210 2049 1247 virtutes
2070 1219 2253 1259 exaequet.
2274 1215 2356 1248 Non

1372 1282 1538 1318 possum,
1551 1270 1726 1315 Domine,
1743 1283 1827 1318 quae
1844 1270 1878 1304 in
1898 1278 2100 1318 prospectu
2117 1278 2218 1315 sunt,
2232 1271 2359 1306 omnia

1373 1336 1562 1376 operatua
1574 1328 1906 1377 comprehendere.
1920 1328 2134 1365 Confortata
2145 1329 2243 1364 enim
2257 1338 2357 1375 sunt,

1374 1394 1410 1421 et
1430 1399 1577 1434 nequeo
1605 1387 1786 1422 aestimare
1813 1387 1874 1422 illa
1896 1401 1903 1422 :
1925 1394 1960 1422 et
1978 1399 2057 1422 eam
2079 1400 2162 1435 quae
2182 1387 2360 1424 intrinse-

1374 1458 1439 1481 cus
1456 1445 1545 1480 latet
1560 1458 1724 1494 quonam
1741 1445 1854 1481 modo
1875 1445 2046 1494 experiar
2060 1446 2238 1494 gratiam?
2258 1451 2360 1484 Ocu-

1374 1503 1431 1539 lus
1451 1517 1527 1539 non
1546 1503 1655 1549 vidit,
1676 1503 1886 1539 beatissima
1903 1504 2027 1539 anima
2050 1504 2204 1550 Christi,
2225 1513 2361 1554 praeter

1375 1570 1408 1597 te
1429 1575 1583 1598 munera
1604 1574 1686 1610 quae
1702 1562 1880 1598 divinitus
1897 1563 2029 1598 collata
2045 1571 2132 1599 sunt
2148 1563 2184 1599 in
2207 1572 2252 1600 te.
2271 1564 2361 1600 Ideo

1373 1620 1528 1668 angelici
1548 1620 1700 1669 spiritus
1721 1620 1935 1656 deficientes
1952 1621 1988 1656 in
2007 1622 2358 1670 comprehensione,

1376 1692 1450 1715 non
1473 1679 1649 1715 desinunt
1666 1679 1712 1715 ab
1728 1680 1976 1716 admiratione
1997 1695 2005 1716 :
2027 1689 2064 1717 et
2076 1681 2181 1729 quasi
2197 1683 2361 1718 nescien-

1375 1747 1428 1775 tes
1444 1768 1454 1784 ,
1485 1739 1550 1775 sed
1582 1748 1775 1788 stupentes
1803 1740 1839 1775 in
1876 1740 2022 1775 laudem
2057 1753 2169 1789 supra
2201 1742 2361 1789 positam

318 1797 428 1845 plane
462 1796 562 1844 quod
600 1796 721 1831 carnis
757 1797 963 1831 Dominicae
1003 1796 1238 1843 substantia,
1273 1799 1310 1834 in
1330 1801 1356 1835 C
1376 1806 1598 1846 erumpunt,
1629 1802 1721 1842 Quis
1747 1807 1802 1833 est
1827 1799 1890 1832 iste
1918 1803 1970 1832 sic
1992 1797 2177 1844 finmosus
2202 1806 2240 1834 ln
2268 1803 2361 1835 scola

317 1857 436 1891 aliena
465 1855 587 1904 specie
618 1863 784 1903 sumpta,
806 1856 1109 1893 sanctificationis
1132 1857 1307 1893 virtutem

315 1915 448 1950 animae
477 1915 643 1958 confert,
672 1922 708 1949 et
739 1914 973 1962 spiritualem
1003 1916 1183 1951 emundat
1215 1915 1307 1951 sub-

315 1974 487 2008 stantiam
512 1973 549 2008 in
573 1972 752 2020 mysterio
773 1973 909 2008 Altaris
938 1973 1178 2009 immaculata
1208 1987 1305 2010 caro.

316 2037 462 2069 Novum
481 2032 630 2080 quidem
646 2059 655 2075 ,
678 2039 714 2067 et
728 2044 840 2080 supra
857 2031 1087 2079 reliquorum
1109 2046 1215 2068 usum
1241 2036 1309 2070 Sa-

316 2100 616 2132 cramentorum,
639 2089 741 2138 quod
764 2103 839 2125 non
870 2090 984 2125 modo
1004 2091 1309 2127 sanctificationis

315 2164 413 2186 nova
428 2150 545 2199 gratia
566 2149 690 2193 datur,
711 2148 774 2183 sed
796 2147 1003 2184 substantia
1022 2150 1201 2185 naturalis
1224 2164 1309 2186 mu-

317 2217 428 2245 tatur.
452 2212 542 2245 Nam
560 2221 627 2256 per
643 2207 868 2243 sacramenti
889 2207 1191 2244 benedictionem
1210 2209 1308 2245 aeci-

315 2267 372 2315 pit
392 2266 538 2301 oblatus
556 2266 662 2315 panis
678 2266 774 2301 hanc.
792 2265 1020 2302 ineffabilem
1041 2267 1285 2303 mutationem
1298 2296 1307 2312 ,

316 2334 352 2361 et
378 2338 423 2361 ex
452 2326 602 2373 mystica
635 2325 917 2360 consecratione
945 2333 981 2361 ct
1007 2325 1119 2361 Verbi
1148 2326 1308 2362 viventis

317 2385 556 2434 copulatione
586 2385 664 2420 haec
695 2384 918 2420 vivificatrix
951 2386 1066 2433 gratia
1097 2386 1132 2421 in
1159 2399 1306 2422 carnem

317 2444 452 2481 Christi
481 2443 676 2479 redundat.
699 2446 792 2480 Caro
813 2444 910 2479 enim
936 2457 1011 2479 non
1032 2444 1184 2493 prodest
1201 2445 1308 2493 quid-

316 2515 452 2550 quam,
482 2502 544 2538 5811
577 2502 731 2551 spiritus
763 2510 819 2537 cst
849 2503 913 2551 qui
946 2503 1148 2549 vivilicaffl,
1182 2517 1306 2540 sacro-

1372 1870 1455 1899 sua,
1476 1859 1650 1903 gradiens
1675 1859 1712 1891 in
1733 1859 1968 1892 [mullitudine
1989 1856 2220 1904 ιἰὸνίίίιιιΙὶηιζς
2250 1873 2330 1894 511oe
2343 1863 2362 1894 ?

1374 1918 1480 1950 Hanc
1516 1914 1755 1951 considerans
1790 1916 2077 1964 praerogativam
2107 1916 2289 1952 virtutum
2322 1917 2361 1952 in

1375 1973 1533 2018 dilecto,
1559 1972 1644 2021 jure
1678 1987 1814 2023 sponsa
1845 1975 2019 2011 custodes
2049 1988 2086 2011 se
2118 1976 2363 2024 pertransisse

1375 2031 1484 2076 dicit,
1504 2041 1540 2068 et
1568 2033 1761 2081 paululum
1780 2034 2025 2082 pertransisse
2050 2048 2057 2070 :
2081 2034 2167 2083 quia
2188 2034 2239 2070 sic
2259 2035 2296 2070 in
2317 2048 2362 2071 eo

1372 2090 1600 2139 singularem
1618 2091 1775 2127 miratur
1791 2092 1945 2139 gratiam
1959 2120 1968 2136 ,
1987 2100 2026 2128 ut
2048 2101 2171 2128 tamen
2190 2106 2364 2129 commu-⁴

1374 2161 1459 2184 nem
1476 2149 1677 2185 constituat
1693 2157 1861 2185 naturam
1873 2179 1881 2195 ,
1898 2149 2120 2199 beatamque
2137 2151 2236 2187 illam
2253 2152 2361 2188 Chri-

1374 2208 1418 2242 sti
1439 2207 1600 2244 animam
1627 2221 1705 2244 csse
1736 2222 1819 2245 cum
1850 2210 2004 2258 reliquis
2022 2209 2189 2258 ejusdem
2209 2211 2361 2259 quidem

1374 2267 1539 2314 generis,
1563 2267 1627 2304 sed
1650 2268 1857 2304 differentis
1881 2269 2172 2318 excellentisque
2197 2270 2358 2305 virtutis.

1374 2325 1551 2361 Parabam
1565 2326 1685 2361 adhuc
1698 2327 1809 2362 alium
1823 2325 1929 2362 vobis
1944 2327 2130 2376 explicare.
2147 2329 2361 2364 transitum:

1373 2383 1437 2419 sed
1458 2384 1559 2431 quod
1587 2385 1739 2420 materia
1766 2394 1982 2434 opportune
2009 2386 2192 2434 suggerit,
2210 2387 2267 2422 vel
2288 2400 2363 2423 ma-

1373 2443 1426 2490 gis
1443 2443 1574 2491 exigit,
1594 2456 1716 2479 sermo
1739 2445 1871 2492 refugit
1888 2444 1965 2492 jam
1986 2458 2121 2493 urgens
2141 2445 2187 2481 ad
2207 2446 2360 2482 exitum.

1371 2506 1445 2539 Nos
1467 2503 1616 2538 interim
1634 2503 1680 2538 ad
1697 2504 1800 2551 quod
1818 2505 2009 2549 venimus,
2030 2504 2064 2540 in
2084 2518 2129 2540 eo
2146 2518 2364 2553 permanea-

316 2568 451 2596 sanctse.
474 2561 576 2596 carni
603 2561 800 2596 conferens
824 2561 861 2596 in
892 2562 1048 2598 solemni
1074 2571 1307 2599 sacramento
1323 2563 1356 2596 D
1372 2574 1474 2606 mus;
1496 2570 1680 2609 quatenus
1697 2575 1740 2597 cx
1759 2563 1829 2598 hoc
1849 2563 1966 2610 gradu
1981 2591 1990 2607 ,
2010 2577 2094 2599 cum
2117 2564 2235 2600 otium
2258 2564 2360 2600 dabi-

317 2619 546 2667 spiritualcm
565 2620 765 2655 efficaciam
785 2619 830 2655 ad
849 2620 1093 2657 vivificandos
1110 2623 1201 2657 tanti
1217 2635 1306 2670 par-

319 2678 447 2726 ticipes
466 2678 644 2726 mysterii.
674 2681 877 2714 Formosus
904 2692 994 2727 ergo
1031 2680 1066 2715 in
1098 2682 1213 2725 stola,
1236 2681 1308 2716 hoe

318 2744 395 2781 est,
418 2737 452 2772 in
475 2750 586 2772 carne
607 2750 698 2781 sua;
722 2737 785 2772 scd
809 2738 927 2773 multo
956 2739 1157 2775 formosior
1186 2740 1220 2774 111
1245 2752 1305 2775 as-

320 2805 470 2844 sumpto
497 2797 650 2846 spiritu,
681 2797 744 2845 qui
771 2797 898 2844 utique
924 2811 1034 2833 carne
1057 2799 1306 2847 praestantior,

320 2854 406 2901 quia
426 2854 548 2889 Verbo
567 2855 736 2891 vicinior.
759 2859 801 2891 lit
830 2856 866 2891 iu
898 2856 967 2892 hoc
987 2857 1120 2905 spiritu
1153 2865 1304 2892 unctum

316 2925 401 2947 eum
421 2913 585 2961 intellige
603 2925 679 2961 pra}
702 2914 941 2949 consortibus
956 2915 1056 2950 suis:
1075 2915 1201 2959 idest,
1228 2929 1302 2952 11011

319 2969 432 3005 modo
454 2983 529 3018 prce
551 2971 633 3006 liliis
654 2971 848 3007 bominum
865 3001 873 3017 ‚
890 2973 1077 3009 sedetiam
1097 2987 1174 3022 pra·
1188 2978 1307 3020 Ange-

324 3029 444 3064 lorum
472 3030 692 3077 agminibus.
725 3030 861 3076 Quidni
895 3041 1029 3068 unctus
1057 3033 1103 3069 sit
1130 3046 1204 3081 prce
1236 3033 1306 3068 illis

322 3087 406 3122 oleo
432 3088 576 3135 gratim,
598 3088 661 3136 qui
691 3101 764 3123 nou
793 3089 886 3123 sicut
910 3090 969 3124 alii
999 3090 1304 3139 participatione,

319 3146 381 3180 sed
402 3146 583 3194 personali
606 3147 742 3181 unione
759 3147 956 3183 uberrimae
974 3149 1022 3183 illi
1042 3158 1234 3185 consertus·
1252 3158 1306 3184 est

372 3264 469 3294 ι15111.
491 3277 587 3299 111111,
617 3269 642 3296 1,
660 3285 666 3287 Α

1373 2629 1446 2665 tur,
1471 2620 1516 2656 ad
1535 2621 1667 2656 altiora
1689 2629 1919 2658 transeamus
1939 2623 2115 2671 mysteria
2135 2623 2264 2671 sponsi
2286 2626 2358 2659 Ec-

1371 2680 1490 2715 clesiae
1504 2683 1592 2715 Jesu
1609 2680 1764 2723 Christi,
1783 2681 1846 2729 qui
1864 2681 1956 2717 vivit
1973 2690 2009 2717 et
2031 2690 2160 2730 regnat
2175 2682 2211 2717 in
2230 2682 2362 2717 saecula

1373 2739 1608 2774 saeculorum.
1635 2744 1768 2775 Amen.

723 3266 1078 3304 ’1(1.λ1,111,13,19.
1097 3286 1136 3290 Ἀ·
1156 3266 1274 3298 3.]01111.
1296 3271 1420 3306 11,ϋ’1.
1440 3270 1647 3302 -40111110
1670 3283 1700 3307 i,
1723 3276 1753 3302 2.
