2504 3928
344 153 405 187 lUl

1100 153 1389 188 GtLIAEBER‘rt
1421 154 1615 188 ,means

337 233 443 262 emim
464 231 594 275 glor-ae
609 233 683 274 ejus
707 234 729 262 ¹.
749 231 766 263 Χ
782 226 887 262 idetis
908 240 982 275 quo
1010 228 1111 264 lactis
1139 242 1227 265 usus
1255 229 1322 264 ad-
1342 228 1373 245 ⁰⁰
1391 230 1560 265 mittitur.
1586 234 1730 279 Raptus
1749 239 1825 275 est,
1849 231 1935 279 quia
1952 231 2132 280 sapientia
2154 233 2217 268 Dei
2243 233 2379 270 immu-

2307 157 2375 191 192

335 286 472 322 ducat?
495 288 540 320 I'!
555 289 768 332 ‹pub-mini,
791 286 922 333 iuquit,
943 285 989 320 ul}
1009 290 1318 336 introitaglor-ire.
1341 287 1368 319 Λ
1390 289 1480 324 tavit
1505 299 1653 324 sensum
1684 289 1792 325 illius.
1815 289 1902 325 ldeo
1925 298 2052 338 raptus
2073 290 2108 325 in
2135 291 2283 327 tertium
2305 305 2381 327 eoe-

341 351 395 382 An
426 359 499 381 non
533 345 596 380 tibi
619 344 794 380 videntur
819 344 935 380 ubera
955 346 1083 394 sponsi
1111 348 1254 396 epulari
1277 347 1324 383 ab

340 405 494 440 introitu
513 404 656 451 gloriae,
675 417 758 451 (pue
782 404 877 439 sicut
898 404 1042 440 liinnuli
1061 415 1264 454 pascuntur
1288 407 1323 442 in

340 463 441 507 liliis,
456 463 575 498 donec
591 463 727 511 aspiret
746 462 842 506 dies,
859 471 895 498 et
917 463 1142 500 inctiiwnun·
1159 465 1325 501 umbrse?

341 527 459 570 Quam
479 522 639 557 dulciter
656 531 841 569 suguutur
860 522 975 559 ubera
993 537 1075 572 quse
1095 525 1146 559 sie
1171 538 1326 574 pascun-

340 590 410 623 tur,
436 580 549 616 ubera
572 580 617 616 de
638 582 731 617 c‹1·lo
751 582 883 630 plena,
897 583 983 630 quia
998 583 1212 619 cwlestibus
1228 585 1324 620 rcl'e-

337 648 393 675 cta
407 640 442 675 in
460 640 561 675 liliis!
582 643 666 688 Ipsa
683 640 843 675 liliorum
864 641 1060 688 fragrantia
1080 643 1207 690 pascit.
1223 643 1326 679 Odor

337 713 468 735 eorum
501 698 572 735 cibi
605 699 759 747 gratiam
790 707 901 736 tenet.
928 700 1032 737 Odor
1058 701 1155 737 cnim
1174 702 1325 750 quidam

339 760 481 796 fructus
516 768 570 795 est
600 772 607 793 ε
638 761 737 806 ligo,
773 760 894 808 inquit
908 787 918 804 ,
951 765 1056 808 quasi
1088 763 1172 796 vitis
1193 761 1329 808 ¹frueti-

327 820 442 866 ficam'
470 825 682 855 suavitatem
713 822 836 854 odoris
859 825 884 855 ².
919 820 1010 856 Vide
1042 820 1235 869 quomodo
1264 824 1330 856 Sa-

340 879 480 927 pientia
497 878 652 914 odorem
671 891 779 914 suum
806 878 842 913 in
863 878 1046 914 fructibus
1067 887 1227 927 reputat.
1247 879 1330 927 Spi-

340 938 482 974 ritualis
510 937 577 973 iste
597 937 701 973 cibus
721 945 798 980 est,
825 937 875 972 nil
899 936 1040 973 liabens
1066 937 1328 985 corpulentiae,

1390 348 1480 390 lum,
1496 348 1529 382 in
1550 347 1685 382 coelum
1704 347 1958 396 intelligentia:
1980 362 2098 397 purte,
2118 349 2217 385 unde
2235 349 2379 386 umbra*

1390 411 1425 442 et
1457 406 1651 453 :enigmata
1677 406 1806 454 procul
1845 406 2012 455 ablegata
2046 416 2144 444 sunt.
2180 409 2380 445 Inferiores

1391 474 1476 501 sunt
1505 465 1670 507 mnbrm,
1692 474 1727 500 et
1752 465 1938 502 reclinatae
1964 466 2128 515 quodam
2155 467 2269 503 modo
2297 467 2379 516 ejus

1393 533 1581 573 respectu,
1603 525 1665 573 qui
1688 525 1723 560 in
1741 525 1875 561 coelum
1900 526 2056 574 rapitur.
2079 530 2222 575 Raptus
2244 526 2280 562 in
2298 541 2378 562 coe-

1393 585 1467 619 lum
1486 592 1539 619 est
1554 611 1562 626 ‚
1586 591 1714 632 raptus
1731 592 1766 619 ct
1785 584 1820 619 in
1840 583 2066 633 paradisum.
2084 584 2301 620 Serenitatis
2322 586 2377 621 lo-

1392 656 1456 678 cus
1475 651 1529 678 est
1558 643 1692 678 coelum
1708 670 1718 687 ,
1740 643 1934 692 paradisus
1955 643 2204 692 voluptatum.
2224 643 2381 680 Pulchre

1392 701 1429 736 in
1459 709 1661 749 utrumque
1695 702 1859 750 rapitur,
1893 715 1938 736 eo
1967 701 2070 750 quod
2101 701 2306 750 semiplena
2338 703 2384 738 sit

1396 760 1665 808 contemplatio
1679 788 1687 803 ‚
1711 773 1794 808 qua:
1811 761 1992 796 alterutro
2010 768 2121 796 caret.
2147 761 2316 809 Denique
2345 761 2382 796 in

1395 818 1557 867 quodam
1571 819 1743 868 paradiso
1757 819 1974 855 deliciarum
1987 827 2023 856 et
2039 820 2272 868 voluptatum
2287 820 2386 855 loca-

1395 885 1430 912 ta
1442 877 1603 922 videtur,
1619 891 1702 926 quze
1715 879 1878 927 pascitur
1889 879 1987 914 inter
2004 878 2098 922 lilia,
2112 878 2232 914 donee
2244 879 2383 927 aspiret

1394 934 1484 972 dies.
1511 941 1721 985 Antequam
1745 937 1882 985 aspiret
1900 936 1997 981 dies,
2023 949 2098 972 nox
2117 944 2184 972 est.
2204 936 2274 973 Sed
2307 950 2382 972 nox

339 1010 406 1033 nec
423 997 533 1032 dente
547 1005 676 1040 tactus,
693 1009 760 1032 nec
776 995 902 1031 labore.
919 1009 1080 1040 mansus,
1096 996 1159 1032 sed
1177 995 1330 1032 haustus
1348 998 1374 1031 13
1395 994 1464 1030 ista
1479 995 1706 1044 nescioquid
1719 995 1870 1031 videtur
1883 995 2019 1031 babere
2032 995 2103 1031 diei
2118 996 2234 1040 :N0.z·,
2247 996 2382 1044 inquit,

339 1057 484 1106 spiritu,
504 1057 591 1106 ipsis
607 1056 730 1092 statim
749 1055 928 1091 uberibus
946 1056 1106 1091 influens
1120 1084 1128 1100 ‚
1156 1064 1192 1091 et
1210 1054 1325 1091 ubera

342 1116 572 1152 distendens.
610 1115 717 1153 [Inde
745 1115 882 1151 etenim
906 1114 1124 1163 fragrantia
1155 1115 1332 1151 (licuntur

343 1180 535 1223 ungnentis
553 1179 701 1223 optimis
722 1173 748 1219 3,
766 1175 833 1210 nisi
851 1175 951 1223 quod
970 1175 1005 1210 in
1027 1174 1116 1223 ipsis
1138 1174 1184 1210 de
1199 1174 1331 1210 vicinis

341 1235 493 1271 haustus
529 1234 613 1270 liliis
651 1234 805 1283 spiritus
838 1233 1005 1279 redolet,
1039 1233 1160 1269 donec
1192 1233 1330 1282 aspiret

342 1293 442 1337 dies,
469 1302 506 1329 et
535 1293 764 1328 inclinentur
784 1291 953 1328 umbrae?

396 1354 432 1389 (5.
450 1352 566 1388 Dulce
583 1351 734 1400 quidem
756 1350 854 1386 inter
874 1350 948 1386 lilia
975 1357 1192 1399 exspectare
1215 1362 1330 1385 auro-

343 1424 423 1447 ram
452 1418 666 1458 surgentem
690 1422 697 1443 :
725 1416 761 1444 et
789 1408 886 1444 sorte
905 1408 1052 1444 vicinus
1073 1416 1129 1444 est
1153 1408 1231 1443 (lies
1254 1407 1331 1444 istis

343 1469 446 1514 liliis,
465 1477 500 1504 et
520 1469 616 1504 inter
633 1468 706 1503 lilia
724 1466 804 1515 ejus
827 1468 1042 1516 frequenter
1056 1481 1144 1503 aura
1161 1466 1332 1516 quaedam

343 1537 380 1564 et
399 1541 518 1577 vapor
537 1527 728 1572 hauritur,
754 1535 789 1562 et
813 1527 892 1575 ipse
920 1539 1080 1575 sponsus
1102 1527 1139 1562 in
1160 1526 1244 1562 liliis
1266 1539 1333 1575 pa-

345 1587 474 1630 scitur,
492 1586 554 1634 qui
572 1586 650 1634 ipse
676 1593 713 1621 et
739 1585 856 1620 lilium
874 1594 930 1621 est
950 1585 1177 1621 convallium
1193 1613 1202 1629 ,
1224 1593 1259 1621 et
1278 1585 1333 1620 lu-

347 1660 432 1682 men
465 1646 549 1681 diei.
578 1645 696 1680 Dulce
726 1653 781 1680 est
809 1658 898 1693 ergo
935 1644 1210 1694 compascendo
1248 1657 1332 1680 cum

346 1706 428 1755 ipso
461 1703 671 1754 pi·:estolari
696 1705 837 1753 ipsum,
870 1705 1076 1753 praestolari
1106 1704 1203 1740 inter
1234 1703 1332 1747 lilia,

1391 1057 1613 1090 illuminatio
1629 1068 1709 1089 mea
1729 1058 1765 1089 in
1779 1057 1919 1089 deliciis
1937 1059 2074 1089 meis-¹⁰.
2091 1054 2385 1090 Illuminationis

1397 1113 1535 1149 etenim
1553 1114 1672 1149 vicem
1692 1121 1821 1149 tenent
1840 1126 1884 1149 ex
1906 1121 2011 1162 parte
2031 1112 2184 1149 deliciae.
2203 1112 2384 1149 Pulcher-

1397 1173 1514 1208 riuius
1543 1172 1874 1221 contemplationis
1900 1173 2003 1208 locus
2034 1180 2109 1217 est,
2135 1170 2200 1207 ubi
2228 1171 2386 1220 simplex

1396 1231 1645 1268 consideratio
1664 1232 1747 1267 lidei
1759 1232 1928 1267 coelestes
1941 1239 1976 1267 et
1990 1231 2249 1267 suaveolentes
2262 1244 2386 1280 asper-

1394 1291 1446 1339 git
1465 1290 1641 1336 affectus,
1669 1299 1706 1326 et
1735 1290 1865 1327 aeterni
1891 1290 2044 1326 luminis
2070 1290 2226 1338 gratiam
2255 1290 2384 1338 spirat.

1395 1354 1478 1387 Non
1499 1358 1586 1385 sunt
1609 1350 1687 1385 istae
1708 1349 1848 1385 deliciae
1869 1362 1961 1397 quas
1978 1348 2107 1385 beatus
2126 1347 2199 1386 Job
2220 1361 2386 1384 comme-

1396 1421 1546 1444 morans
1564 1409 1609 1445 de
1627 1409 1808 1458 sapientia
1827 1408 1933 1454 dicit,
1955 1409 2043 1457 quia
2062 1422 2134 1444 nore
2154 1411 2334 1443 iuvenitur
2351 1411 2386 1442 in

1398 1476 1497 1503 terra
1517 1473 1675 1503 suaviter
1701 1472 1901 1502 viventc'um
1921 1473 1962 1503 ¹¹.
1984 1466 2162 1514 Quaedam
2196 1465 2388 1514 sapientiae

1396 1527 1523 1575 portio
1540 1535 1595 1562 est
1612 1527 1648 1562 in
1667 1526 1746 1562 istis
1766 1525 1922 1562 deliciis.
1941 1525 2142 1573 Quomodo
2154 1538 2230 1561 non
2245 1525 2388 1573 sapien-

1399 1586 1457 1621 tiae
1475 1587 1600 1634 portio
1621 1594 1695 1631 est,
1726 1584 1789 1621 ubi
1817 1585 1897 1634 ipsa
1927 1585 2064 1621 veritas
2084 1584 2253 1620 nondum
2283 1584 2389 1619 intel-

1400 1645 1507 1689 lecta,
1534 1644 1598 1681 sed
1615 1644 1693 1692 jam
1719 1644 1859 1680 credita
1887 1643 2046 1680 dulciter
2065 1644 2186 1692 sapit?
2205 1647 2299 1692 Ipsae
2316 1643 2389 1692 spi-

1400 1704 1549 1740 rituales
1569 1704 1709 1740 deliciae
1724 1703 1954 1752 experientia
1972 1703 2028 1739 sui
2053 1703 2139 1739 satis
2155 1702 2334 1747 edocent,
2352 1710 2388 1738 et

343 1764 465 1800 donec
487 1764 558 1799 diei
589 1764 715 1799 lumen
735 1763 885 1811 aspiret.
905 1767 1068 1812 Tempus
1095 1763 1188 1799 illud
1211 1763 1334 1799 decla-
1354 1762 1381 1797 C
1399 1771 1580 1812 quantum
1607 1762 1860 1811 expetendum
1880 1762 1925 1797 sit
1947 1761 2050 1810 quod
2076 1761 2122 1798 de
2145 1762 2233 1810 ipsis
2250 1769 2385 1805 restat,

342 1833 420 1869 rat,
450 1823 496 1859 de
521 1836 596 1871 quo
615 1823 752 1858 dicitur
778 1837 786 1858 ε

342 1887 464 1931 gloria
495 1890 559 1916 tua
589 1882 616 1915 4,
645 1884 749 1916 Tunc
780 1894 892 1917 verus
909 1889 946 1916 et
978 1890 1139 1917 {eternus
1155 1879 1335 1929 aspirabit

345 1942 443 1985 dies,
466 1954 549 1976 eum
579 1940 817 1987 aenigmatum
850 1941 887 1974 in
922 1940 1059 1987 quibus
1088 1939 1209 1974 adbuc
1230 1938 1334 1973 vide.-

345 2014 448 2041 mus,
477 1998 618 2035 umbrae
639 1997 932 2032 inclinabuntur.
956 1998 1085 2033 Plures
1115 1997 1173 2032 bie
1193 1995 1335 2032 umbrae

342 2068 429 2095 sunt
451 2074 458 2095 :
479 2057 611 2094 umbra
633 2056 804 2100 stillaciae,
827 2055 959 2092 umbra
981 2055 1177 2104 refrigerii,
1202 2054 1334 2089 umbra

815 1822 987 1857 Satialmr
1006 1836 1085 1857 cum
1115 1825 1335 1869 apparuerit

345 2120 484 2165 ligurae.
516 2119 558 2152 In
586 2115 706 2164 prima
735 2127 890 2163 serpens
919 2114 1078 2158 dormit;
1111 2114 1148 2149 in
1170 2111 1333 2148 secunda

345 2190 483 2226 sponsa
499 2175 678 2223 quiescit3
706 2174 742 2209 in
765 2173 871 2209 tertia
893 2186 1052 2221 sponsus
1069 2171 1261 2207 delitescit.
1281 2173 1334 2206 De

348 2236 468 2284 prima
489 2233 638 2277 dieitur,
657 2235 702 2267 In
721 2231 852 2267 (ambra
881 2233 1011 2266 dormit
1028 2230 1041 2252 ⁵
1061 2246 1068 2268 z
1086 2231 1132 2266 de
1150 2229 1313 2266 secunda
1326 2257 1335 2273 ,

346 2298 390 2330 In
410 2293 539 2329 umbra
557 2297 635 2337 ejus
646 2319 656 2334 ,
676 2305 783 2338 quem
805 2293 1112 2332 (lesirleraimrum,
1133 2292 1210 2324 sede
1227 2288 1242 2309 ⁰
1262 2301 1268 2322 :
1291 2288 1337 2323 (le

350 2353 470 2396 tertia,
492 2352 579 2401 quia
597 2355 780 2397 sapientia
801 2355 838 2384 ite
858 2354 1027 2395 mysterio
1047 2349 1283 2383 absconditur
1301 2354 1329 2382 7.

346 2416 485 2450 Omnes
506 2412 583 2447 istae
606 2409 889 2446 reclinabuntur
916 2408 1058 2445 unibrae
1084 2421 1167 2444 cum
1188 2407 1334 2456 aspira-

347 2472 440 2507 verit
462 2471 558 2515 dies,
585 2468 718 2505 umbra
738 2468 899 2513 fraudis,
920 2467 1054 2504 umbra
1075 2468 1182 2512 fidei,
1205 2466 1336 2502 umbra

1399 1831 1436 1858 et
1455 1830 1637 1870 quantum
1665 1820 1919 1870 respuendum
1940 1821 2122 1870 quidquid
2142 1821 2213 1857 illis
2233 1820 2369 1857 obstat.

1453 1881 1487 1917 7.
1509 1881 1594 1917 Tria
1614 1880 1673 1916 hic
1696 1879 1931 1916 observanda
1951 1888 2156 1916 occurrunt
2175 1894 2183 1916 :
2219 1887 2366 1929 tempus
2381 1907 2391 1924 ,

1401 1952 1518 1988 opus,
1548 1947 1584 1975 et
1622 1939 1737 1975 locus.
1767 1943 1948 1988 Tempus,
1979 1939 2016 1976 id
2044 1947 2099 1975 est
2124 1952 2218 1985 nox,
2245 1948 2392 1988 tempus

1400 1998 1536 2047 quietis
1563 2007 1599 2035 et
1628 1998 1834 2034 vacationis
1855 2007 1923 2034 est.
1954 2002 2058 2048 Opus
2090 1999 2304 2035 refectionis
2323 2007 2393 2044 est,

1401 2057 1488 2104 quia
1508 2065 1724 2104 pascuntur.
1742 2060 1862 2093 Locus
1876 2058 2132 2094 delectationis
2149 2067 2216 2103 est,
2230 2071 2275 2094 eo
2289 2058 2391 2107 quod

1402 2115 1499 2150 inter
1527 2115 1613 2150 lilia.
1635 2119 1726 2151 ,lure
1754 2115 1914 2151 distenta
1938 2116 1984 2151 ad
2013 2116 2192 2165 parvulos
2223 2125 2391 2165 reportat

1402 2173 1540 2219 ubera,
1570 2174 1634 2222 qui
1657 2174 1708 2209 sic
1729 2175 1905 2222 pascitur,
1938 2175 2002 2223 qui
2026 2175 2063 2210 in
2085 2175 2390 2211 meditationibus

1403 2233 1567 2281 pascitur
1585 2232 1669 2268 lidei
1681 2259 1690 2277 ‚
1712 2233 1916 2277 liberrime,
1932 2233 2133 2278 uberrime,
2151 2234 2390 2283 voluptuose.

1403 2295 1513 2327 Putas
1534 2291 1635 2340 quod
1652 2292 1827 2327 Salomon
1846 2292 1882 2327 in
1899 2292 2000 2327 omni
2018 2293 2135 2340 gloria
2155 2305 2221 2328 sua
2238 2293 2394 2329 vestitus

1400 2359 1455 2386 est
1472 2351 1566 2386 sicut
1587 2363 1743 2399 sponsa,
1763 2364 1846 2399 quae
1868 2351 1964 2387 inter
1985 2351 2059 2387 lilia
2078 2352 2267 2399 pascitur?
2281 2355 2388 2400 Quo-

1402 2409 1516 2445 modo
1537 2422 1612 2445 non
1634 2410 1795 2457 gloriose
1824 2410 1981 2455 vestita,
2009 2410 2145 2446 vallata
2165 2410 2275 2446 liliis?
2298 2413 2390 2447 Nam

1402 2469 1468 2504 etsi
1486 2467 1618 2504 umbra
1633 2467 1810 2503 obscurat
1827 2468 1988 2517 speciem
2001 2497 2009 2513 ,
2027 2469 2138 2504 sentit
2156 2477 2278 2505 tamen
2297 2469 2391 2505 odo-

346 2530 526 2579 mysterii.
548 2533 652 2565 Tunc
671 2528 741 2564 erit
770 2527 902 2564 umbra
933 2528 1053 2572 nulla,
1083 2527 1170 2576 quia
1202 2527 1337 2562 veritas
1357 2531 1386 2564 D
1406 2540 1502 2571 rem,
1533 2527 1645 2563 sentit
1668 2527 1976 2563 vestimentorum
2007 2528 2247 2575 fragrantiam
2267 2541 2275 2562 z
2295 2536 2333 2564 et
2352 2529 2390 2564 in

347 2590 458 2628 nuda.
472 2593 576 2625 Tunc
593 2601 681 2635 ergo
703 2586 1000 2632 reclinabuntur,
1020 2600 1103 2635 quae
1124 2586 1237 2621 modo
1253 2593 1340 2621 sunt

347 2651 530 2686 exaltatae.
568 2648 687 2684 Vultis
726 2660 834 2683 nosse
875 2660 986 2695 quam
1029 2647 1146 2682 altae?
1186 2649 1340 2693 Operuit

349 2719 489 2745 montes
517 2706 647 2743 umbra
677 2712 755 2752 (jus
787 2705 814 2742 ⁸.
843 2709 998 2754 Magnus
1034 2718 1141 2741 mons
1172 2705 1304 2741 Paulus
1329 2719 1336 2739 z

351 2777 524 2818 opertum
556 2776 676 2803 tamen
702 2767 769 2802 bac
789 2765 921 2802 umbra
941 2780 979 2802 se
999 2766 1109 2810 dicit,
1137 2773 1280 2800 tantum
1302 2764 1337 2800 in

351 2828 503 2878 speculo
533 2835 568 2862 et
595 2827 790 2875 :enigmate
819 2826 951 2862 videns
971 2833 999 2861 5⁷.
1020 2829 1177 2874 Magnus
1209 2837 1335 2867 mons,

351 2896 387 2923 et
408 2895 530 2922 tamen
552 2885 655 2921 facile
675 2893 802 2934 raptus
821 2885 857 2920 in
886 2885 1035 2920 tertium
1056 2884 1206 2920 coelum.
1236 2883 1338 2919 Felix

353 2954 501 2995 raptuS,
525 2953 561 2980 et
590 2944 708 2979 multo
740 2943 882 2979 felicior
910 2944 996 2989 illo,
1034 2956 1109 2992 quo
1137 2955 1243 2977 mons
1278 2942 1339 2977 ille

350 3004 586 3052 evangelicus
608 3003 654 3038 ad
673 3003 942 3052 Apostolorum
964 3003 1161 3052 imperium
1180 3001 1217 3037 in
1239 3014 1338 3037 mare

407 3137 413 3150 ¹
446 3129 512 3160 lsai.
539 3139 634 3164 ωσι,
662 3132 719 3163 tt),
748 3132 798 3158 ΙΙ.
840 3148 850 3149 ἡ
883 3134 893 3148 ²
921 3127 1014 3158 ticeli.
1034 3139 1126 3165 xxiv,
1149 3131 1200 3157 223.
1232 3145 1267 3148 ⁷-

349 3183 363 3203 s'
381 3182 497 3214 Cantie.
517 3194 558 3218 ιι,
591 3185 621 3212 3.
645 3201 660 3204 -
678 3200 685 3203 <

354 3247 469 3269 xxviii,
492 3239 542 3265 153.
580 3233 779 3263 *¹¹Jacobi
804 3236 899 3267 1.17.

1406 2586 1460 2621 liis
1496 2586 1686 2635 sapientiae
1715 2587 1820 2635 quasi
1859 2587 1991 2622 samam
2031 2587 2234 2631 odoratur,
2272 2586 2392 2622 donec

1405 2647 1538 2695 aspiret
1565 2645 1661 2690 (lies,
1682 2654 1717 2681 et
1739 2646 1968 2681 inclinentur
1984 2645 2153 2688 umbrfe3
2177 2645 2215 2681 id
2232 2653 2299 2689 est,
2319 2645 2393 2681 do—

1406 2718 1473 2740 nee
1488 2705 1623 2753 aspiret
1641 2704 1737 2748 dies,
1760 2713 1796 2740 et
1819 2705 2070 2754 sempiternus
2087 2704 2177 2740 dies.
2200 2703 2390 2751 Quamdiu

1405 2764 1482 2800 dies
1503 2772 1539 2799 et
1560 2777 1633 2799 nox
1658 2764 1755 2799 vices
1780 2763 1983 2809 alternant,
2005 2777 2081 2799 non
2103 2762 2278 2798 videntur
2306 2775 2393 2798 um-

1405 2822 1481 2859 brae
1502 2823 1687 2858 reclinatae
1704 2836 1748 2858 ex
1769 2830 1866 2867 toto,
1885 2823 1973 2859 (lum
1990 2831 2126 2859 statum
2149 2821 2301 2857 habent.
2317 2820 2391 2857 Ubi

1404 2895 1493 2931 ergo
1516 2882 1701 2917 reclinata?
1722 2884 1839 2921 sunt?
1863 2882 1975 2931 Apud
2004 2885 2150 2918 Patrem
2178 2880 2306 2929 utique
2333 2881 2392 2916 lu-

1407 2943 1529 2985 minis,
1549 2941 1647 2990 apud
1669 2955 1779 2990 quem
1801 2955 1875 2977 non
1899 2951 1953 2978 est
1976 2941 2240 2978 vicissitudinis
2257 2939 2394 2976 obum-

1405 3000 1526 3037 bratio
1543 3001 1722 3036 ¹².(‘)mnis
1735 3001 1948 3036 vicissitudo
1967 2999 2268 3037 obumbrationis
2280 2999 2395 3034 instar

1298 3124 1442 3157 3Cantie.
1463 3137 1494 3162 ι,
1524 3130 1554 3156 2.
1580 3145 1621 3149 —
1650 3126 1663 3150 7¹
1690 3126 1769 3156 l‘sal.
1795 3136 1872 3161 xvi,
1902 3128 1952 3154 15.
1977 3142 2021 3146 —-
2053 3122 2066 3144 5
2094 3123 2156 3155 Job
2183 3135 2237 3159 ιη,
2273 3126 2323 3154 ¹0.
2353 3140 2396 3145 —-

710 3187 723 3210 7
748 3184 759 3211 1
786 3183 856 3211 (lor.
876 3192 912 3218 ιι,
939 3185 968 3212 7,
995 3198 1035 3203 -—-
1061 3181 1073 3199 ⁵³
1094 3181 1170 3209 tuat.
1199 3191 1310 3213 [xxix.
1333 3184 1381 3209 11.
1400 3198 1438 3201 —
1457 3183 1585 3209 911301:
1606 3190 1682 3215 xiii,
1704 3182 1754 3208 12.
1771 3197 1813 3200 —
1837 3178 2138 3213 '‘¹1‘sat.‹:‹xxvm‚
2166 3180 2214 3207 11,
2231 3195 2267 3199 »-
2292 3181 2318 3196 ¹¹
2333 3175 2396 3206 Job
