2418 3949
124 128 196 164 377

881 126 1162 163 TRACTATUS
1193 129 1416 164 ASCETICI.

122 205 186 255 qui
204 205 364 241 necdum
386 203 509 241 dicere
529 203 661 254 possit,
682 205 817 239 Renuit
832 207 1014 240 consolari
1032 207 1117 238 cmi-
1133 203 1158 220 ¹⁸

2113 129 2187 164 :378

1164 202 1263 239 “non
1285 204 1434 249 oculus,
1457 216 1531 239 non
1555 215 1619 252 pes
1641 210 1726 239 tuus
1748 203 1997 241 scandalizat:
2017 205 2183 255 alioquin

123 279 186 301 ma
217 278 325 308 mca;
350 278 489 300 memor
503 263 564 312 fici
593 265 682 308 Del,
714 272 749 299 et
775 265 976 299 delectatus
996 276 1074 299 sum
1088 269 1112 299 ¹.
1134 269 1165 302 A
1181 264 1353 312 quamvis
1373 276 1457 299 cum
1478 263 1611 299 dolore
1631 262 1932 300 abscindendum
1950 273 1986 301 et
2003 278 2182 314 separan·

129 327 267 360 Omnia
284 338 434 373 possum
453 328 491 359 in
513 338 555 359 eo
570 328 634 371 qui
651 336 710 358 me
728 336 796 358 con
817 332 912 358 artat
933 322 1073 358 Christo
1087 327 1114 357 ².

124 384 390 432 Quaesiverunt
407 382 551 432 antiqui
569 391 694 432 patres
714 383 796 418 loca
811 381 977 427 horrida,
993 380 1116 426 arida3

124 451 166 479 ut
190 443 412 480 exercendae
432 442 615 480 haberent
637 442 873 479 abstinentiae
898 441 1089 478 materiam
1104 468 1114 486 ‚

124 511 162 539 et
192 503 429 540 distendendi
463 516 532 553 per
566 501 838 540 sollicitudines
881 501 996 538 animi
1038 513 1115 536 non

124 561 307 599 haberent
332 576 493 599 causam.
521 562 716 612 Corporali
750 560 1008 610 indulgentius
1037 572 1117 595 sese

124 620 244 658 labori
285 620 571 670 impenderunt,
610 629 652 657 ut
681 629 718 657 et
748 619 871 656 cordis
905 618 1116 656 libertatem

124 679 380 730 possiderent,
416 689 453 717 et
491 693 621 728 vagam
660 680 843 716 evitarent
883 678 1119 715 discurrendi

122 740 324 785 levitatem,
351 739 460 776 simul
479 747 515 775 et
539 738 785 788 conquirendi
823 737 1118 788 improbitatem.

120 798 293 847 Denique
313 798 398 848 plus
422 811 600 834 manuum
615 797 794 842 artificio,
818 810 929 846 quam
941 810 1118 847 agrorum

123 857 225 893 cultu
243 857 358 893 vitam
382 856 652 906 transigebant;
684 857 807 894 tenuis
826 857 1015 906 angustias
1030 855 1119 893 sub-

124 917 267 953 stantiae
288 917 345 967 (ut
362 930 438 953 non
460 916 581 953 dicam
603 917 757 964 nullius)
774 917 881 953 lucro
899 917 1036 966 quietis
1062 917 1119 952 le-

1183 322 1272 359 dum
1286 331 1365 359 erat
1380 323 1506 372 potius
1520 322 1731 359 membrum
1746 336 1766 359 a
1782 323 1902 373 capite
1915 352 1924 368 ,
1943 336 2055 372 quam
2071 332 2185 373 caput

1182 395 1203 417 a
1223 395 1394 431 corpore.
1420 382 1567 418 Nullam
1587 395 1677 430 ergo
1704 382 1742 418 in
1762 382 1819 418 his
1851 381 1967 419 habes
1983 382 2182 420 deserendi

1183 440 1376 476 materiam
1415 440 1538 476 officii.
1572 443 1684 477 Forte
1716 440 1922 489 injuriosus
1956 441 2109 487 videar,
2145 450 2183 478 et

1183 499 1294 535 nimis
1312 499 1444 535 molles
1461 498 1594 535 afferre
1611 499 1908 544 consolationes,
1938 499 2087 536 erudito
2115 513 2183 536 ex—

1183 559 1417 606 ercitatoque
1438 557 1611 606 indignas
1633 557 1772 593 animo.
1793 558 1891 606 Quid
1906 559 2026 605 enim,
2051 560 2079 596 si
2096 572 2188 609 pau-

1185 627 1309 667 pertas
1336 615 1549 660 incumbat,
1575 616 1604 651 si
1638 615 1807 664 injuriae,
1843 617 1872 652 si
1903 618 2120 663 calumniae,
2158 619 2188 655 si

1186 676 1240 712 rei
1260 675 1388 725 inopia
1411 675 1620 720 familiaris,
1640 674 1717 709 imo
1752 675 1965 710 communis
1978 704 1987 720 ‚
2023 677 2053 712 si
2073 676 2185 725 liujus

1185 735 1295 772 etiam
1330 734 1469 784 inopiae
1504 733 1688 783 direptio,
1712 733 1741 770 si
1777 746 1797 769 a
1823 733 1939 769 latere
1973 735 2183 783 periculum

1185 795 1223 831 in
1244 795 1343 831 falsis
1357 803 1533 844 erumpat
1551 792 1757 830 fratribus?
1772 792 2094 830 succumbendum
2116 796 2187 831 erit

1185 855 1268 891 viro
1300 854 1387 891 sorti
1418 862 1454 890 et
1477 853 1577 889 fideli
1598 855 1612 889 Ξ)
1633 852 1844 888 cedendum
1875 852 1977 899 loco,
2002 861 2039 888 et
2060 863 2191 890 contra

1184 915 1288 951 Pauli
1309 914 1496 950 monitum
1528 912 1737 949 deserenda
1759 913 1980 948 collectiot?
2002 916 2082 949 Imo
2103 915 2189 963 qui-

125 984 255 1013 vantes
280 991 287 1012 ;
307 977 449 1026 quippe
476 977 606 1028 paucis
632 977 826 1023 contenti,
846 977 906 1013 vel
927 975 1117 1025 affligendi
1137 978 1165 1012 B
1185 973 1268 1010 dem
1302 973 1465 1010 tenenda
1485 981 1521 1009 et
1550 972 1689 1009 tuenda
1711 980 1813 1008 tanto
1834 972 2017 1021 amplius,
2049 982 2191 1021 quanto

124 1036 315 1085 corporis,
338 1036 396 1072 vel
427 1037 641 1073 recreandae
676 1037 812 1074 mentis
841 1037 971 1086 gratia.
997 1035 1119 1073 Anxie

125 1096 308 1144 siquidem
331 1104 368 1132 et
385 1096 518 1133 misere
535 1110 601 1133 eor
618 1096 843 1133 distenditur
869 1104 907 1132 et
939 1095 1118 1132 distrahi-

126 1162 210 1200 tur,
229 1155 288 1191 cui
317 1155 434 1192 multa
461 1155 707 1205 providendi,
735 1164 771 1192 et
800 1156 840 1192 in
867 1155 1118 1204 longinquum

125 1214 309 1251 incumbit
321 1216 531 1252 necessitas.
551 1217 772 1254 Servierunt
789 1216 843 1252 illi
857 1216 1018 1265 tempori
1037 1228 1119 1260 suo,

125 1286 193 1310 nos
209 1283 339 1311 nostro
360 1276 578 1312 serviamus.
598 1279 686 1312 Haec
706 1283 834 1312 nostra
850 1283 938 1311 aetas
960 1275 997 1310 in
1016 1274 1120 1310 dete-

125 1333 201 1370 rius
232 1335 412 1384 vergens,
441 1335 534 1371 alios
561 1335 686 1371 attulit
714 1347 852 1370 mores.
882 1333 1120 1371 Providenda

125 1405 226 1429 nunc
255 1403 342 1430 sunt
361 1393 670 1444 permanentibus
697 1394 873 1442 copiosa,
908 1392 1119 1439 adventan—

126 1451 226 1489 tibus
253 1454 413 1490 curiosa.
443 1457 519 1490 Nec
549 1453 617 1489 hos
644 1453 728 1489 dico
756 1452 1034 1497 adventantes,
1053 1452 1119 1500 qui

126 1512 323 1549 saeculares
343 1521 451 1549 sunt:
473 1512 565 1562 quid
583 1513 682 1548 enim
705 1511 794 1548 mihi
811 1511 857 1548 de
872 1512 929 1547 his
949 1511 1013 1559 qui
1030 1510 1120 1546 foris

126 1580 239 1617 sunt,
258 1571 455 1621 judicare?
480 1573 658 1620 Quamvis
687 1585 755 1608 nec
782 1571 883 1621 apud
906 1571 991 1607 illos
1013 1570 1121 1606 solita

127 1639 300 1668 teneatur
326 1633 508 1669 districtio
524 1660 533 1677 ,
555 1645 651 1681 aegre
671 1631 723 1668 ibi
748 1632 909 1668 ferentes
931 1631 1097 1679 inopiam
1111 1659 1120 1675 ,

125 1689 190 1726 nbi
207 1703 334 1728 rerum
355 1692 525 1728 omnium
544 1691 672 1740 copias
689 1690 929 1727 arbitrantur.
945 1690 1016 1727 Sed
1033 1689 1122 1739 quid

1185 1033 1436 1083 periculosior
1466 1031 1646 1068 institerit
1675 1031 1767 1067 dies.
1799 1031 1972 1080 Denique
2004 1032 2080 1067 sere
2114 1032 2193 1068 haec

1185 1093 1311 1129 omnia
1330 1090 1584 1128 transcurristi
1605 1099 1918 1127 testamentorum
1936 1103 2077 1140 genera
2095 1106 2102 1127 :
2122 1093 2188 1140 qni

1185 1166 1276 1189 vero
1309 1153 1346 1189 in
1379 1152 1507 1189 arduis
1538 1151 1757 1197 cucurristi,
1782 1150 1967 1199 numquid
1994 1151 2032 1187 in
2066 1152 2190 1200 planis

1186 1213 1431 1249 effundentur
1444 1224 1592 1261 gressus
1613 1212 1667 1248 tui
1682 1213 1696 1247 Ρ
1711 1219 1777 1247 aut
1797 1211 1862 1260 qui
1882 1223 1992 1260 egere
2009 1210 2186 1257 didicisti,

1185 1272 1379 1309 abundare
1399 1272 1561 1317 nescies3
1582 1285 1666 1308 cum
1684 1271 1800 1308 Paulo
1814 1271 1983 1307 esuriens
1996 1300 2004 1314 ‚
2021 1270 2085 1307 sed
2102 1284 2186 1307 cum

1186 1332 1301 1367 Paulo
1322 1332 1505 1368 saturaria
1523 1330 1561 1366 ⁵?
1580 1335 1661 1367 Imo
1683 1339 1846 1380 utroque
1869 1330 1907 1366 in
1927 1343 2064 1380 genere
2092 1330 2189 1368 bene

1186 1392 1350 1427 instituti
1382 1392 1498 1427 animi
1546 1391 1772 1427 documenta
1806 1389 2024 1440 praebuisti3
2071 1404 2193 1427 susec-

1186 1461 1291 1500 ptum
1321 1450 1620 1487 conversationis
1652 1450 1724 1486 iter
1761 1450 1966 1495 continuo,
2004 1462 2187 1499 nusquam

1186 1511 1389 1560 interrupti
1405 1511 1551 1559 ¹tenoris
1573 1510 1634 1545 filo
1671 1508 1873 1545 deducens.
1910 1512 1988 1558 Ego
2013 1522 2104 1546 vero
2134 1510 2192 1546 his

1188 1569 1408 1607 fortioribus
1436 1569 1603 1614 omissis,
1635 1568 1815 1604 mediocri
1845 1568 2020 1604 incedere
2047 1569 2129 1613 via,
2156 1578 2192 1605 ct

1188 1642 1230 1666 ea
1250 1641 1548 1665 commemorare
1561 1626 1591 1673 ¹¹,
1609 1627 1886 1676 inquietudinis
1909 1641 1929 1663 a
1951 1636 1985 1663 te
2005 1641 2089 1677 quae
2109 1642 2192 1665 cau-

1189 1702 1246 1725 sas
1277 1696 1531 1725 amoverent:
1559 1700 1644 1724 cum
1678 1687 1859 1723 altissima
1894 1687 1932 1722 in
1966 1696 2189 1736 paupertate

124 1749 208 1786 illos
228 1763 522 1788 commemorem
539 1779 548 1796 ,
571 1763 734 1800 quorum
756 1750 848 1787 deus
867 1758 1000 1787 venter
1017 1747 1122 1786 est3?
1142 1751 1168 1786 C
1190 1749 1358 1798 quietum
1391 1756 1426 1784 te
1458 1760 1608 1797 semper
1642 1746 1892 1792 audierimus,
1926 1746 2011 1796 plus
2046 1747 2118 1783 fide
2155 1756 2191 1783 et

124 1810 200 1858 Ipsi
237 1810 473 1848 abstinentiae
504 1811 736 1861 professores
768 1819 804 1846 et
829 1809 1119 1860 praedicatores,

127 1868 198 1916 ipsi
213 1871 392 1918 primates
409 1870 575 1915 Ordinis,
597 1883 708 1920 quam
727 1870 906 1906 fastidiosi
927 1877 1014 1905 sunt
1033 1868 1123 1904 alie-

128 1928 186 1964 nis
205 1929 242 1965 in
265 1929 464 1967 domibus!
484 1943 595 1979 quam
617 1929 819 1979 exquisitas·
847 1937 883 1965 et
915 1928 1123 1965 elaboratas

129 1988 326 2026 artificiose
348 1990 547 2039 requirunt
578 1991 708 2039 epulas
726 1992 733 2025 !
751 1989 945 2039 quomodo
967 1997 1120 2025 contra—

130 2047 226 2084 hunt
244 2049 424 2093 frontem,
445 2057 647 2100 corrugant
679 2062 806 2094 nares,
824 2056 1000 2085 avertunt
1027 2061 1120 2084 oeu-

129 2107 204 2153 los,
230 2108 258 2144 si
281 2109 372 2158 quid
402 2110 525 2146 minus
545 2108 687 2158 lepide,
709 2109 831 2145 minus
853 2108 982 2143 festive
999 2120 1121 2157 appo-

129 2169 264 2203 natur!

186 2228 222 2263 5.
252 2227 322 2264 Sed
353 2228 530 2277 quoniam
563 2226 675 2276 hujus
700 2226 879 2276 temporis
909 2227 1048 2263 malitia
1071 2226 1121 2262 ita

129 2295 387 2337 comparatum
410 2295 484 2332 est;
506 2286 552 2323 ad
582 2295 784 2335 utrumque
815 2286 952 2322 sufficit
986 2297 1118 2321 manus

131 2356 212 2391 tua,
234 2355 276 2383 ut
297 2346 416 2395 possit
436 2346 545 2382 simul
573 2345 738 2381 ostentui
759 2344 900 2381 servire
915 2373 923 2388 ‚
942 2352 979 2380 et
1010 2344 1117 2389 usui;

129 2419 338 2456 pauperum
360 2405 589 2450 necessitati,
606 2414 642 2441 ct
659 2405 818 2441 divitum
836 2404 1001 2440 vanitati.
1019 2403 1117 2452 Quid

129 2466 334 2516 deinceps?
349 2467 477 2515 quales
498 2465 612 2502 habes
634 2466 810 2502 officiales
838 2466 980 2510 socios,
1004 2478 1116 2514 quam

131 2534 328 2570 strenuos,
362 2538 473 2574 quam
502 2524 734 2570 industrios,
772 2537 883 2573 qnam
922 2524 1122 2569 sollicitos,

133 2596 265 2633 quam,
295 2582 396 2632 quod
423 2583 584 2632 primum
607 2592 680 2628 est,
703 2583 940 2620 fideles?Vix
967 2582 1124 2619 admini-

134 2642 294 2679 strandae
327 2643 524 2679 exterioris
555 2643 771 2680 substantiae
797 2644 843 2679 ad
877 2651 911 2679 te
940 2655 1121 2679 summam

133 2702 268 2739 deferri
291 2714 439 2738 necesse
459 2710 525 2738 est.
553 2705 744 2752 Nusquam
777 2702 851 2739 sere
880 2702 926 2738 de
947 2701 1123 2738 taberna—

134 2762 219 2798 culo
238 2762 389 2798 Domini
407 2761 616 2811 cgrederis3
638 2763 674 2798 in
694 2763 878 2806 conciliis,
898 2763 937 2800 in
961 2775 1122 2799 conven-

136 2821 273 2866 ticulis,
295 2822 330 2858 in
360 2821 544 2870 capitibus
571 2822 795 2871 platearum,
830 2821 893 2859 ubi
915 2822 1029 2858 modo
1046 2822 1124 2858 (lis-

135 2880 234 2929 persi
248 2888 333 2917 sunt
350 2879 490 2930 lapides
503 2881 701 2917 sanctuarii
723 2880 805 2930 (etsi
827 2881 878 2917 tui
894 2880 1121 2930 aliquoties),

136 2948 175 2975 tu
197 2939 382 2975 rarissime
402 2938 552 2975 videris.
577 2943 751 2990 Magnum
771 2941 807 2976 in
834 2940 904 2976 hoc
920 2953 1124 2988 argumen-

137 3007 213 3035 tum
228 3027 237 3044 ,
261 2998 327 3035 tibi
349 3012 422 3035 non
443 3008 583 3049 gratam
603 2999 902 3049 inquietudinem
920 3028 929 3044 ‚
951 3007 987 3034 et
1005 3012 1123 3035 remo-

137 3067 207 3095 tam
236 3058 463 3109 procedendi
495 3060 763 3096 necessitatem.
783 3063 833 3096 Τι·
859 3072 934 3095 non
969 3072 1120 3103 manus,

185 3193 190 3206 ¹
214 3187 289 3218 l'sal.
318 3198 414 3218 [xxvi
431 3212 437 3221 ,
465 3192 504 3223 3,
530 3191 554 3218 ἰ.
577 3206 615 3210 --
645 3194 654 3209 ²
673 3187 805 3228 Philipp.
831 3198 873 3219 n.
910 3192 955 3218 113.
980 3207 1016 3210 -—
1057 3186 1066 3207 3
1087 3187 1130 3217 ld.
1148 3197 1194 3220 ιιι,
1216 3189 1266 3217 19.
1299 3205 1322 3207 ⁷—
1356 3185 1465 3215 ῑΗιΙιι·
1495 3197 1525 3219 x.
1546 3190 1598 3216 75».
1618 3206 1655 3209 --

132 3251 242 3273 «xxvi,
265 3245 288 3270 1,

1188 1821 1299 1844 manu
1331 1808 1533 1852 nitentem,
1567 1819 1678 1856 quam
1710 1806 1768 1842 vel
1791 1805 1969 1854 pudenda
1998 1806 2188 1843 mendica-

1187 1867 1289 1904 tione
1302 1895 1311 1912 ,
1329 1867 1387 1903 vel
1405 1867 1506 1916 turpi
1525 1865 1813 1902 nundinatione.

1238 1929 1276 1964 6.
1296 1927 1368 1965 Sed
1395 1919 1573 1976 quoniam
1600 1926 1716 1962 multa
1741 1925 1788 1961 de
1819 1924 1994 1961 facilitate
2022 1924 2187 1962 admini-

1187 1987 1376 2024 strationis
1402 1986 1589 2031 diximus,
1616 1996 1852 2033 consequens
1876 1993 1931 2020 est
1956 1992 1995 2020 ut
2020 1983 2185 2022 admini—

1186 2047 1327 2083 strandi
1380 2045 1550 2096 peritiam
1596 2058 1672 2081 non
1714 2052 1959 2081 transeamus.
2006 2045 2184 2081 Peritiam

1186 2106 1330 2151 dicam,
1360 2118 1406 2142 an
1437 2105 1621 2155 gratiam?
1644 2104 1721 2140 imo
1748 2112 1784 2140 et
1813 2103 2006 2153 peritiam,
2037 2113 2075 2140 et
2098 2118 2186 2155 gra-

1187 2165 1286 2201 tiam.
1305 2169 1437 2214 Inepta
1453 2165 1523 2201 erit
1544 2162 1751 2213 quamlibet
1771 2172 1856 2212 apta
1883 2163 2036 2199 materia
2058 2164 2185 2214 impe—

1186 2225 1246 2260 riti
1269 2224 1367 2260 inter
1385 2236 1518 2260 manus
1541 2222 1720 2267 artificis;
1743 2222 1824 2271 ipsa
1850 2234 1942 2258 vero
1963 2223 2095 2271 peritia
2122 2233 2186 2260 aut

1186 2283 1395 2332 perniciosa
1415 2283 1504 2327 erit,
1529 2289 1593 2318 aut
1612 2281 1785 2317 inefficax
1798 2309 1807 2326 ,
1827 2281 1858 2317 si
1884 2281 2001 2330 gratia
2020 2281 2189 2332 dirigen-

1187 2351 1220 2379 te
1240 2342 1476 2379 destituatur.
1501 2341 1580 2378 Nisi
1607 2341 1708 2377 enim
1733 2341 1920 2377 Dominus
1946 2340 2188 2378 a‘dilicaverit

1185 2402 1339 2438 domum
1355 2430 1364 2447 ,
1384 2402 1420 2438 in
1435 2415 1571 2438 vanum
1593 2400 1765 2437 laborant
1781 2400 1846 2450 qui
1859 2399 2043 2436 aedificant
2062 2413 2142 2437 eam
2154 2404 2169 2420 ⁰

1185 2462 1345 2500 Collatas
1379 2461 1447 2498 tibi
1475 2461 1582 2498 dotes
1615 2461 1768 2497 forsitan
1799 2458 2053 2496 dissimulabis
2083 2474 2089 2495 :
2122 2461 2186 2497 sed

1140 2521 1172 2554 D
1189 2522 1290 2571 qnod
1309 2522 1497 2558 humilitas
1511 2521 1743 2565 dissimulat,
1762 2520 1902 2556 utilitas
1917 2519 2065 2555 clamat.
2089 2520 2188 2567 Quid

1190 2595 1290 2618 nune
1307 2594 1376 2630 ego
1391 2593 1682 2617 commemorem
1701 2579 1843 2629 praedia
1857 2606 1866 2622 ‚
1881 2578 1972 2627 quid
1992 2579 2186 2627 pecunias,

1189 2641 1280 2690 quid
1314 2654 1421 2685 vasa,
1455 2639 1545 2688 qnid
1568 2647 1712 2683 vestes,
1733 2638 1823 2687 quid
1851 2638 1971 2679 sedes,
2007 2637 2098 2687 qnid
2120 2638 2190 2674 lu»-

1191 2701 1328 2746 mines,
1351 2700 1441 2749 qnid
1465 2700 1591 2735 onmia
1613 2707 1650 2736 et
1675 2707 1781 2742 orta,
1814 2706 1849 2734 ct
1877 2707 1982 2733 ancta
2010 2698 2046 2733 in
2077 2711 2190 2736 manu

1192 2770 1273 2805 tua,
1294 2774 1376 2810 qna:
1399 2761 1456 2796 vel
1483 2773 1606 2796 rerum
1628 2759 1858 2796 exteriorum
1881 2766 1966 2794 sunt
1981 2786 1990 2801 ‚
2014 2758 2071 2793 vel
2103 2760 2192 2796 reli-

1191 2821 1334 2871 gi‹›nis;
1357 2834 1402 2856 ex
1421 2834 1497 2868 quo
1519 2828 1552 2856 te
1580 2819 1766 2856 Dominus
1790 2818 1917 2867 ligavit
1936 2817 1981 2853 ad
2006 2819 2188 2856 arandum

1192 2881 1273 2917 loco
1293 2894 1382 2924 suo,
1405 2880 1450 2915 ad
1477 2879 1766 2929 confringemlas
1781 2877 1908 2928 glebas
1935 2878 2087 2914 vallium
2108 2889 2188 2928 post

1190 2942 1417 2989 se?quanta
1449 2939 1594 2988 piarum
1627 2939 1789 2975 surrexit
1819 2951 1925 2988 seges
1954 2938 2162 2976 animarum
2180 2944 2193 2975 ἱἱ

1190 2999 1381 3049 quonmdo
1402 2999 1516 3035 valles
1546 3007 1616 3035 tua·
1645 2998 1839 3035 abundant
1874 2998 2082 3041 frumento,
2108 3002 2187 3038 l‘rn,

1192 3067 1318 3095 mento
1349 3058 1396 3094 de
1420 3070 1497 3107 qno
1524 3058 1682 3099 dicitnr.
1719 3061 1823 3104 Qm‘d
1848 3058 1980 3094 bonum
2011 3064 2104 3101 esus,
2131 3076 2194 3099 an(

1686 3185 1908 3227 5¹1¹liilipp.1x,
1933 3191 1979 3216 Ιῖῐ
2008 3206 2024 3212 -
2073 3193 2086 3205 ¹*
2114 3193 2190 3222 pt...-

1274 3242 1281 3251 Ἰ
1298 3238 1412 3278 Suppli·
1425 3262 1430 3270 ,
1449 3238 1584 3265 ιιι-πίνω
1675 3239 1688 3256 *¹
1704 3240 1818 3279 Suppli·
1833 3263 1838 3270 ,
1863 3237 1953 3267 rufa..
