2418 3949
125 164 198 201 657

123 240 231 278 cebat
251 255 258 277 :
285 243 336 276 Τιι
356 245 386 277 si
405 246 513 277 scires
543 243 679 277 donum
703 242 788 285 Dei,
812 250 847 276 et
872 248 957 290 qaas
977 251 1028 277 est
1049 240 1151 290 qui⁵¹

859 168 966 203 SIVE
995 167 1060 201 DE
1087 167 1228 201 MODO
1257 165 1458 201 ORANDI.

2102 169 2178 204 658

1240 241 1297 277 14.
1331 245 1465 278 Beatus
1498 242 1634 287 homo,
1672 242 1779 291 cujus
1806 243 1952 279 animus
1982 257 2003 279 a
2037 244 2181 280 caeteris

125 303 216 336 elisit
234 300 319 344 tibi,
341 304 401 336 Da
423 302 514 336 milei
539 300 681 344 bibere;
694 299 858 348 forsitan
875 306 1051 349 petiisses
1071 300 1118 336 ab
1137 300 1167 332 A
1186 299 1345 349 negotiis
1364 313 1527 345 vacuus,
1544 302 1581 337 in
1599 302 1655 337 his
1669 311 1833 350 quatuor
1844 301 2022 352 gradibus
2039 303 2181 340 versari

124 374 164 395 eo
182 374 317 408 aquam
333 365 468 396 vivam.
489 363 571 397 Hoc
586 359 716 396 audito
730 388 739 405 ,
762 360 868 409 quasi
890 373 935 396 ex
955 360 1116 396 lectione

124 420 259 456 mulier
288 420 471 455 instructa
492 447 501 464 ,
536 418 712 454 meditata
743 427 799 455 est
826 419 865 454 in
897 418 1012 454 corde
1049 430 1116 453 suo

122 478 265 515 bonum
291 478 361 514 sibi
395 479 474 514 fore
505 486 542 514 et
562 478 653 514 utile
680 477 818 514 habere
847 477 943 513 hanc
965 489 1113 525 aquarn.

122 543 290 574 Accensa
313 550 402 586 ergo
430 536 594 573 habendi
619 536 827 582 desiderio,
860 535 1050 572 convertit
1078 547 1116 570 se

122 596 168 632 ad
189 597 421 640 orationem,
445 596 572 631 dicens
595 609 602 630 ε
628 597 805 640 Domine,
825 597 874 630 (la
896 595 989 630 milei
1021 595 1117 629 ham:

122 669 259 704 aquam
273 683 284 700 ,
304 664 341 690 ιιΙ
361 668 434 690 non
456 659 583 689 sillam
605 658 787 702 amplius,
815 668 933 702 neque
963 657 1116 688 veniam

122 715 193 750 leuc
212 715 360 749 lecturire
381 727 516 760 aquam
533 720 559 748 ¹.
580 715 674 749 Ecce
694 713 842 750 auditus
862 712 968 749 verbi
986 712 1116 749 Domi-

122 773 181 819 ni,
202 781 239 809 et
258 784 418 821 sequens
441 785 556 820 super
575 785 620 808 eo
642 772 836 808 meditatio
862 772 1118 808 incitaverunt

120 844 200 868 eam
221 831 268 867 ad
288 830 486 866 orandum.
510 831 712 878 Quomodo
736 843 899 879 namque
921 838 1017 866 esset
1037 829 1115 865 sol-

119 891 219 927 licita
234 890 280 926 ad
297 889 566 939 postulandum
578 918 587 934 ,
610 890 680 926 nisi
697 891 803 939 prius
821 902 902 925 eam
923 887 1116 924 accendis-

119 958 174 988 set
191 948 406 986 meditatio?
427 952 502 985 Aut
517 948 608 998 quid
629 948 660 984 ei
678 948 897 997 praecedens
917 947 1113 982 meditatio

1182 370 1332 406 semper
1367 358 1553 395 desiderat
1580 375 1586 396 :
1618 361 1681 408 qui
1700 360 1861 397 venditis
1891 362 2077 398 universis
2094 375 2180 411 quae

1182 416 1337 462 habuit,
1356 419 1446 453 emit
1465 432 1594 466 agrum
1614 419 1740 464 illum,
1764 420 1801 455 in
1827 433 1901 468 quo
1928 420 2016 456 latet
2035 421 2180 457 thesau-

1183 489 1246 511 rus
1284 475 1562 521 desiderabilis,
1608 478 1748 513 scilicet
1785 492 1938 523 vacare,
1975 488 2012 515 et
2051 480 2180 516 videre

1183 548 1296 583 quam
1319 535 1442 571 suavis
1466 545 1521 571 est
1544 537 1730 572 Dominus
1749 551 1755 571 :
1781 537 1846 585 qui
1863 537 1899 572 in
1920 538 2044 586 primo
2061 538 2179 587 gradu

1183 595 1428 639 exercitatus,
1447 595 1483 630 in
1499 595 1666 630 secundo
1683 596 1997 644 circumspectus,
2016 597 2053 633 in
2068 597 2179 634 tertio

1183 652 1362 697 devotus,
1384 652 1421 687 in
1452 661 1587 700 quarto
1620 666 1733 701 supra
1759 666 1796 689 se
1824 654 1986 700 levatus,
2018 668 2085 704 per
2112 656 2180 692 has

1183 711 1440 755 ascensiones,
1458 723 1550 759 quas
1568 712 1604 746 in
1624 711 1738 747 corde
1754 724 1822 747 suo
1838 711 2035 761 disposuit,
2055 728 2179 751 ascen-

1183 769 1247 805 det
1269 769 1315 804 de
1336 769 1475 804 virtute
1496 769 1534 804 in
1556 769 1757 815 virtutem,
1780 769 1901 806 donec
1920 771 2045 807 videat
2056 776 2177 809 Deum

1182 828 1340 864 deorum
1379 828 1417 863 in
1449 828 1550 864 Sion.
1580 831 1713 864 Beatus
1745 829 1805 864 cui
1837 830 1874 865 in
1900 830 1972 865 1100
2002 844 2178 880 supremo

1182 887 1299 936 gradu
1322 887 1381 922 vel
1403 886 1552 923 modico
1575 895 1746 936 tempore
1767 888 1988 924 conceditur
2006 902 2176 935 manere,

1180 946 1244 994 qui
1258 958 1346 981 vere
1365 953 1491 994 potest
1511 945 1636 981 dicere
1653 960 1660 981 :
1676 949 1771 982 Ecce
1788 947 1908 982 sentio
1929 948 2084 996 gratiam
2099 952 2178 984 Do-

119 1010 357 1054 contulisset,
392 1009 462 1045 nisi
493 1021 576 1057 quae
607 1007 820 1056 appetenda
851 1005 1112 1050 monstrabat,
1133 1003 1159 1037 Β
1182 1005 1295 1050 mini,
1316 1018 1402 1040 ecce
1432 1018 1516 1040 cum
1545 1008 1657 1041 Petro
1686 1013 1722 1041 et
1742 1009 1887 1042 Joanne
1910 1007 2066 1054 gloriam
2097 1007 2178 1056 ejus

119 1082 279 1118 sequens
295 1068 415 1104 oratio
429 1068 692 1117 impetrasset?
710 1066 767 1104 Ad
783 1067 856 1102 hoc
869 1078 960 1114 ergo
978 1072 1021 1100 ut
1038 1065 1116 1100 fru—

118 1137 247 1165 ctuosa
266 1128 314 1164 sit
342 1127 554 1172 meditatio,
580 1134 732 1176 oportet
758 1134 800 1162 ut
830 1132 1011 1173 sequatur
1030 1137 1115 1160 ora-

118 1187 230 1224 tionis
246 1187 397 1223 devotio
409 1215 418 1232 ,
439 1185 546 1235 cujus
564 1187 671 1235 quasi
692 1187 849 1223 effectus
872 1192 927 1221 est
943 1191 1114 1220 contem-

116 1246 292 1295 plationis
313 1245 486 1282 dulcedo.

462 1362 638 1400 CAPUT
667 1362 763 1400 XII.

136 1484 302 1526 Quomodo
319 1484 460 1526 praedicti
476 1483 588 1524 gradus
607 1483 799 1514 concatenati
815 1483 875 1515 siut
891 1483 931 1514 ad
948 1483 1091 1514 invicem.

174 1597 230 1633 13.
250 1599 305 1633 Ex
334 1595 392 1632 his
419 1607 620 1644 possumus
641 1594 838 1643 colligere,
867 1594 970 1643 quod
1000 1595 1110 1630 lectio

117 1655 197 1691 sine
223 1653 467 1690 meditatione
494 1653 598 1688 arida
625 1662 698 1698 est;
734 1652 928 1688 meditatio
949 1653 1028 1689 sine
1063 1654 1113 1689 le-

117 1713 262 1758 ctione,
291 1724 479 1757 erronea3
512 1714 633 1747 oratio
667 1711 746 1747 sine
781 1711 1024 1748 meditatione
1059 1720 1115 1748 est

1180 1065 1219 1100 in
1239 1073 1369 1100 monte
1386 1064 1649 1113 contemplor;
1670 1077 1756 1100 ecce
1776 1078 1860 1100 cum
1876 1065 1993 1101 Jacob
2010 1067 2178 1115 plerum-

1182 1135 1255 1171 que
1283 1122 1457 1159 Rachelis
1487 1122 1726 1172 amplexibus
1757 1123 1936 1160 delector.
1958 1124 2029 1160 Sed
2049 1134 2180 1161 caveat

1180 1182 1250 1218 sibi
1272 1182 1361 1227 iste,
1384 1195 1431 1218 ne
1453 1190 1538 1231 post
1557 1183 1917 1232 contemplationem
1943 1184 2071 1229 istam,
2105 1198 2180 1233 qua

1180 1241 1350 1277 elevatus
1368 1240 1480 1276 suerit
1496 1254 1616 1289 usque
1636 1241 1684 1277 ad
1705 1242 1838 1288 coelos,
1860 1242 2074 1279 inordinato
2092 1257 2178 1279 casu

1179 1307 1330 1335 corruat
1355 1311 1475 1348 usque
1498 1299 1543 1335 ad
1562 1299 1742 1349 abyssos,
1766 1314 1835 1337 nec
1852 1310 1940 1350 post
1962 1302 2031 1338 Dei
2063 1303 2179 1338 visio-

1178 1371 1264 1393 nem
1282 1357 1327 1393 ad
1350 1358 1508 1393 lascivos
1526 1358 1658 1394 mundi
1674 1367 1776 1395 actus
1791 1368 1827 1395 et
1844 1361 1965 1396 carnis
1982 1360 2176 1397 illecebras

1177 1425 1433 1452 convertatur.
1464 1420 1555 1453 Cum
1586 1430 1676 1453 vero
1714 1419 1848 1455 mentis
1874 1420 2050 1456 humanae
2079 1422 2177 1457 acies

1176 1476 1326 1511 infirma
1355 1476 1433 1511 veri
1452 1477 1604 1512 luminis
1626 1477 1918 1514 illustrationem
1936 1480 2076 1516 diutius
2096 1493 2178 1517 sus-

1178 1535 1296 1571 tinere
1322 1549 1396 1571 non
1416 1536 1574 1584 poterit,
1593 1536 1640 1572 ad
1666 1537 1827 1585 aliquem
1845 1539 1956 1574 trium
1976 1540 2176 1588 graduum,

1178 1607 1246 1643 per
1262 1607 1357 1643 quos
1379 1594 1616 1641 ascenderat,
1636 1596 1771 1633 leviter
1785 1605 1821 1633 et
1834 1597 2006 1634 ordinate
2024 1599 2177 1635 descen-

1179 1653 1241 1689 dat
1278 1668 1285 1689 :
1320 1661 1356 1689 et
1390 1654 1603 1689 alternatim
1640 1655 1754 1691 modo
1783 1656 1821 1691 in
1858 1670 1953 1702 uno,
1988 1658 2102 1694 modo
2137 1660 2175 1695 111

1179 1714 1316 1759 altero,
1345 1712 1552 1749 secundum
1584 1713 1739 1750 modum
1770 1714 1877 1751 liberi
1907 1716 2073 1761 arbitrii,
2103 1730 2174 1766 pro

119 1771 268 1820 tepida;
300 1771 493 1807 meditatio
523 1770 602 1806 sine
625 1770 820 1816 oratione,
849 1770 1083 1807 infructuosa
1104 1786 1111 1808 :
1135 1774 1162 1809 C
1182 1772 1327 1808 ratione
1349 1773 1420 1808 loci
1441 1780 1477 1808 et
1504 1774 1684 1822 temporis
1703 1773 1934 1818 demoretur,
1968 1783 2072 1811 tanto
2096 1775 2174 1824 jam

117 1830 237 1867 oratio
258 1843 343 1866 cum
364 1830 568 1866 devotione
589 1830 921 1879 contemplationis
947 1830 1110 1879 acquisi—

118 1889 214 1936 tiva3
234 1889 563 1938 contemplationis
576 1888 729 1938 adeptio
747 1889 827 1924 sine
844 1890 1029 1935 oratione,
1046 1898 1111 1926 aut

118 1961 220 1994 rara,
241 1956 305 1984 aut
326 1948 694 1993 miraculosa.DeuS‚
713 1946 819 1995 cujus
838 1948 1017 1997 potentiae
1036 1961 1112 1985 non

117 2014 172 2042 est
192 2018 372 2042 numerus
393 2006 451 2042 vel
470 2005 666 2050 terminus,
682 2013 718 2041 et
732 2005 838 2053 cujus
859 2006 1113 2042 misericordia

118 2078 232 2115 super
263 2066 389 2101 omnia
418 2078 534 2114 opera
553 2065 653 2113 ejus,
684 2065 913 2114 quandoque
943 2079 990 2101 ex
1019 2066 1114 2114 lapi-

120 2123 232 2160 dibus
252 2125 406 2161 suseitat
427 2124 523 2160 lilios
539 2123 701 2161 Abrahae
714 2153 723 2169 ,
745 2124 835 2160 dum
853 2123 970 2161 duros
990 2133 1026 2161 et
1044 2138 1114 2160 no-

119 2183 238 2219 lentes
269 2183 507 2232 acquiescere
528 2183 627 2231 cogit
646 2190 686 2218 ut
706 2183 822 2218 velint
844 2197 851 2218 :
875 2191 912 2218 et
938 2183 987 2219 ita
1006 2184 1112 2232 quasi

117 2242 320 2291 prodigus,
353 2250 394 2278 ut
423 2242 538 2290 vulgo
567 2241 640 2277 dici
671 2242 784 2288 solet,
821 2242 959 2278 bovem
990 2256 1109 2279 cornu

119 2301 249 2346 trahit,
279 2301 432 2350 quando
458 2313 537 2336 non
564 2309 719 2337 vocatus
740 2314 778 2337 se
805 2301 979 2337 iufundit.
998 2301 1110 2348 Quod

116 2361 185 2397 etsi
203 2361 432 2410 quandoque
447 2359 635 2409 aliquibus
656 2361 813 2409 legimus
830 2361 1051 2409 contigisse,
1068 2370 1110 2397 ut

116 2421 233 2457 Paulo
253 2429 291 2458 et
310 2420 536 2469 quibusdam
554 2420 657 2465 aliis;
685 2433 761 2456 non
785 2429 908 2456 tamen
936 2421 1021 2457 idco
1049 2421 1109 2457 de-

117 2477 250 2515 bemus
266 2492 353 2524 nos,
374 2479 479 2527 quasi
497 2482 617 2515 Deum
641 2479 840 2525 tentando,
862 2479 988 2515 divina
1008 2493 1109 2529 prae-

119 2550 286 2583 sumere,
307 2538 373 2574 sed
393 2538 532 2584 facere,
553 2539 656 2587 quod
672 2539 718 2574 ad
741 2552 810 2575 1105
827 2540 992 2588 pertinet
1018 2553 1025 2573 :
1054 2541 1110 2576 le-

119 2609 205 2645 gere
242 2597 379 2633 scilicet
416 2605 453 2632 et
483 2597 658 2633 meditari
689 2598 726 2633 in
763 2598 842 2646 lege
871 2598 938 2634 Dei
955 2613 964 2643 ;
1001 2612 1111 2634 orare

120 2657 241 2705 ipsum
266 2665 306 2692 ut
326 2656 479 2704 adjuvet
499 2657 755 2693 infirmitatem
782 2666 972 2702 nostram,
996 2667 1032 2694 et
1056 2659 1112 2694 vi-

121 2716 206 2752 deat
237 2716 498 2765 imperfectum
529 2725 700 2752 nostrum
726 2730 733 2751 :
765 2717 868 2765 quod
898 2718 977 2767 ipse
1003 2717 1114 2754 docet

121 2787 190 2810 nos
209 2774 348 2818 facere,
368 2774 513 2820 dicens,
548 2777 668 2809 Petite
681 2804 691 2819 ‚
726 2784 761 2810 ct
784 2780 994 2823 accipietis;
1013 2790 1113 2823 (luce-

122 2837 210 2876 rite,
232 2842 266 2868 ee
289 2837 500 2876 itzvenieci.s·;
523 2837 692 2881 pulsate,
713 2842 747 2868 cc
764 2838 954 2881 aperietur
970 2835 1069 2870 vobis
1088 2841 1112 2870 ².

123 2894 229 2927 Nunc
260 2891 359 2927 enim
392 2905 547 2940 regnum
577 2892 756 2928 coelorum
789 2893 864 2928 vim
895 2894 1048 2942 patitur,
1077 2902 1114 2930 ct

123 2950 276 2986 violenti
310 2951 462 2999 rapiunt
491 2951 583 2987 illud
612 2951 637 2987 ³.
670 2955 765 2988 Ecce
799 2965 845 2988 ex
881 2953 1113 3002 pra-signatis

122 3009 424 3045 distinctionibus
454 3010 613 3059 perspici
644 3019 804 3059 possunt
841 3011 1110 3059 praedictorum

122 3069 304 3116 graduum
321 3069 581 3118 proprietates,
592 3069 786 3118 quomodo
800 3069 870 3106 sibi
886 3070 1110 3116 eoban-cant,

123 3134 159 3161 et
177 3126 265 3174 quid
287 3127 419 3175 singuli
439 3128 474 3163 111
493 3127 600 3164 1101115
617 3129 792 3164 ellit-iant.

205 3256 296 3284 Joan.
312 3264 355 3285 11.
380 3257 416 3283 16
432 3277 438 3285 .
464 3258 659 3291 t‹),1:·.—
685 3260 695 3275 ²
714 3254 827 3285 Mattli.
846 3265 912 3290 111,
935 3256 964 3284 7.
984 3272 1020 3275 --
1039 3252 1191 3289 5111111,
1216 3257 1264 3283 1’1.

1175 1835 1255 1868 Deo
1286 1832 1459 1877 vicinior,
1479 1840 1623 1880 quanto
1653 1845 1673 1868 a
1700 1833 1825 1882 primo
1845 1833 1963 1882 gradu
1983 1835 2174 1871 remotior.

1176 1891 1248 1928 Sed
1265 1891 1354 1927 lieu!
1383 1891 1522 1939 fragilis
1542 1900 1579 1927 et
1604 1891 1825 1928 miserabilis
1852 1893 2014 1929 humana
2041 1893 2176 1929 condi-

1180 1951 1246 1987 tio!
1266 1954 1361 1986 Ecce
1381 1950 1495 1986 ductu
1520 1950 1696 1997 rationis,
1718 1959 1754 1987 et
1771 1952 2050 2000 Scripturarum
2070 1953 2174 1988 testi—

1179 2010 1314 2045 moniis
1335 2017 1464 2058 apertc
1490 2009 1662 2046 videmus
1682 2010 1718 2045 in
1737 2010 1792 2046 1115
1813 2020 1976 2059 quatuor
1995 2011 2175 2061 gradibus

1178 2067 1290 2104 bonae
1320 2069 1407 2104 vitae
1440 2068 1710 2117 perfectionem
1747 2070 1951 2115 contineri,
1984 2079 2020 2106 et
2050 2071 2088 2106 in
2122 2071 2174 2106 eis

1179 2128 1381 2176 spiritualis
1405 2128 1569 2163 hominis
1601 2128 1820 2164 exercitium
1858 2128 1995 2165 debere
2021 2131 2175 2166 versari.

1179 2187 1250 2223 Sed
1271 2187 1355 2235 quis
1377 2195 1432 2222 est
1449 2187 1513 2235 qui
1531 2187 1631 2223 1111110
1648 2188 1803 2224 vivendi
1825 2189 2013 2225 tramitem
2030 2191 2176 2225 teneat?

1178 2246 1269 2293 Quis
1293 2254 1348 2281 est
1370 2245 1453 2281 hic?
1475 2254 1512 2282 et
1534 2246 1774 2283 laudabimus
1800 2260 1898 2283 eum.
1924 2248 2027 2284 Velle
2049 2248 2176 2283 multis

1176 2303 1344 2352 adjacet,
1367 2303 1431 2339 sed
1449 2305 1631 2353 perlicere
1651 2306 1795 2354 paucis.
1815 2309 1859 2342 Et
1881 2307 2022 2343 utinam
2041 2307 2086 2342 de
2099 2307 2176 2343 istis

1176 2362 1304 2413 paucis
1323 2375 1501 2399 essemus.

1515 2479 1692 2516 CAPL‘T
1724 2479 1838 2518 XIII.

1178 2602 1320 2640 Quatuor
1339 2609 1437 2629 causa:
1456 2610 1510 2629 uos
1534 2599 1573 2629 ab
1592 2598 1639 2629 liis
1656 2605 1788 2639 quatuor
1805 2600 1951 2640 gradibus
1971 2601 2173 2632 retrahentes.

1239 2719 1293 2753 15.
1316 2720 1411 2753 Sunt
1438 2725 1561 2752 autem
1594 2725 1758 2764 quatuor
1781 2731 1920 2761 causaff,
1950 2733 2033 2767 quae
2057 2729 2174 2756 retra-

1181 2776 1276 2811 hunt
1295 2789 1362 2811 nos
1380 2776 1603 2824 plerumque
1631 2775 1678 2811 ab
1703 2776 1782 2812 istis
1802 2777 1980 2825 gradibus
2004 2794 2011 2814 z
2034 2780 2176 2815 scilicet

1181 2834 1407 2870 inevitabilis
1426 2835 1647 2879 necessitas,
1665 2835 1829 2871 honesta:
1843 2837 2001 2873 actionis
2022 2839 2174 2883 utilitas,

1182 2893 1343 2929 humana
1374 2894 1588 2938 inlirmitas,
1626 2894 1825 2930 mundialis
1864 2897 2018 2932 vanitas
2054 2898 2176 2933 Prima

1180 2961 1231 2988 cst
1266 2952 1504 2997 ‹·M·usal›ilis;
1542 2953 1727 2997 secunda,
1771 2954 2008 3000 tolerabilis,
2043 2957 2173 3001 tertia,

1181 3011 1421 3055 miseraltilis3
1439 3020 1590 3058 quarta,
1612 3011 1812 3061 culpabilis
1825 3021 1852 3048 ·’“.
1869 3015 1944 3050 11115
1964 3016 2063 3051 euim
2080 3030 2175 3064 quos·

1179 3070 1395 3118 hujusmodi
1428 3070 1630 3106 nox-issima
1653 3085 1764 3107 causa
1785 3086 1803 3107 a
1824 3081 1952 3109 sancto
1978 3076 2175 3123 proposito

1180 3129 1356 3173 retrahit,
1383 3129 1514 3165 melius
1534 3138 1611 3165 crat
1641 3131 1797 3179 gloriam
1829 3132 1894 3167 Dei
1927 3145 2001 3167 non
2034 3146 2175 3180 cogno-

1527 3261 1538 3273 ·'
1558 3253 1792 3287 ,11111511111111111ἱ
1813 3257 1873 3285 ('m-
1894 3254 2057 3298 tnl'svat'vtlm
2079 3261 2084 3272 ⁸
2105 3258 2118 3292 -ξ
