2504 3928
371 195 457 228 1101

370 284 437 305 nus
469 272 554 305 laxit
593 269 704 317 pedes
736 267 928 317 discipulis
958 281 964 303 :
999 275 1034 303 et
1066 276 1102 304 tu
1138 269 1350 319 dedignaris

1184 195 1245 230 OG
1256 196 1351 230 ΙίΙὶῘῐ
1382 196 1544 231 sumto
1573 196 1607 230 11

1342 284 1348 289 .
1359 270 1408 287 11⁸)ss

2313 200 2405 237 1192

1421 271 1522 319 quod
1543 271 1662 307 iturus
1681 270 1727 306 ad
1746 274 1889 308 Patrem
1916 271 1983 309 tibi
2002 273 2186 323 relinquo.
2215 276 2305 313 Ideo
2329 276 2405 313 noli

369 329 552 364 lnuuiliari
592 327 765 363 tratribus
801 327 990 362 olli-usis?
1018 330 1049 364 Ο
1083 341 1189 364 serve
1222 329 1314 365 male
1337 356 1346 372 ,
1371 334 1397 366 A
1418 329 1636 379 prohibere,
1658 329 1759 378 quod
1782 330 1901 366 facere
1924 331 2024 367 volo.
2051 333 2147 368 Dicit
2176 338 2210 369 ei
2238 335 2367 370 Petrus
2394 349 2405 369 .-

365 400 489 422 semen
517 386 715 423 (lhananwi
737 394 772 421 et
800 398 874 420 non
898 384 1019 429 Juda,
1040 386 1104 434 qui
1125 400 1164 423 es
1191 400 1259 436 per
1287 400 1352 422 au-

365 464 370 479 ι
388 456 502 481 torem
526 444 710 494 superbia·
731 445 931 492 deceptus!
955 457 1022 480 cur
1040 458 1115 481 non
1139 446 1354 482 consideras

363 506 446 552 quis
467 513 520 539 est
541 512 595 539 est
616 504 675 539 ille
691 532 699 547 ,
724 516 835 551 quem
858 515 925 551 por
943 503 1155 552 superbiam
1170 506 1350 553 scqueris3

365 582 371 598 t
390 573 398 599 t
418 564 500 612 quis
518 573 571 599 est
593 564 654 599 ille
669 592 678 608 ,
705 576 816 611 quem
839 575 907 612 per
939 562 1185 600 humilitatem
1217 565 1351 601 imitari

365 623 601 658 ‹nott-nmis?
620 626 650 659 O
668 635 779 670 quam
799 622 918 657 malus
935 630 989 657 est
1004 622 1079 667 ille,
1095 636 1205 671 quem
1222 637 1351 672 seque-

366 682 612 730 iis;et‹1uam
631 681 753 717 bonus
769 689 823 717 est
841 681 913 726 ille,
926 695 944 717 a
962 694 1038 730 quo
1056 681 1198 718 devias!
1217 683 1282 719 Ille
1297 691 1352 719 est

604 741 670 776 iste
699 753 788 775 vero
819 744 932 776 Deus.
959 741 1059 789 Elige
1079 754 1189 789 quem
1217 742 1351 777 imitari

361 800 404 835 sit
438 799 583 834 melius.
606 802 636 835 O
667 797 854 848 superbe,
892 811 1018 834 nonne
1054 799 1155 836 frons
1180 809 1239 836 tua
1261 814 1350 836 eru-

363 858 508 894 bescit?
528 857 734 902 Erubesce,
764 870 827 893 vas
847 866 1053 894 stercorum
1071 886 1081 902 ‚
1108 859 1262 894 ulterius
1292 859 1352 895 ha—

364 917 451 953 bere
469 917 696 967 superbiam.
714 922 773 953 An
792 917 941 967 ignoras
958 917 1047 966 quia
1066 920 1166 954 Deus
1180 917 1353 967 superbis

363 978 523 1022 resistit,
560 976 763 1013 humilibus
791 985 916 1012 autem
951 976 1013 1013 dat
1044 977 1199 1026 gratiam
1220 978 1353 1013 suam?

363 740 535 777 diabolus
565 755 571 775 :

1425 392 1502 424 Nam
1521 389 1658 424 lavabis
1675 390 1765 424 milti
1778 392 1892 437 pedes
1909 394 1945 425 in
1964 401 2153 428 (eternum.
2172 391 2277 429 Absit
2293 407 2312 429 a
2331 406 2403 438 inc,

1422 449 1603 493 Domine,
1633 457 1672 484 ut
1696 449 1783 485 mihi
1812 449 1912 486 laves
1938 450 2052 499 pedes
2073 452 2110 487 in
2131 460 2309 489 aeternum
2325 481 2335 498 ‚
2366 453 2405 489 in

1418 509 1544 557 aliquo
1568 517 1745 557 tempore.
1766 509 1973 558 Respondit
1988 515 2095 548 Jesus
2114 526 2120 547 :
2141 513 2267 547 Sinon
2288 515 2406 548 lavero

1419 578 1472 612 le,
1493 583 1564 603 mm
1586 567 1739 603 ltaln'bis
1754 577 1900 615 partem
1927 582 2078 606 niveum.
2097 570 2206 618 Quod
2226 571 2336 616 dicit,
2357 580 2404 616 te,

1418 635 1453 663 et
1487 640 1579 673 non,
1618 626 1732 663 Pedes
1746 654 1755 671 ,
1792 627 2027 676 synecdoche
2056 628 2106 665 ibi
2137 638 2193 666 est
2211 657 2220 675 ,
2255 629 2407 679 quando

1418 686 1519 734 quod
1539 694 1593 722 est
1611 686 1748 735 partis,
1770 687 1835 722 toti
1855 687 2082 724 attribuitur.
2105 691 2184 737 Ego
2209 701 2289 725 sum
2310 701 2407 737 aqua

1418 745 1561 788 lavans,
1579 758 1648 794 ego
1661 758 1742 781 sum
1759 758 1852 794 aqua
1867 746 2123 792 sanctiticans3
2142 752 2214 783 nisi
2228 756 2262 782 te
2274 750 2406 792 lavero,

1418 818 1488 838 mm
1504 804 1804 852 leabebispartzvn
1824 818 1977 840 mecum.
1996 809 2127 842 Petrus
2144 805 2314 851 audiens,
2333 818 2406 840 non

1418 862 1568 898 habebis
1584 872 1732 910 partem
1756 877 1894 898 mecum
1911 893 1921 908 ,
1946 872 2044 900 totus
2064 864 2256 901 intremuit
2279 879 2285 900 :
2315 864 2405 900 nihil

1413 921 1491 970 jam
1513 922 1772 958 contradicens
1792 923 1987 971 Magistro,
2010 937 2084 959 non
2109 932 2250 960 tantum
2273 923 2406 973 pedes,

1418 982 1481 1019 sed
1501 990 1618 1018 totum
1637 994 1675 1018 se
1695 982 1806 1018 offert
1826 981 1872 1018 ad
1891 981 2120 1019 abluendum
2136 1012 2146 1028 ,
2164 983 2312 1028 dicens,
2330 985 2408 1018 Do-

366 1040 465 1072 le'ue
488 1045 652 1072 veterem
675 1035 865 1072 hominem
882 1064 891 1080 ,
910 1044 946 1071 ct
966 1035 1082 1072 indue
1104 1049 1244 1072 novun]
1259 1065 1268 1082 ,
1289 1036 1349 1072 vi·
1370 1042 1396 1075 Β
1413 1046 1526 1086 mim‘,
1544 1055 1616 1076 mm
1647 1049 1789 1076 tantum
1804 1043 1919 1088 pelles
1935 1054 2035 1076 meos
2052 1068 2061 1085 ,
2083 1043 2198 1076 sedet
2217 1054 2350 1077 manus
2374 1050 2409 1076 et

360 1097 493 1132 delicet
516 1096 717 1132 Dominum
737 1100 865 1132 Jesum
883 1125 892 1141 ,
916 1104 953 1131 et
973 1095 1193 1132 reformabit
1214 1109 1351 1146 corpus

360 1156 577 1191 humilitatis
609 1164 681 1191 tuae
701 1156 975 1203 configuratum
997 1156 1148 1204 corpori
1176 1155 1352 1192 claritatis

358 1229 444 1250 suae.
469 1216 587 1260 Disce,
603 1227 730 1263 quaeso
743 1243 753 1261 ,
773 1214 928 1251 ulterius
948 1214 1085 1251 habere
1105 1215 1351 1251 humilitatem

358 1288 424 1323 prr
440 1275 658 1310 luunilitatis
677 1282 881 1310 auctorem.
897 1277 988 1310 Nam
1010 1273 1055 1310 de
1075 1288 1120 1310 eo
1156 1275 1324 1323 sequitur
1342 1289 1350 1311 :

412 1333 447 1368 st.
485 1336 592 1368 l'vmt
619 1334 673 1366 ml
703 1336 887 1367 Simonem
925 1335 1085 1368 Petrum.
1116 1335 1165 1368 Ec
1190 1335 1288 1368 dixit
1317 1338 1353 1368 ei

358 1394 489 1427 Parus
510 1407 520 1426 .·
539 1395 714 1434 Domine,
742 1400 779 1426 {a
805 1392 897 1426 milti
917 1393 1018 1425 lavas
1027 1393 1169 1438 pedes?
1189 1395 1351 1439 Respon-

357 1454 413 1485 ‹lzt
431 1453 538 1486 Jews
553 1478 562 1494 ‚
586 1460 619 1485 ct
635 1452 731 1484 clix-it
751 1451 785 1484 ci
798 1464 809 1483 .·
830 1451 941 1494 Quod
954 1449 1136 1497 egosacio
1145 1478 1156 1494 ,
1175 1459 1213 1486 tu
1235 1456 1352 1486 m’scis

357 1511 496 1552 modo,·
529 1513 621 1543 scies
648 1517 768 1543 mitem
795 1517 940 1556 postea.
977 1508 1137 1555 Quando
1168 1510 1351 1546 Dominus

355 1572 462 1604 Jcsus
489 1567 603 1617 pedes
629 1567 900 1616 discipulorum
927 1568 1052 1603 lavare
1082 1567 1217 1617 coepit,
1246 1568 1350 1618 prius

356 1626 400 1662 ad
421 1626 583 1675 primum
604 1626 874 1675 discipulorum
892 1627 1009 1663 venit.
1033 1630 1078 1663 Et
1099 1627 1195 1663 idem
1219 1631 1350 1665 Petrus

355 1685 588 1734 expavescit,
607 1684 711 1733 quod
728 1688 828 1721 Deus
847 1685 937 1721 lavit
952 1685 1065 1735 pedes
1083 1686 1238 1723 homini.
1257 1690 1349 1724 Nam

359 1757 496 1794 pavore
517 1745 755 1794 perterritus,
778 1757 853 1781 non
874 1745 998 1794 potuit
1017 1746 1203 1782 sustinere
1219 1747 1352 1783 Domi-

1417 1109 1539 1148 calmt.
1560 1099 1656 1147 Quid
1671 1108 1726 1136 est
1745 1099 1848 1148 quod
1863 1099 1975 1144 dicis,
1998 1101 2078 1135 Nan
2097 1100 2245 1136 habebis
2255 1109 2402 1149 partem

1418 1164 1585 1196 mecum?
1602 1164 1633 1196 ()
1653 1173 1764 1208 quam
1787 1172 1954 1195 amarum
1977 1167 2032 1196 est
2056 1159 2158 1208 quod
2189 1159 2302 1205 diciS,
2329 1171 2406 1195 non

1417 1217 1564 1254 habebo
1581 1226 1722 1268 partem
1743 1226 1861 1254 tecum
1878 1220 1885 1253 ἔ
1906 1221 2038 1255 Nonne
2055 1227 2093 1254 tu
2114 1219 2188 1254 vita
2205 1232 2306 1265 mea,
2323 1217 2408 1254 dul-

1418 1278 1510 1313 cedo
1531 1291 1635 1322 mea,
1666 1285 1742 1313 tota
1760 1290 1845 1326 spes
1863 1290 1964 1322 mea,
1992 1278 2090 1313 salus
2109 1291 2190 1314 mea
2205 1306 2214 1322 ,
2238 1286 2275 1314 et
2295 1291 2407 1315 omne

1418 1335 1643 1371 desiderium
1674 1337 1822 1372 meum?
1844 1339 1939 1372 Eece
1967 1349 2045 1381 me,
2066 1337 2121 1373 sac
2144 1337 2329 1386 quidquid
2353 1338 2408 1375 vis

1417 1394 1464 1430 de
1483 1407 1561 1439 me,
1582 1395 1662 1430 lava
1682 1393 1815 1442 pedes,
1833 1402 1871 1430 et
1890 1408 1964 1430 uon
1990 1398 2107 1431 solnm
2131 1399 2248 1444 pedes
2261 1425 2271 1443 ,
2289 1399 2357 1432 sed
2373 1406 2408 1433 et

1416 1467 1546 1489 malms
1560 1462 1595 1489 et
1608 1461 1728 1500 caput.

1490 1514 1524 1549 5.
1545 1512 1637 1559 Sed,
1655 1526 1678 1548 ο
1698 1513 1860 1550 Domine
1876 1516 1962 1550 Jesu
1975 1542 1984 1559 ‚
2005 1528 2090 1551 cum
2110 1515 2181 1552 hoc
2199 1515 2245 1552 sit
2263 1527 2407 1562 verum,

1416 1572 1519 1621 quod
1543 1572 1668 1609 nullus
1694 1572 1811 1621 possit
1839 1581 1981 1622 partem
2008 1573 2147 1611 habere
2175 1582 2314 1621 tecum,
2337 1574 2408 1612 nisi

1416 1633 1519 1681 prius
1537 1632 1673 1669 laveris
1692 1645 1776 1668 eum
1792 1646 1802 1678 ;
1823 1632 1999 1669 miserere
2016 1634 2109 1679 mei,
2129 1633 2404 1672 misereremei.

1418 1695 1496 1740 Ego
1515 1704 1596 1728 sum
1616 1691 1679 1728 ille
1697 1700 1794 1728 totus
1819 1701 2015 1742 peccator,
2039 1701 2139 1730 totus
2164 1694 2382 1731 immundus
2397 1722 2406 1739 ,

1419 1759 1519 1787 totus
1545 1750 1719 1787 sordidus
1747 1765 1754 1786 :
1782 1759 1924 1799 partem
1949 1759 2070 1787 tecum
2102 1750 2241 1789 habere
2268 1753 2405 1801 cupio,

359 1817 447 1839 num
479 1804 525 1840 ad
553 1803 666 1853 pedes
692 1816 779 1840 suos
801 1803 1050 1841 humiliatum.
1082 1805 1235 1842 Viderat
1265 1819 1350 1842 eum
1370 1808 1397 1844 C
1419 1818 1537 1846 tecum
1573 1818 1716 1858 partem
1755 1809 1892 1846 habere
1925 1809 2109 1846 desidero.
2143 1813 2197 1847 Ne
2227 1810 2407 1861 despicias

357 1876 491 1912 aquam
515 1864 551 1899 in
569 1863 707 1912 pelvim
733 1863 905 1908 mittere,
937 1875 974 1899 se
999 1863 1115 1900 linteo
1139 1865 1350 1914 accingere3

356 1931 392 1958 et
415 1922 621 1959 mirabatur
641 1923 735 1958 sorte
757 1922 848 1972 quid
866 1922 981 1959 vellet
1001 1923 1134 1960 facere.
1156 1924 1227 1961 Sed
1249 1932 1351 1974 post-

358 1995 468 2031 quam
486 1981 579 2018 vidit
600 1982 704 2017 illum
728 1990 815 2018 ante
831 1981 948 2031 pedes
964 1995 1052 2019 suos
1072 1996 1136 2019 vas
1155 1997 1238 2020 cum
1255 1996 1351 2032 aqua

359 2050 535 2090 portare,
568 2054 688 2090 genua
717 2041 893 2087 flectere,
928 2049 964 2077 et
993 2041 1039 2077 ad
1077 2042 1278 2078 lavandum
1312 2054 1352 2079 se

357 2112 587 2150 praeparare,
616 2100 734 2136 multo
755 2113 868 2149 supra
896 2113 1007 2149 quam
1030 2101 1103 2137 dici
1128 2109 1252 2150 potest
1276 2101 1349 2137 mi—

358 2167 459 2195 ratus
473 2187 481 2203 ,
504 2159 666 2208 expavit.
686 2162 730 2195 Et
750 2172 885 2208 magno
903 2160 1035 2196 timore
1052 2173 1272 2210 percussus,
1290 2161 1352 2197 in-

359 2219 499 2267 gemuit
520 2228 555 2255 et
572 2220 816 2264 exclamavit,
837 2219 965 2257 dicens
985 2234 991 2255 :
1015 2223 1174 2257 Domine
1188 2250 1197 2266 ‚
1213 2231 1249 2257 m
1263 2222 1353 2258 milei

361 2283 459 2315 lavas
478 2283 622 2328 pedes?
648 2284 801 2317 Creator
826 2290 1026 2327 creaturae,
1057 2286 1156 2319 Deus
1186 2283 1349 2329 homini,

361 2339 546 2375 Dominus
564 2351 690 2383 servo,
712 2340 886 2388 Magister
905 2340 1110 2390 discipulo,
1129 2342 1204 2378 imo
1221 2343 1273 2378 illi
1289 2343 1353 2392 qui

363 2399 478 2433 fartus
500 2407 554 2434 est
577 2412 621 2433 (κ’
650 2399 761 2443 limo,
789 2400 850 2435 illc
871 2400 934 2447 qui
963 2400 1046 2436 fecit
1066 2401 1191 2437 onmia
1220 2415 1266 2437 ex
1294 2403 1352 2438 ni-

364 2458 470 2493 hilo?
488 2462 620 2505 Surge,
642 2459 801 2494 Domine
818 2473 827 2503 3
847 2471 977 2507 surge,
994 2463 1096 2496 Deus
1117 2474 1233 2497 meus.
1254 2461 1352 2509 Quid

361 2517 417 2552 xis
438 2517 579 2552 facere?
608 2519 685 2552 Non
705 2530 856 2566 possum
880 2519 1062 2555 sustinere
1076 2548 1085 2564 ,
1105 2533 1180 2556 non
1202 2533 1352 2569 possum

1418 1882 1499 1914 me,
1520 1873 1621 1906 Deus
1646 1869 1816 1905 salutaris
1841 1881 1959 1905 meus.
1991 1869 2179 1918 Propitius
2211 1878 2290 1906 esto
2315 1870 2406 1907 mihi

1417 1929 1605 1979 peccatori
1622 1944 1631 1975 3
1665 1929 1747 1965 lava
1782 1929 1974 1966 sordidum
1996 1958 2005 1975 ,
2038 1931 2121 1966 lava
2153 1930 2406 1979 inquinatum,

1417 1989 1500 2025 lava
1520 1988 1635 2038 pedes
1648 2017 1658 2034 ‚
1677 1989 1759 2024 lava
1775 2001 1924 2034 manus,
1942 1989 2024 2026 lava
2040 1997 2171 2038 caput,
2189 1988 2265 2025 imo
2287 1997 2406 2026 totum

1417 2061 1554 2098 corpus
1571 2077 1580 2094 ,
1602 2048 1684 2084 lava
1714 2055 1875 2083 mentem
1892 2076 1901 2092 ,
1931 2046 2014 2084 lava
2045 2048 2224 2093 animam,
2246 2047 2328 2084 lava
2349 2061 2408 2086 me

1416 2107 1572 2144 interius
1591 2115 1627 2143 et
1644 2106 1807 2142 exterius
1821 2121 1830 2152 ;
1846 2107 1929 2142 lava
1951 2119 2008 2142 me
2027 2106 2074 2142 ab
2094 2106 2289 2156 iniquitate
2309 2120 2405 2153 mea,

1417 2176 1455 2204 et
1485 2180 1503 2203 a
1532 2175 1682 2216 peccato
1710 2179 1794 2202 meo
1824 2166 1964 2202 munda
1992 2179 2062 2202 me.
2097 2167 2135 2204 Si
2162 2167 2296 2204 laveris
2324 2180 2406 2214 me,

1418 2240 1532 2276 super
1551 2227 1676 2262 nivem
1698 2224 1903 2262 dealbabor
1921 2232 1945 2261 ¹.
1968 2228 1998 2263 Ο
2019 2226 2180 2263 Domine
2193 2230 2281 2264 Jesu
2294 2255 2304 2272 ,
2323 2227 2409 2276 quis

1418 2286 1521 2322 dabit
1541 2285 1630 2321 mihi
1654 2293 1696 2320 ut
1716 2284 1844 2321 venias
1864 2285 1901 2320 in
1923 2298 1988 2321 cor
2009 2297 2132 2322 meum
2150 2314 2160 2331 ,
2189 2293 2226 2322 et
2246 2284 2410 2322 inebries

1419 2357 1478 2381 me
1498 2357 1593 2393 aqua
1611 2352 1670 2379 tua
1683 2371 1692 2388 ,
1712 2351 1753 2378 ut
1768 2342 1969 2379 obliviscar
1986 2344 2081 2379 mala
2099 2356 2180 2380 mea
2195 2344 2383 2393 praeterita
2401 2359 2408 2381 ε

1419 2411 1455 2439 et
1469 2402 1624 2438 verbum
1644 2401 1784 2437 bonum
1799 2402 2002 2450 amplectar
2018 2410 2052 2438 te
2065 2430 2075 2447 ,
2091 2402 2166 2438 vita
2181 2430 2191 2448 ‚
2211 2415 2294 2452 quae
2309 2416 2410 2439 nun-

1419 2474 1531 2510 quam
1550 2460 1720 2496 morieris
1737 2460 1773 2495 in
1793 2468 1987 2496 aeternum.
2004 2460 2133 2497 Dulcis
2152 2460 2257 2498 cibus
2277 2462 2411 2498 animae

1420 2532 1530 2565 meae,
1554 2519 1656 2564 veni,
1679 2518 1856 2563 Domine,
1878 2527 1914 2555 et
1931 2519 2007 2555 noli
2026 2519 2182 2555 tardare.
2213 2523 2411 2570 Exspectat

363 2577 469 2612 serre.
489 2576 594 2613 Oculi
617 2577 686 2612 mei
710 2586 743 2611 tc
765 2576 893 2612 videro
915 2578 1122 2626 refugiunt,
1146 2580 1196 2615 sic
1215 2580 1352 2628 procli—
1371 2580 1401 2613 D
1417 2581 1540 2616 anima
1560 2592 1640 2615 mea
1660 2579 1844 2628 peccatrix
1864 2607 1873 2623 ,
1895 2579 1941 2615 ad
1968 2579 2197 2615 sufficienter
2220 2580 2410 2629 poeniten-

363 2649 377 2670 κ
391 2648 450 2671 um
467 2664 476 2680 ,
501 2635 550 2671 sic
569 2644 798 2684 prostratum
827 2645 912 2672 ante
933 2637 1047 2686 pedes
1068 2651 1183 2675 meos.
1209 2642 1324 2688 Surge
1341 2668 1350 2685 ,

365 2698 538 2739 Creator;
562 2708 692 2744 surge,
723 2699 823 2732 Deus
853 2709 978 2741 meus,
1012 2698 1074 2733 lux
1104 2698 1252 2743 mundi,
1278 2700 1353 2735 vita

364 2768 466 2800 mea,
486 2755 600 2803 gloria
618 2768 697 2791 mea
717 2770 723 2791 :
746 2755 821 2791 noli
844 2756 962 2792 facere
982 2757 1083 2806 quod
1106 2766 1140 2793 te
1157 2757 1267 2794 video
1298 2759 1352 2795 sa-

365 2827 448 2851 rcre
481 2815 589 2849 velle.
621 2820 667 2851 ,tt
695 2818 802 2851 ,Iesus
822 2815 871 2851 ait
896 2829 901 2850 :
933 2817 1044 2861 Quod
1069 2830 1134 2865 ego
1154 2816 1287 2863 facio,
1316 2827 1354 2854 tic

364 2879 479 2909 mnu-is
506 2876 639 2918 lunda,-
663 2879 753 2910 ,if-les
774 2884 896 2910 autem
916 2885 1063 2923 postea.
1090 2880 1142 2912 Ac
1163 2876 1191 2912 Si
1217 2877 1313 2912 (licat
1342 2892 1349 2913 :

366 2933 448 2969 Noli
472 2935 623 2978 timi-re,
648 2934 725 2969 noli
752 2948 1010 2983 expavescere.
1034 2939 1195 2982 Revera,
1223 2941 1350 2982 Petrc,

366 3005 499 3041 magna
525 3001 612 3028 sunt
639 2993 715 3028 h:e‹·r
742 2993 960 3030 humilitatis
992 2995 1152 3040 indicia,
1185 2996 1249 3032 sed
1281 2997 1353 3033 cito

368 3051 509 3099 majora
545 3051 699 3088 xidebis.
732 3052 817 3088 Sine
850 3053 981 3098 modo,
1013 3056 1099 3103 quia
1129 3055 1178 3091 sic
1206 3065 1355 3106 oportet

368 3110 466 3154 lieri,
493 3110 575 3145 licet
595 3123 693 3145 nunc
714 3111 858 3157 ignores
887 3111 996 3160 hujus
1027 3115 1076 3149 rei
1105 3115 1350 3163 mysterium:

367 3167 458 3202 scies
490 3175 630 3215 postea.
667 3169 883 3216 Mysterium
915 3178 997 3217 est,
1029 3173 1241 3221 exemplum
1271 3181 1352 3219 est,

424 3298 431 3312 ¹
450 3294 524 3323 l‘snl.
544 3307 548 3322 ι
570 3319 574 3324 .
608 3298 686 3330 μὲν,

1419 2639 1506 2675 dum
1534 2646 1570 2674 et
1598 2637 1643 2674 ad
1673 2637 1769 2673 bene
1790 2637 2012 2683 vivendum,
2035 2646 2107 2674 tuae
2135 2638 2261 2688 gratiae
2288 2638 2408 2689 inspi—

1419 2697 1616 2733 rationem.
1640 2696 1777 2732 Dixisti
1795 2700 1904 2733 Petro
1924 2709 1931 2730 :
1960 2698 2033 2742 Qui
2050 2699 2140 2732 lotus
2155 2706 2228 2742 ese,
2257 2711 2330 2733 non
2347 2701 2409 2733 in-

1419 2759 1519 2805 diget
1544 2761 1615 2792 msi
1643 2766 1680 2791 ut
1701 2758 1939 2804 l)(,·(lesl(1‹¹t‘l.
1963 2758 2036 2805 Ego
2062 2769 2137 2792 non
2166 2769 2248 2793 sum
2273 2760 2404 2794 Petrus

1420 2817 1538 2862 lotus,
1561 2825 1660 2853 totus
1680 2816 1793 2852 lavari
1820 2815 1983 2864 indigeo.
2009 2819 2067 2852 Me
2096 2815 2163 2852 tibi
2185 2816 2378 2852 committo
2393 2845 2404 2862 ,

1419 2880 1473 2914 sac
1490 2876 1536 2912 de
1555 2890 1612 2912 me
1628 2875 1810 2924 quidquid
1831 2875 1896 2912 vis.
1918 2878 1973 2911 Tu
1993 2883 2116 2912 autem
2133 2903 2143 2920 ,
2163 2876 2324 2912 Domine
2338 2904 2348 2922 ‚
2367 2875 2405 2911 in

1419 2945 1599 2973 aeternum
1625 2934 1844 2970 benedictus
1865 2946 2096 2983 permaneas.
2122 2937 2197 2982 Qui
2219 2936 2310 2969 lotus
2328 2943 2404 2978 est,

1420 3009 1492 3031 non
1530 2996 1671 3042 indiget
1703 2996 1775 3028 nisi
1803 3002 1842 3028 at
1869 2995 1985 3041 pedes
2012 2995 2111 3028 lavet.
2142 2992 2210 3029 Hic
2238 2992 2408 3029 innuitur

1420 3054 1620 3103 Apostolos
1636 3065 1715 3088 esse
1730 3052 1935 3101 baptizatos
1950 3080 1958 3095 ‚
1982 3052 2045 3088 sed
2060 3065 2134 3088 non
2157 3051 2312 3100 legimus
2328 3051 2406 3088 ubi.

1420 3114 1491 3162 Qui
1509 3114 1606 3148 lotus
1626 3120 1680 3148 est
1705 3111 1912 3160 Baptismo,
1942 3119 2042 3147 totus
2060 3119 2115 3147 est
2135 3110 2307 3147 mundus.
2335 3110 2407 3148 Sed

1421 3174 1506 3223 quia
1531 3173 1664 3209 iterum
1693 3180 1847 3207 terrente
1872 3170 2152 3207 inhabitationis
2177 3170 2332 3220 pulvere
2350 3170 2409 3206 in-
