2504 3928
305 180 376 215 755
957 179 1207 215 TRACll-x'ru
1215 181 1237 214 S
1267 180 1328 214 DE
1358 181 1520 216 (lenset
1529 183 1681 216 tm'slA.

1296 253 1345 271 ³⁷0

303 256 367 304 qui
402 254 598 290 commissa
636 252 813 301 praeteriti
847 255 1026 302 temporis
1058 263 1095 291 et
1124 256 1284 304 plangit,

2260 182 2332 220 756

1354 264 1407 290 est
1434 256 1524 292 illud
1545 256 1647 305 quod
1670 268 1843 304 magnum
1864 263 1919 292 est
1942 257 1979 293 in
1999 258 2183 296 exercitiis
2198 270 2333 297 sanctae

302 323 336 350 et
368 314 494 363 punit;
527 312 589 361 qui
630 311 810 358 malignos
838 312 1020 360 cogitatus
1046 313 1286 349 advenientes
1305 320 1330 352 Α
1352 316 1658 351 conversationis.
1686 319 1758 352 Lae
1773 315 1871 351 enim
1890 316 2055 352 suaviter
2074 316 2235 363 bibitur,
2253 319 2334 355 dul-

301 374 404 409 eordi
434 385 502 408 suo
528 370 716 407 allidendo
743 370 788 406 ad
810 371 995 407 Christum
1021 374 1163 422 respuit
1185 388 1192 409 :
1216 374 1286 408 lior

303 442 478 481 tanquam
508 431 653 479 triplice
687 431 852 466 funiculo
882 432 1032 468 strictus
1057 441 1167 481 atque
1193 447 1286 469 con—

300 492 469 535 strictus,
493 489 759 525 conscientiam
783 489 893 525 babet
914 499 949 526 et
978 491 1230 540 purificatam,
1252 501 1287 527 et

300 562 444 598 puram.
474 548 727 596 Tranquillum
759 557 881 584 autem
904 549 1083 594 dixerim,
1107 564 1190 586 cum
1210 551 1286 599 jam

299 609 378 657 ipse
398 608 559 657 Spiritus
579 607 832 643 testimouium
855 609 1026 657 perbibet
1044 610 1190 658 spiritui
1209 610 1288 659 ejus

298 666 400 715 quod
434 667 530 702 lilius
562 667 630 702 Dei
656 667 724 708 sit.
755 680 838 703 rum
867 668 1043 704 omnibus
1069 669 1187 705 dulcis
1207 679 1282 715 est,

299 726 390 762 nulli
423 725 563 775 gravis3
590 733 697 761 utens
724 726 842 762 amico
862 727 907 762 ad
937 728 1111 776 gratiam,
1133 729 1284 765 inimico

297 785 344 821 ad
378 785 620 834 patientiam,
665 785 841 821 omnibus
875 785 920 822 ad
955 786 1281 832 benevolentiam,

297 844 436 893 quibus
464 852 587 894 potest
612 845 658 880 ad
690 844 986 882 beneficentiam.
1015 851 1112 883 Rara
1141 848 1217 883 avis
1246 848 1283 883 in

298 913 396 940 terra
416 903 629 953 hujusmodi
649 905 874 941 conscientia
890 920 897 941 :
913 906 976 942 sed
992 915 1133 955 quanto
1150 907 1283 952 rarior,

296 971 399 1000 tanto
419 964 567 1000 charior
585 963 685 1013 apud
707 967 840 1001 Deum.

650 1095 825 1133 CAPUT
855 1096 928 1134 ΙΙΙ.

504 1211 550 1239 De
564 1208 750 1239 conscientia
766 1209 847 1239 bona
859 1233 866 1246 ‚
888 1215 917 1239 et
938 1208 1072 1239 turbata.

348 1319 384 1355 4.
421 1319 655 1356 Conscientia
684 1318 783 1354 bona
812 1328 887 1365 est,
917 1319 981 1355 sed
1006 1319 1173 1364 turbata,
1201 1333 1284 1369 quae

295 1378 346 1414 nil
385 1379 517 1423 molle,
538 1378 588 1413 nil
611 1378 752 1414 fluxum
771 1378 921 1427 recipit,
942 1378 1005 1414 sed
1026 1392 1046 1414 a
1066 1379 1196 1414 mundi
1216 1379 1284 1415 ad—

295 1438 468 1487 spergine
500 1445 642 1485 quanto
675 1446 798 1485 potest
817 1438 980 1486 pressius
1000 1437 1180 1486 detergit,
1207 1451 1283 1474 non

295 1505 417 1532 tamen
439 1497 474 1531 in
496 1496 715 1541 dulcedine,
737 1496 801 1532 sed
821 1497 859 1532 in
885 1496 1135 1533 amaritudine
1154 1498 1282 1533 multa.

294 1558 397 1591 Dura
419 1555 518 1590 enim
544 1555 695 1592 videtur
716 1556 749 1591 ei
774 1556 833 1591 via
856 1556 1014 1601 rectior,
1047 1564 1082 1591 et
1102 1557 1286 1592 austerior

293 1613 380 1649 vita.
416 1613 566 1663 Ubique
594 1614 697 1650 videt
726 1613 829 1663 quod
859 1614 959 1650 carni
990 1614 1159 1664 displicet
1186 1629 1193 1650 :
1222 1615 1286 1651 sed

294 1673 430 1708 retinet
458 1685 496 1708 se
523 1673 629 1708 freno
659 1673 802 1709 timoris
831 1673 922 1718 Dei,
944 1681 981 1709 et
1001 1673 1037 1709 in
1065 1674 1169 1710 omni
1192 1682 1287 1710 tem-

293 1740 439 1781 pestate
467 1732 592 1769 cordis
623 1734 680 1769 sui
709 1733 754 1769 ad
787 1733 881 1769 lianc
910 1733 1111 1769 anchoram
1150 1734 1286 1783 ligitur.

1353 375 1444 410 citer
1465 376 1648 424 liquatur,
1677 375 1756 411 sine
1777 375 1949 421 laesione,
1971 377 2050 412 sine
2072 377 2331 415 amaritudine.

1353 437 1407 469 lta
1437 443 1471 470 et
1501 434 1559 470 isti
1587 435 1623 470 in
1653 442 1782 469 sancto
1813 435 2010 483 proposito
2039 435 2202 472 suaviter
2232 436 2334 472 ince-

1352 492 1468 537 dunt,
1497 493 1656 529 dulciter
1682 502 1838 529 currunt
1860 509 1867 530 :
1887 494 1966 530 sine
1994 494 2145 531 laesione
2170 496 2334 545 propriae

1353 551 1611 596 eonscientiae,
1637 552 1716 587 sine
1735 551 1982 588 amaritudine
2008 553 2148 589 alienae.
2173 557 2252 589 lloc
2272 554 2334 590 lia-

1355 609 1414 646 bet
1445 611 1641 660 proprium
1671 611 1734 659 qui
1763 610 1978 658 hujusmodi
2007 612 2061 648 lac
2088 611 2206 656 bibit,
2237 621 2277 648 ut
2300 613 2333 648 ei

1355 678 1544 718 peccatum
1572 683 1680 705 suum
1712 670 1926 719 displiceat,
1962 678 2002 706 ut
2028 671 2150 706 alieno
2180 679 2334 719 peceato

1350 742 1425 764 non
1462 729 1690 774 consentiat,
1726 737 1766 765 ut
1797 737 1954 778 propter
1989 729 2065 766 liaec
2099 738 2332 779 peccatorem

1351 800 1425 823 non
1443 787 1605 833 dvscrat3
1627 796 1666 824 ut
1683 788 1812 823 vitium
1832 788 1925 837 ejus,
1942 790 1979 825 in
1997 798 2178 838 quantum
2196 790 2231 826 in
2251 790 2333 839 ipso

1350 855 1427 890 est,
1459 860 1533 882 non
1557 847 1787 892 dissimulet;
1814 856 1850 883 et
1877 861 1961 883 cum
1988 848 2234 897 corripuerit,
2257 862 2332 885 non

1350 905 1514 940 insultet.
1539 909 1629 942 Ecce
1646 906 1691 942 de
1709 914 1799 955 potu
1818 906 1921 942 laetis
1941 921 1947 942 :
1969 907 2055 943 audi
2073 907 2118 943 de
2135 907 2210 943 vini
2228 916 2332 956 potu.

1352 964 1486 999 Vinum
1511 965 1652 1014 quippe
1678 978 1852 1013 asperum
1874 973 1928 1000 est
1948 973 1985 1000 et
2007 965 2317 1002 insuave.Vinum

1308 1023 1333 1057 B
1354 1022 1490 1058 bibunt
1519 1023 1554 1059 hi
1584 1024 1649 1072 qui
1680 1024 1757 1060 vias
1789 1024 1872 1059 vitre
1901 1025 2060 1072 aggressi
2092 1033 2129 1060 et
2157 1025 2332 1073 ingressi,

1353 1082 1657 1119 tribulationibus
1679 1083 1848 1132 corporis
1870 1091 1904 1119 et
1925 1084 2058 1119 animae
2079 1083 2217 1132 pariter
2240 1097 2335 1120 con-

1353 1149 1597 1190 torquentur,
1625 1142 1688 1178 sed
1719 1155 1794 1178 non
1825 1141 1985 1187 cedunt,
2007 1154 2128 1190 neque
2155 1142 2336 1178 recedunt

1351 1202 1387 1237 in
1411 1201 1664 1238 tribulatione.
1692 1202 1756 1238 Isti
1784 1210 1870 1238 sunt
1891 1201 2026 1251 quibus
2054 1202 2132 1251 ipse
2151 1202 2336 1238 Dominus

1350 1273 1414 1295 ore
1445 1261 1602 1309 proprio
1634 1261 1811 1310 praedicat
1837 1269 1873 1296 et
1907 1261 2102 1310 praedicit:
2131 1264 2203 1296 Vos
2224 1267 2331 1306 escis,

1350 1319 1492 1367 inquit,
1509 1324 1843 1367 quipermansistis
1863 1332 2000 1355 mecum
2019 1324 2056 1355 in
2077 1319 2336 1356 tentationibus

1349 1383 1440 1413 meis
1464 1377 1489 1413 4.
1515 1378 1584 1413 Sed
1607 1379 1691 1426 quis
1720 1379 1853 1414 horum
1876 1378 1942 1414 tibi
1967 1378 2113 1415 videtur
2131 1386 2167 1424 ³¹,
2194 1380 2253 1415 x‘el
2275 1380 2337 1416 ille

1350 1436 1413 1484 qui
1432 1436 1469 1472 in
1488 1437 1690 1482 suavitate,
1719 1438 1777 1473 vet
1800 1437 1860 1473 ille
1878 1438 1941 1485 qui
1962 1438 1997 1473 in
2023 1438 2221 1487 asperitate
2248 1452 2336 1475 cur-

1351 1495 1398 1530 rit
1416 1495 1513 1531 viam
1534 1495 1795 1531 mandatorum
1816 1496 1908 1532 Dei?
1928 1497 2073 1532 Primus
2094 1497 2242 1533 videtur
2257 1510 2336 1535 esse

1351 1554 1506 1600 felicior,
1520 1554 1704 1591 secundus
1719 1554 1852 1591 sortior
1869 1569 1876 1590 :
1897 1564 2055 1604 uterque
2069 1556 2336 1605 tamenjustuS,

1351 1622 1509 1663 uterque
1540 1614 1644 1663 pius,
1679 1613 1858 1651 habentes
1887 1615 2085 1663 proprium
2120 1615 2260 1652 donum
2291 1629 2339 1653 ex

1352 1676 1453 1718 Deo,
1472 1673 1565 1709 alius
1580 1672 1730 1721 quidem
1753 1673 1824 1718 sic,
1845 1673 1938 1709 alius
1958 1687 2048 1709 vero
2068 1674 2131 1710 sic.
2150 1675 2212 1711 Vis
2229 1687 2338 1711 nosse

1353 1733 1441 1782 quia
1462 1733 1499 1768 in
1521 1741 1682 1781 utroque
1710 1731 1985 1781 beneplacitum
2011 1741 2065 1769 est
2085 1746 2208 1769 corani
2232 1736 2338 1771 Deo?

294 1794 406 1836 Nam,
431 1791 539 1840 juxta
569 1792 817 1841 proplietam,
850 1791 1022 1828 turbatus
1042 1801 1119 1838 est,
1149 1802 1185 1829 et
1209 1807 1285 1829 non
1306 1793 1333 1828 C
1353 1792 1462 1836 BIbi,
1495 1792 1636 1841 inquit,
1671 1797 1799 1828 vinum
1828 1805 1948 1827 meum
1977 1806 2057 1827 cum
2087 1795 2182 1828 lacte
2212 1806 2292 1828 meo
2312 1791 2337 1829 ⁵.

293 1859 348 1887 est
368 1851 514 1887 locutus
540 1857 562 1887 ¹.
587 1851 659 1887 Sed
679 1851 806 1887 audivi
827 1851 919 1900 quid
937 1851 982 1887 de
1009 1852 1081 1888 isto
1103 1853 1289 1888 Dominus

294 1911 418 1947 dicat:
451 1912 538 1946 Cam
566 1916 645 1959 ipso
673 1926 774 1957 sum,
802 1911 947 1961 inquit,
974 1916 1013 1947 in
1040 1911 1288 1947 tribulatione.

294 1969 351 2007 Ad
379 1970 496 2018 quid?
520 1973 691 2019 Eripiam
719 1985 824 2017 eum,
852 1980 888 2006 ec
911 1971 1123 2019 glorificabo
1154 1985 1233 2007 eum
1262 1977 1288 2008 ².

294 2029 458 2078 Eripiam
476 2029 521 2066 ab
539 2030 808 2076 amaritudine,
823 2030 1042 2079 glorificabo
1060 2032 1098 2067 in
1118 2032 1292 2080 volupta-

295 2096 348 2134 te;
379 2102 462 2124 cum
491 2090 552 2125 illa
582 2103 665 2139 quse
690 2090 793 2140 prius
816 2090 972 2126 faciebat
1003 2091 1155 2136 timore,
1183 2091 1292 2128 saciet

294 2161 377 2184 cum
397 2162 537 2184 amore.
556 2152 644 2185 IIaec
666 2162 756 2185 vero
772 2150 1000 2186 conscientia
1017 2151 1186 2199 loquitur
1205 2154 1286 2187 Deo

293 2207 331 2242 in
362 2207 529 2252 Psalmo,
559 2216 595 2243 et
615 2208 703 2243 dicit
734 2223 740 2244 :
773 2208 1017 2253 commovisti,
1045 2209 1185 2257 inquit,
1211 2213 1287 2244 Do-

295 2270 412 2310 mine,
440 2276 601 2310 terram,
632 2277 666 2302 cl
692 2268 916 2303 conturbasti
944 2282 1024 2303 eam
1047 2282 1057 2302 .·
1079 2282 1173 2304 sarm
1201 2283 1289 2304 con-

295 2329 457 2360 tritiones
485 2331 584 2371 ejus,
619 2329 705 2374 quia
733 2336 913 2362 commota
933 2337 994 2362 est.
1020 2330 1290 2364 Commovetur

297 2392 393 2420 terra
409 2412 417 2428 ‚
439 2397 521 2419 cum
542 2393 716 2433 peccator
733 2386 934 2421 confitetur
951 2394 987 2421 et
1004 2386 1180 2435 poenitet3
1201 2399 1288 2422 con-

295 2440 487 2486 turbatur,
516 2456 599 2478 cum
632 2443 669 2478 in
691 2444 977 2479 conversatione
997 2444 1285 2480 amaritudinem

294 2501 451 2537 sustinet
485 2515 492 2537 :
524 2500 587 2537 sed
624 2502 870 2539 contritiones
905 2503 992 2538 istas
1023 2503 1122 2539 illius
1154 2515 1284 2540 sanare

1354 1853 1425 1900 Qui
1447 1852 1545 1888 enim
1566 1851 1730 1901 primum
1754 1865 1774 1887 a
1796 1851 2001 1888 tentatione
2021 1851 2174 1898 liberat,
2199 1865 2339 1889 secun—

1355 1911 1444 1948 dum
1465 1911 1503 1947 in
1524 1911 1728 1947 tentatione
1748 1911 1935 1946 confortat
1955 1924 1962 1946 ε
1984 1919 2020 1946 et
2039 1911 2089 1946 sic
2112 1911 2205 1947 alter
2222 1924 2338 1960 expe·-

1357 1972 1453 2008 ritur
1473 1971 1651 2020 quoniam
1673 1969 1795 2006 suavis
1815 1978 1870 2006 est
1889 1969 2093 2015 Dominus3
2115 1970 2208 2006 alter
2228 1983 2336 2015 vero,

1357 2030 1535 2079 quoniam
1568 2029 1673 2065 fortis
1702 2037 1757 2065 est
1783 2028 1979 2065 Dominus.
2015 2028 2134 2065 Fortis
2163 2029 2273 2078 plane
2302 2037 2339 2065 et

1357 2099 1491 2140 potens
1519 2090 1554 2125 in
1588 2089 1738 2138 przelio,
1766 2088 1802 2123 in
1832 2101 1908 2136 quo
1936 2101 2085 2124 servum
2115 2101 2243 2133 suum,
2270 2089 2338 2125 etsi

1352 2151 1494 2200 premi,
1518 2163 1593 2185 non
1615 2157 1736 2201 tamen
1765 2148 1929 2197 opprimi
1953 2149 2092 2197 patitur
2109 2148 2148 2184 in
2170 2149 2339 2185 multitu-

1355 2210 1441 2245 dine
1470 2207 1734 2245 misericordiae
1764 2220 1847 2243 suae.
1886 2210 2032 2251 Venite,
2059 2208 2109 2244 ait
2133 2208 2338 2257 propheta,

1356 2273 1464 2303 emite
1495 2268 1631 2315 absque
1660 2275 1809 2315 argento
1841 2270 1967 2301 vinnm
1998 2275 2032 2301 et
2059 2270 2117 2301 lac
2148 2265 2174 2302 ⁶.
2207 2268 2338 2304 Omnis

1355 2327 1455 2362 enim
1474 2327 1645 2362 timorata
1665 2324 1892 2361 conscientia
1909 2337 1992 2372 quae
2008 2324 2053 2360 ad
2075 2327 2192 2361 Deum
2209 2326 2313 2361 venit
2326 2354 2335 2372 ,

1354 2386 1411 2423 vel
1445 2387 1500 2422 lac
1529 2385 1574 2422 ab
1606 2386 1705 2434 ipso,
1738 2385 1797 2421 vel
1835 2384 1963 2420 vinum
1993 2385 2102 2430 emit,
2131 2385 2336 2422 secundmn

1353 2445 1454 2494 quod
1489 2445 1627 2481 dictum
1658 2453 1711 2480 est
1739 2453 1775 2480 et
1810 2452 2018 2479 tractatum.
2051 2447 2096 2480 Et
2130 2453 2217 2481 nota
2251 2446 2337 2494 quia

1352 2504 1554 2553 utrobique
1595 2504 1726 2539 vinnm
1758 2504 1982 2552 praeposuit,
2023 2517 2092 2552 pro
2123 2517 2168 2539 eo
2199 2505 2338 2541 scilicet

293 2560 409 2596 solius
427 2568 498 2605 est,
520 2560 583 2608 qui
601 2569 848 2597 sanatomnes
869 2562 1105 2598 infirmitates
1123 2571 1280 2599 nostras.
1301 2567 1333 2599 D
1351 2563 1453 2612 quod
1480 2564 1542 2611 qui
1576 2561 1757 2610 majorem
1781 2562 1939 2598 sustinet
1966 2576 2036 2611 pro
2061 2566 2141 2599 Deo
2167 2576 2338 2612 perseve-

294 2619 393 2654 Audi
422 2627 544 2655 tamen
575 2619 677 2667 quod
707 2621 904 2668 sequitur:
931 2623 1134 2656 ostendisti
1145 2625 1286 2669 populo

293 2686 353 2712 tuo
373 2679 481 2712 (lura.
503 2681 594 2725 Quae
615 2678 735 2714 dura?
752 2682 898 2715 Pataui
913 2693 979 2715 nos
1004 2685 1094 2715 vino
1115 2694 1287 2728 compun-

293 2740 422 2771 ctionis
436 2737 461 2779 3,
486 2750 559 2772 non
582 2738 672 2773 lacte
693 2738 891 2774 unctionis.

347 2797 380 2831 5.
411 2795 622 2832 Notandum
648 2810 736 2832 vero
763 2805 838 2842 est,
866 2797 968 2846 quod
993 2797 1216 2846 quibusdam
1244 2799 1282 2835 in

294 2855 472 2903 religione
487 2855 700 2892 viventibus
714 2857 919 2906 apponitur
933 2858 986 2893 lac
997 2858 1042 2893 ad
1059 2857 1281 2906 bibendum,

295 2914 520 2963 quibusdam
544 2916 654 2952 ctiam
674 2917 804 2952 xinum
825 2932 832 2953 :
854 2917 918 2953 sed
941 2925 1062 2953 tamen
1080 2927 1282 2968 utrumque

295 2972 477 3009 divinum.
497 2974 634 3010 Bibunt
655 2975 706 3010 illi
727 2975 803 3020 lae,
830 2975 969 3024 quibus
988 2984 1023 3011 et
1039 2977 1174 3025 vigiliae
1194 2976 1283 3014 bre-

294 3045 378 3076 ves,
407 3041 442 3068 et
463 3032 534 3068 cibi
557 3033 709 3079 dulces,
737 3043 774 3070 et
801 3035 948 3071 labores
977 3036 1219 3085 appetibiles,
1247 3047 1283 3075 et

296 3092 410 3140 panni
437 3105 569 3128 suaves
598 3093 774 3129 videntur
803 3108 809 3129 ;
844 3094 981 3143 quibus
1011 3096 1120 3131 etiam
1149 3109 1280 3144 parum

344 3225 349 3240 ¹
373 3220 448 3250 l‘s‘al.
471 3231 587 3255 rxxvt,
607 3225 635 3250 ἶ).

340 3284 352 3299 ³
369 3280 484 3321 supple
505 3278 640 3318 felicior.

680 3241 697 3243 --
717 3227 727 3242 ²
744 3222 820 3252 Psal.
839 3233 895 3259 xc,
917 3226 966 3252 15).
988 3241 1023 3244 —
1045 3221 1057 3244 3
1076 3222 1226 3252 Psal.1.1x
1241 3247 1248 3261 ‚
1268 3225 1281 3254 f·
1296 3247 1303 3261 ,
1323 3229 1351 3255 5.
1368 3243 1406 3247 —
1430 3224 1530 3255 ⁴1.uc.
1554 3236 1624 3256 xxti
1640 3249 1648 3264 ,
1666 3228 1717 3256 28.
1736 3245 1739 3246 ν
1755 3244 1762 3247 -

1354 2630 1478 2657 ranter
1498 2621 1773 2657 tribulationem
1789 2648 1798 2665 ,
1823 2620 1999 2669 majorem
2024 2621 2157 2658 habeat
2182 2630 2218 2658 et
2240 2635 2337 2658 mer-

1352 2682 1492 2718 cedem.
1523 2685 1565 2717 lit
1593 2680 1670 2716 lizee
1691 2680 1788 2716 dicta
1810 2681 1883 2715 sint
1904 2693 1973 2729 pro
1994 2680 2206 2717 differentia
2226 2680 2336 2717 bonae

1351 2749 1386 2776 et
1416 2739 1623 2788 tranquillae
1648 2739 1903 2785 conscientiae‚
1938 2747 1974 2775 et
2002 2738 2110 2776 bonae
2125 2748 2161 2776 et
2180 2739 2336 2776 turbatae

1349 2800 1595 2837 conscientiae.

1793 3222 1937 3255 5Cantie.
1957 3236 1986 3261 v,
2006 3227 2032 3254 1,
2055 3240 2088 3245 ·-
2109 3222 2123 3245 ⁶
2139 3223 2206 3255 lsai.
2226 3235 2277 3259 ιν,
2305 3227 2331 3254 1.
