2504 3928
281 213 328 246 55
1053 207 1341 244 GlLLtiBEtt‘t't
1374 211 1568 245 ARBATIS
2273 210 2322 245 56

278 294 332 321 est
353 298 425 320 uua
449 297 516 320 nec
539 284 695 332 simplex
714 296 781 318 nec
799 283 994 319 uniformis
1011 284 1103 320 visio
1124 283 1264 333 sponsi.
1283 281 1296 298 ‘¹

1301 281 1315 297 ⁰
1336 284 1470 320 dinatis
1499 300 1517 321 a
1546 289 1626 321 Deo
1646 285 1862 334 apparuisse
1888 285 2022 334 legitur
2041 284 2067 319 ⁸.
2105 285 2242 322 Felices
2269 285 2323 321 illi

280 344 489 380 lixsultavit
511 342 696 379 Abi-aliam
719 350 757 377 ut
783 342 1034 378 videretdiem
1051 342 1131 390 ejus
1151 358 1158 379 2
1179 342 1271 378 vidit
1293 347 1319 378 Α
1340 344 1532 387 custodes,
1556 345 1585 380 si
1606 344 1742 392 quibus
1773 353 1896 380 tamen
1925 352 2081 394 apparet
2109 344 2324 393 frequenter

280 411 315 438 et
335 404 482 450 gavisus
500 410 554 438 est
571 409 594 436 ¹.
616 401 714 436 Yidit
733 400 851 436 Jacob
872 402 1073 437 Dominum
1105 402 1195 437 faeie
1221 401 1267 437 ad

281 460 410 494 faeiem
428 488 436 502 ‚
459 467 493 494 et
526 459 626 493 salva
658 458 749 493 faeta
778 466 832 493 est
865 459 986 495 anima
1021 459 1102 507 ejus
1121 466 1145 495 ².
1168 459 1268 495 vidit

280 522 360 565 Mo)
373 531 449 561 ses,
467 516 529 552 sed
554 517 763 565 posteriora
785 516 876 552 vidit
896 515 922 553 ³.
942 518 1040 553 Vidit
1064 519 1174 554 Isaias
1194 522 1268 555 Do-

279 577 420 611 minum
446 576 636 610 sedentem
659 588 772 624 super
791 577 925 611 solium
949 577 1136 612 excelsum
1153 577 1178 613 4.
1204 577 1266 613 Vi—

278 635 330 670 dit
354 634 518 670 Ezechiel
538 633 550 656 ⁵
568 648 575 669 τ
598 633 689 669 vidit
715 634 843 669 Daniel
866 634 901 670 in
919 634 1080 670 liominis
1099 635 1267 671 similitu-

278 694 366 729 dine
383 696 397 713 ‘¹
410 722 419 738 ,
437 706 520 728 eum
542 693 708 728 nondum
734 693 922 729 bominem
941 694 1173 742 suscepisset.
1196 693 1266 729 Sed

277 752 400 788 ‹mmis
427 760 512 787 ante
537 752 830 788 incarnationem
862 752 1078 800 hujusmodi
1105 753 1199 789 visio
1230 754 1266 788 in

277 811 464 860 corporali
484 819 688 847 monstrata
708 820 763 846 est
780 814 902 860 specie
916 841 924 857 ,
945 825 1018 847 non
1036 812 1072 847 in
1098 812 1268 860 corporis

278 870 431 905 liumani
454 870 622 905 vei-itate.
643 870 824 906 Viderunt
841 871 1010 919 Apostoli
1032 871 1068 906 in
1093 871 1171 919 ipsa
1187 884 1268 906 car-

279 931 337 965 nis
364 929 542 973 veritate,
564 938 600 964 et
623 930 871 978 palpaverunt
901 938 936 965 et
964 938 1269 966 attrectaverunt.

278 988 440 1036 Ltrique
471 997 592 1023 tamen
617 988 715 1024 intus
743 988 813 1024 lide
846 992 963 1024 Deum
992 988 1177 1024 viderunt.
1206 990 1271 1025 Di-

281 1056 382 1082 ctum
414 1055 468 1082 est
506 1047 678 1095 Phiiippo
711 1062 718 1082 ε

282 1109 433 1142 Patrem
462 1120 596 1141 ueram.
628 1111 719 1152 Qua¹
748 1107 842 1142 visio
860 1135 869 1152 ‚
896 1107 982 1156 quia
1015 1108 1196 1142 referatur
1227 1107 1273 1142 ad

284 1165 395 1200 fidem
411 1193 419 1209 ‚
455 1164 557 1213 quod
593 1164 812 1212 adjunctum
846 1173 901 1201 est
916 1194 925 1210 ‚
960 1165 1123 1201 declarat
1153 1180 1160 1201 ι

280 1226 428 1259 credilis
451 1228 539 1271 qnia
565 1238 630 1271 ego
651 1229 689 1258 in
711 1225 843 1267 Patre,
867 1233 901 1259 et
917 1225 1032 1259 Pater
1051 1229 1087 1259 iu
1109 1238 1166 1259 me
1190 1234 1242 1259 est
1256 1229 1275 1261 .³

282 1285 456 1331 :laffustan
471 1292 626 1331 propte-1·
639 1296 751 1330 opera
771 1285 906 1318 credite
922 1290 946 1319 7.
965 1287 1056 1330 Qua·
1070 1283 1168 1319 enim
1187 1297 1275 1320 cou—

284 1343 499 1391 sequentia,
523 1351 562 1377 ut
587 1342 631 1377 ad
655 1341 892 1391 probandum
915 1342 1018 1390 quod
1047 1345 1192 1378 Patrem
1214 1343 1274 1378 vi-

282 1402 400 1446 derit,
437 1400 588 1437 inducat
623 1402 710 1449 quia
745 1415 783 1437 se
810 1401 968 1445 viderit,
999 1402 1067 1438 nisi
1101 1402 1203 1450 quod
1236 1403 1274 1437 in

282 1469 447 1509 utroque
470 1474 549 1495 eam
567 1460 684 1495 voluit
701 1460 882 1495 visionem
905 1461 1082 1509 intelligi,
1099 1474 1181 1509 qua·
1208 1474 1276 1509 per

1191 1167 1246 1200 No
1250 1180 1272 1201 u

282 1519 394 1555 fidem
421 1520 488 1554 tit?
520 1522 722 1567 Propterea
749 1527 786 1554 et
814 1518 859 1553 de
890 1519 1109 1555 credulitate
1139 1532 1273 1556 conse-

285 1586 446 1627 quenter
470 1576 640 1625 adjungit
658 1591 665 1612 ε
690 1578 771 1612 Nan
785 1579 932 1613 creditis
948 1582 1036 1625 quia
1057 1592 1121 1625 ego
1146 1583 1182 1613 in
1197 1580 1274 1613 Pa-

284 1647 354 1681 tre,
373 1646 409 1671 et
428 1639 544 1671 Patm-
560 1640 596 1670 1'1:
618 1650 676 1670 me
691 1640 770 1671 est?
792 1639 970 1683 Alioquin
984 1647 1140 1685 propter
1163 1651 1276 1686 opera

287 1700 368 1742 ι’μια
385 1697 537 1729 credite.
558 1694 593 1730 Si
607 1694 706 1729 enim
728 1693 871 1729 habitat
891 1694 1057 1731 Cliristus
1078 1708 1145 1743 per
1165 1695 1274 1731 Iidem

284 1755 320 1790 in
339 1753 516 1789 cordibus
531 1753 689 1798 nostris,
706 1761 741 1788 et
759 1753 787 1788 si
802 1754 881 1802 ipsa
899 1753 1011 1789 corda
1026 1763 1151 1790 nostra
1172 1768 1278 1790 mun-

1333 411 1367 438 et
1389 403 1619 439 familiariter
1640 403 1720 439 talis
1740 403 1852 448 visio,
1872 403 2076 452 praesertim
2095 403 2155 438 illa
2171 416 2254 451 quae
2269 411 2324 439 est

1334 461 1370 496 in
1392 463 1514 498 carnis
1529 461 1605 510 jam
1631 462 1845 509 glorificatae
1868 470 2043 510 aspectu,
2065 462 2211 511 qualem
2237 475 2322 498 eum

1334 523 1465 556 l’ctrus
1482 528 1519 556 et
1537 525 1702 556 joannes
1722 519 1898 556 viderunt
1914 520 1949 555 in
1974 528 2101 555 monte
2123 521 2323 568 transfigu-

1334 587 1453 614 ratum
1472 586 1487 608 ἵ)
1516 593 1523 614 :
1543 579 1606 614 sed
1629 587 1751 615 tamen
1779 588 1815 614 et
1841 580 1902 615 illa
1924 579 2028 628 prior
2054 591 2129 614 non
2146 591 2235 614 vera
2250 607 2259 624 ,
2288 586 2326 614 et

1333 638 1399 673 ista
1423 651 1496 673 non
1529 638 1652 686 plena.
1682 642 1772 675 IN‘am
1795 638 1855 674 illa
1888 641 2036 688 Moyses
2056 635 2325 673 delectabiliter

1333 694 1527 739 detentus,
1548 708 1623 730 non
1645 703 1766 730 tamen
1785 703 1983 731 contentus
2005 710 2012 731 :
2036 697 2197 731 Ostende
2214 695 2322 739 milet,

1334 753 1454 801 inquit
1470 782 1478 798 ,
1507 762 1542 787 lc
1567 758 1684 803 ipsum
1704 760 1744 789 ¹⁰.
1767 757 1822 790 De
1841 755 1956 790 altera
1976 766 2065 789 vero
2091 753 2170 802 ipse
2190 752 2326 789 Domi-

1335 825 1404 847 nus
1432 826 1439 847 :
1466 814 1633 860 lia-pedit
1665 811 1770 848 vobis
1801 822 1839 848 uc
1869 827 1934 860 ego
1958 814 2124 855 vadam;
2156 815 2324 859 alloquin

1336 873 1555 905 Paracletus·
1570 885 1642 906 mm
1662 876 1841 908 veniet&
1863 875 1964 908 Bona
1982 884 2071 920 ergo
2085 871 2197 914 visio,
2213 883 2324 920 quam

1338 930 1548 966 Paracletus
1571 929 1774 966 adveniens
1803 930 1947 966 inducit
1977 945 1985 967 ι
2016 930 2221 979 spiritualis
2245 937 2326 975 cst,

1337 988 1423 1037 quia
1442 989 1535 1024 facta
1556 989 1655 1024 intus
1670 1002 1736 1038 per
1756 990 1948 1038 Spiritum.
1970 990 2142 1038 Denique
2162 997 2199 1025 et
2214 989 2328 1038 spiri·

761 1050 836 1091 Qui
868 1050 971 1083 videt
998 1061 1077 1092 me,
1108 1050 1213 1082 valet
1240 1057 1274 1082 cl
1291 1050 1318 1084 B
1340 1056 1398 1083 tus
1418 1057 1505 1084 ante
1535 1049 1664 1084 faciem
1687 1057 1850 1085 nostram
1880 1049 2047 1085 Christus
2079 1048 2264 1084 Dominus
2281 1054 2323 1084 ¹².

1340 1107 1440 1143 Yisio
1462 1107 1539 1143 lia2c
1567 1108 1625 1143 vel
1656 1108 1692 1143 in
1723 1109 1883 1144 revelata
1903 1107 2145 1157 spiritualiter
2173 1108 2329 1145 veritate

1340 1179 1408 1215 per
1427 1167 1734 1214 intelligentiam,
1767 1167 1824 1202 vel
1859 1167 1895 1202 in
1917 1166 2098 1202 suavitate
2123 1166 2243 1202 infusa
2260 1179 2330 1215 per

1339 1225 1508 1273 gratiam.
1530 1229 1621 1262 Nam
1640 1234 1675 1261 et
1697 1226 1768 1261 boc
1789 1226 1909 1275 ipsum
1930 1225 2093 1274 experiri
2115 1224 2242 1261 videre
2261 1233 2328 1262 est.

1344 1287 1514 1328 Guslale,
1548 1285 1691 1333 inquit,
1719 1294 1753 1320 et
1779 1287 1903 1320 videte
1929 1289 2101 1332 qnoniam
2134 1289 2253 1319 suavis
2277 1293 2331 1320 est

1342 1347 1522 1378 Dmnmus
1553 1342 1592 1379 ¹3.
1629 1344 1853 1380 suavissima
1888 1352 1987 1380 certe
2025 1343 2103 1379 liaec
2136 1343 2230 1379 visio
2248 1371 2258 1388 ,
2294 1351 2332 1379 et
2361 1359 2367 1366 ·

1341 1402 1513 1450 quamvis
1533 1402 1699 1438 futurmn
1720 1401 1827 1450 juxta
1844 1402 1997 1438 modum
2015 1401 2184 1438 nondum
2201 1402 2308 1451 plena
2322 1431 2331 1447 ,

1341 1461 1462 1497 vicina
1489 1469 1631 1506 tamcu3
1658 1462 1781 1498 vicina
1800 1462 1994 1511 qualitate,
2014 1474 2089 1497 non
2107 1462 2329 1510 aequalitate.

1340 1521 1441 1558 Yisio
1459 1520 1537 1556 lia-c
1564 1520 1729 1556 lmmano
1751 1534 1827 1556 non
1860 1529 1915 1556 cst
1935 1521 2129 1570 supposita
2153 1521 2330 1570 ingenio,

1341 1580 1399 1615 vel
1431 1579 1620 1628 proposita
1646 1579 1769 1615 studio
1786 1607 1796 1624 ,
1829 1579 1896 1615 etsi
1917 1579 2118 1628 aliquando
2147 1578 2332 1616 desiderio

1342 1639 1454 1685 gratis
1476 1638 1631 1674 indulta.
1646 1638 1818 1686 Denique
1835 1651 1909 1674 non
1927 1646 1980 1673 est
1999 1638 2079 1674 talis
2095 1650 2178 1687 quae
2197 1638 2332 1674 intelli-

1342 1696 1474 1745 gentiae
1494 1705 1675 1746 concepta
1700 1696 1863 1742 viribus,
1887 1697 2069 1733 continuo
2090 1705 2220 1733 tenore
2248 1710 2332 1733 mo-

1344 1769 1421 1791 ram
1445 1756 1480 1791 in
1502 1756 1615 1791 animi
1636 1756 1817 1792 memoria
1834 1757 2020 1805 protelare
2041 1764 2165 1804 queat.
2183 1755 2332 1792 Subita-

287 1814 424 1849 dantm·
445 1826 511 1861 per
532 1812 640 1848 [idem
654 1840 662 1856 ,
696 1825 763 1847 cur
790 1826 864 1847 non
890 1821 926 1847 et
953 1813 988 1847 in
1011 1812 1186 1849 cordibus
1209 1826 1278 1848 no·
1297 1816 1325 1851 C
1346 1828 1414 1850 nea
1428 1814 1700 1862 estetsuijuris
1715 1815 1791 1851 baec
1804 1816 1962 1861 visio,in
1976 1816 2109 1864 spiritu
2122 1815 2332 1852 vehementi

285 1873 369 1909 stris
389 1872 538 1908 videtur
553 1885 620 1920 per
641 1871 778 1906 fidem?
798 1872 1041 1920 Superiorum
1063 1885 1152 1908 vero
1167 1873 1278 1908 visio-

286 1945 395 1975 num,
414 1944 572 1979 quarum
594 1931 710 1965 altera
728 1931 819 1966 facta
836 1938 890 1965 est
911 1931 946 1965 iu
964 1930 1146 1978 imagine,
1160 1931 1275 1966 altera

286 1991 322 2025 in
346 2002 476 2033 carne,
499 1997 657 2036 utraque
679 1989 789 2036 plena
806 1996 860 2023 est
881 1987 937 2023 vel
952 1986 1199 2035 jucunditatis
1217 1989 1275 2023 vel

286 2047 478 2092 utilitatis,
498 2046 561 2082 sed
585 2059 668 2081 cum
694 2047 831 2091 tertiae,
860 2059 943 2094 quae
963 2054 1019 2082 est
1039 2059 1107 2095 per
1136 2046 1246 2082 tidem
1264 2075 1274 2092 ,

287 2114 458 2142 servatur
475 2105 679 2153 integritas.

340 2168 376 2201 5.
407 2169 498 2201 ‘Nam
533 2173 574 2200 ut
607 2165 652 2199 de
687 2163 798 2200 Verbi
833 2163 1092 2213 apparitione,
1129 2176 1213 2212 quae
1240 2163 1278 2199 in

287 2238 397 2260 carne
415 2232 512 2268 erat,
537 2223 670 2271 loquar
688 2237 695 2257 τ
716 2231 852 2271 praeter
872 2224 956 2258 vitae
975 2221 1108 2267 verba,
1133 2235 1216 2270 quae
1234 2222 1279 2258 de

288 2297 353 2319 ore
374 2282 455 2329 ejus
486 2280 763 2330 procedebant,
784 2290 965 2330 quantum
995 2290 1104 2330 putas
1132 2282 1280 2318 virtutis

289 2342 433 2389 insigne
450 2341 487 2376 in
507 2341 588 2388 ipso
605 2340 782 2375 exteriori
799 2340 981 2376 renitebat
996 2340 1150 2376 habitu?
1167 2354 1278 2389 quam

289 2400 483 2436 manifesta
506 2399 605 2447 ejus,
631 2412 713 2447 qufe
735 2399 836 2435 intus
856 2408 956 2444 erat,
986 2399 1125 2435 dabant
1145 2400 1280 2436 indicia

289 2460 433 2504 oculus,
450 2472 522 2494 vox
538 2487 546 2503 ,
562 2459 685 2494 vultus
699 2460 713 2493 P
727 2459 889 2507 (lenique
907 2467 1030 2506 gestus
1049 2460 1171 2495 omnis
1187 2473 1281 2508 quo-

289 2519 402 2554 modo
422 2518 584 2553 divinam
602 2517 767 2566 spirabat
782 2518 961 2565 gratiam?
976 2519 1146 2555 jucunda
1168 2519 1278 2568 plane

1343 1872 1484 1908 vadens
1494 1881 1531 1908 et
1544 1873 1710 1908 veniens.
1728 1873 1927 1910 Subitanea
1941 1882 2041 1910 estet
2054 1882 2329 1918 momentanea,

1341 1939 1495 1979 repente
1524 1932 1678 1967 veniens
1698 1940 1734 1967 ct
1760 1940 1916 1981 repente
1935 1932 2077 1969 vadens
2099 1948 2106 1967 ;
2134 1940 2172 1968 et
2195 1933 2224 1969 si
2246 1946 2333 1969 mo-

1342 1997 1539 2025 mentanea
1560 1998 1635 2035 cst,
1665 1998 1818 2026 manent
1848 1999 1969 2026 tamen
1995 1991 2162 2040 reliquiae
2187 1992 2332 2040 cogita-

1342 2049 1454 2084 tionis
1472 2077 1481 2093 ,
1512 2056 1585 2084 tam
1622 2061 1834 2094 succensae,
1870 2057 1942 2086 tam
1975 2063 2138 2096 serenae,
2168 2058 2206 2086 et
2234 2049 2333 2087 diem

1344 2107 1477 2143 festum
1503 2115 1619 2155 agunt
1640 2107 1677 2143 in
1702 2107 1827 2143 animo
1846 2108 2091 2144 recordantis.
2108 2111 2235 2144 Manet
2252 2109 2336 2158 qui-

1343 2165 1427 2201 dem
1449 2166 1628 2202 memoria
1647 2166 1850 2214 degustatae
1874 2175 1910 2204 ct
1935 2167 2123 2215 deglutitae
2147 2167 2329 2218 visionis:

1344 2223 1450 2273 cujus
1471 2225 1689 2260 suavitatem
1711 2225 1775 2272 qui
1797 2233 1945 2274 gustare
1966 2233 2143 2274 possunt,
2164 2234 2334 2263 eructare

1345 2290 1510 2327 norunt,
1532 2291 1568 2318 et
1588 2282 1680 2318 liora
1697 2282 1764 2318 bac
1781 2283 1954 2319 maxime.
1976 2286 2127 2319 Eructat
2146 2283 2244 2319 enim
2265 2283 2334 2320 bo—

1346 2354 1436 2377 num
1455 2340 1610 2376 verbum
1629 2354 1694 2376 cor
1713 2341 1851 2377 recenti
1868 2341 1988 2377 adhuc
2006 2341 2230 2378 incalescens
2250 2355 2335 2391 gra—

1347 2400 1394 2435 tia
1408 2428 1416 2444 ,
1436 2408 1472 2435 et
1488 2399 1629 2435 fervida
1644 2399 1835 2435 meditatio
1855 2399 1993 2436 similes
2012 2399 2172 2436 effundit
2187 2414 2334 2437 sermo-

1346 2472 1422 2496 nes,
1444 2460 1603 2496 Multum
1633 2459 1732 2495 enim
1767 2459 1906 2494 intimae
1929 2459 2137 2495 dulcedinis
2168 2460 2262 2509 sapit
2293 2461 2332 2496 in

1343 2518 1490 2564 verbis,
1524 2527 1560 2554 et
1596 2518 1794 2566 gratissimi
1828 2526 1915 2554 sunt
1945 2531 2161 2563 sermones,
2195 2519 2260 2568 qui
2287 2519 2333 2556 de

285 2579 380 2613 visio
416 2578 497 2621 illa,
537 2577 600 2612 sed
638 2581 754 2613 Deum
784 2578 821 2612 in
852 2578 1003 2613 homine
1027 2578 1206 2615 credenti.
1233 2583 1277 2615 Et
1295 2584 1327 2617 D
1344 2579 1545 2627 gratiarum
1572 2577 1740 2613 ubertate
1761 2586 2028 2627 prorumpunt.

289 2637 439 2686 quidem
474 2638 533 2672 illa
569 2650 652 2685 quae
692 2637 888 2685 Prophetis
922 2645 958 2673 et
992 2637 1163 2674 Patribus
1195 2648 1281 2676 ante

291 2698 426 2733 (Ibristi
449 2697 742 2732 incarnationem
766 2697 859 2732 faeta
876 2705 950 2740 est,
978 2697 1145 2733 divinum
1169 2699 1281 2747 quid-

292 2755 374 2790 dam
406 2754 571 2804 spirabat
601 2756 634 2790 in
657 2763 862 2803 apparente
891 2756 1073 2803 imagine,
1097 2765 1279 2804 quantmn

291 2827 371 2848 mea
392 2827 429 2848 se
459 2813 570 2848 babet
603 2813 710 2858 tides,
733 2814 1029 2849 inaestimabilcm
1060 2814 1281 2852 delectatio—

292 2886 375 2907 nem
407 2881 441 2907 et
466 2873 580 2907 menti
603 2881 638 2907 et
672 2873 793 2908 sensui
816 2873 1038 2909 infundebat
1064 2876 1250 2911 cernentis
1273 2891 1280 2912 :

289 2944 355 2965 nec
380 2931 447 2965 nisi
466 2944 627 2978 quorum
654 2931 815 2966 mundus
835 2941 913 2967 erat
931 2933 1094 2977 aninum,
1119 2947 1280 2983 appare-

290 2989 353 3024 bat
375 2989 581 3025 obtutibus.
611 2994 700 3025 Nam
732 2998 767 3025 et
799 3000 883 3039 post
911 2993 1221 3028 resurrectionem
1244 2994 1280 3029 in

290 3050 369 3097 ipsa
390 3049 508 3083 carnis
529 3062 603 3084 sua:
623 3049 778 3085 veritate
799 3050 945 3085 nonnisi
963 3050 1119 3087 testibus
1139 3065 1280 3100 pracor-

336 3189 454 3216 'Joatn
472 3197 531 3214 ιιιι
546 3209 553 3221 ,
577 3190 629 3215 [itt.

289 3243 348 3274 tsi,
374 3240 421 3267 ιἰ.
506 3244 516 3249 ·

286 3297 310 3311 ¹·
333 3293 421 3320 ,ΙιιοιιΔ
441 3300 493 3319 xvr
508 3315 514 3322 ,
539 3292 568 3319 7.

537 3241 629 3267 Joan.
656 3249 722 3274 λιι,
743 3242 832 3268 9-1ἶέ.

610 3309 627 3311 s.
652 3296 676 3308 '¹
702 3290 807 3319 lbreu.
828 3302 870 3320 ιι.
895 3294 947 3321 Ϊὶυ.

1399 2641 1431 2673 6.
1453 2637 1487 2673 Si
1505 2645 1630 2673 custos
1644 2650 1702 2680 es,
1720 2637 1813 2672 scito
1831 2637 2008 2685 quoniam
2028 2636 2113 2672 talia
2130 2643 2164 2672 te
2183 2645 2334 2685 oportet

1347 2710 1560 2746 praeparare
1575 2696 1610 2731 in
1621 2708 1816 2731 occursum
1830 2708 1988 2744 sponsae.
2000 2695 2141 2743 utquid
2155 2696 2334 2742 occurris,

1347 2757 1375 2792 si
1402 2756 1490 2791 nihil
1512 2755 1637 2799 dulce,
1662 2755 1752 2790 nibil
1779 2767 1919 2789 novum
1940 2753 2179 2789 nuntiaturus
2199 2754 2334 2791 venis?

1347 2815 1383 2851 Si
1405 2827 1501 2849 nova
1523 2827 1597 2849 non
1620 2821 1745 2861 potes,
1770 2821 1894 2848 vetera
1916 2813 2054 2861 profer.
2075 2816 2207 2861 lugere
2227 2821 2333 2859 nota,

1348 2873 1376 2908 si
1400 2886 1497 2908 nova
1518 2885 1592 2907 non
1619 2870 1743 2907 babes.
1774 2875 1856 2908 Non
1880 2880 2002 2907 tamen
2023 2871 2205 2919 ingeritur
2232 2871 2333 2920 quod

1347 2932 1519 2980 exigitur.
1542 2934 1623 2967 Non
1645 2931 1778 2978 qua-rit
1800 2931 1948 2978 qualem
1975 2930 2122 2976 rideris,
2147 2929 2210 2966 sed
2229 2931 2258 2966 si
2278 2931 2334 2966 vi-

1348 2991 1458 3027 deris.
1490 2990 1631 3025 Sufficit
1659 2990 1830 3025 nuntiare
1851 2990 1998 3037 qualem
2026 2990 2104 3038 ipsa
2126 2989 2242 3026 novit.
2260 2994 2335 3026 Au-

1347 3058 1538 3102 gmentum
1567 3057 1688 3084 tamen
1720 3048 1829 3084 affert
1858 3048 2059 3097 gratiarum
2084 3049 2112 3084 si
2146 3061 2243 3084 nova
2271 3061 2334 3084 an-

712 3192 722 3206 )
743 3189 822 3216 (len.
843 3198 956 3222 xxxii,
981 3192 1033 3216 5111.
1052 3207 1093 3209 —--
1121 3187 1133 3209 ³
1159 3190 1257 3220 lixod.
1277 3202 1408 3227 xxxin,
1431 3193 1482 3220 23.
1500 3208 1541 3210 ff*
1561 3187 1573 3212 ⁴
1592 3186 1660 3217 lsai.
1682 3198 1714 3216 vi
1730 3211 1736 3223 ,
1767 3190 1793 3217 1.
1810 3205 1850 3210 -—
1877 3185 1890 3207 5
1905 3186 2016 3217 lizecli.
2039 3198 2060 3216 1.
2079 3204 2123 3209 —
2144 3185 2159 3206 ‘⁵
2175 3190 2253 3218 Dan.
2270 3199 2331 3226 vii,

913 3239 1008 3269 ΝΛΜ,
1033 3252 1070 3276 x,
1098 3244 1154 3276 Ἢν,
1183 3244 1230 3272 ’,1,
1256 3259 1298 3264 -
1320 3250 1335 3271 9
1358 3242 1470 3274 Manli.
1494 3252 1583 3275 xxti,
1608 3243 1616 3269 1
1637 3263 1643 3275 ,
1673 3243 1700 3269 ’)..
1731 3258 1765 3261 --
1798 3246 1825 3260 '¹’

1855 3239 1951 3269 liwid.
1975 3251 2106 3277 xxxiii,
2134 3244 2196 3279 13,
2223 3243 2271 3271 18.
2301 3259 2331 3262 ψ

1029 3290 1056 3309 '¹
1076 3293 1150 3321 reat.
1177 3305 1296 3330 xxxin,
1315 3297 1345 3324 9.
