2504 3928
314 203 387 237 (563

1024 202 1380 238 MEDITATIONES
1410 202 1638 236 ruffini-E.

2273 197 2344 236 064

314 278 442 314 voluit.
463 276 518 313 Ad
542 276 740 324 imaginem
764 275 830 311 Dei
853 276 934 311 sacti
954 290 1100 321 sumus3
1123 277 1192 313 boc.
1211 286 1265 313 est
1279 276 1398 322 ,⁵¹⁰in
1420 290 1485 313 cor
1507 275 1668 312 bominis
1685 274 1849 311 ascendit
1863 301 1872 319 ,
1894 283 2033 323 quanta
2053 275 2215 318 claritas,
2233 288 2349 324 quan-

314 337 359 372 ad
381 336 610 372 intellectum
630 342 665 369 rt
689 334 857 369 notitiam
880 335 980 380 Filii,
1006 349 1074 385 per
1098 349 1209 385 quem
1240 337 1299 372 in-
1317 339 1345 370 Α
1367 345 1400 371 ta
1421 335 1601 378 suavitas,
1622 342 1658 369 et
1677 342 1816 382 quanta
1831 334 2046 382 jucunditas
2064 341 2208 369 maneat
2226 346 2294 369 nos
2312 334 2347 369 in

315 396 512 443 telligimus
531 402 564 428 ct
587 393 848 441 cognoscimus
869 397 1036 438 Patrem,
1057 403 1092 430 ct
1113 408 1300 431 accessum

313 454 495 490 habemus
516 453 559 488 ad
583 465 680 487 cum.
703 456 818 488 Tanta
838 454 1013 501 cognatio
1036 463 1091 489 est
1114 454 1212 490 inter
1234 468 1301 490 nos

314 522 347 548 et
374 513 438 548 nei
458 512 610 555 Filium,
629 511 729 559 quod
752 512 828 560 ipsc
851 512 971 560 imago
993 513 1056 548 Dci
1079 522 1152 557 est,
1175 522 1211 549 et
1234 526 1302 549 nos

313 571 359 608 ad
378 571 576 619 imaginem
602 570 683 618 ejus
703 571 786 606 facti
807 584 953 615 sumus;
971 585 1082 620 quam
1105 572 1297 621 cognatio-

312 644 396 667 nem
424 631 535 666 etiam
565 631 644 679 ipsa
676 630 882 666 similitudo
913 638 1089 677 testatur,
1119 632 1297 680 quoniam

311 703 387 726 non
402 690 522 725 solum
536 689 581 724 ad
598 689 814 737 imaginem,
829 689 892 725 scd
907 690 1001 725 etad
1016 690 1295 726 similitudinem

311 748 391 797 ejus
423 748 505 784 facti
536 761 676 783 sumus.
711 752 871 797 Oportet
901 749 1025 797 itaque
1058 749 1095 784 id
1127 749 1228 798 quod
1252 749 1297 785 ad

314 808 513 856 imaginem
535 815 609 849 est,
632 820 716 843 cum
740 808 900 855 imagine
921 809 1142 853 convenire,
1166 817 1202 844 et
1224 821 1298 844 non

313 869 350 904 in
369 881 529 904 vacuum
551 880 688 903 nomen
705 867 875 916 imaginis
894 869 1128 917 participare.
1151 872 1301 917 Reprae-

311 936 501 963 sentemus
517 939 606 975 ergo
625 926 660 962 in
682 925 790 961 nobis
811 927 1007 974 imaginem
1029 926 1110 975 ejus
1124 928 1160 963 in
1182 940 1300 976 appe-

311 988 378 1024 titu
399 988 518 1036 pacis,
540 987 577 1022 in
595 987 733 1022 intuitu
752 987 939 1033 veritatis,
956 988 1045 1023 etin
1067 1001 1194 1023 amore
1215 987 1300 1023 clia-

1366 395 1426 429 illa
1450 393 1614 436 visione,
1637 392 1789 440 quando
1814 395 1933 428 Deum
1956 392 2046 427 facie
2071 391 2116 427 ad
2138 391 2266 427 faciem
2288 392 2347 427 vi-

1366 452 1555 495 ‹lcl›inms;
1587 451 1649 499 qui
1679 459 1733 486 est
1763 451 1827 486 lux
1858 451 2172 495 illuminatorum,
2205 451 2351 499 requies

1365 512 1674 556 exercitatorum,
1698 510 1816 559 patria
1842 509 2096 554 redeuntium,
2123 509 2196 545 vita
2219 510 2351 546 viven—

1367 571 1479 615 tium,
1513 584 1652 606 corona
1683 569 1926 605 vincentium.
1958 572 2011 605 Ita
2046 568 2082 604 in
2116 577 2240 605 mente
2271 581 2352 605 mea

1362 629 1560 679 quamdam
1584 628 1780 677 imaginem
1803 628 1900 664 illius
1921 639 2074 663 summm
2094 627 2282 664 Trinitatis
2299 628 2350 663 in-

1362 690 1474 726 venio
1494 704 1500 725 :
1521 689 1566 725 ad
1588 702 1698 738 quam
1726 701 1909 724 summam
1932 688 2148 723 Trinitatem
2181 687 2352 724 recolen-

1364 749 1468 793 dam,
1507 747 1800 797 inspiciendam,
1836 755 1871 782 et
1909 746 2156 795 diligendam,
2192 755 2232 782 ut
2272 745 2354 795 ejus

1367 809 1564 852 recorder,
1596 821 1638 844 ca
1665 806 1848 851 delecter,
1874 815 1911 842 et
1941 819 2021 842 eam
2052 807 2282 854 complectar
2316 814 2354 842 ct

1366 868 1612 916 contempler,
1626 874 1743 902 totum
1763 865 1798 901 id
1813 865 1914 914 quod
1931 865 2039 909 vivo,
2059 864 2179 900 debeo
2198 865 2348 901 referre.

1366 929 1470 962 Mens
1496 926 1617 973 imago
1641 925 1707 961 Dei
1737 932 1812 968 est,
1833 924 1869 959 in
1896 937 1969 972 qua
1994 932 2080 959 sunt
2101 923 2178 959 brec
2201 924 2292 968 tria;
2315 924 2352 959 id

1365 992 1439 1028 cst,
1457 984 1655 1028 memoria,
1678 983 1922 1031 intelligentia
1943 990 1980 1017 et
2002 983 2185 1018 voluntas.
2211 985 2353 1019 Memo—

311 1046 444 1082 ritatis.
469 1049 677 1081 Teneamus
709 1058 793 1080 eum
825 1046 862 1080 in
884 1046 1085 1089 memoria,
1108 1054 1302 1095 portemus
1320 1043 1346 1076 B
1365 1044 1428 1079 rite
1443 1042 1680 1079 attribuimus
1697 1055 1809 1078 omne
1825 1041 1927 1090 quod
1947 1041 2104 1086 scimus,
2119 1041 2263 1078 etiamsi
2277 1054 2352 1078 non

311 1104 349 1141 in
381 1104 626 1148 conscientia,
653 1112 689 1140 et
717 1103 857 1153 ubique
886 1113 1107 1154 praesentem
1142 1118 1301 1141 venerc—

313 1177 408 1200 mur.
429 1167 532 1200 Mens
551 1163 734 1212 siquidem
757 1172 885 1200 nostra
905 1176 950 1200 eo
973 1164 1054 1213 ipso
1074 1163 1155 1211 ejus
1178 1163 1302 1212 imago

310 1231 383 1267 est,
408 1236 484 1271 quo
503 1221 582 1270 ejus
605 1235 720 1271 capax
742 1231 815 1267 est,
838 1222 995 1271 ejusque
1018 1223 1204 1271 particeps
1222 1235 1302 1258 esse

309 1289 443 1330 potest.
467 1285 547 1317 Non
572 1289 774 1329 propterea
794 1280 874 1329 ejus
896 1281 1018 1329 imago
1039 1289 1114 1324 est,
1140 1281 1226 1328 quia
1247 1281 1303 1316 sui

311 1340 479 1376 meminit
507 1352 630 1384 mens,
658 1353 772 1388 seque
801 1339 973 1388 intelligit
1001 1352 1041 1375 ac
1070 1339 1210 1387 diligit3
1238 1339 1302 1375 sed

309 1399 396 1447 quia
417 1406 540 1447 potest
560 1398 791 1442 meminisse,
813 1398 1038 1445 intelligere,
1057 1410 1098 1432 ac
1115 1396 1266 1445 diligere
1283 1410 1303 1432 a

309 1470 385 1506 quo
408 1458 500 1492 sacta
519 1465 573 1492 est
594 1471 600 1491 :
623 1455 725 1504 quod
746 1469 829 1491 cum
854 1456 956 1500 facit,
978 1455 1127 1503 sapiens
1148 1455 1227 1503 ipsa
1249 1456 1300 1490 fit.

309 1515 406 1551 Nihil
422 1515 520 1551 enim
541 1523 613 1550 tam
633 1514 751 1550 simile
767 1522 822 1550 est
837 1514 887 1550 illi
906 1527 1061 1550 summae
1078 1514 1277 1563 Sapientiae
1290 1542 1299 1558 ,

307 1586 420 1622 quam
442 1585 546 1609 mens
563 1572 774 1616 rationalis,
791 1585 875 1621 quae
894 1585 961 1621 per
980 1572 1198 1608 memoriam
1212 1600 1220 1616 ‚
1242 1571 1302 1607 in-

307 1632 547 1681 telligentiam
570 1640 606 1667 et
633 1632 866 1667 voluntatem
890 1632 927 1667 in
950 1631 1012 1667 illa
1035 1631 1214 1667 Trinitate
1240 1630 1300 1665 in-

307 1691 445 1727 effabili
470 1690 649 1727 consistit.
681 1690 893 1727 Consistere
918 1698 1040 1725 autem
1065 1690 1104 1725 in
1136 1689 1195 1724 illa
1224 1701 1301 1724 non

308 1759 450 1800 potest,
470 1751 539 1786 nisi
562 1749 641 1797 ejus
666 1749 896 1794 meminerit,
914 1762 1076 1797 eumque
1097 1748 1300 1797 intelligat,

1366 1101 1453 1137 inde
1480 1102 1697 1150 cogitemus.
1725 1101 1983 1148 Intelligentiae
2013 1099 2214 1136 tribuimus
2241 1113 2354 1137 omne

1366 1160 1468 1209 quod
1490 1173 1618 1196 verum
1641 1160 1840 1209 cogitando
1865 1160 2099 1203 invenimus,
2122 1159 2225 1208 quod
2242 1160 2352 1196 etiam

1368 1219 1557 1254 memoria‘
1571 1218 1898 1255 commendamus:
1911 1218 2114 1263 voluntati,
2129 1231 2241 1255 omne
2252 1219 2355 1267 quod

1368 1278 1557 1325 cognitum
1580 1285 1616 1312 et
1639 1278 1887 1323 intellectum,
1908 1277 2049 1314 bonum
2071 1285 2107 1313 ct
2128 1290 2255 1313 verum
2277 1290 2356 1314 esse

1368 1336 1591 1383 expetimus.
1612 1339 1681 1372 Per
1700 1337 1918 1372 memoriam
1940 1337 2039 1373 Patri
2059 1337 2197 1372 similes
2217 1349 2356 1383 sumus,

1368 1407 1436 1442 per
1459 1394 1737 1442 intelligentiam
1758 1394 1868 1439 Filio,
1892 1407 1960 1443 per
1979 1394 2210 1430 voluntatem
2237 1395 2358 1444 Spiri-

1370 1451 1421 1486 tui
1446 1459 1586 1487 sancto.
1617 1451 1714 1487 Nihil
1740 1452 1777 1487 in
1808 1451 1916 1488 nobis
1947 1460 2019 1488 tam
2053 1452 2172 1488 simile
2206 1454 2358 1502 Spiritui

1368 1518 1496 1545 sancto
1517 1518 1591 1554 est,
1613 1522 1724 1558 quam
1754 1510 1928 1547 voluntas
1955 1511 2012 1546 vel
2033 1523 2139 1546 amor
2158 1511 2235 1547 sive
2262 1511 2358 1547 dile-

1369 1570 1461 1614 ctio,
1473 1581 1556 1617 quae
1568 1568 1810 1605 excellentior
1821 1569 1995 1605 voluntas
2004 1576 2071 1605 est.
2083 1569 2242 1605 Dilectio
2257 1581 2361 1606 nam-

1367 1641 1441 1676 que
1461 1627 1602 1663 donum
1623 1627 1691 1663 Dei
1711 1635 1786 1673 cst,
1805 1628 1854 1664 ita
1881 1627 1984 1676 quod
2004 1628 2146 1663 nullum
2168 1628 2239 1664 hoc
2256 1627 2359 1665 dono

1367 1687 1437 1723 Dei
1464 1695 1519 1723 est
1543 1685 1797 1722 excellentius.
1823 1687 1980 1723 Dilectio
2012 1699 2174 1735 namque
2204 1699 2288 1735 quae
2312 1700 2359 1723 ex

1370 1749 1450 1781 Dco
1480 1754 1553 1791 est,
1575 1754 1611 1781 et
1639 1749 1740 1781 Deus
1760 1754 1835 1790 est,
1857 1746 2011 1794 proprie
2031 1746 2190 1795 Spiritus
2211 1754 2359 1782 sanctus

307 1824 349 1846 ac
369 1810 509 1857 diligat.
531 1808 743 1845 Meminerit
763 1808 888 1856 itaque
910 1808 996 1852 Dei,
1018 1808 1064 1843 ad
1086 1807 1191 1855 cujus
1209 1808 1303 1842 ima—
1322 1809 1348 1844 C
1369 1805 1518 1850 dicitur,
1549 1817 1617 1853 per
1646 1818 1758 1853 quam
1791 1805 1951 1841 charitas
1979 1806 2046 1842 Dei
2076 1805 2210 1842 diffusa
2237 1814 2291 1841 est
2321 1805 2358 1841 in

305 1869 427 1917 ginem
446 1869 537 1904 facta
549 1875 602 1903 est
615 1882 624 1911 ;
638 1880 799 1915 cumque
814 1867 1015 1915 intelligat,
1031 1866 1171 1914 diligat,
1187 1874 1297 1914 atque

305 1929 420 1973 colat,
440 1941 524 1963 eum
542 1940 618 1976 quo
636 1935 759 1976 potest
776 1939 925 1975 semper
945 1938 1023 1961 esse
1040 1925 1163 1961 beata.
1187 1929 1298 1961 Beata

305 1987 448 2032 anima,
467 1986 566 2035 apud
585 1998 696 2034 quam
715 1988 815 2021 Deus
836 1985 1003 2033 requiem
1025 1984 1187 2028 invenit,
1206 1992 1242 2019 et
1260 1983 1297 2019 in

307 2044 414 2093 cujus
435 2043 675 2081 tabernaculo
701 2044 910 2092 requiescit.
932 2046 1043 2080 Beata
1063 2055 1146 2091 quae
1176 2042 1299 2078 dicere

306 2112 431 2153 potest
451 2118 458 2140 :
483 2106 530 2139 E!
549 2108 610 2151 qui
630 2108 766 2138 creavit
785 2117 857 2146 me,
873 2106 1049 2150 requievit
1068 2106 1105 2136 ln
1127 2101 1301 2136 taberna-

305 2167 385 2198 culo
401 2177 480 2198 meo
493 2169 517 2198 ¹.
533 2165 675 2211 Negare
691 2161 876 2210 siquidem
892 2160 1059 2209 requiem
1079 2160 1159 2195 coeli
1175 2160 1207 2195 ei
1223 2173 1299 2195 non

305 2220 457 2269 poterit.

358 2278 394 2313 3.
416 2280 491 2314 Cur
510 2289 600 2325 ergo
620 2290 688 2312 nos
704 2277 929 2322 deserimus,
948 2285 984 2312 et
1004 2277 1042 2312 in
1060 2277 1116 2312 his
1137 2278 1299 2312 exterio-

307 2335 409 2371 ribus
439 2339 559 2371 Deum
589 2335 815 2383 quaerimus,
843 2335 907 2383 qui
936 2335 1037 2384 apud
1068 2348 1137 2371 nos
1170 2343 1243 2379 est,
1270 2335 1299 2370 si

308 2406 375 2429 nos
404 2394 561 2429 velimus
580 2406 658 2429 esse
682 2393 781 2441 apud
802 2395 911 2428 eum?
928 2397 1072 2430 Revera
1104 2393 1298 2430 nobiscum

306 2461 379 2497 cst,
403 2460 439 2487 et
467 2452 504 2487 in
534 2451 644 2487 nobis
666 2466 672 2487 :
696 2451 759 2487 sed
785 2451 908 2487 adbuc
934 2465 1001 2500 per
1029 2452 1161 2496 fidem,
1180 2451 1300 2488 donec

305 2511 432 2546 videre
449 2524 659 2546 mereamur
682 2524 749 2559 per
771 2511 944 2559 speciem.
964 2512 1158 2553 Novimus,
1179 2510 1300 2558 inquit

1364 1863 1540 1899 cordibus
1561 1862 1734 1908 nostris&
1753 1877 1818 1912 per
1834 1876 1945 1912 quam
1969 1871 2046 1899 tota
2061 1863 2221 1900 Trinitas
2235 1863 2271 1899 in
2289 1875 2359 1899 no—

1364 1921 1420 1958 bis
1441 1921 1596 1959 habitat.

1728 2038 1903 2077 CAPUT
1935 2039 1987 2077 ΙΙ.

1390 2163 1436 2191 De
1462 2159 1585 2190 miseria
1606 2159 1760 2196 hominis,
1785 2159 1915 2189 horrore
1938 2158 2066 2195 mortis,
2094 2165 2124 2190 et
2146 2158 2336 2190 districtione

1720 2211 1856 2253 supremi
1875 2210 2010 2242 Judicis.

1418 2335 1452 2371 4.
1473 2335 1686 2372 Secundum
1708 2335 1932 2371 exteriorem
1950 2335 2141 2371 hominem
2159 2334 2206 2371 de
2225 2347 2359 2384 paren-

1369 2393 1466 2429 tibus
1493 2394 1562 2429 illis
1587 2394 1716 2439 venio,
1738 2394 1803 2442 qui
1828 2407 1886 2429 me
1907 2402 1993 2429 ante
2015 2394 2183 2429 fecerunt
2207 2393 2358 2430 damna-

1367 2461 1466 2497 tum,
1496 2465 1607 2501 quam
1641 2461 1781 2488 natum.
1810 2456 2026 2489 Peccatores
2054 2460 2290 2501 peccatorem
2318 2452 2356 2487 in

1366 2520 1520 2560 peccato
1543 2525 1611 2547 suo
1631 2521 1867 2561 genuerunt,
1889 2520 1926 2548 et
1946 2511 1991 2547 de
2012 2519 2166 2560 peccato
2187 2511 2357 2547 nutrive-

306 2570 528 2617 Apostolus,
550 2569 716 2603 habitare
739 2569 917 2603 Christum
935 2570 1134 2615 perfidem
1155 2573 1194 2603 in
1215 2582 1295 2603 ror-
1314 2576 1345 2608 D
1364 2580 1462 2607 runt.
1491 2571 1616 2607 Miseri
1647 2572 1822 2607 miserum
1848 2571 1884 2606 in
1918 2571 2014 2606 hanc
2044 2570 2137 2606 lucis
2170 2570 2355 2606 miseriam

307 2627 414 2662 dibus
441 2633 596 2663 nostris-²
621 2642 627 2663 ι

308 2694 451 2730 mente,
483 2698 589 2721 mens
627 2686 663 2721 in
697 2685 832 2726 corde,
866 2698 931 2721 cor
962 2685 997 2720 in
1030 2693 1195 2733 pectore.
1228 2688 1297 2721 Per

307 2744 416 2780 fidem
434 2758 523 2793 ergo
541 2745 663 2780 recolo
685 2747 806 2780 Deum
829 2752 1054 2787 creatorem;
1074 2743 1191 2779 adoro
1209 2743 1295 2779 red—

305 2812 512 2852 emptorem
528 2832 536 2847 ,
569 2811 746 2851 exspecto
770 2803 1004 2839 salvatorem.
1029 2802 1148 2839 Credo
1171 2802 1297 2838 videre

306 2863 341 2897 in
373 2862 550 2898 omnibus
578 2862 776 2906 creaturis,
804 2861 942 2897 habere
964 2862 1000 2897 in
1030 2874 1089 2897 me
1115 2862 1214 2910 ipso;
1238 2870 1294 2906 et,

305 2921 406 2969 quod
427 2921 482 2956 liis
509 2920 685 2956 omnibus
706 2920 944 2955 ineffabiliter
961 2919 1166 2968 jucundius
1188 2929 1298 2969 atque

307 2979 450 3014 beatius
467 2987 539 3023 est,
560 2992 787 3027 cognoscere
804 2979 840 3013 in
862 2992 898 3013 se
917 2979 1010 3027 ips0.
1030 2982 1175 3014 Patrem
1192 2992 1297 3014 nam-

306 3051 379 3086 que
402 3045 438 3072 et
458 3037 589 3074 Filium
617 3050 700 3072 cum
727 3045 856 3072 sancto
883 3038 1023 3085 Spiritu
1052 3050 1295 3085 cognoscere,

307 3096 379 3130 vita
400 3104 453 3131 est
472 3104 627 3140 aetei·n;1,
650 3095 843 3131 beatitudo
862 3097 1024 3144 perfecta
1038 3124 1046 3140 ,
1067 3109 1211 3132 summa
1229 3109 1297 3132 vo-

305 3155 436 3203 luptas.
460 3155 599 3191 Oculus
622 3167 695 3189 non
717 3154 828 3199 vidit,
849 3168 915 3190 nec
937 3155 1035 3190 auris
1055 3155 1208 3200 audivit,
1228 3168 1295 3191 nec

654 2628 739 2676 quia
765 2627 932 2664 Christus
962 2627 998 2662 in
1026 2627 1122 2671 fide,
1144 2626 1233 2662 tides
1263 2628 1298 2662 in

356 3279 476 3308 ‘Fe-«li.
494 3290 586 3315 xxiv,
611 3282 658 3309 12.

698 3299 701 3300 ν
736 3285 745 3299 ¹
767 3279 1032 3320 Eptu·5.1=1‚t7‚
1058 3298 1087 3301 -
1113 3279 1125 3301 3
1146 3283 1237 3312 Rom.
1258 3292 1285 3310 v.
1313 3285 1341 3311 ξ).

1366 2630 1609 2666 induxerunt.
1640 2631 1697 2666 Nil
1725 2644 1769 2666 ex
1795 2630 1847 2665 eis
1870 2629 2008 2674 liabeo,
2027 2629 2096 2664 nisi
2117 2629 2302 2664 miseriam
2320 2636 2357 2664 et

1363 2697 1557 2737 peccatum
1573 2718 1582 2734 ,
1600 2697 1635 2724 et
1657 2688 1902 2738 corruptibile
1919 2688 1989 2723 lioc
2007 2700 2145 2736 corpus
2167 2687 2269 2735 quod
2286 2700 2357 2736 ge-

1364 2756 1432 2782 sto.
1447 2747 1500 2783 Ad
1513 2747 1596 2782 illos
1609 2760 1698 2782 vero
1714 2748 1862 2792 festino,
1875 2746 1938 2795 qui
1952 2754 2072 2782 morte
2085 2745 2256 2794 corporis
2269 2745 2356 2781 hinc

1364 2807 1548 2841 exierunt.
1581 2807 1672 2841 Cum
1702 2819 1833 2841 eorum
1862 2806 2034 2854 sepulcra
2062 2804 2247 2853 respici0‚
2277 2816 2355 2840 non

1365 2865 1518 2899 invenio
1539 2864 1574 2899 in
1592 2865 1644 2900 eis
1663 2864 1730 2900 nisi
1750 2865 1912 2900 cinerem
1931 2871 1967 2899 et
1987 2875 2176 2907 vermem,
2198 2861 2353 2898 fetorem

1364 2929 1400 2956 et
1425 2921 1634 2956 horrorem.
1655 2922 1764 2968 Quod
1797 2934 1866 2970 ego
1899 2934 1979 2956 sum
1994 2949 2002 2965 ,
2024 2920 2094 2969 ipsi
2127 2920 2296 2964 fuerunt;
2319 2928 2356 2956 et

1363 2980 1465 3027 quod
1487 2979 1555 3028 ipsi
1577 2988 1685 3021 sunt,
1707 2993 1776 3027 ego
1799 2993 1875 3016 ero.
1894 2979 1990 3026 Quid
2010 2992 2089 3014 sum
2116 2979 2211 3026 ego?
2230 2980 2354 3014 Homo

1364 3038 1410 3074 de
1427 3038 1585 3074 liumore
1602 3038 1758 3086 liquido.
1782 3039 1845 3075 Fui
1864 3039 1962 3073 enim
1988 3039 2022 3074 in
2046 3045 2238 3073 momento
2263 3050 2355 3072 con-

1364 3097 1547 3146 ceptionis
1565 3097 1611 3132 de
1631 3097 1796 3133 humano
1817 3097 1960 3133 semine
1978 3095 2354 3145 ‹·oneeptus;(lcin(le

1363 3169 1494 3205 spuma
1525 3156 1585 3191 illa
1615 3156 1807 3205 coagulata
1830 3155 2019 3191 modicum
2041 3153 2243 3191 crescendo
2266 3166 2355 3191 caro¹
