2418 3949
186 126 255 162 601

804 126 1211 163 DECLAMATIONES
1239 125 1306 160 EX
1335 126 1613 163 BERNARDO.

185 204 234 240 cti
265 212 302 239 et
332 203 486 254 perfecti
520 203 616 248 viri,
651 216 734 239 cum
772 204 849 240 sola
881 203 1002 240 adhuc
1035 200 1205 239 terrena²

2179 133 2253 169 602

1211 199 1241 218 ‘²⁷
1253 200 1359 236 nibus
1379 215 1467 248 (μαι)
1488 205 1673 249 possidet,
1696 216 1767 238 teon
1783 212 1905 251 potest
1924 218 2024 240 meus
2043 220 2119 242 esse
2141 210 2254 244 disci—

183 263 305 312 palam
338 263 651 312 promitterentur
676 277 697 299 a
725 264 832 300 Deo?
860 263 963 300 Sicut
992 261 1091 298 enim
1122 273 1182 297 sa-
1204 261 1359 308 Apulus
1372 262 1414 295 4?
1442 269 1477 296 et
1497 261 1584 297 item
1600 290 1608 305 ‚
1632 265 1672 297 Si
1691 267 1751 297 vis
1770 276 1847 298 esse
1863 262 2075 311 perfectus,
2100 270 2199 302 vade
2218 278 2254 304 ct

183 322 331 359 crilieiis
355 322 445 367 illis,
480 323 531 359 sic
562 331 599 358 et
630 323 793 368 divitiis,
826 320 1038 358 carnalibus
1064 319 1185 356 adhuc

184 382 335 431 populis
368 381 599 431 dispensatio
635 382 761 418 divina
801 394 945 417 morem
990 378 1143 429 gerebat
1175 393 1182 415 :

185 438 361 476 nimirum
390 448 431 475 ut
457 448 633 488 tanquam
656 440 802 489 parvuli
823 438 1000 489 paulatim
1025 451 1046 474 a
1078 438 1183 473 Gen-

185 499 304 534 tilium
326 500 399 535 ritu
420 499 654 545 secederent,
676 498 805 536 eadem
827 512 910 548 quae
940 500 1078 534 Gentes
1099 496 1183 532 dae—

185 559 344 603 moniis,
366 559 530 595 Domino
548 559 805 603 immolantes,
825 557 1031 605 eademque
1054 564 1090 592 et
1109 556 1180 601 illi,

186 616 251 654 sed
280 631 300 653 a
330 617 514 662 Domino,
539 630 615 653 non
642 631 661 653 a
691 616 883 653 daemoniis
909 622 1181 665 exspectantes.

184 675 259 714 Ubi
279 689 368 712 sane
397 676 557 712 coelcstis
585 676 784 725 promissio
807 675 953 720 sonuit,
977 673 1184 724 spiritualia

181 734 260 784 jam
278 747 428 771 necesse
443 743 498 771 est
517 734 776 784 spiritualibus
793 735 1027 785 comparari,
1048 742 1085 770 et
1105 747 1186 770 mu-

185 794 253 830 tari
275 793 495 830 sacrificium
519 806 584 843 spe
609 801 761 830 mutata.
786 797 980 830 Noverant
1004 793 1082 830 liaec
1104 792 1186 842 qui-

183 864 344 901 cumque
364 852 420 888 vel
441 865 487 888 eo
509 860 679 901 tempore
702 853 805 889 fuere
834 853 1009 902 perfecti,
1040 852 1105 889 sed
1138 865 1185 889 ex

183 912 364 948 charitate
386 911 530 962 populo
551 910 815 958 cohaerebant,
848 920 890 948 ut
920 912 958 947 in
988 911 1184 948 manifesto

182 970 332 1021 quidem
352 980 389 1007 et
404 984 514 1020 agere
541 970 692 1015 eadem,
715 979 751 1007 et
773 970 903 1007 eadem
924 984 1093 1020 quaerere
1125 971 1179 1007 vi-
1199 971 1227 1004 B
1245 971 1500 1006 thesaurizare
1535 971 1638 1007 vobis
1669 973 1857 1008 thesauros
1899 979 1936 1010 in
1977 985 2074 1012 terra
2095 977 2110 999 ⁶

183 1030 375 1067 derentur.
410 1034 468 1068 An
493 1031 589 1067 forte
615 1029 781 1066 violenta
812 1029 963 1065 videtur
994 1030 1179 1075 extorsio,

182 1089 286 1138 quod
309 1089 356 1126 de
385 1088 518 1126 umbra
536 1088 694 1125 dicimus
715 1096 752 1124 et
769 1088 1062 1137 significatione?
1085 1088 1183 1126 Olim

183 1149 276 1186 alter
303 1162 416 1199 super
445 1149 517 1185 hoc
547 1148 747 1198 scripserat
777 1147 815 1183 in
849 1147 950 1184 bunc
986 1148 1140 1184 modum
1173 1163 1181 1185 :

186 1224 201 1240 «
224 1209 358 1245 Nullus
387 1208 479 1244 mihi
506 1216 677 1258 opponat
704 1220 837 1244 aurum
869 1208 997 1257 templi
1025 1207 1181 1244 Judaeo-

186 1285 200 1299 υ
225 1281 321 1304 rum.
355 1271 459 1305 Tunc
489 1268 589 1305 enim
618 1268 690 1303 hoc
719 1267 787 1303 fuit
807 1295 817 1313 ,
848 1266 1001 1316 quando
1033 1267 1183 1317 sanguis

187 1344 201 1358 »
226 1326 514 1374 immolabatur,
543 1327 646 1376 quod
683 1335 803 1363 totum
841 1327 958 1376 figura
990 1327 1069 1363 fuit.
1100 1331 1182 1364 Au-

187 1405 201 1419 »
225 1401 308 1424 rum
333 1400 423 1436 ergo
452 1387 698 1437 repudiemus
724 1400 809 1423 cnm
835 1386 978 1423 caeteris
999 1387 1183 1436 supersti-

188 1464 202 1478 »
227 1446 394 1483 tionibus
425 1446 646 1483 Judaeorum
681 1461 688 1483 :
718 1454 782 1482 aut
813 1446 842 1482 si
874 1459 1007 1482 aurum
1032 1447 1180 1496 placet,

189 1523 203 1537 »
227 1506 398 1555 placeant
420 1514 457 1542 et
481 1505 602 1543 Judaei
621 1512 644 1542 ¹.
673 1524 686 1538 »
712 1509 907 1542 Postremo
940 1519 1015 1541 non
1036 1506 1181 1557 >multos

185 1566 316 1615 legisse
331 1579 389 1602 me
410 1567 536 1603 recolo
557 1575 621 1602 aut
640 1579 714 1602 non
737 1566 893 1602 afflictos
913 1567 1100 1615 graviter,
1122 1575 1186 1603 aut

184 1638 260 1661 non
285 1626 447 1674 graviter
468 1626 504 1661 in
531 1625 609 1675 ipsa
635 1626 758 1661 saeculi
789 1625 901 1674 hujus
935 1626 1185 1675 prosperitate

187 1690 370 1729 tentatos,
404 1683 499 1720 forte
530 1692 567 1719 et
594 1683 836 1733 periclitatos.

222 1812 297 1841 VII.
313 1828 355 1832 -
375 1809 542 1850 Quomodo
560 1810 686 1842 Judaeus
705 1810 788 1841 inter
803 1821 912 1852 aqum,
929 1813 1037 1842 Petrus
1050 1821 1143 1853 super

628 1875 735 1905 aquas.

240 1983 274 2018 7.
291 1981 475 2018 Nimirum
503 1983 614 2032 longe
638 1982 738 2019 aliud
765 1991 820 2020 est
838 1983 875 2019 in
903 1984 983 2020 luto
1000 1996 1183 2033 aquarum

188 2043 411 2087 multarum,
454 2043 561 2080 divisi
602 2044 718 2080 fundo
754 2045 865 2081 maris
896 2045 966 2081 iter
1003 2058 1181 2094 carpere,

189 2110 336 2138 terrena
367 2102 464 2138 licite
497 2103 726 2152 possidendo
762 2119 769 2140 :
802 2103 902 2140 aliud
928 2104 1045 2153 ipsam
1076 2104 1185 2139 novis

186 2160 374 2209 gressibus
400 2160 538 2197 undam
565 2162 707 2198 calcare
725 2191 734 2207 ,
765 2164 891 2199 omnia
917 2163 1180 2212 relinquendo.

187 2220 258 2257 Sed
291 2221 450 2269 tempori
475 2221 601 2270 gratiae
633 2223 881 2271 praerogativa
910 2222 987 2257 haec
1022 2220 1187 2258 debeba-

188 2289 248 2316 tur
274 2294 280 2315 :
309 2283 420 2316 Petro
451 2294 589 2317 novum
620 2282 690 2317 iter
721 2290 757 2317 et
787 2282 875 2318 novi
906 2290 1018 2331 typus
1044 2281 1186 2317 itineris

187 2339 418 2376 servabatur.
449 2341 702 2389 Antiquorum
732 2354 820 2377 sane
847 2345 998 2378 Patrum
1031 2340 1184 2386 diebus,

187 2400 306 2436 donec
322 2400 359 2436 in
379 2401 486 2437 terris
503 2400 696 2437 videretur
722 2409 759 2436 et
782 2409 1070 2437 conversaretur
1086 2401 1184 2437 inter

189 2459 359 2496 homines
386 2461 571 2497 Dominus
602 2460 826 2510 majestatis,
860 2475 934 2497 non
966 2469 1044 2498 erat
1068 2474 1186 2497 evan-

1200 1750 1227 1785 C
1245 1745 1488 1784 tentationem
1517 1745 1770 1795 laqueumque
1805 1747 1945 1784 diaboli
1972 1755 1998 1770 ¹²

1251 322 1371 355 vende
1397 328 1524 355 omnm
1554 335 1640 368 qfcoe
1664 321 1801 366 habat,
1829 333 1863 358 et
1889 325 1937 358 clu
1959 326 2204 373 paupert'bttS,
2224 336 2259 363 et

1250 378 1402 413 habebis
1433 379 1644 414 dms-aurum
1674 386 1711 415 in
1742 384 1855 425 κείω,-
1891 393 1926 418 et
1963 390 2070 428 veni,
2107 400 2258 434 sequere

1251 451 1308 472 me
1324 435 1364 472 5?
1382 441 1457 474 Nec
1474 438 1509 473 id
1530 438 1686 475 dicimus
1700 468 1709 484 ,
1731 449 1906 489 tanquam
1933 444 2065 479 salvari
2086 446 2168 493 quis
2202 448 2258 484 vel

1248 495 1320 532 hoc
1351 505 1520 546 tempore
1543 508 1723 546 nequeat,
1751 501 1780 535 si
1810 513 1915 537 secus
1943 504 2084 552 egerit3
2120 505 2184 542 sed
2213 516 2254 543 ut

1247 556 1405 603 gradum
1433 566 1609 604 agnoscat
1627 559 1823 607 proprium
1845 569 1880 596 et
1905 561 2026 598 locum
2049 565 2252 613 perfectio-

1250 615 1326 661 nis,
1347 624 1411 651 aut
1428 615 1672 664 discipulatus
1691 618 1855 654 officium
1872 633 1949 655 non
1967 632 2135 671 usurpet.

1427 743 1518 771 VIII.
1535 758 1576 761 —
1594 743 1641 771 De
1658 741 1795 772 remedio
1814 741 2077 784 imperfectorum.

1316 851 1351 887 8.
1385 850 1535 888 Habent
1568 851 1667 888 enim
1704 854 1907 902 Evangelia
1942 865 1978 891 et
2012 858 2255 906 perfectionis

1251 910 1447 947 consilium
1465 939 1474 956 ,
1516 919 1553 947 et
1593 912 1803 948 remedium
1843 914 2082 953 infirmitatis.
2130 921 2254 956 Nolite

2123 1006 2133 1021 ,
2177 979 2256 1016 haec

1247 1030 1429 1078 perfectio
1452 1038 1518 1066 est.
1542 1030 1735 1080 Siquidem
1761 1032 1875 1069 Filius
1900 1033 2083 1081 hominis,
2110 1036 2175 1072 ubi
2196 1052 2257 1074 ca-

1249 1097 1318 1138 put
1339 1090 1560 1136 reclinaret,
1584 1103 1662 1126 non
1685 1090 1849 1127 habebat
1867 1098 1891 1128 7.
1918 1096 2028 1129 Petro
2052 1103 2087 1130 et
2116 1098 2254 1133 Joanni

1249 1162 1318 1185 nec
1345 1158 1541 1199 argentum
1574 1163 1642 1186 nec
1667 1164 1799 1188 aurum
1828 1151 1947 1188 erat8.
1980 1155 2116 1191 Paulus
2151 1156 2253 1193 victu

1249 1209 1409 1259 simplici
1441 1210 1657 1259 vestituque
1685 1219 1887 1248 contentus
1915 1219 1950 1258 9,
1986 1213 2064 1249 baec
2093 1214 2172 1264 ipsa
2203 1216 2257 1253 la-

1248 1267 1342 1305 bore
1372 1282 1551 1305 manuum
1583 1269 1803 1318 acquirebat
1827 1277 1866 1307 ¹⁰.
1903 1271 1975 1308 Sed
2007 1286 2084 1309 non
2122 1287 2254 1312 omnes

1250 1327 1404 1376 capiunt
1424 1327 1583 1364 verbum
1601 1329 1691 1374 hoe,
1713 1329 1808 1366 sicut
1828 1343 1897 1366 nec
1921 1332 2118 1369 consilium
2146 1336 2257 1371 casti-

1254 1387 1350 1422 tatis.
1372 1387 1470 1435 Quid
1492 1387 1630 1424 dicitur
1651 1390 1822 1439 populo?
1848 1393 1980 1426 Facite
1998 1392 2104 1428 vobis
2122 1398 2259 1431 amicos

1247 1448 1300 1482 (lev
1320 1460 1534 1483 ntanmmna
1563 1453 1788 1496 iniquilatis,
1820 1459 1876 1493 ut,
1909 1464 1990 1486 eum
2021 1451 2253 1499 (bseceritis,

1249 1510 1431 1553 recipiant
1458 1521 1524 1542 vos
1557 1512 1593 1543 in
1624 1518 1767 1544 oetema
1799 1509 2040 1546 tabernacula
2059 1518 2099 1547 ¹¹.
2133 1513 2256 1551 Verba

1252 1566 1405 1601 Domini
1429 1574 1539 1612 sunt,
1559 1576 1596 1603 et
1613 1568 1715 1616 qnod
1739 1569 1928 1617 loquitur,
1952 1571 2023 1607 tale
2041 1580 2107 1608 est.
2131 1574 2256 1611 Firma
2300 1576 2304 1581 '

1250 1625 1425 1674 equidem
1458 1634 1528 1661 stat
1552 1626 1828 1677 immobilisque
1861 1631 2067 1676 sententia,
2097 1646 2162 1669 eos
2188 1635 2253 1682 qui

1251 1686 1385 1721 volunt
1412 1685 1450 1720 in
1476 1685 1548 1721 hoc
1570 1688 1707 1723 saeculo
1733 1687 1866 1724 divites
1895 1690 1973 1726 lieri
1990 1718 1998 1734 ,
2026 1691 2193 1728 incidere
2218 1694 2254 1729 in

2030 1765 2037 1785 ε
2066 1751 2130 1786 sed
2166 1753 2255 1800 quia

1246 1803 1427 1839 misereor
1452 1816 1566 1853 super
1594 1804 1762 1851 turbam,
1793 1814 1829 1842 et
1856 1807 1978 1856 ipsum
2008 1822 2160 1859 quoque
2189 1825 2253 1847 ea-

1248 1863 1387 1899 melum
1413 1863 1543 1913 (quod
1570 1865 1683 1901 bomo
1711 1879 1786 1902 non
1814 1866 1963 1917 potest)
1991 1881 2060 1917 per
2085 1871 2253 1907 foramen

1249 1936 1338 1959 acus
1367 1923 1563 1960 traducere
1590 1938 1741 1973 possum
1761 1940 1770 1970 ;
1796 1935 1923 1963 cavete
1946 1928 2075 1964 saltem
2095 1943 2114 1965 a
2135 1929 2255 1967 verbo

1249 1996 1382 2032 aspero
1407 2012 1416 2027 ,
1450 1984 1514 2032 qui
1547 1986 1721 2033 laqueum
1752 1987 1969 2023 venantium
2003 1989 2155 2026 minime
2189 1990 2257 2027 de-

1250 2043 1407 2079 clinatis.
1429 2044 1570 2080 Vestite
1596 2044 1764 2091 nudum,
1785 2058 1944 2094 egenum
1967 2048 2053 2084 alite
2068 2078 2076 2091 ‚
2107 2050 2254 2087 visitate

1250 2101 1461 2146 infirmum,
1487 2116 1531 2139 ne
1550 2103 1643 2139 forte
1664 2104 1795 2140 audire
1818 2107 2009 2156 contingat
2039 2121 2252 2146 sermonem

1252 2161 1388 2197 durum
1405 2190 1413 2207 ,
1432 2175 1607 2210 asperum
1626 2163 1783 2199 verbum
1797 2193 1805 2209 ‚
1823 2165 2056 2202 auditionem
2085 2169 2218 2204 malam
2247 2185 2253 2205 :

1253 2223 1308 2255 Ile
1322 2248 1330 2264 ,
1353 2224 1561 2266 maledieti,
1586 2227 1622 2257 in
1651 2228 1772 2270 ignem
1793 2233 1992 2270 (eternam,
2018 2232 2079 2273 (sui
2097 2237 2256 2273 parmas

1252 2289 1304 2314 est
1321 2279 1469 2314 diabolo
1490 2289 1524 2315 et
1544 2284 1683 2329 angelis
1702 2283 1777 2327 ejus
1798 2282 1839 2318 ¹3.
1872 2286 2002 2319 Facite
2030 2285 2132 2320 vobis
2151 2293 2256 2322 ami-

1253 2353 1310 2374 cos
1327 2341 1374 2374 de
1391 2353 1603 2375 mammona
1635 2345 1854 2389 iniquilatis.
1887 2347 1938 2379 Ac
1968 2344 1995 2379 si
2026 2346 2258 2382 manifestius

1251 2399 1374 2435 dicat:
1397 2403 1466 2434 Voe
1494 2400 1620 2445 vobis„
1651 2403 1797 2447 clieices,
1824 2407 1888 2451 (sni
1919 2404 2061 2440 habetis
2090 2411 2259 2443 comula-

1250 2462 1386 2493 tiouem
1403 2468 1563 2494 vestram
1583 2460 1623 2495 ¹⁴.
1643 2463 1815 2497 Attamen
1834 2475 1951 2498 uuum
1965 2463 2042 2511 jam
2063 2478 2258 2514 superesse

189 2518 313 2566 gelicae
341 2519 457 2555 somna
482 2520 744 2569 perfectionis,
766 2520 830 2557 sed
856 2521 1029 2570 spiritum
1060 2524 1182 2557 Deum
1203 2527 1235 2560 D
1254 2517 1414 2554 videtur.
1448 2520 1732 2555 Communicate
1763 2534 1842 2557 eam
1874 2523 2124 2572 pauperibus,
2158 2540 2257 2575 qno-

189 2578 269 2614 solo
294 2579 442 2615 interim
475 2579 606 2629 spiritu
634 2579 902 2628 sequebantur.
936 2585 984 2617 At
1004 2580 1069 2617 ubi
1090 2584 1184 2617 Ver-

191 2636 279 2673 bum
313 2650 398 2673 earo
425 2638 560 2674 sactum
589 2647 665 2683 cst,
693 2647 729 2675 et
754 2638 936 2675 habitavit
963 2639 998 2674 in
1022 2639 1182 2684 nobis²3

186 2696 264 2745 jam
286 2695 396 2732 nobis
412 2697 448 2732 in
465 2710 510 2733 co
528 2697 661 2734 tradita
679 2706 733 2734 est
750 2698 872 2747 imago
893 2698 980 2734 vitre
995 2726 1004 2742 ,
1030 2707 1066 2734 et
1091 2712 1186 2734 eon—

192 2755 410 2791 versationis
428 2757 620 2806 exemplar
633 2786 642 2804 ,
660 2757 761 2806 quod
782 2765 956 2806 oporteat
973 2757 1083 2794 etiam
1107 2770 1188 2793 eor-

193 2815 370 2865 poraliter
391 2815 530 2852 imitari
545 2844 553 2860 ‚
570 2825 611 2852 ut
628 2825 787 2866 utroque
804 2826 1001 2866 sequentes
1019 2818 1187 2866 vestigio,

195 2888 269 2911 non
301 2875 456 2911 ulterius
484 2889 567 2912 cum
598 2876 806 2926 patriarcba
832 2876 949 2913 Jacob
980 2877 1098 2913 altero
1136 2878 1189 2912 se-

196 2947 298 2970 more
321 2934 572 2972 claudicemus
585 2934 610 2972 ³.
634 2935 708 2972 Ubi
736 2936 835 2972 enim
864 2935 1076 2972 audivimus
1103 2937 1189 2985 quia

194 2993 334 3030 dictum
358 2994 403 3030 sit
425 2995 607 3044 antiquis,
630 2998 711 3032 Nisi
733 3001 813 3045 quls
838 3001 1100 3032 renuntiaverit
1115 3010 1187 3031 om-

247 3144 254 3158 ¹
275 3142 304 3168 S.
324 3139 542 3180 Hieronymus,
559 3142 646 3183 epist.
667 3146 683 3173 2
702 3143 740 3173 ad
755 3144 868 3184 Nepet.
887 3160 928 3164 ⁷7-
955 3147 965 3162 ²
985 3144 1075 3172 J02'1ss-
1093 3152 1114 3176 ¹·
1143 3144 1151 3170 ¹
1169 3144 1193 3172 '¹-
1212 3160 1222 3163 -

199 3195 251 3221 Ἠ.
272 3210 312 3213 m—
332 3191 347 3213 ⁶
362 3192 409 3223 ld.
429 3204 471 3230 vi,
498 3196 548 3225 19.
567 3213 607 3217 —
623 3199 868 3231 71.ne.1x,5⁸.
893 3214 931 3217 -κ-

197 3248 228 3273 ἱ).
306 3250 334 3264 ¹²
355 3245 460 3275 l'l‘im.
480 3258 524 3284 vi,
541 3249 571 3277 9.
595 3266 606 3269 -

962 3195 975 3217 ⁸
1005 3198 1070 3225 Aet.
1099 3206 1147 3228 ιιι,
1172 3198 1203 3223 (ἲ.
1225 3212 1261 3216 -—
1290 3199 1305 3222 ἱ)
1332 3193 1504 3227 l'l'iin.v1‚
1523 3197 1553 3223 ⁸.
1584 3213 1596 3216 -

654 3247 909 3287 11Μιι1111.,κ·,·υε,
934 3251 980 3278 il.
1008 3267 1038 3271 -—
1062 3248 1241 3278 'itatem-1.
1263 3248 1316 3276 2'1.
1339 3265 1357 3267 -r

1251 2591 1333 2613 rum
1367 2586 1422 2614 est
1451 2591 1607 2626 regnum
1648 2580 1735 2624 Dei,
1771 2590 1811 2616 ut
1827 2610 1835 2625 ,
1871 2596 1954 2617 eum
1992 2585 2136 2620 venerit
2166 2586 2257 2623 liora

1251 2650 1379 2671 eorum
1396 2666 1404 2680 ‚
1429 2637 1741 2679 reminiscantur,
1767 2648 1802 2674 et
1825 2639 2042 2676 deficientes
2071 2656 2137 2678 vos
2169 2646 2258 2680 reei-

1253 2696 1355 2745 piant
1374 2697 1410 2731 iu
1428 2705 1567 2733 a·tei·na
1585 2697 1823 2734 tal›‹.·1·mteula
1846 2712 1909 2735 sua
1930 2715 1936 2735 :
1967 2709 2003 2735 et
2028 2704 2259 2740 eousolatio-

1255 2770 1338 2791 nem
1359 2770 1461 2791 suam
1478 2785 1486 2801 ‚
1505 2770 1617 2805 quam
1640 2757 1753 2792 modo
1781 2758 1988 2807 prudenter
2013 2771 2258 2809 exspectant.

1254 2815 1342 2851 dnm
1383 2823 1542 2850 vestram
1583 2816 1650 2864 ipsi
1686 2818 1897 2866 pereipinnt
1917 2847 1925 2863 ,
1968 2820 2259 2858 miserit-orditer

1255 2875 1533 2911 eoumnunieent
1550 2875 1740 2912 desolatis.
1764 2881 1976 2914 Meusuram
1995 2881 2092 2915 enim
2121 2880 2257 2918 bonam

1255 2944 1291 2971 et
1312 2936 1533 2984 coagitatam
1555 2945 1591 2972 et
1612 2938 1944 2986 snperellluentem
1974 2939 2117 2976 ‹labnut
2147 2942 2182 2977 in
2212 2943 2261 2978 si-

1258 3009 1326 3031 nus
1338 3009 1468 3032 eorum
1485 2996 1513 3018 ¹5
1531 3011 1537 3032 :
1557 3010 1624 3033 nee
1643 2998 1712 3033 crit
1728 2998 1816 3034 illud
1837 3000 1989 3048 pallium
2009 3000 2141 3047 breve,
2154 3003 2256 3051 qnod

1273 3140 1285 3161 «3
1303 3144 1383 3171 (len.
1400 3152 1505 3173 xxxii.
1524 3144 1578 3171 121.
1613 3160 1641 3163 w
1669 3145 1932 3177 ν11,ιιι·.κιι,.’ὶ.“1.

1646 3199 1673 3213 ¹¹¹
1698 3197 1723 3224 ll
1741 3198 1757 3225 ’1
1771 3195 1849 3225 hes-1

2016 3143 2028 3163 1»
2049 3145 2161 3174 &lautu
2190 3157 2258 3178 xix,

1871 3207 1923 3228 ιιι,
1942 3200 1971 3226 δ.
2006 3216 2010 3217 ⁷
2056 3201 2170 3227 ¹¹1ue.
2194 3210 2262 3234 xm,

1391 3244 1587 3276 ·-'·1t›i‹1..”is.
