2504 3928
279 230 353 266 907

895 224 1017 260 VITIS
1044 223 1276 266 MYSTICA,
1306 223 1394 258 SEU
1424 217 1707 256 TRACTATUS

2236 215 2312 252 908

274 307 338 355 qui
359 306 404 342 de
421 317 459 340 se
477 304 587 346 dicit,
610 304 688 350 Ego
709 301 872 348 stauflus
891 305 1016 349 campi
1038 307 1064 346 ¹,
1091 297 1453 336 omnium⁴⁴⁹arem?
1476 295 1567 339 Sed,
1593 302 1635 330 ut
1651 307 1782 330 verum
1801 293 1936 338 fatear,
1958 290 2134 328 audacem
2156 290 2315 328 faciebat

275 368 311 402 iu
334 379 372 400 se
395 365 528 400 llorum
558 360 688 397 habuit
711 361 886 396 virtutem
916 367 952 395 et
980 359 1152 395 decorem
1183 358 1262 394 sine
1283 357 1310 391 Α
1330 369 1456 392 amor:
1475 354 1594 404 coegit
1609 366 1691 389 rosa
1706 352 1860 396 ardens,
1877 351 2047 387 servilem
2067 350 2236 386 timorem
2253 349 2316 386 de-

277 424 527 461 ‹limiuutioue
541 421 685 469 aliqua;
706 419 797 456 nulli
813 427 934 455 tamen
953 419 1034 454 llori
1051 419 1164 467 magis
1178 431 1264 454 con-

275 484 375 520 venit
394 511 402 527 ‚
431 495 542 531 quam
573 481 704 523 violae,
728 487 767 515 ut
795 479 830 514 in
860 491 904 514 eo
932 478 1089 528 Spiritus
1115 486 1265 514 smietus

276 542 495 591 requieseat.
518 544 590 576 Nec
609 551 677 587 ego
705 538 776 573 hoe
805 537 974 580 allirmo,
1006 536 1069 572 scd
1099 537 1176 585 ipse
1200 537 1264 584 qui

276 601 363 637 dicit
382 616 388 637 :
413 604 532 648 Super
550 612 656 646 quem
675 598 873 644 requiescet
886 600 1034 644 spiritus
1051 608 1150 630 meus
1162 623 1171 640 ,
1196 597 1268 630 nisi

275 674 386 709 super
400 661 575 695 humilem
597 667 631 693 ct
647 661 806 704 quietum
818 685 828 700 ‚
848 664 882 691 ct
897 664 1107 690 trementem
1129 668 1264 690 sermo-

276 733 341 755 nes
363 733 458 754 meos
473 720 510 753 ²?
531 716 629 765 Quid
650 715 843 765 apertius?
866 713 1054 763 Numquid
1093 726 1168 749 non
1198 726 1265 762 po-

277 780 407 815 tuisset
443 790 585 827 ponere
616 788 737 811 rosam
776 774 963 824 patiemim
992 782 1028 809 ct
1053 773 1264 817 charitatis,

276 839 394 875 lilium
413 836 588 873 castitatis
604 863 613 880 ,
636 847 788 871 crocum
813 832 1066 877 abstinentiae‚
1087 845 1172 868 eum
1189 832 1266 867 vel-

277 899 327 934 let
355 896 553 933 ostendere
576 894 740 943 requiem
763 893 923 942 Spiritus
954 892 1094 928 sancti?
1121 889 1267 938 Quibus

278 956 556 1007 prsetermissis,
585 954 722 990 violam
751 953 877 1002 posuit
902 951 1141 996 humilitatis,
1162 949 1267 999 cujus

277 1016 492 1066 pedisequae
517 1022 603 1050 sunt
627 1013 734 1062 quies
751 1020 787 1048 et
808 1011 919 1047 timor
934 1023 1016 1059 quae
1033 1018 1267 1059 postponun-

1330 428 1466 450 voraus
1481 442 1489 457 ,
1514 421 1554 449 ut
1572 413 1728 448 lacerem
1749 423 1886 447 novum
1908 418 2056 453 votum,
2077 417 2114 445 et
2131 409 2316 457 singulare

1331 475 1444 510 lilium
1463 502 1472 518 ,
1506 480 1546 508 ut
1579 484 1727 520 possem
1763 469 1992 519 quandoque
2026 468 2150 504 dicere
2179 468 2316 504 dilecto

1332 546 1414 568 mco
1443 546 1450 567 ς
1473 529 1635 567 Candida
1661 542 1742 565 sum
1770 537 1806 564 et
1831 526 2061 572 rubicunda,
2093 527 2188 563 sicut
2215 535 2251 562 et
2278 534 2316 562 tu

1331 591 1512 627 camlidus
1538 598 1573 625 et
1600 587 1842 624 rubicundus.
1870 586 1999 624 Habeo
2025 595 2061 622 et
2081 586 2172 622 alios
2198 598 2315 634 quos-

1331 664 1490 699 cumque
1512 650 1641 692 llores,
1663 647 1726 683 scd
1748 648 1892 683 nullum
1911 647 2046 682 horum
2069 654 2171 681 tanta
2186 644 2318 694 digna-

1332 719 1389 746 tus
1422 708 1667 759 prau·‹.›gativ.a
1697 707 1859 757 respexit.
1888 707 1923 742 in
1949 719 2007 742 me
2037 705 2242 749 Dominus,
2278 711 2319 739 ut

1332 770 1460 804 llorem
1486 768 1594 803 violae
1613 780 1702 802 meze
1723 780 1730 801 τ
1754 768 1931 814 Iit-spexit
1949 765 2049 801 euim
2071 765 2316 799 humilitatem

1333 830 1486 863 ancillae
1504 841 1595 862 sace.
1619 830 1664 862 Et
1686 826 1798 861 vultis
1823 824 1949 861 videre
1972 836 2123 868 omnes,
2145 823 2203 859 cui
2233 834 2311 857 mu-

1335 887 1434 923 tuavi
1458 886 1567 922 llorcs
1585 898 1686 922 meos
1699 914 1708 932 ,
1729 892 1909 934 quantum
1928 897 1973 920 ex
1992 883 2083 919 ssore
2104 883 2172 918 sim
2190 893 2321 918 consc-

1333 948 1434 981 cuia?
1453 948 1546 980 Eece
1558 949 1653 979 cm'm
1673 958 1721 980 ex
1741 945 1806 979 lenc
1823 943 1967 979 beatam
1989 956 2045 978 me
2060 944 2181 976 (licent
2196 952 2321 975 omnes

1329 1009 1587 1053 generationes
1603 1003 1628 1038 ⁵.
1654 1006 1715 1039 Ex
1730 1004 1796 1038 lmc
1814 1003 1917 1047 dico,
1937 1002 2024 1051 quia
2047 999 2215 1049 respecta
2237 1011 2318 1035 sum

279 1085 350 1112 tur.
370 1078 453 1111 Non
471 1074 570 1110 enim
589 1079 746 1121 possunt
761 1069 902 1106 moveri
922 1069 1050 1114 violae,
1071 1068 1107 1104 id
1128 1076 1182 1104 est
1197 1067 1263 1102 hu—
1283 1066 1310 1099 Β
1331 1078 1351 1100 a
1372 1064 1549 1100 Domino.
1577 1063 1662 1099 Flos
1690 1062 1798 1099 violse
1826 1074 1935 1106 meae,
1965 1060 2051 1109 quia
2074 1058 2213 1095 nardus
2241 1070 2322 1093 mca

280 1136 404 1179 miles,
428 1148 448 1171 a
469 1141 583 1170 vento
615 1130 824 1181 superbiae;
859 1129 924 1178 qui
957 1140 1105 1177 semper
1138 1126 1271 1175 quaerit

280 1196 353 1232 alta
373 1193 487 1231 corda
507 1205 591 1242 quae
611 1189 824 1235 concutiat,
845 1189 939 1225 sieut
959 1187 1109 1236 quidam
1131 1186 1181 1222 ait
1198 1200 1205 1220 :

373 1287 499 1316 Summa
518 1282 592 1324 petit
611 1281 703 1319 livor,
720 1279 851 1321 perflant
866 1277 1011 1308 altissima
1030 1275 1115 1306 venti
1128 1273 1153 1306 3.

280 1375 378 1408 Dum
401 1368 499 1405 enim
522 1365 766 1402 inveniuntur
794 1362 974 1406 humiles,
1006 1373 1083 1396 non
1112 1367 1271 1408 possunt

283 1428 440 1465 moveri.
472 1425 678 1473 Quiescunt
704 1435 813 1471 ergo,
839 1429 875 1456 et
895 1419 1068 1469 spiritum
1097 1430 1210 1467 super
1232 1430 1271 1453 se

281 1490 533 1539 quiescentem
553 1497 629 1520 non
644 1481 860 1525 excutiunt,
881 1479 969 1515 dum
990 1490 1057 1514 nec
1072 1476 1271 1526 superbiae,

281 1560 350 1584 nec
371 1544 520 1583 invidiae
542 1550 654 1579 vento
682 1546 982 1576 commoventur.
1007 1540 1068 1573 Est
1095 1544 1132 1571 et
1161 1535 1272 1571 timor

280 1618 356 1642 non
375 1602 533 1654 quilibet
557 1599 759 1651 perdendae
776 1597 944 1648 pecuniae
957 1625 967 1643 ,
988 1609 1065 1632 non
1082 1594 1270 1631 bonorum

281 1662 608 1704 transitoriorum,
638 1657 702 1695 sed
735 1657 848 1694 timor
872 1667 1089 1692 sermonum
1117 1653 1269 1690 Domini

281 1722 501 1759 humilitatis
518 1719 721 1770 pedisequa
739 1722 753 1738 ·’·
770 1731 780 1762 ;
797 1716 884 1765 quia
901 1715 990 1751 dum
1010 1713 1163 1750 humilis
1179 1713 1271 1750 nihil

282 1781 328 1818 de
344 1794 409 1818 sua
429 1780 569 1816 virtute
587 1775 780 1827 praesumit
794 1803 804 1821 ,
820 1786 1011 1811 sermones
1031 1772 1183 1810 Domini
1200 1785 1271 1822 pro

1336 1123 1439 1159 dedit
1458 1122 1612 1158 odorem
1643 1135 1750 1157 suum
1766 1149 1776 1166 ,
1795 1134 1878 1170 quae
1896 1119 1993 1156 idem
2013 1118 2195 1167 signilicat
2219 1115 2322 1166 quod

1335 1182 1455 1226 viola,
1476 1181 1512 1217 id
1539 1190 1615 1226 est,
1644 1180 1863 1216 humilitatis
1891 1180 2088 1223 virtutem,
2114 1176 2222 1225 cujus
2246 1176 2323 1211 fra-

1336 1242 1479 1290 grantia
1497 1241 1699 1277 delectatus
1718 1249 1772 1277 cst
1793 1244 1873 1277 Rex
1889 1269 1898 1285 ‚
1921 1239 2035 1276 Filius
2064 1237 2177 1287 Regis
2191 1265 2200 1281 ,
2221 1239 2326 1272 Deus

1336 1301 1405 1336 Dei
1425 1300 1559 1345 Filius,
1580 1313 1664 1336 cum
1685 1308 1781 1336 esset
1801 1300 1837 1335 in
1860 1298 2034 1335 accubitu
2055 1296 2165 1341 suo‘’'‚
2189 1295 2223 1332 id
2247 1303 2323 1339 est,

1336 1359 1373 1394 in
1396 1358 1481 1394 sinu
1512 1359 1652 1403 Patris;
1673 1366 1710 1393 et
1730 1357 1847 1394 odore
1878 1365 1950 1393 tam
1980 1355 2190 1393 delectabili
2218 1354 2324 1404 quasi

1336 1417 1495 1466 quadam
1526 1417 1623 1453 illius
1645 1416 1823 1452 violentia
1855 1424 1992 1452 tractus
2021 1423 2076 1451 est
2105 1415 2141 1450 in
2175 1426 2258 1459 me,
2287 1421 2325 1449 ct

1335 1475 1457 1511 voluit
1488 1475 1635 1524 concipi
1665 1475 1733 1511 ssos
1767 1475 1805 1510 in
1843 1475 1934 1511 ssore
1964 1474 2060 1510 intra
2098 1473 2229 1509 florem
2245 1500 2254 1516 ,
2287 1471 2327 1508 id

1336 1543 1411 1581 est,
1443 1535 1539 1571 intra
1560 1533 1761 1579 Nazareth,
1788 1533 1891 1584 quod
1921 1534 2188 1582 interpretatur
2214 1531 2325 1577 Flos,

1336 1602 1378 1630 ut
1400 1594 1505 1630 fieret
1530 1593 1608 1643 ipse
1629 1593 1697 1629 flos
1718 1587 1876 1638 ssorens,
1908 1593 1980 1628 hoc
2005 1600 2080 1638 est,
2100 1595 2324 1628 Nazarenus.

1337 1651 1574 1690 Concordant
1592 1651 1717 1688 omnia
1732 1651 1827 1688 flori.
1847 1651 2068 1700 Concipitur
2088 1650 2156 1686 ssos
2172 1661 2327 1686 manens

1337 1712 1374 1748 in
1391 1712 1506 1757 flore,
1527 1711 1599 1747 hoc
1617 1719 1690 1757 est,
1714 1711 1750 1747 in
1771 1711 1963 1748 Nazareth.
1982 1714 2108 1747 Bonus
2127 1722 2218 1756 ergo
2238 1722 2324 1746 om-

1337 1771 1447 1815 nino,
1471 1778 1507 1807 et
1526 1770 1692 1820 optimus
1713 1770 1902 1806 violaceus
1920 1769 2005 1814 flos,
2026 1769 2089 1818 qui
2117 1768 2245 1804 odoris
2269 1768 2326 1804 sui

285 1855 350 1879 sua
378 1838 634 1877 consolatione
665 1835 881 1880 attendens,
912 1845 1061 1883 semper
1091 1832 1196 1868 timet
1225 1845 1272 1868 ne
1290 1833 1317 1868 C
1338 1830 1558 1880 fragrantia,
1586 1829 1692 1878 quasi
1723 1829 1886 1878 quodam
1916 1827 2125 1865 delectabili
2146 1828 2326 1873 vinculo,

287 1915 362 1938 non
380 1900 582 1949 adimpleat
597 1904 804 1947 praecepta,
823 1906 870 1930 ne
888 1897 1032 1930 Patrem
1049 1892 1275 1941 praecipien-

284 1971 356 1998 tem
389 1974 454 1997 sua
488 1956 782 2006 transgressione
810 1952 990 1990 offendat.
1024 1955 1150 1988 Bonus
1185 1964 1274 2000 ergo

283 2022 351 2057 flos
376 2020 444 2056 iste
463 2018 626 2068 quietem
654 2026 837 2066 generans
863 2021 900 2049 et
927 2012 1121 2056 timorem,
1143 2010 1274 2060 utique

282 2079 490 2129 genitorem
509 2074 717 2113 securitatis
729 2102 738 2119 ,
751 2072 838 2121 quia
856 2071 1036 2121 scriptum
1055 2077 1128 2115 est,
1145 2070 1274 2114 Quili-

283 2148 355 2174 met
374 2141 506 2180 Deum,
522 2133 644 2182 sar-iet
655 2132 749 2168 bona
763 2132 789 2167 ⁴.
808 2134 880 2167 Pro
901 2129 1039 2179 quibus
1059 2129 1162 2166 sactis
1183 2128 1272 2178 quid

282 2197 433 2235 dabitur
451 2194 635 2231 mercedis
649 2222 658 2238 ,
678 2192 748 2228 nisi
769 2191 948 2228 securitas
971 2189 1222 2238 sempiterna?

337 2257 397 2293 56.
417 2258 542 2291 Bonus
558 2252 726 2302 profecto
745 2250 812 2286 flos
830 2249 948 2295 viola,
969 2249 1033 2297 qui
1051 2248 1179 2284 florem
1197 2260 1274 2283 coe·

281 2316 410 2351 lestem
429 2311 595 2350 Verbum
617 2310 745 2346 aeterni
763 2309 879 2345 Patris
898 2309 936 2344 in
959 2316 1106 2344 uterum
1135 2306 1273 2342 terreni

284 2374 386 2410 ssoris
404 2371 624 2408 beatissimae
638 2368 801 2417 Virginis
823 2367 978 2403 mirifica
999 2366 1198 2403 dulcedine
1215 2365 1271 2401 sui

285 2432 411 2469 odoris
432 2429 594 2474 attraxit,
614 2428 692 2477 ipsa
710 2434 908 2462 attestante
925 2438 1009 2473 quae
1031 2425 1081 2460 ait
1100 2438 1107 2459 :
1128 2425 1268 2459 Exsul-

283 2496 369 2528 ltwit
398 2494 548 2538 spiritus
577 2500 677 2522 meus
699 2490 735 2521 in
757 2487 835 2519 Dea
866 2486 1028 2520 Salutari
1052 2496 1149 2525 mei),
1182 2486 1269 2530 quia

283 2554 447 2598 rexpexit
476 2548 720 2582 humilitatem
743 2545 894 2578 (ttzeilloe
911 2555 1003 2577 sace.
1030 2540 1127 2588 Quid
1149 2539 1270 2575 dicis?

1340 1889 1471 1926 florem
1487 1889 1569 1925 coeli
1588 1889 1624 1925 in
1643 1897 1790 1925 uterum
1813 1888 1931 1925 nostri
1951 1888 2054 1924 floris
2070 1887 2220 1923 humilis
2239 1886 2326 1924 Vir-

1339 1948 1436 1999 ginis
1457 1948 1662 1985 inelinavit.

1381 2008 1442 2045 57.
1464 2008 1616 2045 Discant
1631 2019 1783 2053 onmes,
1806 2005 1871 2044 sed
1888 2019 1964 2056 prae
1984 2006 2181 2053 omnibus,
2197 2006 2327 2043 mundi

1339 2067 1450 2103 flores
1464 2095 1473 2111 ,
1496 2066 1533 2103 id
1559 2074 1614 2103 cst
1629 2066 1809 2114 virgines,
1831 2066 1895 2114 qui
1916 2065 1953 2101 in
1973 2073 2049 2102 tota
2073 2065 2237 2102 Ecclesia
2258 2065 2327 2102 Dei

1324 2126 1550 2175 excellunt,
1588 2134 1763 2174 tanquam
1793 2124 1905 2161 flores
1934 2125 1971 2161 in
2003 2126 2192 2174 gramine,
2222 2124 2326 2174 quod

1337 2185 1451 2235 Virgo
1480 2185 1664 2233 virginum
1693 2184 1813 2234 prima
1833 2213 1842 2230 ,
1880 2184 2068 2233 virginum
2099 2184 2324 2221 devotarum

1337 2244 1568 2281 sanctissima
1581 2252 1617 2279 et
1630 2242 1833 2279 castissima
1846 2243 2014 2279 omnium
2025 2272 2034 2289 ,
2049 2256 2229 2280 summam
2245 2243 2327 2292 glo-

1338 2304 1430 2339 riam
1453 2303 1559 2353 ponit
1580 2303 1617 2338 in
1635 2303 1732 2338 viola
1747 2302 1968 2338 humilitatis
1984 2330 1994 2347 ‚
2012 2303 2099 2339 licet
2116 2303 2153 2338 in
2171 2315 2215 2339 ea
2234 2315 2326 2338 can-

1337 2361 1422 2397 deat
1435 2361 1672 2410 singulariter
1687 2360 1803 2396 lilium
1822 2360 2019 2404 castitatis,
2035 2373 2119 2397 rosa
2137 2361 2326 2397 charitatis

1336 2419 1522 2456 rubescat.
1550 2420 1671 2456 Nolite
1691 2419 1860 2468 gloriari,
1881 2419 2064 2467 virgines,
2089 2419 2136 2456 de
2157 2420 2326 2456 castitate

1335 2479 1545 2528 corporali,
1574 2479 1659 2515 licet
1689 2478 1750 2514 illa
1781 2479 1827 2514 sit
1857 2478 2055 2515 laudabilis
2090 2479 2221 2515 virtus.
2252 2478 2325 2515 Sed

1335 2546 1476 2587 quanto
1504 2537 1662 2586 majores
1682 2537 1771 2574 estis
1792 2550 1879 2583 vos,
1906 2546 2008 2574 tanto
2038 2538 2231 2574 humiliate
2260 2551 2327 2574 vos

283 2607 467 2657 numquid
498 2618 573 2642 non
603 2604 696 2640 alios
723 2602 832 2638 flores
861 2600 999 2637 habes?
1025 2599 1175 2644 Habeo,
1206 2599 1266 2634 in—
1291 2602 1322 2635 D
1338 2597 1373 2632 in
1395 2595 1590 2640 omnibus,
1616 2605 1657 2632 ut
1677 2596 1873 2632 inveniatis
1894 2597 2049 2645 gratiam
2067 2596 2166 2646 apud
2187 2600 2323 2633 Deum.

284 2682 409 2719 quam.
433 2670 526 2703 Tota
551 2663 650 2700 enim
681 2662 816 2705 floreo,
843 2661 980 2696 nullius
998 2659 1100 2695 floris
1119 2670 1271 2706 expers,

285 2730 371 2779 quia
390 2726 490 2762 nulla
510 2724 647 2759 virtute
666 2734 789 2764 careo,
810 2733 892 2755 cum
914 2727 990 2755 tota
1007 2718 1174 2768 speciosa
1188 2716 1271 2761 sim,

284 2798 320 2825 et
337 2786 479 2823 macula
496 2796 569 2819 non
589 2781 686 2818 sitin
705 2793 774 2816 me.
795 2777 924 2815 Habeo
941 2778 1060 2814 lilium
1079 2775 1273 2821 eastitatis,

284 2848 369 2898 quia
387 2845 506 2895 prima
520 2850 647 2878 votum
664 2837 932 2875 conservandae
949 2836 1169 2886 virginitatis
1185 2834 1271 2871 vovi

284 2906 461 2945 Domino.
476 2901 606 2939 llabeo
624 2912 744 2936 rosam
762 2897 965 2941 charitatis,
982 2897 1069 2946 quia
1080 2896 1108 2932 si
1125 2908 1200 2931 non
1214 2907 1272 2930 us-

283 2980 356 3017 que
371 2965 464 3001 adeo
482 2961 692 2997 dilexissem
713 2958 930 3003 Dominum,
945 2956 1046 2993 unde
1064 2954 1154 2991 mihi
1172 2962 1270 2990 tanta

285 3025 440 3067 liducia,
461 3020 560 3057 unde
591 3026 691 3054 tanta
710 3016 862 3052 audacia
876 3045 884 3061 ,
904 3025 944 3051 ut
967 3027 1107 3051 novum
1131 3012 1271 3061 aliquid

282 3083 448 3135 puellula
470 3088 596 3116 tenera
611 3085 647 3113 et
667 3075 897 3120 verecunda,
922 3083 957 3111 et
977 3074 1098 3110 adhuc
1116 3072 1184 3109 sub
1205 3085 1272 3122 pa—

281 3151 430 3180 reutum
445 3138 531 3188 jure
549 3145 585 3172 ct
606 3134 800 3185 praeceptis
817 3133 906 3182 legis
920 3133 1122 3169 constituta
1140 3131 1271 3167 incho-

1339 2659 1420 2692 Non
1439 2656 1537 2692 enim
1556 2656 1760 2691 castitatem
1778 2656 1940 2705 respexit
1955 2656 2160 2702 Dominus,
2177 2656 2241 2693 sed
2255 2655 2328 2692 hu-

1339 2716 1531 2751 militatem
1547 2715 1688 2751 aneillae
1703 2728 1788 2751 suae.
1805 2716 1841 2752 Si
1860 2715 1970 2751 vultis
1986 2716 2095 2751 oculo
2113 2716 2325 2753 misericor-

1339 2776 1431 2821 diae,
1458 2776 1567 2810 oculo
1591 2775 1716 2824 gratiae
1743 2789 1762 2811 a
1791 2775 1957 2811 Domino
1988 2776 2141 2825 respici,
2168 2776 2327 2812 humiles

1339 2843 1470 2871 estote.
1492 2834 1695 2869 Ilamillbus
1711 2834 1809 2869 euim
1825 2863 1833 2879 ,
1853 2834 2041 2883 Scriptura
2062 2834 2135 2880 ait,
2156 2837 2222 2869 (lat
2235 2848 2326 2883 gra-

1337 2898 1429 2929 tiam
1446 2900 1480 2938 T;
1502 2894 1588 2941 quia
1604 2898 1764 2940 respexit
1782 2894 2022 2928 humilitatem
2041 2896 2193 2928 ancllloe
2205 2892 2323 2928 suoe3.

1337 2954 1374 2990 Si
1397 2953 1509 2989 vultis
1532 2953 1720 3001 lampades
1743 2960 1884 2989 vestras
1913 2966 1992 2989 esse
2027 2954 2181 2989 refertas
2211 2953 2297 2988 oleo
2315 2980 2324 2997 ‚

1338 3025 1420 3047 cum
1442 3024 1601 3061 sponsus
1617 3011 1660 3047 ad
1675 3012 1825 3060 nuptias
1845 3012 2009 3057 venerit,
2030 3011 2065 3047 id
2084 3019 2152 3056 est,
2170 3011 2198 3047 si
2214 3011 2326 3048 vultis

1337 3071 1517 3119 integram
1536 3079 1572 3106 et
1589 3071 1708 3106 laetam
1727 3071 1989 3107 conscientiam
2014 3070 2151 3106 habere
2179 3070 2324 3120 (oleum

1337 3130 1434 3166 enim
1459 3131 1495 3166 in
1517 3129 1707 3180 lampade,
1729 3138 1783 3166 est
1804 3130 1930 3165 laetitia
1949 3129 2153 3178 spiritualis
2173 3129 2211 3165 in
2239 3143 2326 3165 cor-

331 3275 337 3289 ·
360 3265 478 3298 Cautic.
496 3275 539 3300 11,
561 3266 589 3293 1.
605 3279 647 3284 —-
670 3266 681 3281 ²
701 3260 770 3291 lsai.
793 3271 889 3297 rxvi,
911 3262 940 3290 2.
958 3276 1000 3281 —
1027 3257 1040 3281 3
1064 3258 1167 3289 Ovidii
1189 3257 1319 3288 Remea.
1339 3255 1465 3293 amoris,
1491 3266 1570 3286 κει-5.
1593 3258 1670 3287 309.
1695 3272 1736 3278 -—
1756 3253 1770 3279 ⁴⁸
1787 3253 1880 3284 Eccli.
1905 3265 1960 3292 κν,
1984 3257 2011 3284 1.
2028 3272 2068 3274 —
2085 3251 2098 3274 ⁵
2118 3256 2191 3284 Luc.
2215 3265 2245 3289 ι,
2267 3255 2324 3290 47,

283 3326 333 3353 2⁸.
367 3339 395 3341 ν*
415 3317 430 3338 ⁶
450 3316 568 3349 (Iantic.
592 3327 620 3351 ῐ,
644 3318 693 3345 11.
714 3332 754 3335 —
779 3319 791 3343 7
809 3312 918 3343 Jacobi
942 3324 987 3346 ιν,
1010 3316 1041 3342 6.
1063 3329 1103 3333 —-
1125 3310 1138 3332 ⁸
1159 3310 1271 3342 Mauh.
1289 3322 1367 3347 xxv,
1395 3312 1479 3340 1-12.

1738 3309 1750 3323 ⁸
1767 3308 1907 3337 Fortasse
1920 3329 1928 3344 ,
1942 3304 2140 3350 pedisequus.
2161 3306 2187 3345 *l-
