2418 3949
82 307 129 344 37
821 310 869 344 IN
899 308 1124 351 CANTICA,
1154 309 1316 344 SERMO
1345 311 1405 345 lv.
2082 309 2130 345 38

79 381 385 432 investigationis.
409 381 549 420 Circuit
571 382 671 418 enim
686 409 695 426 ‚
719 382 785 432 qui
811 383 870 419 vel
896 391 986 419 nota
1006 395 1068 419 re-
1093 382 1098 397 ¹

1110 382 1115 398 ¹
1138 383 1391 432 posteriorum
1417 383 1573 430 oblitus,
1599 384 1643 421 ad
1667 385 1858 421 anteriora
1875 385 2046 421 extendit
2067 398 2129 422 se·

80 442 188 488 colit,
209 442 268 478 vel
297 454 343 478 ex
371 441 462 491 ipsis
489 440 589 477 uotis
620 441 763 490 colligit
790 455 874 491 quae
900 441 1070 478 nondum
1089 444 1122 477 A
1138 442 1352 492 metipsum,
1369 444 1397 479 si
1419 457 1495 492 quo
1515 444 1628 481 modo
1649 444 1983 496 comprehendat&
2002 449 2130 482 Bonus

80 509 168 539 sunt
199 509 300 538 nota.
323 500 463 538 Circuit
491 500 773 550 quodammodo
802 502 867 550 qui
892 509 981 537 nota
1007 512 1075 536 re-

80 560 260 598 cordatur
273 589 282 602 ,
302 560 360 596 vel
380 568 636 610 perscrutatur
653 573 763 597 nova.
787 560 973 597 Circuitus
992 559 1075 609 qui-

81 620 168 657 dam
187 628 269 665 est,
292 633 376 656 cum
399 633 442 656 ea
460 633 545 668 quae
566 619 644 668 jam
672 619 745 656 fide
769 628 807 656 et
829 618 1074 668 intelligentia

79 689 252 718 tenemus
263 709 273 726 ,
292 679 426 716 ordine
445 688 699 716 retractamus.
715 680 900 717 Circuitus
916 679 1067 728 quidam

79 748 157 786 est,
180 753 263 776 cum
292 752 339 775 ex
363 739 421 775 his
449 752 532 788 quae
547 738 624 788 jam
651 748 845 784 tenemus,
867 739 914 775 ad
939 738 1070 775 occul-

79 799 176 836 tiora
209 798 397 835 tendimus
431 806 470 834 et
500 807 754 847 penetramus.
788 799 975 836 Circuitus
1007 798 1070 834 ille

77 857 338 895 oblectationis
369 865 446 903 est,
482 858 552 894 iste
586 858 758 895 rationis.
791 858 859 895 Ille
890 856 1070 894 amicabi-

77 916 168 962 lior,
187 916 257 952 iste
277 916 433 953 acutior.
451 919 498 952 Et
517 916 689 965 quamvis
709 916 772 953 ille
794 916 972 953 circuitus
989 929 1069 952 ma—

77 975 133 1025 gis
165 975 469 1012 accommodatus
498 988 651 1024 sponsae,
676 974 866 1021 videatur,
892 984 1070 1012 neutrum

78 1041 202 1071 tamen
222 1034 276 1070 illi
296 1033 528 1083 negabimus.
554 1034 639 1072 Sive
664 1033 763 1070 enim
793 1042 882 1070 nota
903 1042 941 1070 et
964 1047 1071 1070 com-

77 1101 186 1143 perta
207 1093 338 1130 revisit
351 1122 360 1138 ,
381 1094 459 1130 sive
479 1093 679 1143 investigat
695 1107 815 1140 nova;
835 1094 874 1130 in
895 1093 1071 1130 omnibus

1139 510 1240 539 certe
1258 503 1453 549 circuitus,
1475 517 1549 540 non
1568 504 1682 541 modo
1704 517 1788 541 cum
1810 517 1909 541 nova
1929 517 2078 554 semper
2094 514 2132 541 et

1139 561 1344 598 occultiora
1364 562 1760 611 comprehenduntur,
1780 563 1844 599 sed
1865 576 1950 600 cum
1963 562 2042 612 jam
2058 577 2128 613 ap-

1138 620 1326 669 prehensa
1348 635 1449 658 novo
1470 631 1506 658 et
1525 623 1667 658 recenti
1687 635 1836 672 semper
1849 623 1987 659 affectu
2004 624 2130 660 revol-

1136 687 1279 716 vuntur
1301 695 1308 716 :
1333 693 1418 716 cum
1438 694 1514 717 non
1536 682 1650 717 modo
1673 682 1774 730 quod
1802 690 1935 726 restat,
1954 691 2130 732 penetra—

1136 746 1217 785 tur3
1242 739 1307 775 sed
1328 739 1430 788 quod
1451 738 1528 787 jam
1554 748 1792 789 penetratum
1813 750 1887 786 est,
1912 742 2130 790 frequenter

1135 798 1307 834 iteratur.
1339 798 1537 834 Jucundus
1573 799 1775 844 circuitus,
1805 807 1841 835 ct
1873 812 2020 848 sponsae
2051 815 2128 838 non

1136 857 1296 906 ignotus.
1316 857 1406 893 Ideo
1423 857 1658 894 confidenter
1683 857 1770 894 (licit
1789 873 1797 894 ε
1818 860 1988 907 Surgam,
2011 870 2047 896 et
2062 867 2130 896 cir-

1135 916 1239 952 cuibo
1265 921 1457 952 civitatem.

1189 977 1224 1013 3.
1254 979 1345 1024 Quae
1365 978 1489 1026 aptius
1507 989 1587 1013 esse
1609 976 1750 1025 poterit
1766 976 1895 1013 civitas
1911 990 2023 1026 quam
2042 979 2105 1016 illa
2118 1009 2127 1026 ‚

1136 1035 1182 1072 de
1210 1049 1285 1085 qua
1306 1035 1447 1072 dictum
1471 1044 1527 1072 est
1548 1050 1556 1071 :
1576 1037 1743 1071 Gloriam
1770 1037 1869 1070 (licta
1895 1046 1983 1072 suut
2009 1039 2055 1072 tle
2078 1048 2126 1082 te,

1137 1099 1262 1131 civitas
1291 1093 1409 1132 Dei3?
1438 1098 1484 1132 Et
1515 1095 1666 1145 quidem
1697 1095 1920 1131 universitas
1950 1105 2130 1135 creaturae

78 1153 217 1190 amoris
242 1161 386 1189 tantum
409 1153 577 1189 fomitem
599 1153 745 1202 quaerit.
768 1156 894 1190 Bonus
917 1152 1070 1202 quidem
1089 1152 1117 1186 B
1137 1154 1209 1191 dici
1235 1162 1361 1204 potest
1386 1167 1462 1190 non
1487 1154 1799 1190 inconvenienter
1824 1154 1956 1190 civitas
1975 1156 2062 1201 Dei,
2083 1156 2130 1193 ab

80 1211 234 1248 rationis
259 1211 438 1248 circuitus
464 1225 472 1247 :
497 1211 563 1248 sed
583 1212 736 1261 quando
757 1212 852 1248 ratio
874 1212 954 1262 ipsa
974 1212 1072 1248 intra

77 1270 166 1308 fidei
192 1271 340 1320 regulas
362 1283 400 1307 se
419 1272 607 1317 continet,
628 1279 666 1307 et
686 1270 765 1320 ejus
792 1271 973 1307 terminos
993 1284 1070 1307 non

77 1329 243 1376 excedit,
260 1329 307 1367 de
332 1329 405 1366 fide
425 1330 471 1366 ad
493 1330 606 1366 fidem
620 1359 629 1375 ,
653 1331 711 1367 vel
732 1331 778 1367 de
800 1331 874 1367 fide
893 1331 940 1367 ad
960 1331 1072 1367 intel-

77 1390 267 1440 ligentiam
295 1389 527 1439 pertingens.
547 1390 800 1440 Intelligentia
825 1390 978 1440 quidem
1002 1390 1071 1426 etsi

77 1449 191 1486 fidem
227 1449 394 1496 excedit,
430 1463 507 1486 non
543 1458 668 1486 tamen
707 1450 809 1487 aliud
845 1459 1071 1496 contuetur,

78 1522 192 1559 quam
229 1509 333 1559 quod
369 1509 442 1546 fide
477 1510 705 1546 continetur.
740 1512 785 1546 In
825 1510 1072 1559 intelligentia

78 1581 193 1619 quarn
221 1569 261 1605 in
286 1568 360 1605 fide
388 1582 466 1605 non
497 1569 684 1606 certitudo
710 1568 833 1618 major
860 1570 977 1614 inest,
1007 1569 1071 1606 sed

81 1627 264 1664 serenitas
288 1641 297 1664 :
317 1635 451 1664 neutra
469 1627 529 1664 vel
549 1636 668 1674 errat,
686 1629 745 1664 vel
769 1628 895 1664 haeret.
913 1627 989 1666 Ubi
1013 1628 1071 1664 vel

80 1698 190 1723 error
212 1687 272 1723 vel
300 1686 485 1723 haesitatio
510 1695 587 1733 est,
612 1687 859 1736 intelligentia
880 1700 956 1723 non
982 1695 1038 1723 est
1061 1702 1069 1723 ε

80 1744 147 1782 ubi
165 1745 350 1783 haesitatio
370 1754 447 1793 est,
467 1746 558 1783 fides
582 1759 660 1782 non
681 1754 748 1783 cst.
769 1750 814 1783 Et
834 1747 861 1782 si
889 1746 980 1783 fides
1003 1746 1072 1783 ad-

80 1804 229 1842 mittere
257 1818 368 1855 posse
397 1804 550 1842 videtur
579 1818 771 1851 errorem,
795 1818 872 1842 non
900 1814 957 1842 est
983 1818 1072 1842 vcra

79 1876 150 1900 nec
169 1864 350 1902 catholica
370 1864 482 1910 fides,
506 1864 572 1901 sed
593 1877 753 1901 erronea
773 1864 986 1901 credulitas.
1007 1864 1071 1901 Fi-

1137 1226 1181 1249 eo
1204 1212 1376 1258 condita,
1398 1221 1435 1249 et
1461 1212 1508 1249 ab
1537 1226 1581 1249 co
1608 1212 1801 1262 disposita.
1826 1213 1998 1251 Gloriosa
2019 1216 2131 1264 plane

1136 1280 1173 1308 et
1193 1285 1264 1321 pro
1291 1272 1434 1321 specie,
1459 1280 1496 1307 et
1517 1284 1589 1321 pro
1609 1271 1754 1308 ordine.
1777 1275 1869 1309 Nam
1890 1286 1961 1322 pro
1984 1274 2128 1312 actibus

1136 1332 1260 1368 minus
1283 1330 1417 1380 justis,
1439 1343 1536 1380 quos
1558 1330 1772 1380 depravatae
1798 1332 1932 1368 mentis
1954 1333 2132 1381 producit

1135 1389 1308 1435 libertas,
1335 1398 1518 1438 quantum
1544 1389 1583 1425 in
1610 1389 1698 1438 ipsis
1719 1398 1797 1435 est,
1821 1390 1970 1427 minus³
1991 1391 2027 1427 in
2049 1393 2130 1441 glo-

1138 1449 1192 1486 ria
1213 1464 1221 1485 ε
1242 1463 1310 1486 nec
1327 1463 1372 1486 ex
1390 1450 1480 1499 ipsis
1497 1458 1573 1493 est,
1595 1449 1698 1498 quod
1715 1449 1886 1486 ordinem
1906 1450 2041 1488 divinae
2058 1452 2132 1489 dis-

1138 1508 1335 1558 positionis
1357 1522 1432 1545 non
1451 1508 1657 1557 effugiunt,
1680 1522 1793 1557 quem
1814 1522 1890 1545 non
1912 1509 2128 1547 intendunt.

1137 1569 1212 1606 Soli
1234 1577 1359 1604 autem
1385 1581 1474 1604 vere
1497 1568 1651 1616 gloriosi
1673 1576 1782 1612 sunt,
1807 1569 1872 1617 qui
1895 1569 2031 1606 divinae
2055 1571 2131 1607 dis—

1136 1627 1316 1676 positioni
1345 1635 1569 1677 supponunt
1600 1627 1789 1672 studium,
1817 1628 1967 1664 solliciti
1999 1630 2131 1678 primae

1137 1686 1364 1723 conditionis
1392 1686 1574 1734 integram
1602 1699 1753 1722 servare
1778 1687 1955 1735 gratiam,
1981 1689 2039 1724 vel
2067 1703 2130 1726 re-

1138 1746 1275 1782 sarcire
1308 1753 1538 1794 corruptam.
1561 1745 1625 1781 Isti
1655 1745 1806 1793 gemino
1832 1745 1985 1794 quidem
2016 1749 2130 1785 modo

1137 1804 1290 1853 gloriosi
1313 1804 1528 1840 efficiuntur
1551 1818 1558 1840 ε
1581 1804 1741 1840 naturali
1761 1817 1845 1840 cum
1870 1806 2013 1842 caeteris
2036 1820 2132 1843 con-

1137 1864 1297 1910 ditione,
1322 1872 1359 1901 et
1382 1864 1596 1900 voluntaria
1619 1876 1696 1913 prae
1725 1864 1868 1900 caeteris
1893 1867 2131 1915 coaptatione

79 1921 169 1968 des,
198 1931 240 1960 ut
266 1923 318 1960 sic
343 1922 488 1969 dicam,
509 1922 705 1959 veritatem
735 1931 873 1959 rectam
903 1931 1007 1959 tenet
1035 1931 1073 1959 et
1094 1925 1121 1961 C
1140 1924 1187 1960 ad
1209 1924 1421 1961 ordinantis
1445 1932 1482 1959 et
1509 1923 1702 1972 dirigentis
1727 1924 1796 1959 Dei
1821 1933 1967 1960 nutum.
1987 1927 2134 1963 Dicitur

80 1982 268 2032 possidet3
289 1983 533 2032 intelligentia
552 1983 752 2020 revelatam
772 1991 809 2019 et
823 1982 962 2018 nudam
981 1996 1073 2019 con-

82 2049 228 2087 tuetur3
247 2042 343 2078 ratio
360 2050 521 2079 conatur
534 2043 714 2079 revelare.
727 2042 838 2078 Ratio
852 2042 950 2078 inter
962 2041 1071 2078 fidem

79 2100 440 2150 intelligentiamque
459 2101 674 2138 discurrens
687 2129 696 2146 ‚
715 2101 761 2137 ad
780 2102 878 2137 illam
897 2114 935 2138 se
949 2102 1071 2150 erigit,

80 2160 148 2197 sed
166 2161 236 2197 ista
255 2174 294 2198 se
313 2161 420 2209 regit.
446 2162 558 2198 Ratio
585 2162 670 2211 plus
692 2160 837 2210 aliquid
857 2174 970 2209 quam
990 2174 1073 2197 cre-

81 2219 170 2256 dere
198 2220 292 2256 vult.
321 2219 420 2267 Quid
453 2220 580 2256 aliud?
607 2220 847 2269 Conspicere.
877 2219 991 2256 Aliud
1020 2228 1076 2256 est

81 2278 256 2326 credere,
287 2278 388 2316 aliud
411 2287 468 2328 est
487 2292 641 2316 cernere
663 2293 670 2315 :
697 2292 773 2315 non
799 2286 921 2314 tamen
947 2279 1071 2325 aliud,

79 2350 193 2387 quam
223 2337 327 2387 quod
354 2337 428 2375 fide
454 2338 641 2388 concipit,
659 2338 881 2388 conspicere
901 2345 1071 2375 conatur.

80 2399 127 2433 Et
145 2397 175 2434 si
195 2397 366 2434 nondum
385 2398 529 2435 sincere
543 2397 670 2434 videre
685 2406 829 2448 potest,
846 2396 1072 2446 quibusdam

81 2464 206 2494 tamen
243 2457 539 2495 accommodatis
578 2457 847 2507 experimentis
887 2456 1075 2505 conjicere

81 2523 218 2561 tentat,
241 2529 325 2566 quae
340 2515 418 2565 jam
441 2516 563 2553 solida
586 2516 658 2553 fide
678 2516 862 2565 concepit.
881 2516 992 2552 Ratio
1013 2530 1075 2553 su-

80 2587 149 2624 pra
171 2575 284 2612 fidem
307 2584 484 2621 conatur,
507 2575 579 2612 lide
601 2585 725 2612 tamen
744 2576 894 2620 nititur,
916 2575 988 2611 lide
1007 2589 1074 2612 co-

79 2632 243 2670 hibetur.
267 2637 311 2671 In
334 2635 457 2684 primo
482 2634 619 2671 devota
641 2642 717 2679 est;
733 2633 770 2670 in
793 2633 958 2670 secundo
980 2646 1076 2682 pru-

1139 1997 1228 2032 ergo
1263 1984 1392 2020 civitas
1417 1983 1486 2020 Dei
1512 1983 1736 2019 universitas
1768 1992 1967 2030 creaturae3
1989 1986 2131 2035 quippe

1139 2041 1285 2090 legibus
1309 2041 1567 2077 administrata
1590 2041 1880 2091 dispensationis
1900 2042 2028 2091 ipsius.
2047 2047 2133 2093 Ipse

1140 2102 1324 2137 universae
1353 2108 1533 2137 creaturae
1560 2100 1723 2148 speciem
1749 2101 1957 2137 existentiae
1981 2111 2133 2150 praestat

1139 2161 1178 2197 in
1212 2161 1371 2210 proprio
1403 2172 1562 2208 genere,
1585 2160 1622 2194 in
1648 2172 1717 2194 usu
1738 2159 1962 2205 efficaciam,
1997 2174 2132 2198 conse-

1140 2220 1333 2270 quentiam
1351 2219 1387 2255 in
1409 2218 1556 2264 ordine,
1572 2226 1612 2254 ut
1631 2218 1719 2253 etin
1738 2219 1868 2267 seipsa
1888 2219 2044 2268 pulchra
2064 2220 2133 2266 sit,

1139 2287 1177 2315 et
1205 2278 1243 2314 in
1271 2277 1516 2313 universitate
1541 2289 1772 2326 supervacua
1800 2290 1875 2312 non
1897 2277 1964 2321 sit,
1990 2286 2132 2314 etcum

1139 2337 1294 2386 reliquis
1331 2337 1609 2384 inconsequens
1645 2343 1681 2371 ct
1714 2348 1928 2384 repugnans
1963 2349 2038 2371 non
2073 2338 2132 2373 sit.

1141 2397 1226 2433 Sive
1261 2396 1361 2432 enim
1399 2409 1457 2432 res
1493 2403 1637 2430 naturae
1669 2402 1799 2442 agatur
1831 2403 1954 2439 motu,
1982 2396 2059 2431 six-e
2085 2397 2132 2432 li-

1141 2455 1234 2491 bero
1262 2454 1405 2491 arbitrii
1434 2463 1548 2500 nutu,
1569 2454 1645 2490 sive
1675 2453 1811 2489 ‹livinae
1840 2454 2021 2490 instinctu
2049 2469 2134 2503 gra-

1142 2517 1222 2560 tiae,
1244 2515 1322 2551 sive
1339 2514 1494 2563 singulis
1514 2514 1570 2549 his
1588 2512 1810 2557 rationibus,
1829 2513 1906 2549 sive
1923 2514 2135 2562 conjunctis

1143 2589 1202 2613 res
1222 2583 1373 2624 agatur3
1395 2572 1573 2622 quaelibet
1596 2586 1616 2608 a
1638 2572 1765 2608 ‹livina
1797 2572 1899 2609 intus
1934 2573 2132 2610 invisibili—

1143 2645 1199 2673 ter
1221 2642 1403 2684 operante
1419 2633 1581 2668 cslicacia
1595 2660 1604 2677 ,
1622 2640 1655 2667 et
1680 2631 1833 2667 modum
1854 2633 1987 2681 accipit
2006 2642 2040 2668 ct
2059 2648 2136 2669 mo-

80 2691 195 2739 dens;
216 2694 254 2729 in
281 2694 390 2730 tertio
410 2693 535 2730 sobria
554 2708 561 2729 :
583 2701 640 2737 et,
663 2702 705 2729 ut
733 2693 784 2729 sic
811 2693 950 2737 (licam,
975 2693 1066 2729 tides
1086 2699 1117 2732 D
1135 2705 1211 2733 tum
1235 2709 1242 2730 :
1266 2693 1418 2729 modum
1443 2700 1480 2727 ct
1500 2691 1603 2740 quasi
1625 2691 1743 2739 legem
1769 2691 1968 2739 quamdam
1991 2692 2134 2728 ordinis

82 2760 197 2798 tenet,
219 2761 347 2790 tuetur
361 2754 469 2798 ratio,
487 2753 732 2802 intelligentia
749 2753 928 2789 intuetur.
945 2756 1072 2789 Bonus

80 2811 150 2848 iste
169 2812 364 2858 circuitus,
385 2813 422 2848 in
444 2825 521 2861 quo
544 2825 649 2848 mens
674 2811 828 2848 rationis
849 2811 963 2847 ductu
982 2824 1072 2860 pcr—

79 2870 302 2921 vestigando
321 2871 510 2921 procedit,
529 2871 592 2907 sed
612 2885 631 2907 a
651 2871 723 2907 fide
740 2884 815 2906 nou
840 2870 1001 2915 recedit,
1019 2870 1072 2906 in-

80 2938 221 2967 structa
248 2944 267 2967 a
297 2931 389 2977 fide,
417 2940 455 2968 et
475 2931 642 2968 restricta
673 2931 719 2967 ad
749 2931 875 2967 fidem.
908 2934 1075 2967 Erronca

80 2989 211 3039 plane,
229 2990 259 3027 si
279 3003 355 3026 non
375 2999 510 3027 cuncta
528 2990 573 3026 ad
593 2989 674 3039 ejus
691 2990 827 3026 reserat
847 3003 1019 3034 examen,
1037 2999 1073 3026 ct

80 3049 195 3086 citum
227 3049 383 3087 rationis
410 3050 595 3087 incessum
628 3049 674 3086 ad
707 3049 791 3086 fidei
818 3050 1070 3086 maturitatem

80 3109 244 3158 castiget.
265 3112 391 3146 Bonus
411 3110 588 3147 circuitus
602 3138 612 3155 ,
634 3109 697 3146 ubi
712 3109 855 3158 justitia
875 3110 943 3146 Dci
964 3122 1071 3145 reve—

81 3168 180 3206 latur
193 3182 239 3206 ex
257 3169 329 3206 fide
345 3169 383 3206 in
401 3169 525 3206 fidem.
546 3173 672 3207 Bonus
687 3170 864 3206 circuitus
878 3197 887 3214 ,
903 3168 967 3205 ubi
988 3169 1071 3218 quis

80 3228 370 3266 transformatur
383 3242 403 3265 a
423 3229 590 3266 claritate
607 3230 643 3265 in
663 3228 867 3265 claritatem
890 3237 1067 3276 tanquam

83 3299 104 3323 a
132 3287 283 3324 Domini
311 3288 490 3338 Spiritu¹.
509 3292 635 3326 Bonus
666 3288 864 3332 circuitus,
889 3286 952 3323 ubi
986 3286 1069 3335 quis

134 3407 479 3443 ¹11C0r.1u.18.-
507 3407 744 3450 ²rhilipp.1u,
769 3411 899 3445 171,t‘:.

987 3405 1092 3436 ἰΡῆιΙ,
1114 3417 1214 3434 Lxxxx
1229 3417 1233 3433 ι
1251 3429 1257 3438 ,
1281 3407 1308 3433 .l.

1138 2763 1175 2791 ct
1202 2762 1344 2789 motum
1368 2751 1535 2787 actionis.
1560 2754 1641 2787 Non
1672 2750 1785 2786 modo
1806 2751 1905 2785 euim
1931 2750 1978 2786 ab
1999 2765 2044 2786 eo
2067 2766 2133 2787 cu-

1134 2812 1290 2862 juslibet
1313 2811 1490 2847 motionis
1511 2810 1634 2845 nativa
1654 2810 1805 2845 facultas
1819 2838 1826 2852 ,
1849 2809 1913 2844 scd
1934 2810 2133 2858 cujuslibet

1141 2872 1325 2909 facultatis
1348 2870 1631 2906 administratur
1648 2869 1784 2913 motio,
1802 2877 1839 2904 ut
1856 2870 1964 2905 simul
1986 2869 2132 2918 abipso

1141 2933 1189 2969 sit
1211 2940 1246 2968 et
1267 2931 1404 2974 xirtus,
1429 2937 1464 2965 ct
1486 2937 1610 2964 motus
1631 2928 1790 2963 virtutis.
1817 2932 1939 2964 Motus
1961 2942 2051 2964 vcro
2074 2930 2133 2964 in-

1141 2991 1318 3028 tentionis
1342 3003 1487 3038 praue,
1511 2997 1546 3024 ct
1572 2987 1618 3024 al)
1648 2988 1730 3036 ipso
1752 2987 1862 3023 habet
1885 2987 1986 3036 quod
2011 2998 2134 3024 motus

1139 3059 1212 3095 cst,
1233 3058 1269 3086 et
1291 3049 1337 3085 al)
1362 3049 1442 3098 ipso
1465 3061 1539 3083 non
1562 3046 1673 3083 habet
1693 3047 1795 3095 quod
1817 3061 1955 3096 pravus
1976 3057 2041 3084 cst.
2067 3052 2134 3084 ,Ne-

1138 3122 1211 3158 quc
1228 3109 1327 3144 enim
1349 3107 1394 3143 al)
1414 3107 1495 3155 ipso
1512 3115 1585 3149 est,
1606 3106 1707 3155 quod
1725 3107 1759 3141 in
1779 3107 1903 3142 minus
1918 3107 2131 3143 ordinatum

1138 3169 1249 3203 linem
1277 3166 1479 3215 dirigitur:
1502 3165 1565 3201 scd
1597 3165 1643 3201 al)
1671 3165 1752 3213 ipso
1791 3173 1864 3206 cst,
1889 3165 1991 3213 quod
2031 3166 2134 3205 inor<

1137 3226 1278 3262 dinatio
1302 3227 1379 3276 ipsa
1413 3225 1505 3261 mira
1535 3237 1690 3274 prorsus
1722 3224 1866 3260 ratione
1897 3225 1932 3259 in
1964 3223 2133 3259 oraim-m

1136 3286 1330 3334 redigitur.

1665 3401 1921 3432 ³.xti.·..‚s1³m>„
