2418 3949
173 175 247 211 677

171 265 262 289 meae
279 254 422 290 nullum
442 253 602 290 fructum
620 253 730 290 video
743 268 753 299 ;
768 253 832 290 sed
848 253 944 291 sicut
957 253 1096 290 accedo
1110 252 1157 289 ad
1167 251 1199 269 ⁵²

888 176 1249 213 MEDITATIONES
1279 176 1510 211 PIISSUIAE.

1203 251 1305 288 ⁷esse
1330 261 1554 300 praesentem
1578 265 1773 301 cognosce.
1796 256 1893 301 Caye
1919 266 2008 302 ergo
2036 265 2084 289 ne
2108 253 2146 289 in
2175 266 2219 289 co

2144 176 2218 212 (378

170 311 292 358 illam,
310 313 363 349 sic
378 321 415 349 et
431 313 557 349 redeo.
572 316 691 350 Nemo
708 313 797 349 mihi
811 313 1028 363 respondet,
1045 326 1157 350 nemo
1179 313 1207 345 A
1224 310 1327 359 quod
1358 311 1453 347 male
1480 311 1659 356 delectat,
1685 313 1740 348 vel
1762 313 1857 348 visio
1880 321 1942 348 tua
1962 312 2019 348 vel
2037 312 2216 362 cogitatio

170 371 359 420 loquitur,
385 385 496 409 nemo
521 372 713 422 quidpiam
735 371 868 416 donat,
888 372 952 409 sed
970 373 1155 408 incassum

169 429 357 468 laborasse
377 431 518 468 videor.
538 431 596 469 sic
616 431 785 480 loquitur
804 430 967 467 humana
980 431 1155 476 stultitia,

169 503 245 527 non
272 491 469 528 attendens
492 490 583 540 quid
609 489 696 526 inde
717 490 862 527 Veritas
883 489 1079 539 promittat
1099 489 1156 526 di-

168 562 256 586 cens
284 564 291 585 :
322 555 442 586 Amen
470 551 550 585 dico
569 549 684 593 vobis,
705 553 793 597 quia
809 551 989 597 quidquid
1008 558 1154 585 orantes

160 614 310 656 petitis,
338 612 473 645 credite
499 613 589 657 quia
616 610 820 656 accipietis,
849 617 885 644 et
897 610 975 656 fiet
1004 608 1109 644 vobis
1127 615 1152 644 ¹.

166 668 249 704 Noli
282 680 372 716 ergo
397 666 630 716 vilipendere
658 667 868 703 orationem
901 675 1002 704 tuam
1019 696 1029 713 ,
1058 680 1154 716 quo-

165 727 266 763 niam
293 727 354 763 ille
381 726 429 763 ad
452 738 564 775 quem
590 738 694 770 oras,
718 739 796 763 non
822 726 1023 776 vilipendit
1050 740 1152 773 eam3

163 785 229 823 sed
247 794 449 834 antequam
469 784 683 834 egrediatur
698 785 744 822 de
760 798 825 822 ore
845 794 922 829 tuo,
944 786 1024 836 ipse
1039 785 1152 823 scribi

162 857 244 881 eam
259 844 370 893 jubet
382 845 421 881 in
438 843 535 880 libro
552 857 633 880 suo.
650 847 697 880 Et
710 858 827 881 unum
841 858 862 882 e
879 844 1028 882 duobus
1044 844 1154 882 indu-

161 901 326 940 bitanter
353 916 505 953 sperare
529 902 734 950 debemus,
753 904 935 953 quoniam
962 913 1028 941 aut
1047 904 1154 941 dabit

162 962 272 1000 nobis
297 963 402 1012 quod
428 963 616 1012 petimus,
647 971 712 999 aut
737 963 841 1012 quod
868 963 978 999 nobis
1004 964 1152 1000 noverit

1223 378 1286 406 tua
1312 379 1524 406 remoretur
1551 385 1558 406 :
1587 383 1655 407 nec
1677 370 1779 407 dicas
1805 380 1869 407 aut
1890 372 2001 408 facias
2017 371 2119 421 quod
2137 384 2213 407 non

1221 429 1329 474 licet,
1354 429 1464 466 etiam
1488 430 1515 466 si
1537 428 1627 466 libet
1650 445 1658 466 ε
1681 443 1750 466 nec
1770 431 1896 480 aliquo
1915 432 2011 467 facto
2031 431 2090 467 vel
2107 431 2214 480 signo

1219 491 1340 524 Deum
1382 487 1575 533 offendas,
1611 489 1674 537 qui
1716 488 1857 538 ubique
1892 503 2056 539 praesens
2094 491 2215 527 cernit

1219 546 1404 596 quidquid
1430 547 1529 584 sacis.
1555 550 1689 596 Magna
1713 548 1885 584 custodia
1910 548 1975 585 tibi
2005 549 2212 586 necessaria

1218 614 1294 652 est,
1320 607 1502 655 quoniam
1528 615 1614 642 ante
1637 608 1768 643 oculos
1787 608 1930 644 Judicis
1954 609 2050 645 vivis
2078 617 2213 645 cuncta

1218 666 1418 702 cernentis.
1440 669 1533 703 Cum
1556 667 1621 702 illo
1643 675 1766 703 tamen
1795 679 1944 716 semper
1966 680 2005 703 es
2033 681 2186 704 securus
2204 697 2213 712 ‚

1219 725 1248 761 si
1272 726 1382 762 talem
1407 734 1441 761 te
1464 726 1755 774 praeparaveris,
1784 734 1826 762 ut
1855 734 1977 761 tecum
2002 726 2132 763 adesse
2155 726 2213 762 di—

1217 792 1363 833 gnetur.
1380 784 1416 822 Si
1435 792 1557 820 tecum
1577 797 1653 819 non
1671 792 1727 820 est
1742 797 1810 833 per
1827 784 1999 832 gratiam,
2020 784 2126 820 adest
2145 797 2213 833 per

1217 843 1436 880 vindictam.
1460 843 1532 880 Sed
1559 856 1614 879 vae
1640 842 1729 888 tibi,
1753 843 1780 879 si
1802 843 1854 879 ita
1880 851 2002 879 tecum
2029 851 2098 878 est.
2130 846 2211 879 Iino

1199 916 1274 941 ,vae
1305 903 1394 948 tibi,
1421 903 1451 939 si
1477 903 1528 938 ita
1555 910 1678 938 tecum
1706 915 1784 938 non
1809 902 1926 938 adest.
1960 902 2019 939 Illi
2049 914 2211 950 namque

1217 962 1390 999 irascitur
1419 965 1539 1007 Deus,
1571 973 1683 1010 quem
1715 969 1932 1011 peccantem
1971 974 2048 998 non
2080 961 2211 1009 flagel-

161 1035 241 1060 esse
261 1023 401 1059 utilius.
423 1023 553 1072 Cogita
572 1022 700 1071 itaque
717 1022 764 1059 de
779 1026 860 1060 Deo
873 1023 1058 1072 quidquid
1076 1036 1151 1060 me-
1168 1024 1196 1058 B
1217 1022 1269 1058 lat
1289 1037 1298 1058 ε
1327 1034 1414 1058 nam
1443 1033 1556 1070 quem
1587 1020 1812 1070 flagellando
1845 1033 1920 1056 non
1953 1020 2149 1065 emendat,
2173 1020 2210 1055 in

162 1083 233 1119 lius
251 1091 379 1132 potes,
395 1090 434 1119 et
453 1081 499 1119 de
516 1090 553 1118 te
574 1082 760 1132 quidquid
778 1082 943 1119 deterius
961 1083 1075 1119 vales.
1097 1086 1153 1120 De

161 1143 226 1179 illo
251 1143 413 1192 amplius
440 1142 593 1179 credere
612 1141 746 1187 debes,
767 1155 880 1191 quam
897 1142 1062 1191 cogitare
1079 1155 1152 1192 po-

163 1210 228 1238 tes.
246 1204 368 1240 Omne
388 1209 537 1250 tempus
551 1201 591 1237 in
615 1213 693 1250 quo
713 1200 761 1237 de
777 1203 859 1238 Deo
889 1213 966 1237 non
990 1201 1151 1250 cogitas,

160 1260 233 1297 hoc
264 1269 301 1298 te
326 1269 523 1310 computes
553 1260 773 1310 perdidisse.
803 1260 935 1298 Omnis
965 1260 1150 1309 siquidem

161 1332 220 1356 res
246 1320 367 1357 aliena
395 1327 451 1356 est
479 1332 500 1356 a
525 1318 661 1356 nobis:
686 1327 834 1368 tempus
855 1327 980 1355 autem
1005 1327 1151 1355 tantum

161 1387 332 1416 nostrum
358 1386 426 1415 est.
447 1382 545 1415 vaca
569 1390 678 1427 ergo,
698 1386 735 1415 et
758 1377 988 1427 ubicumque
1017 1378 1149 1423 fueris,

162 1447 248 1475 tuus
278 1447 371 1475 esto.
395 1438 480 1476 Noli
508 1446 544 1474 te
566 1437 678 1475 rebus
705 1437 876 1483 tradere,
900 1437 965 1474 sed
988 1450 1152 1474 comino·

161 1497 263 1534 dare.
295 1500 544 1547 Quocumque
572 1498 656 1534 loco
686 1497 876 1542 consistis,
907 1498 1152 1547 cogitationes

161 1565 242 1594 tuas
252 1556 352 1606 jacta
369 1558 407 1594 in
422 1561 543 1595 Deum
558 1586 569 1604 ,
583 1565 621 1594 et
634 1557 776 1607 aliquid
793 1557 955 1594 salutare
971 1557 1009 1593 in
1025 1557 1154 1608 animo

161 1625 228 1654 tuo
240 1630 361 1654 versa.
371 1617 500 1655 Omnis
516 1616 700 1667 siquidem
715 1617 819 1654 locus
835 1616 882 1653 ad
898 1615 1155 1653 meditandum

160 1689 351 1725 congruus
367 1685 435 1713 est.

217 1736 275 1772 19.
311 1738 405 1772 Tota
431 1749 521 1785 ergo
548 1736 721 1772 facultate
755 1735 922 1772 animum
956 1735 1154 1786 colligens,

1219 1081 1348 1118 futuro
1368 1080 1533 1117 damnat.

1567 1195 1742 1235 CAPUT
1769 1195 1861 1235 VII.

1372 1315 1419 1343 De
1437 1311 1579 1343 custodia
1592 1310 1694 1342 cordis
1707 1335 1715 1349 ,
1734 1317 1764 1342 et
1779 1310 1883 1342 studio
1899 1309 2059 1342 orationis.

1271 1438 1332 1475 20.
1360 1440 1512 1476 Certum
1532 1447 1587 1475 est
1606 1438 1785 1488 quoniam
1807 1450 1910 1475 mors
1931 1437 2072 1487 ubique
2088 1437 2215 1474 mina-

1220 1507 1280 1534 tur
1304 1496 1383 1533 tibi.
1406 1497 1587 1534 Diabolus
1609 1490 1808 1534 insidiatur
1824 1526 1833 1542 ‚
1853 1505 1895 1533 ut
1911 1497 2032 1546 rapiat
2051 1496 2212 1533 animam

1222 1565 1345 1601 tuam,
1368 1556 1523 1606 quando
1551 1556 1764 1605 egredietur
1789 1555 1836 1592 de
1855 1568 2014 1605 corpore
2034 1570 2042 1592 :
2066 1563 2106 1591 tu
2123 1568 2215 1591 vero

1223 1617 1302 1652 noli
1325 1617 1456 1653 timere
1469 1644 1478 1661 ,
1497 1616 1676 1665 quoniam
1694 1619 1796 1653 Deus
1813 1616 1878 1665 qui
1892 1616 1930 1652 in
1950 1624 1984 1652 te
2000 1614 2143 1651 habitat
2158 1614 2170 1665 (
2185 1615 2215 1652 si

1224 1684 1346 1712 tamen
1366 1676 1404 1712 in
1426 1684 1459 1712 te
1481 1675 1644 1725 habitat)
1662 1676 1796 1725 eripiet
1822 1684 1858 1712 te
1874 1703 1884 1721 ,
1907 1683 1944 1711 et
1969 1689 1989 1711 a
2010 1683 2132 1711 morte
2147 1702 2157 1720 ,
2179 1684 2217 1711 et

1222 1750 1242 1772 a
1262 1736 1444 1773 daemone.
1469 1736 1607 1774 Fidelis
1627 1737 1727 1773 enim
1748 1737 1871 1773 socius
1894 1744 1950 1772 est
1963 1764 1972 1780 ,
1990 1748 2059 1772 nec
2078 1734 2217 1771 deserit

158 1793 276 1830 libere
301 1802 424 1832 tecum
447 1794 592 1841 habita,
614 1803 652 1831 et
675 1795 712 1831 in
737 1794 935 1831 latitudine
953 1795 1078 1831 cordis
1099 1796 1152 1832 tui
1172 1796 1198 1832 C
1218 1805 1413 1847 sperantes
1433 1797 1470 1834 in
1494 1810 1552 1842 se,
1576 1797 1645 1834 nisi
1671 1797 1751 1847 ipse
1781 1798 1888 1847 prior
1911 1795 2117 1833 deseratur.
2140 1798 2217 1832 De—

159 1853 423 1900 deambulans,
451 1855 591 1892 ibidem
622 1855 856 1891 coenaculum
889 1855 1029 1904 grande
1056 1864 1152 1892 stra·—

160 1921 239 1950 tum
254 1915 419 1961 *Christo
455 1914 604 1952 exhibe.
640 1918 745 1952 Mens
782 1927 944 1964 namque
974 1915 1153 1964 sapientis

159 1985 309 2024 semper
342 1983 398 2011 est
433 1975 536 2025 apud
569 1979 701 2012 Deum.
740 1975 849 2011 Illum
885 1987 1034 2024 semper
1066 1983 1153 2011 ante

159 2033 289 2069 oculos
317 2033 455 2070 habere
484 2033 683 2080 debemus,
704 2047 772 2084 per
795 2047 907 2083 quem
928 2046 1074 2080 sumus,
1099 2035 1151 2071 vi-

160 2092 300 2138 vimus,
332 2102 370 2130 et
399 2094 580 2144 sapimus.
613 2097 742 2143 Ipsum
769 2107 956 2143 namque,
983 2102 1025 2130 ut
1051 2107 1150 2131 esse-

161 2164 260 2198 mus,
282 2152 466 2190 habemus
492 2162 704 2199 auctorem3
728 2154 850 2203 ipsum
875 2153 1009 2199 etiam,
1029 2162 1070 2190 ut
1092 2167 1152 2190 sa-

159 2210 304 2259 pientes
335 2212 472 2257 simus,
500 2212 682 2249 debemus
710 2212 847 2248 habere
876 2212 1090 2258 doctorem;
1114 2222 1151 2249 et

158 2278 200 2305 ut
228 2268 326 2306 beati
353 2271 491 2316 simus,
517 2271 675 2308 internae
699 2272 893 2308 suavitatis
920 2272 1148 2322 largitorem.

158 2331 206 2365 Et
223 2328 261 2365 in
281 2329 353 2365 hoc
373 2330 571 2379 imaginem
593 2330 695 2380 ejus,
714 2331 786 2367 hoc
804 2340 860 2368 cst
880 2331 978 2368 illius
994 2344 1150 2368 summae

157 2387 366 2434 Trinitatis,
383 2389 421 2425 in
443 2389 554 2426 nobis
575 2391 849 2439 cognoscimus.
871 2394 962 2428 Nam
979 2391 1074 2427 sicut
1090 2391 1151 2427 ille

158 2458 234 2492 cst,
252 2456 290 2484 et
309 2449 456 2498 sapiens
476 2458 550 2495 est,
569 2458 606 2486 et
624 2449 749 2486 bonus
765 2459 840 2496 est;
862 2451 912 2487 sic
930 2459 967 2486 ct
992 2464 1061 2487 nos
1081 2464 1150 2500 pro

162 2506 316 2543 modulo
344 2517 474 2545 nostro
494 2518 532 2545 et
560 2522 690 2546 sumus
705 2538 714 2554 ,
737 2519 774 2547 et
795 2523 864 2547 nos
883 2523 964 2547 esse
987 2511 1124 2548 scimus
1139 2540 1149 2556 ,

1219 1857 1355 1893 seritur
1384 1865 1511 1894 autem
1543 1870 1628 1893 cum
1658 1870 1724 1893 cor
1751 1869 1819 1906 per
1844 1869 1978 1906 pravas
2002 1864 2039 1892 et
2065 1854 2214 1891 inutiles

1219 1917 1466 1966 cogitationes
1486 1930 1578 1966 vaga
1600 1925 1726 1953 mente
1746 1917 1934 1953 discurrit.
1951 1915 2095 1953 Idcirco
2110 1915 2214 1951 omni

1219 1976 1471 2015 sollicitudine
1500 1985 1537 2013 et
1562 1975 1733 2013 custodia
1762 1975 1856 2012 illud
1882 1974 2074 2011 custodire
2095 1982 2133 2011 et
2159 1982 2215 2010 te-

1218 2050 1307 2073 nere
1334 2036 1460 2079 debes,
1480 2044 1522 2072 ut
1549 2036 1585 2072 in
1609 2036 1674 2071 illo
1694 2039 1796 2072 Deus
1823 2035 2059 2083 requiescere
2080 2034 2213 2084 possit.

1216 2100 1258 2134 In
1284 2097 1388 2132 omni
1408 2108 1571 2144 namque
1596 2103 1768 2131 creatura
1789 2108 1874 2144 quae
1894 2094 1964 2131 sub
1984 2094 2063 2130 sole
2083 2092 2216 2129 mundi

1218 2154 1446 2192 vanitatibus
1469 2163 1700 2204 occupatur,
1724 2154 1814 2189 nihil
1836 2153 2002 2189 humano
2021 2151 2136 2188 corde
2158 2165 2217 2188 su-

1216 2215 1393 2260 blimius,
1419 2215 1511 2251 nihil
1538 2214 1725 2259 nobilius,
1750 2213 1843 2249 nihil
1868 2216 1950 2249 Deo
1979 2211 2136 2247 similius
2157 2223 2218 2247 re—

1217 2276 1373 2325 peritur.
1393 2278 1636 2324 Quapropter
1662 2273 1755 2309 nihil
1775 2271 1877 2308 aliud
1898 2271 2033 2320 quaerit
2052 2284 2071 2306 a
2094 2279 2129 2307 te
2147 2270 2217 2307 nisi

1217 2347 1281 2370 cor
1302 2342 1420 2370 tuum.
1441 2333 1582 2370 Munda
1601 2345 1692 2382 ergo
1711 2331 1805 2368 illud
1826 2344 1894 2380 per
1913 2343 2046 2381 puram
2067 2330 2218 2367 conses-

1217 2395 1362 2431 sionem
1379 2401 1416 2429 et
1432 2393 1618 2430 assiduam
1638 2392 1863 2434 orationem,
1883 2399 1924 2426 ut
1941 2389 2084 2426 mundo
2103 2390 2217 2426 corde

1219 2458 1339 2491 Deum
1375 2452 1504 2488 videre
1537 2453 1657 2502 possis
1691 2464 1758 2501 per
1792 2450 2008 2487 continuam
2044 2449 2111 2486 Dei
2143 2448 2218 2485 cir-

1218 2512 1553 2562 cumspectionem.
1576 2515 1618 2548 In
1640 2510 1745 2546 omni
1765 2511 1850 2546 loco
1874 2517 1954 2546 esto
1972 2509 2004 2545 ei
2025 2507 2217 2557 subjectus

161 2574 198 2601 et
228 2566 267 2602 id
295 2579 375 2603 esse
403 2577 440 2604 et
466 2581 576 2605 nosse
605 2570 806 2620 diligimus.
829 2574 946 2608 Utere
974 2571 1089 2620 igitur
1118 2580 1152 2607 tc
1169 2574 1201 2608 D
1220 2580 1257 2607 et
1278 2572 1444 2607 intentus
1461 2599 1470 2615 ‚
1491 2579 1528 2607 ct
1551 2583 1739 2619 compone
1768 2581 1892 2604 mores
1919 2576 2024 2611 tuos,
2041 2576 2081 2603 ut
2103 2568 2152 2604 sis
2179 2567 2216 2603 in

161 2626 244 2674 ipso
275 2627 378 2663 velut
403 2628 469 2663 Dei
496 2629 659 2678 templo,
685 2638 842 2678 propter
866 2629 958 2666 illud
987 2629 1091 2679 quod
1115 2630 1153 2666 in

164 2694 198 2721 te
227 2694 284 2721 est
311 2686 429 2722 simile
450 2691 543 2724 Deo.
569 2691 703 2724 Honor
731 2688 915 2738 siquidem
946 2692 1026 2726 Deo
1049 2703 1153 2726 sum-

165 2758 247 2781 mus
273 2754 352 2791 est,
373 2747 478 2783 illum
498 2749 670 2785 venerari
693 2757 730 2785 et
751 2749 900 2785 imitari.
920 2749 1103 2795 Imitari5‚
1124 2750 1153 2786 si

165 2805 248 2853 pius
267 2818 320 2841 es.
340 2807 539 2856 Templum
563 2808 663 2844 enim
683 2817 851 2845 sanctum
868 2817 924 2845 est
946 2812 1027 2846 Deo
1049 2822 1154 2845 mens

165 2865 225 2913 pia
241 2892 250 2908 ,
274 2874 311 2900 et
331 2866 447 2902 altare
473 2867 658 2916 optimum
686 2881 753 2905 cor
776 2868 868 2917 ejus.
889 2869 1106 2915 Veneraris,
1125 2870 1154 2905 si

166 2924 378 2961 misericors
409 2939 467 2970 es,
501 2927 597 2963 sicut
626 2927 706 2977 ipse
739 2928 915 2964 omnibus
946 2928 1157 2964 misericors

166 2991 232 3018 est.
263 2984 391 3021 Hostia
420 2985 604 3035 siquidem
632 2987 872 3037 acceptabilis
898 2996 954 3024 est
973 2990 1053 3024 Deo
1070 3015 1079 3030 ‚
1107 2987 1156 3022 sa-

168 3051 250 3075 cen-e
272 3042 413 3080 bonum
434 3045 611 3083 omnibus
631 3059 701 3096 pro
719 3051 810 3084 Deo.
830 3050 901 3083 Fac
921 3046 1048 3082 omnia
1064 3046 1157 3082 sicut

171 3098 284 3136 Filius
308 3103 393 3146 Dei,
408 3112 450 3139 ut
471 3104 605 3154 dignus
631 3107 681 3143 sis
706 3119 752 3142 eo
775 3105 840 3154 qui
861 3114 896 3141 te
912 3105 1087 3154 dignatus
1103 3113 1158 3141 cst

172 3158 287 3195 [ilium
306 3167 508 3199 vorare.1n
526 3167 702 3202 omnibus
719 3179 810 3201 vcro
827 3178 910 3214 quae
927 3164 1017 3213 agis,
1039 3168 1156 3201 Deum

223 3290 230 3304 ¹
254 3284 366 3316 Mam..
383 3296 458 3320 xxi.
477 3292 517 3318 22
532 3312 539 3324 ,
553 3295 581 3319 cl
604 3292 701 3321 Marc.
722 3302 752 3320 xi
766 3314 773 3326 ,
796 3293 846 3320 22.

1221 2639 1256 2667 tc
1277 2631 1456 2680 placatus.
1478 2629 1597 2677 Dilige
1621 2641 1751 2664 omncs
1769 2627 1964 2671 homines,
1986 2634 2021 2661 ct
2040 2625 2217 2662 omnibus

1221 2698 1256 2726 te
1285 2688 1482 2726 amabilem
1511 2687 1670 2730 exhibe,
1700 2695 1738 2722 ut
1769 2687 1818 2722 sis
1850 2685 2051 2734 pacificus,
2079 2693 2117 2720 et
2148 2685 2216 2721 Dei

1221 2750 1332 2786 silius.
1361 2749 1422 2785 Sic
1449 2749 1522 2784 cris
1552 2746 1676 2783 bonus
1705 2745 1932 2789 monadum,
1951 2753 2123 2788 sanctus,
2146 2744 2217 2780 hu-

1223 2810 1318 2846 milis
1338 2817 1373 2844 ct
1396 2816 1520 2844 rectus
1545 2821 1552 2841 :
1577 2814 1613 2842 et
1640 2818 1725 2841 cum
1748 2805 1830 2841 talis
1859 2804 1997 2848 fueris,
2024 2812 2216 2840 memento

1223 2882 1307 2905 mci.

1277 2928 1340 2964 21.
1374 2930 1436 2962 Vae
1459 2926 1548 2962 mihi
1568 2926 1632 2974 qui
1649 2927 1716 2961 ista
1738 2924 1823 2960 dico
1836 2952 1846 2968 ‚
1864 2932 1901 2959 ct
1918 2923 1985 2959 ista
2003 2936 2078 2958 non
2097 2922 2216 2958 facio:

1223 2994 1259 3022 ct
1287 2987 1315 3021 si
1345 2985 1549 3034 aliquando
1572 2984 1666 3021 facio
1681 3013 1690 3029 ,
1711 2997 1787 3019 non
1817 2982 1882 3019 diu
1904 2995 2119 3031 persevero.
2145 2985 2218 3018 Ista

1224 3045 1344 3080 habco
1371 3045 1406 3080 in
1429 3044 1629 3089 memoria,
1649 3052 1687 3079 et
1713 3056 1789 3079 non
1821 3055 1932 3078 servo
1958 3042 1995 3077 in
2026 3041 2100 3077 vita
2124 3057 2130 3076 :
2155 3042 2218 3077 lm-

1225 3104 1297 3140 beo
1320 3104 1356 3140 in
1379 3102 1639 3148 sermonibus,
1660 3112 1695 3138 ct
1716 3115 1791 3139 non
1814 3103 1851 3138 in
1878 3100 2056 3137 moribus.
2084 3105 2217 3146 Isgem

1225 3164 1262 3199 in
1285 3163 1399 3200 corde
1424 3172 1459 3198 vt
1485 3164 1521 3199 in
1541 3176 1606 3199 ore
1626 3171 1702 3198 tota
1723 3162 1783 3197 die
1811 3161 1960 3197 rumino
1978 3187 1987 3198 ,
2007 3167 2039 3194 ct
2064 3166 2217 3193 eontra-
