<?xml version="1.0" encoding="UTF-8"?>
<!DOCTYPE html PUBLIC "-//W3C//DTD XHTML 1.0 Transitional//EN"
    "http://www.w3.org/TR/xhtml1/DTD/xhtml1-transitional.dtd">
<html xmlns="http://www.w3.org/1999/xhtml" xml:lang="en" lang="en">
 <head>
  <title>
</title>
<meta http-equiv="Content-Type" content="text/html;charset=utf-8" />
  <meta name='ocr-system' content='tesseract 3.04.00' />
  <meta name='ocr-capabilities' content='ocr_page ocr_carea ocr_par ocr_line ocrx_word'/>
</head>
<body>
  <div class='ocr_page' id='page_1' title='image "./operaomniapostho05bern/operaomniapostho05bern_0035.png"; bbox 0 0 2418 3949; ppageno 0'>
   <div class='ocr_carea' id='block_1_1' title="bbox 143 280 2196 326">
    <p class='ocr_par' dir='ltr' id='par_1_1' title="bbox 143 280 2196 326">
     <span class='ocr_line' id='line_1_1' title="bbox 143 280 2196 326; baseline -0.003 -6"><span class='ocrx_word' id='word_1_1' title='bbox 143 285 190 320; x_wconf 82' lang='lat'>57</span> <span class='ocrx_word' id='word_1_2' title='bbox 866 283 915 317; x_wconf 80' lang='lat' dir='ltr'>IN</span> <span class='ocrx_word' id='word_1_3' title='bbox 944 282 1169 326; x_wconf 80' lang='lat' dir='ltr'>CANTICA,</span> <span class='ocrx_word' id='word_1_4' title='bbox 1200 281 1362 318; x_wconf 81' lang='lat' dir='ltr'>SERMO</span> <span class='ocrx_word' id='word_1_5' title='bbox 1389 284 1470 318; x_wconf 83' lang='lat' dir='ltr'>VII.</span> <span class='ocrx_word' id='word_1_6' title='bbox 2147 280 2196 315; x_wconf 76' lang='lat'>58</span> 
     </span>
    </p>
   </div>
   <div class='ocr_carea' id='block_1_2' title="bbox 140 354 2199 466">
    <p class='ocr_par' dir='ltr' id='par_1_2' title="bbox 140 354 2199 466">
     <span class='ocr_line' id='line_1_2' title="bbox 141 354 1179 408; baseline -0.005 -11"><span class='ocrx_word' id='word_1_7' title='bbox 141 360 302 398; x_wconf 89' lang='lat' dir='ltr'>nuntias.</span> <span class='ocrx_word' id='word_1_8' title='bbox 326 359 496 408; x_wconf 85' lang='lat' dir='ltr'>Denique</span> <span class='ocrx_word' id='word_1_9' title='bbox 513 357 616 408; x_wconf 88' lang='lat' dir='ltr'>quod</span> <span class='ocrx_word' id='word_1_10' title='bbox 637 371 713 394; x_wconf 91' lang='lat' dir='ltr'>non</span> <span class='ocrx_word' id='word_1_11' title='bbox 735 367 791 395; x_wconf 90' lang='lat' dir='ltr'>est</span> <span class='ocrx_word' id='word_1_12' title='bbox 806 359 865 394; x_wconf 80' lang='lat' dir='ltr'>vel</span> <span class='ocrx_word' id='word_1_13' title='bbox 885 359 1056 407; x_wconf 89' lang='lat' dir='ltr'>ignotum</span> <span class='ocrx_word' id='word_1_14' title='bbox 1075 356 1133 393; x_wconf 74' lang='lat' dir='ltr'>vel</span> <span class='ocrx_word' id='word_1_15' title='bbox 1151 354 1179 373; x_wconf 71' lang='lat'>²¹</span> 
     </span>
     <span class='ocr_line' id='line_1_3' title="bbox 140 416 2199 466; baseline -0.004 -10"><span class='ocrx_word' id='word_1_16' title='bbox 140 420 334 456; x_wconf 90' lang='lat' dir='ltr'>insolitum</span> <span class='ocrx_word' id='word_1_17' title='bbox 371 417 627 462; x_wconf 82' lang='lat' dir='ltr'>meditationi,</span> <span class='ocrx_word' id='word_1_18' title='bbox 659 430 806 466; x_wconf 90' lang='lat' dir='ltr'>sponsae</span> <span class='ocrx_word' id='word_1_19' title='bbox 839 430 939 454; x_wconf 85' lang='lat' dir='ltr'>nova</span> <span class='ocrx_word' id='word_1_20' title='bbox 972 416 1133 466; x_wconf 84' lang='lat' dir='ltr'>quadam</span> <span class='ocrx_word' id='word_1_21' title='bbox 1154 420 1187 453; x_wconf 88' lang='lat' dir='ltr'>A</span> <span class='ocrx_word' id='word_1_22' title='bbox 1201 432 2199 442; x_wconf 45' lang='lat'>===================================================================</span> 
     </span>
    </p>
   </div>
   <div class='ocr_carea' id='block_1_3' title="bbox 138 474 1137 1116">
    <p class='ocr_par' dir='ltr' id='par_1_3' title="bbox 138 474 1137 1116">
     <span class='ocr_line' id='line_1_4' title="bbox 141 474 1134 528; baseline -0.005 -13"><span class='ocrx_word' id='word_1_23' title='bbox 141 478 259 528; x_wconf 86' lang='lat' dir='ltr'>gratia</span> <span class='ocrx_word' id='word_1_24' title='bbox 285 478 500 514; x_wconf 86' lang='lat' dir='ltr'>dulcescere</span> <span class='ocrx_word' id='word_1_25' title='bbox 528 476 636 512; x_wconf 87' lang='lat' dir='ltr'>solet.</span> <span class='ocrx_word' id='word_1_26' title='bbox 667 479 751 512; x_wconf 79' lang='lat' dir='ltr'>Non</span> <span class='ocrx_word' id='word_1_27' title='bbox 791 475 930 512; x_wconf 82' lang='lat' dir='ltr'>fastidit</span> <span class='ocrx_word' id='word_1_28' title='bbox 961 474 1134 520; x_wconf 87' lang='lat' dir='ltr'>auditus,</span> 
     </span>
     <span class='ocr_line' id='line_1_5' title="bbox 141 534 1136 588; baseline -0.004 -14"><span class='ocrx_word' id='word_1_29' title='bbox 141 538 294 588; x_wconf 89' lang='lat' dir='ltr'>quaudo</span> <span class='ocrx_word' id='word_1_30' title='bbox 314 538 433 573; x_wconf 74' lang='lat' dir='ltr'>fervet</span> <span class='ocrx_word' id='word_1_31' title='bbox 453 535 610 572; x_wconf 90' lang='lat' dir='ltr'>aviditas</span> <span class='ocrx_word' id='word_1_32' title='bbox 629 550 637 571; x_wconf 90' lang='lat'>:</span> <span class='ocrx_word' id='word_1_33' title='bbox 662 543 806 571; x_wconf 87' lang='lat' dir='ltr'>tantum</span> <span class='ocrx_word' id='word_1_34' title='bbox 827 535 874 571; x_wconf 91' lang='lat' dir='ltr'>de</span> <span class='ocrx_word' id='word_1_35' title='bbox 894 547 1035 584; x_wconf 88' lang='lat' dir='ltr'>sponso</span> <span class='ocrx_word' id='word_1_36' title='bbox 1061 534 1136 570; x_wconf 90' lang='lat' dir='ltr'>dis-</span> 
     </span>
     <span class='ocr_line' id='line_1_6' title="bbox 141 594 1135 646; baseline -0.005 -13"><span class='ocrx_word' id='word_1_37' title='bbox 141 605 253 646; x_wconf 88' lang='lat' dir='ltr'>puta,</span> <span class='ocrx_word' id='word_1_38' title='bbox 271 604 308 632; x_wconf 90' lang='lat' dir='ltr'>et</span> <span class='ocrx_word' id='word_1_39' title='bbox 327 609 424 632; x_wconf 81' lang='lat' dir='ltr'>nova</span> <span class='ocrx_word' id='word_1_40' title='bbox 441 594 633 644; x_wconf 81' lang='lat' dir='ltr'><strong>protulisti</strong></span> <span class='ocrx_word' id='word_1_41' title='bbox 646 594 684 630; x_wconf 93' lang='lat' dir='ltr'>in</span> <span class='ocrx_word' id='word_1_42' title='bbox 701 594 855 630; x_wconf 89' lang='lat' dir='ltr'>auribus</span> <span class='ocrx_word' id='word_1_43' title='bbox 871 606 1032 643; x_wconf 88' lang='lat' dir='ltr'>sponsae.</span> <span class='ocrx_word' id='word_1_44' title='bbox 1051 596 1135 629; x_wconf 57' lang='lat' dir='ltr'>Non</span> 
     </span>
     <span class='ocr_line' id='line_1_7' title="bbox 142 652 1134 704; baseline -0.004 -12"><span class='ocrx_word' id='word_1_45' title='bbox 142 655 311 704; x_wconf 79' lang='lat' dir='ltr'>suppetit</span> <span class='ocrx_word' id='word_1_46' title='bbox 327 653 395 690; x_wconf 92' lang='lat' dir='ltr'>tibi</span> <span class='ocrx_word' id='word_1_47' title='bbox 416 653 462 689; x_wconf 90' lang='lat' dir='ltr'>de</span> <span class='ocrx_word' id='word_1_48' title='bbox 490 654 553 689; x_wconf 94' lang='lat' dir='ltr'>illo</span> <span class='ocrx_word' id='word_1_49' title='bbox 574 653 771 689; x_wconf 80' lang='lat' dir='ltr'>excellenti</span> <span class='ocrx_word' id='word_1_50' title='bbox 795 661 833 689; x_wconf 88' lang='lat' dir='ltr'>et</span> <span class='ocrx_word' id='word_1_51' title='bbox 858 652 1057 689; x_wconf 82' lang='lat' dir='ltr'>excedenti</span> <span class='ocrx_word' id='word_1_52' title='bbox 1078 652 1134 687; x_wconf 82' lang='lat' dir='ltr'>vi-</span> 
     </span>
     <span class='ocr_line' id='line_1_8' title="bbox 142 711 1135 762; baseline -0.003 -12"><span class='ocrx_word' id='word_1_53' title='bbox 142 715 258 751; x_wconf 83' lang='lat' dir='ltr'>sionis</span> <span class='ocrx_word' id='word_1_54' title='bbox 278 714 392 750; x_wconf 88' lang='lat' dir='ltr'>modo</span> <span class='ocrx_word' id='word_1_55' title='bbox 424 726 574 762; x_wconf 85' lang='lat' dir='ltr'>semper</span> <span class='ocrx_word' id='word_1_56' title='bbox 604 712 848 761; x_wconf 83' lang='lat' dir='ltr'>respondere.</span> <span class='ocrx_word' id='word_1_57' title='bbox 877 711 1054 749; x_wconf 85' lang='lat' dir='ltr'>Sublimis</span> <span class='ocrx_word' id='word_1_58' title='bbox 1074 712 1135 747; x_wconf 82' lang='lat' dir='ltr'>illa</span> 
     </span>
     <span class='ocr_line' id='line_1_9' title="bbox 142 770 1137 821; baseline -0.004 -11"><span class='ocrx_word' id='word_1_59' title='bbox 142 781 179 810; x_wconf 89' lang='lat' dir='ltr'>et</span> <span class='ocrx_word' id='word_1_60' title='bbox 200 772 346 809; x_wconf 88' lang='lat' dir='ltr'>subtilis</span> <span class='ocrx_word' id='word_1_61' title='bbox 365 780 440 817; x_wconf 90' lang='lat' dir='ltr'>est,</span> <span class='ocrx_word' id='word_1_62' title='bbox 461 779 498 807; x_wconf 87' lang='lat' dir='ltr'>et</span> <span class='ocrx_word' id='word_1_63' title='bbox 515 770 640 807; x_wconf 91' lang='lat' dir='ltr'>subito</span> <span class='ocrx_word' id='word_1_64' title='bbox 658 784 926 821; x_wconf 63' lang='lat' dir='ltr'>praeoccupare</span> <span class='ocrx_word' id='word_1_65' title='bbox 943 771 1039 806; x_wconf 91' lang='lat' dir='ltr'>solet</span> <span class='ocrx_word' id='word_1_66' title='bbox 1054 770 1137 806; x_wconf 88' lang='lat' dir='ltr'>ani-</span> 
     </span>
     <span class='ocr_line' id='line_1_10' title="bbox 141 828 1135 879; baseline -0.002 -13"><span class='ocrx_word' id='word_1_67' title='bbox 141 843 267 876; x_wconf 90' lang='lat' dir='ltr'>mum,</span> <span class='ocrx_word' id='word_1_68' title='bbox 290 842 402 879; x_wconf 89' lang='lat' dir='ltr'>quem</span> <span class='ocrx_word' id='word_1_69' title='bbox 424 828 607 864; x_wconf 89' lang='lat' dir='ltr'>mundum</span> <span class='ocrx_word' id='word_1_70' title='bbox 628 837 664 864; x_wconf 90' lang='lat' dir='ltr'>et</span> <span class='ocrx_word' id='word_1_71' title='bbox 680 837 954 878; x_wconf 82' lang='lat' dir='ltr'>exoccupatum</span> <span class='ocrx_word' id='word_1_72' title='bbox 974 829 1135 864; x_wconf 84' lang='lat' dir='ltr'>invene-</span> 
     </span>
     <span class='ocr_line' id='line_1_11' title="bbox 141 887 1133 938; baseline -0.002 -13"><span class='ocrx_word' id='word_1_73' title='bbox 141 889 201 925; x_wconf 85' lang='lat' dir='ltr'>rit.</span> <span class='ocrx_word' id='word_1_74' title='bbox 228 888 361 926; x_wconf 88' lang='lat' dir='ltr'>Subito</span> <span class='ocrx_word' id='word_1_75' title='bbox 387 896 650 938; x_wconf 87' lang='lat' dir='ltr'>praeoccupat,</span> <span class='ocrx_word' id='word_1_76' title='bbox 673 887 737 924; x_wconf 91' lang='lat' dir='ltr'>sed</span> <span class='ocrx_word' id='word_1_77' title='bbox 762 900 838 924; x_wconf 92' lang='lat' dir='ltr'>non</span> <span class='ocrx_word' id='word_1_78' title='bbox 874 896 1033 937; x_wconf 91' lang='lat' dir='ltr'>occupat</span> <span class='ocrx_word' id='word_1_79' title='bbox 1057 887 1133 923; x_wconf 88' lang='lat' dir='ltr'>diu.</span> 
     </span>
     <span class='ocr_line' id='line_1_12' title="bbox 139 946 1137 991; baseline -0.002 -7"><span class='ocrx_word' id='word_1_80' title='bbox 139 946 299 985; x_wconf 87' lang='lat' dir='ltr'>Subtilia</span> <span class='ocrx_word' id='word_1_81' title='bbox 318 947 387 984; x_wconf 87' lang='lat' dir='ltr'>ista</span> <span class='ocrx_word' id='word_1_82' title='bbox 417 960 493 984; x_wconf 89' lang='lat' dir='ltr'>non</span> <span class='ocrx_word' id='word_1_83' title='bbox 522 946 661 983; x_wconf 89' lang='lat' dir='ltr'>adsunt</span> <span class='ocrx_word' id='word_1_84' title='bbox 686 946 733 982; x_wconf 88' lang='lat' dir='ltr'>ad</span> <span class='ocrx_word' id='word_1_85' title='bbox 753 955 906 991; x_wconf 75' lang='lat' dir='ltr'>votum,</span> <span class='ocrx_word' id='word_1_86' title='bbox 929 946 1053 983; x_wconf 87' lang='lat' dir='ltr'>dulcia</span> <span class='ocrx_word' id='word_1_87' title='bbox 1071 946 1137 983; x_wconf 88' lang='lat' dir='ltr'>de-</span> 
     </span>
     <span class='ocr_line' id='line_1_13' title="bbox 140 1006 1136 1056; baseline 0 -13"><span class='ocrx_word' id='word_1_88' title='bbox 140 1007 244 1044; x_wconf 82' lang='lat' dir='ltr'>ducit</span> <span class='ocrx_word' id='word_1_89' title='bbox 256 1008 294 1043; x_wconf 92' lang='lat' dir='ltr'>in</span> <span class='ocrx_word' id='word_1_90' title='bbox 310 1007 489 1043; x_wconf 87' lang='lat' dir='ltr'>medium.</span> <span class='ocrx_word' id='word_1_91' title='bbox 508 1007 694 1056; x_wconf 88' lang='lat' dir='ltr'>Simplicis</span> <span class='ocrx_word' id='word_1_92' title='bbox 707 1006 793 1042; x_wconf 79' lang='lat' dir='ltr'>fidei</span> <span class='ocrx_word' id='word_1_93' title='bbox 810 1007 972 1056; x_wconf 88' lang='lat' dir='ltr'>capitula</span> <span class='ocrx_word' id='word_1_94' title='bbox 990 1007 1136 1055; x_wconf 82' lang='lat' dir='ltr'>singula</span> 
     </span>
     <span class='ocr_line' id='line_1_14' title="bbox 138 1065 1136 1116; baseline -0.001 -14"><span class='ocrx_word' id='word_1_95' title='bbox 138 1065 304 1115; x_wconf 90' lang='lat' dir='ltr'>quodam</span> <span class='ocrx_word' id='word_1_96' title='bbox 324 1066 426 1103; x_wconf 88' lang='lat' dir='ltr'>dulci</span> <span class='ocrx_word' id='word_1_97' title='bbox 446 1065 713 1116; x_wconf 87' lang='lat' dir='ltr'>disputationis</span> <span class='ocrx_word' id='word_1_98' title='bbox 732 1074 1031 1115; x_wconf 86' lang='lat' dir='ltr'>temperamento</span> <span class='ocrx_word' id='word_1_99' title='bbox 1053 1079 1136 1102; x_wconf 87' lang='lat' dir='ltr'>sua-</span> 
     </span>
    </p>
   </div>
   <div class='ocr_carea' id='block_1_4' title="bbox 1421 536 1920 610">
    <p class='ocr_par' dir='ltr' id='par_1_4' title="bbox 1421 536 1920 610">
     <span class='ocr_line' id='line_1_15' title="bbox 1421 536 1920 610; baseline -0.004 -1"><span class='ocrx_word' id='word_1_100' title='bbox 1421 536 1424 538; x_wconf 77' lang='grc'><strong>’</strong></span> <span class='ocrx_word' id='word_1_101' title='bbox 1477 553 1731 609; x_wconf 85' lang='lat' dir='ltr'><strong>SERMO</strong></span> <span class='ocrx_word' id='word_1_102' title='bbox 1791 554 1920 610; x_wconf 81' lang='lat' dir='ltr'>vu,</span> 
     </span>
    </p>
   </div>
   <div class='ocr_carea' id='block_1_5' title="bbox 1225 690 2177 786">
    <p class='ocr_par' dir='ltr' id='par_1_5' title="bbox 1225 690 2177 786">
     <span class='ocr_line' id='line_1_16' title="bbox 1225 690 2177 736; baseline -0.001 -14"><span class='ocrx_word' id='word_1_103' title='bbox 1225 691 1392 722; x_wconf 78' lang='lat' dir='ltr'>Paululum</span> <span class='ocrx_word' id='word_1_104' title='bbox 1411 703 1478 721; x_wconf 84' lang='lat' dir='ltr'>cum</span> <span class='ocrx_word' id='word_1_105' title='bbox 1491 691 1726 735; x_wconf 77' lang='lat' dir='ltr'>pertransissem</span> <span class='ocrx_word' id='word_1_106' title='bbox 1747 703 1815 728; x_wconf 84' lang='lat' dir='ltr'>eos,</span> <span class='ocrx_word' id='word_1_107' title='bbox 1839 692 1940 723; x_wconf 80' lang='lat' dir='ltr'>inveni</span> <span class='ocrx_word' id='word_1_108' title='bbox 1962 703 2049 736; x_wconf 81' lang='lat' dir='ltr'>quem</span> <span class='ocrx_word' id='word_1_109' title='bbox 2069 690 2177 735; x_wconf 74' lang='lat' dir='ltr'>diligit</span> 
     </span>
     <span class='ocr_line' id='line_1_17' title="bbox 1388 743 2010 786; baseline 0.003 -13"><span class='ocrx_word' id='word_1_110' title='bbox 1388 747 1495 773; x_wconf 78' lang='lat' dir='ltr'>anima</span> <span class='ocrx_word' id='word_1_111' title='bbox 1510 755 1589 775; x_wconf 83' lang='lat' dir='ltr'>mea.</span> <span class='ocrx_word' id='word_1_112' title='bbox 1611 744 1728 775; x_wconf 77' lang='lat' dir='ltr'>Cantic.</span> <span class='ocrx_word' id='word_1_113' title='bbox 1747 754 1816 786; x_wconf 86' lang='lat' dir='ltr'>cap.</span> <span class='ocrx_word' id='word_1_114' title='bbox 1835 756 1875 774; x_wconf 84' lang='lat'>111</span> <span class='ocrx_word' id='word_1_115' title='bbox 1889 769 1897 783; x_wconf 93' lang='lat'>,</span> <span class='ocrx_word' id='word_1_116' title='bbox 1919 743 1957 782; x_wconf 48' lang='grc' dir='ltr'>ᾗ.</span> <span class='ocrx_word' id='word_1_117' title='bbox 1979 748 2010 775; x_wconf 76' lang='lat'>4.</span> 
     </span>
    </p>
   </div>
   <div class='ocr_carea' id='block_1_6' title="bbox 1595 878 1811 893">
    <p class='ocr_par' dir='ltr' id='par_1_6' title="bbox 1595 878 1811 893">
     <span class='ocr_line' id='line_1_18' title="bbox 1595 878 1811 893; baseline -0.005 -2"><span class='ocrx_word' id='word_1_118' title='bbox 1595 878 1811 893; x_wconf 41' lang='lat'>⁴500*—</span> 
     </span>
    </p>
   </div>
   <div class='ocr_carea' id='block_1_7' title="bbox 1202 1003 2203 1114">
    <p class='ocr_par' dir='ltr' id='par_1_7' title="bbox 1202 1003 2203 1114">
     <span class='ocr_line' id='line_1_19' title="bbox 1260 1003 2203 1054; baseline 0.002 -13"><span class='ocrx_word' id='word_1_119' title='bbox 1260 1005 1292 1041; x_wconf 94' lang='lat' dir='ltr'>l.</span> <span class='ocrx_word' id='word_1_120' title='bbox 1312 1003 1484 1054; x_wconf 89' lang='lat' dir='ltr'>Improbi</span> <span class='ocrx_word' id='word_1_121' title='bbox 1504 1012 1698 1040; x_wconf 83' lang='lat' dir='ltr'>exactores</span> <span class='ocrx_word' id='word_1_122' title='bbox 1716 1004 1823 1049; x_wconf 75' lang='lat' dir='ltr'>estis,</span> <span class='ocrx_word' id='word_1_123' title='bbox 1842 1013 1879 1040; x_wconf 92' lang='lat' dir='ltr'>et</span> <span class='ocrx_word' id='word_1_124' title='bbox 1894 1004 2003 1040; x_wconf 87' lang='lat' dir='ltr'>nimis</span> <span class='ocrx_word' id='word_1_125' title='bbox 2017 1005 2203 1043; x_wconf 75' lang='lat' dir='ltr'>instanter</span> 
     </span>
     <span class='ocr_line' id='line_1_20' title="bbox 1202 1063 2201 1114; baseline 0 -14"><span class='ocrx_word' id='word_1_126' title='bbox 1202 1064 1371 1114; x_wconf 88' lang='lat' dir='ltr'>repetitis</span> <span class='ocrx_word' id='word_1_127' title='bbox 1409 1063 1622 1099; x_wconf 79' lang='lat' dir='ltr'>debitorem</span> <span class='ocrx_word' id='word_1_128' title='bbox 1660 1072 1828 1100; x_wconf 65' lang='lat' dir='ltr'>vestrum</span> <span class='ocrx_word' id='word_1_129' title='bbox 1845 1079 1854 1109; x_wconf 77' lang='lat'>3</span> <span class='ocrx_word' id='word_1_130' title='bbox 1890 1063 2044 1112; x_wconf 87' lang='lat' dir='ltr'>dignum</span> <span class='ocrx_word' id='word_1_131' title='bbox 2079 1073 2201 1101; x_wconf 77' lang='lat' dir='ltr'>tamen</span> 
     </span>
    </p>
   </div>
   <div class='ocr_carea' id='block_1_8' title="bbox 137 1122 2201 1175">
    <p class='ocr_par' dir='ltr' id='par_1_8' title="bbox 137 1122 2201 1175">
     <span class='ocr_line' id='line_1_21' title="bbox 137 1122 2201 1175; baseline -0.001 -13"><span class='ocrx_word' id='word_1_132' title='bbox 137 1125 311 1162; x_wconf 85' lang='lat' dir='ltr'>vissimos</span> <span class='ocrx_word' id='word_1_133' title='bbox 333 1125 495 1175; x_wconf 85' lang='lat' dir='ltr'>gignunt</span> <span class='ocrx_word' id='word_1_134' title='bbox 511 1126 550 1161; x_wconf 90' lang='lat' dir='ltr'>in</span> <span class='ocrx_word' id='word_1_135' title='bbox 573 1124 748 1161; x_wconf 90' lang='lat' dir='ltr'>audiente</span> <span class='ocrx_word' id='word_1_136' title='bbox 770 1125 905 1161; x_wconf 90' lang='lat' dir='ltr'>mentis</span> <span class='ocrx_word' id='word_1_137' title='bbox 925 1125 1081 1160; x_wconf 84' lang='lat' dir='ltr'>affectus</span> <span class='ocrx_word' id='word_1_138' title='bbox 1098 1133 1136 1160; x_wconf 86' lang='lat' dir='ltr'>et</span> <span class='ocrx_word' id='word_1_139' title='bbox 1154 1127 1181 1160; x_wconf 87' lang='lat' dir='ltr'>B</span> <span class='ocrx_word' id='word_1_140' title='bbox 1203 1124 1312 1160; x_wconf 81' lang='lat' dir='ltr'>venia</span> <span class='ocrx_word' id='word_1_141' title='bbox 1332 1131 1406 1169; x_wconf 89' lang='lat' dir='ltr'>est,</span> <span class='ocrx_word' id='word_1_142' title='bbox 1435 1123 1645 1159; x_wconf 88' lang='lat' dir='ltr'>dummodo</span> <span class='ocrx_word' id='word_1_143' title='bbox 1670 1122 1773 1171; x_wconf 85' lang='lat' dir='ltr'>justa</span> <span class='ocrx_word' id='word_1_144' title='bbox 1806 1123 2014 1172; x_wconf 86' lang='lat' dir='ltr'>postuletis.</span> <span class='ocrx_word' id='word_1_145' title='bbox 2044 1123 2115 1160; x_wconf 82' lang='lat' dir='ltr'>Sed</span> <span class='ocrx_word' id='word_1_146' title='bbox 2134 1137 2201 1159; x_wconf 59' lang='lat' dir='ltr'>vos</span> 
     </span>
    </p>
   </div>
   <div class='ocr_carea' id='block_1_9' title="bbox 137 1183 1136 1884">
    <p class='ocr_par' dir='ltr' id='par_1_9' title="bbox 137 1183 1136 1884">
     <span class='ocr_line' id='line_1_22' title="bbox 139 1183 1136 1233; baseline -0.001 -12"><span class='ocrx_word' id='word_1_147' title='bbox 139 1197 326 1221; x_wconf 85' lang='lat' dir='ltr'>excessus.</span> <span class='ocrx_word' id='word_1_148' title='bbox 343 1185 511 1221; x_wconf 83' lang='lat' dir='ltr'>Delicata</span> <span class='ocrx_word' id='word_1_149' title='bbox 527 1192 582 1220; x_wconf 90' lang='lat' dir='ltr'>est</span> <span class='ocrx_word' id='word_1_150' title='bbox 596 1197 735 1233; x_wconf 88' lang='lat' dir='ltr'>sponsa</span> <span class='ocrx_word' id='word_1_151' title='bbox 755 1198 762 1219; x_wconf 95' lang='lat'><strong>:</strong></span> <span class='ocrx_word' id='word_1_152' title='bbox 785 1183 909 1220; x_wconf 90' lang='lat' dir='ltr'>dulcia</span> <span class='ocrx_word' id='word_1_153' title='bbox 923 1184 1004 1220; x_wconf 82' lang='lat' dir='ltr'>vult</span> <span class='ocrx_word' id='word_1_154' title='bbox 1019 1184 1136 1233; x_wconf 88' lang='lat' dir='ltr'>magis</span> 
     </span>
     <span class='ocr_line' id='line_1_23' title="bbox 139 1242 1136 1293; baseline -0.002 -13"><span class='ocrx_word' id='word_1_155' title='bbox 139 1256 253 1293; x_wconf 90' lang='lat' dir='ltr'>quam</span> <span class='ocrx_word' id='word_1_156' title='bbox 275 1244 404 1289; x_wconf 87' lang='lat' dir='ltr'>fortia,</span> <span class='ocrx_word' id='word_1_157' title='bbox 428 1243 498 1280; x_wconf 91' lang='lat' dir='ltr'>nisi</span> <span class='ocrx_word' id='word_1_158' title='bbox 521 1243 626 1292; x_wconf 91' lang='lat' dir='ltr'>quod</span> <span class='ocrx_word' id='word_1_159' title='bbox 646 1243 773 1279; x_wconf 87' lang='lat' dir='ltr'>omnia</span> <span class='ocrx_word' id='word_1_160' title='bbox 792 1250 919 1291; x_wconf 89' lang='lat' dir='ltr'>potest</span> <span class='ocrx_word' id='word_1_161' title='bbox 938 1243 977 1278; x_wconf 91' lang='lat' dir='ltr'>in</span> <span class='ocrx_word' id='word_1_162' title='bbox 998 1255 1043 1278; x_wconf 93' lang='lat' dir='ltr'>eo</span> <span class='ocrx_word' id='word_1_163' title='bbox 1069 1242 1136 1292; x_wconf 90' lang='lat' dir='ltr'>qui</span> 
     </span>
     <span class='ocr_line' id='line_1_24' title="bbox 139 1301 1136 1351; baseline -0.002 -12"><span class='ocrx_word' id='word_1_164' title='bbox 139 1315 220 1339; x_wconf 85' lang='lat' dir='ltr'>eam</span> <span class='ocrx_word' id='word_1_165' title='bbox 247 1303 436 1339; x_wconf 81' lang='lat' dir='ltr'>confortat</span> <span class='ocrx_word' id='word_1_166' title='bbox 461 1315 634 1351; x_wconf 87' lang='lat' dir='ltr'>sponsus.</span> <span class='ocrx_word' id='word_1_167' title='bbox 659 1305 820 1338; x_wconf 75' lang='lat' dir='ltr'>Nam-ent</span> <span class='ocrx_word' id='word_1_168' title='bbox 849 1301 910 1338; x_wconf 91' lang='lat' dir='ltr'>alii</span> <span class='ocrx_word' id='word_1_169' title='bbox 940 1301 1136 1338; x_wconf 85' lang='lat' dir='ltr'>fabulatio-</span> 
     </span>
     <span class='ocr_line' id='line_1_25' title="bbox 138 1360 1135 1406; baseline -0.001 -8"><span class='ocrx_word' id='word_1_170' title='bbox 138 1374 230 1406; x_wconf 91' lang='lat' dir='ltr'>nes,</span> <span class='ocrx_word' id='word_1_171' title='bbox 249 1362 526 1398; x_wconf 86' lang='lat' dir='ltr'>controversias</span> <span class='ocrx_word' id='word_1_172' title='bbox 548 1360 789 1397; x_wconf 81' lang='lat' dir='ltr'>meditentur.</span> <span class='ocrx_word' id='word_1_173' title='bbox 816 1363 866 1398; x_wconf 92' lang='lat' dir='ltr'>Os</span> <span class='ocrx_word' id='word_1_174' title='bbox 887 1369 992 1397; x_wconf 90' lang='lat' dir='ltr'>tuum</span> <span class='ocrx_word' id='word_1_175' title='bbox 1014 1360 1135 1397; x_wconf 89' lang='lat' dir='ltr'>medi-</span> 
     </span>
     <span class='ocr_line' id='line_1_26' title="bbox 139 1418 1133 1469; baseline -0.002 -13"><span class='ocrx_word' id='word_1_176' title='bbox 139 1427 241 1456; x_wconf 84' lang='lat' dir='ltr'>tetur</span> <span class='ocrx_word' id='word_1_177' title='bbox 264 1420 509 1469; x_wconf 85' lang='lat' dir='ltr'>sapientiam,</span> <span class='ocrx_word' id='word_1_178' title='bbox 539 1427 577 1456; x_wconf 90' lang='lat' dir='ltr'>et</span> <span class='ocrx_word' id='word_1_179' title='bbox 601 1419 730 1468; x_wconf 84' lang='lat' dir='ltr'>lingua</span> <span class='ocrx_word' id='word_1_180' title='bbox 762 1419 939 1467; x_wconf 89' lang='lat' dir='ltr'>loquatur</span> <span class='ocrx_word' id='word_1_181' title='bbox 963 1418 1133 1463; x_wconf 79' lang='lat' dir='ltr'>delicias,</span> 
     </span>
     <span class='ocr_line' id='line_1_27' title="bbox 138 1477 1136 1528; baseline -0.003 -13"><span class='ocrx_word' id='word_1_182' title='bbox 138 1479 204 1528; x_wconf 88' lang='lat' dir='ltr'>qui</span> <span class='ocrx_word' id='word_1_183' title='bbox 224 1492 374 1528; x_wconf 86' lang='lat' dir='ltr'>sponsae</span> <span class='ocrx_word' id='word_1_184' title='bbox 401 1478 580 1528; x_wconf 89' lang='lat' dir='ltr'>loqueris.</span> <span class='ocrx_word' id='word_1_185' title='bbox 602 1481 695 1515; x_wconf 70' lang='lat' dir='ltr'>Nam</span> <span class='ocrx_word' id='word_1_186' title='bbox 723 1485 761 1513; x_wconf 82' lang='lat' dir='ltr'>et</span> <span class='ocrx_word' id='word_1_187' title='bbox 779 1477 842 1513; x_wconf 91' lang='lat' dir='ltr'>illa</span> <span class='ocrx_word' id='word_1_188' title='bbox 862 1477 952 1513; x_wconf 90' lang='lat' dir='ltr'>tales</span> <span class='ocrx_word' id='word_1_189' title='bbox 971 1477 1053 1513; x_wconf 74' lang='lat' dir='ltr'>vult</span> <span class='ocrx_word' id='word_1_190' title='bbox 1071 1477 1136 1525; x_wconf 91' lang='lat' dir='ltr'>qui</span> 
     </span>
     <span class='ocr_line' id='line_1_28' title="bbox 139 1535 1136 1575; baseline -0.003 0"><span class='ocrx_word' id='word_1_191' title='bbox 139 1538 187 1575; x_wconf 88' lang='lat' dir='ltr'>de</span> <span class='ocrx_word' id='word_1_192' title='bbox 211 1538 348 1575; x_wconf 86' lang='lat' dir='ltr'>dilecto</span> <span class='ocrx_word' id='word_1_193' title='bbox 366 1546 521 1575; x_wconf 86' lang='lat' dir='ltr'>narrent</span> <span class='ocrx_word' id='word_1_194' title='bbox 548 1546 585 1574; x_wconf 90' lang='lat' dir='ltr'>et</span> <span class='ocrx_word' id='word_1_195' title='bbox 607 1537 795 1574; x_wconf 90' lang='lat' dir='ltr'>nuntient.</span> <span class='ocrx_word' id='word_1_196' title='bbox 823 1535 939 1573; x_wconf 88' lang='lat' dir='ltr'>Labia</span> <span class='ocrx_word' id='word_1_197' title='bbox 959 1536 1136 1573; x_wconf 85' lang='lat' dir='ltr'>sacerdo-</span> 
     </span>
     <span class='ocr_line' id='line_1_29' title="bbox 139 1596 1135 1645; baseline -0.003 -10"><span class='ocrx_word' id='word_1_198' title='bbox 139 1606 218 1635; x_wconf 84' lang='lat' dir='ltr'>tum</span> <span class='ocrx_word' id='word_1_199' title='bbox 251 1599 443 1635; x_wconf 88' lang='lat' dir='ltr'>custodire</span> <span class='ocrx_word' id='word_1_200' title='bbox 474 1597 614 1634; x_wconf 92' lang='lat' dir='ltr'>debent</span> <span class='ocrx_word' id='word_1_201' title='bbox 645 1597 838 1634; x_wconf 90' lang='lat' dir='ltr'>scientiam</span> <span class='ocrx_word' id='word_1_202' title='bbox 867 1612 874 1633; x_wconf 91' lang='lat'>:</span> <span class='ocrx_word' id='word_1_203' title='bbox 900 1596 985 1632; x_wconf 88' lang='lat' dir='ltr'>ideo</span> <span class='ocrx_word' id='word_1_204' title='bbox 1015 1597 1135 1645; x_wconf 83' lang='lat' dir='ltr'>legem</span> 
     </span>
     <span class='ocr_line' id='line_1_30' title="bbox 137 1655 1135 1706; baseline -0.001 -14"><span class='ocrx_word' id='word_1_205' title='bbox 137 1657 296 1706; x_wconf 88' lang='lat' dir='ltr'>requirit</span> <span class='ocrx_word' id='word_1_206' title='bbox 314 1670 360 1694; x_wconf 87' lang='lat' dir='ltr'>ex</span> <span class='ocrx_word' id='word_1_207' title='bbox 381 1669 447 1693; x_wconf 88' lang='lat' dir='ltr'>ore</span> <span class='ocrx_word' id='word_1_208' title='bbox 466 1670 599 1693; x_wconf 88' lang='lat' dir='ltr'>eorum</span> <span class='ocrx_word' id='word_1_209' title='bbox 615 1663 640 1701; x_wconf 90' lang='lat'>¹,</span> <span class='ocrx_word' id='word_1_210' title='bbox 664 1656 781 1705; x_wconf 85' lang='lat' dir='ltr'>legem</span> <span class='ocrx_word' id='word_1_211' title='bbox 798 1655 952 1692; x_wconf 67' lang='lat' dir='ltr'>ridendi</span> <span class='ocrx_word' id='word_1_212' title='bbox 971 1663 1008 1692; x_wconf 90' lang='lat' dir='ltr'>ct</span> <span class='ocrx_word' id='word_1_213' title='bbox 1025 1655 1135 1691; x_wconf 74' lang='lat' dir='ltr'>inve-</span> 
     </span>
     <span class='ocr_line' id='line_1_31' title="bbox 137 1716 1134 1763; baseline -0.003 -10"><span class='ocrx_word' id='word_1_214' title='bbox 137 1716 265 1753; x_wconf 86' lang='lat' dir='ltr'>niendi</span> <span class='ocrx_word' id='word_1_215' title='bbox 282 1716 472 1753; x_wconf 89' lang='lat' dir='ltr'>dilectum.</span> <span class='ocrx_word' id='word_1_216' title='bbox 495 1717 593 1751; x_wconf 79' lang='lat' dir='ltr'>Num</span> <span class='ocrx_word' id='word_1_217' title='bbox 615 1728 723 1762; x_wconf 83' lang='lat' dir='ltr'>quem</span> <span class='ocrx_word' id='word_1_218' title='bbox 750 1716 873 1763; x_wconf 75' lang='lat' dir='ltr'>diligit</span> <span class='ocrx_word' id='word_1_219' title='bbox 895 1718 1027 1749; x_wconf 78' lang='lat' dir='ltr'>anima</span> <span class='ocrx_word' id='word_1_220' title='bbox 1049 1728 1134 1750; x_wconf 80' lang='lat' dir='ltr'>mea</span> 
     </span>
     <span class='ocr_line' id='line_1_32' title="bbox 137 1774 1133 1823; baseline -0.002 -11"><span class='ocrx_word' id='word_1_221' title='bbox 137 1777 316 1812; x_wconf 72' lang='lat' dir='ltr'>vidistis?</span> <span class='ocrx_word' id='word_1_222' title='bbox 334 1779 390 1813; x_wconf 85' lang='lat' dir='ltr'>De</span> <span class='ocrx_word' id='word_1_223' title='bbox 405 1776 552 1812; x_wconf 80' lang='lat' dir='ltr'>visione</span> <span class='ocrx_word' id='word_1_224' title='bbox 576 1775 727 1810; x_wconf 88' lang='lat' dir='ltr'>illorum</span> <span class='ocrx_word' id='word_1_225' title='bbox 749 1787 786 1811; x_wconf 85' lang='lat' dir='ltr'>se</span> <span class='ocrx_word' id='word_1_226' title='bbox 807 1774 971 1810; x_wconf 79' lang='lat' dir='ltr'>visuram</span> <span class='ocrx_word' id='word_1_227' title='bbox 988 1787 1133 1823; x_wconf 84' lang='lat' dir='ltr'>praesu-</span> 
     </span>
     <span class='ocr_line' id='line_1_33' title="bbox 138 1833 1134 1884; baseline -0.003 -12"><span class='ocrx_word' id='word_1_228' title='bbox 138 1835 206 1872; x_wconf 88' lang='lat' dir='ltr'>mit</span> <span class='ocrx_word' id='word_1_229' title='bbox 228 1850 237 1872; x_wconf 72' lang='grc' dir='ltr'>ε</span> <span class='ocrx_word' id='word_1_230' title='bbox 258 1834 345 1872; x_wconf 88' lang='lat' dir='ltr'>ideo</span> <span class='ocrx_word' id='word_1_231' title='bbox 362 1834 560 1884; x_wconf 81' lang='lat' dir='ltr'>diligenter</span> <span class='ocrx_word' id='word_1_232' title='bbox 581 1834 781 1884; x_wconf 85' lang='lat' dir='ltr'>investigat</span> <span class='ocrx_word' id='word_1_233' title='bbox 800 1833 999 1870; x_wconf 89' lang='lat' dir='ltr'>custodum</span> <span class='ocrx_word' id='word_1_234' title='bbox 1017 1834 1134 1870; x_wconf 86' lang='lat' dir='ltr'>visio-</span> 
     </span>
    </p>
   </div>
   <div class='ocr_carea' id='block_1_10' title="bbox 1200 1182 2203 1883">
    <p class='ocr_par' dir='ltr' id='par_1_10' title="bbox 1200 1182 2203 1883">
     <span class='ocr_line' id='line_1_34' title="bbox 1202 1182 2198 1233; baseline -0.002 -14"><span class='ocrx_word' id='word_1_235' title='bbox 1202 1183 1350 1233; x_wconf 83' lang='lat' dir='ltr'>exigitis</span> <span class='ocrx_word' id='word_1_236' title='bbox 1378 1191 1420 1218; x_wconf 89' lang='lat' dir='ltr'>ut</span> <span class='ocrx_word' id='word_1_237' title='bbox 1451 1183 1592 1219; x_wconf 72' lang='lat' dir='ltr'>solvam</span> <span class='ocrx_word' id='word_1_238' title='bbox 1622 1182 1669 1219; x_wconf 89' lang='lat' dir='ltr'>ad</span> <span class='ocrx_word' id='word_1_239' title='bbox 1691 1183 1795 1231; x_wconf 88' lang='lat' dir='ltr'>quod</span> <span class='ocrx_word' id='word_1_240' title='bbox 1825 1196 1903 1219; x_wconf 91' lang='lat' dir='ltr'>non</span> <span class='ocrx_word' id='word_1_241' title='bbox 1937 1195 1996 1218; x_wconf 89' lang='lat' dir='ltr'>me</span> <span class='ocrx_word' id='word_1_242' title='bbox 2025 1182 2198 1230; x_wconf 69' lang='lat' dir='ltr'>obligavi.</span> 
     </span>
     <span class='ocr_line' id='line_1_35' title="bbox 1200 1241 2201 1292; baseline -0.002 -14"><span class='ocrx_word' id='word_1_243' title='bbox 1200 1246 1443 1278; x_wconf 89' lang='lat' dir='ltr'>Tractaturus</span> <span class='ocrx_word' id='word_1_244' title='bbox 1468 1255 1570 1278; x_wconf 86' lang='lat' dir='ltr'>eram</span> <span class='ocrx_word' id='word_1_245' title='bbox 1600 1242 1646 1278; x_wconf 89' lang='lat' dir='ltr'>de</span> <span class='ocrx_word' id='word_1_246' title='bbox 1670 1243 1827 1278; x_wconf 89' lang='lat' dir='ltr'>transitu</span> <span class='ocrx_word' id='word_1_247' title='bbox 1854 1255 2016 1292; x_wconf 87' lang='lat' dir='ltr'>sponsae.</span> <span class='ocrx_word' id='word_1_248' title='bbox 2049 1241 2107 1278; x_wconf 82' lang='lat' dir='ltr'>Ad</span> <span class='ocrx_word' id='word_1_249' title='bbox 2128 1242 2201 1277; x_wconf 85' lang='lat' dir='ltr'>hoc.</span> 
     </span>
     <span class='ocr_line' id='line_1_36' title="bbox 1200 1301 2200 1350; baseline -0.002 -13"><span class='ocrx_word' id='word_1_250' title='bbox 1200 1302 1300 1338; x_wconf 90' lang='lat' dir='ltr'>enim</span> <span class='ocrx_word' id='word_1_251' title='bbox 1337 1310 1374 1337; x_wconf 88' lang='lat' dir='ltr'>et</span> <span class='ocrx_word' id='word_1_252' title='bbox 1402 1301 1544 1338; x_wconf 84' lang='lat' dir='ltr'>ordinis</span> <span class='ocrx_word' id='word_1_253' title='bbox 1579 1309 1616 1337; x_wconf 89' lang='lat' dir='ltr'>et</span> <span class='ocrx_word' id='word_1_254' title='bbox 1648 1301 1864 1350; x_wconf 84' lang='lat' dir='ltr'>sponsionis</span> <span class='ocrx_word' id='word_1_255' title='bbox 1892 1309 2030 1337; x_wconf 81' lang='lat' dir='ltr'>nostrae</span> <span class='ocrx_word' id='word_1_256' title='bbox 2056 1301 2200 1336; x_wconf 84' lang='lat' dir='ltr'>ratione</span> 
     </span>
     <span class='ocr_line' id='line_1_37' title="bbox 1203 1359 2199 1408; baseline -0.002 -12"><span class='ocrx_word' id='word_1_257' title='bbox 1203 1368 1347 1406; x_wconf 88' lang='lat' dir='ltr'>teneor,</span> <span class='ocrx_word' id='word_1_258' title='bbox 1374 1368 1411 1396; x_wconf 85' lang='lat' dir='ltr'>et</span> <span class='ocrx_word' id='word_1_259' title='bbox 1442 1373 1511 1396; x_wconf 71' lang='lat' dir='ltr'>vos</span> <span class='ocrx_word' id='word_1_260' title='bbox 1539 1359 1660 1396; x_wconf 89' lang='lat' dir='ltr'>adhuc</span> <span class='ocrx_word' id='word_1_261' title='bbox 1687 1360 1777 1396; x_wconf 81' lang='lat' dir='ltr'>mihi</span> <span class='ocrx_word' id='word_1_262' title='bbox 1804 1360 1972 1408; x_wconf 86' lang='lat' dir='ltr'>ingeritis</span> <span class='ocrx_word' id='word_1_263' title='bbox 1998 1359 2092 1395; x_wconf 88' lang='lat' dir='ltr'>illud</span> <span class='ocrx_word' id='word_1_264' title='bbox 2115 1372 2199 1395; x_wconf 84' lang='lat' dir='ltr'>cum</span> 
     </span>
     <span class='ocr_line' id='line_1_38' title="bbox 1202 1417 2200 1468; baseline -0.002 -13"><span class='ocrx_word' id='word_1_265' title='bbox 1202 1431 1341 1468; x_wconf 85' lang='lat' dir='ltr'>sponsa</span> <span class='ocrx_word' id='word_1_266' title='bbox 1356 1433 1363 1454; x_wconf 76' lang='grc' dir='ltr'>ε</span> <span class='ocrx_word' id='word_1_267' title='bbox 1383 1421 1480 1455; x_wconf 73' lang='lat' dir='ltr'>Num</span> <span class='ocrx_word' id='word_1_268' title='bbox 1497 1432 1603 1466; x_wconf 73' lang='lat' dir='ltr'>quem</span> <span class='ocrx_word' id='word_1_269' title='bbox 1619 1421 1744 1467; x_wconf 59' lang='lat' dir='ltr'>diligit</span> <span class='ocrx_word' id='word_1_270' title='bbox 1757 1424 1888 1454; x_wconf 75' lang='lat' dir='ltr'>anima</span> <span class='ocrx_word' id='word_1_271' title='bbox 1905 1432 1989 1453; x_wconf 81' lang='lat' dir='ltr'>mea</span> <span class='ocrx_word' id='word_1_272' title='bbox 2004 1421 2150 1454; x_wconf 74' lang='lat' dir='ltr'>vidistis</span> <span class='ocrx_word' id='word_1_273' title='bbox 2161 1417 2200 1453; x_wconf 75' lang='lat'>3?</span> 
     </span>
     <span class='ocr_line' id='line_1_39' title="bbox 1203 1477 2202 1526; baseline -0.002 -12"><span class='ocrx_word' id='word_1_274' title='bbox 1203 1477 1275 1515; x_wconf 90' lang='lat' dir='ltr'>Sed</span> <span class='ocrx_word' id='word_1_275' title='bbox 1309 1478 1372 1514; x_wconf 88' lang='lat' dir='ltr'>illa</span> <span class='ocrx_word' id='word_1_276' title='bbox 1404 1477 1610 1514; x_wconf 81' lang='lat' dir='ltr'>modestius</span> <span class='ocrx_word' id='word_1_277' title='bbox 1644 1478 1981 1526; x_wconf 78' lang='lat' dir='ltr'>interrogationem</span> <span class='ocrx_word' id='word_1_278' title='bbox 2016 1485 2202 1526; x_wconf 82' lang='lat' dir='ltr'>temperat</span> 
     </span>
     <span class='ocr_line' id='line_1_40' title="bbox 1203 1535 2200 1585; baseline 0 -13"><span class='ocrx_word' id='word_1_279' title='bbox 1203 1535 1405 1585; x_wconf 82' lang='lat' dir='ltr'>ambigenti</span> <span class='ocrx_word' id='word_1_280' title='bbox 1423 1537 1554 1573; x_wconf 90' lang='lat' dir='ltr'>similis</span> <span class='ocrx_word' id='word_1_281' title='bbox 1567 1565 1576 1582; x_wconf 92' lang='lat'>,</span> <span class='ocrx_word' id='word_1_282' title='bbox 1595 1549 1767 1585; x_wconf 76' lang='lat' dir='ltr'>quaerens</span> <span class='ocrx_word' id='word_1_283' title='bbox 1784 1536 1901 1585; x_wconf 81' lang='lat' dir='ltr'>magis</span> <span class='ocrx_word' id='word_1_284' title='bbox 1918 1549 2030 1584; x_wconf 84' lang='lat' dir='ltr'>quam</span> <span class='ocrx_word' id='word_1_285' title='bbox 2049 1548 2200 1584; x_wconf 82' lang='lat' dir='ltr'>urgens.</span> 
     </span>
     <span class='ocr_line' id='line_1_41' title="bbox 1201 1595 2201 1645; baseline -0.001 -13"><span class='ocrx_word' id='word_1_286' title='bbox 1201 1597 1316 1633; x_wconf 68' lang='lat' dir='ltr'>Novit</span> <span class='ocrx_word' id='word_1_287' title='bbox 1333 1597 1434 1633; x_wconf 91' lang='lat' dir='ltr'>enim</span> <span class='ocrx_word' id='word_1_288' title='bbox 1455 1609 1523 1632; x_wconf 90' lang='lat' dir='ltr'>nec</span> <span class='ocrx_word' id='word_1_289' title='bbox 1537 1595 1715 1632; x_wconf 88' lang='lat' dir='ltr'>omnibus</span> <span class='ocrx_word' id='word_1_290' title='bbox 1728 1625 1736 1641; x_wconf 95' lang='lat'>,</span> <span class='ocrx_word' id='word_1_291' title='bbox 1757 1609 1825 1632; x_wconf 87' lang='lat' dir='ltr'>nec</span> <span class='ocrx_word' id='word_1_292' title='bbox 1844 1597 1948 1632; x_wconf 92' lang='lat' dir='ltr'>omni</span> <span class='ocrx_word' id='word_1_293' title='bbox 1967 1604 2137 1645; x_wconf 88' lang='lat' dir='ltr'>tempore</span> <span class='ocrx_word' id='word_1_294' title='bbox 2155 1595 2201 1631; x_wconf 90' lang='lat' dir='ltr'>de</span> 
     </span>
     <span class='ocr_line' id='line_1_42' title="bbox 1201 1654 2202 1704; baseline -0.001 -13"><span class='ocrx_word' id='word_1_295' title='bbox 1201 1655 1269 1692; x_wconf 89' lang='lat' dir='ltr'>hac</span> <span class='ocrx_word' id='word_1_296' title='bbox 1287 1656 1432 1693; x_wconf 73' lang='lat' dir='ltr'>visione</span> <span class='ocrx_word' id='word_1_297' title='bbox 1449 1655 1577 1692; x_wconf 81' lang='lat' dir='ltr'>adesse</span> <span class='ocrx_word' id='word_1_298' title='bbox 1595 1669 1823 1692; x_wconf 86' lang='lat' dir='ltr'>sermonem.</span> <span class='ocrx_word' id='word_1_299' title='bbox 1840 1659 1891 1692; x_wconf 79' lang='lat' dir='ltr'>Ex</span> <span class='ocrx_word' id='word_1_300' title='bbox 1909 1668 1986 1704; x_wconf 86' lang='lat' dir='ltr'>quo</span> <span class='ocrx_word' id='word_1_301' title='bbox 2004 1656 2103 1691; x_wconf 89' lang='lat' dir='ltr'>enim</span> <span class='ocrx_word' id='word_1_302' title='bbox 2121 1654 2202 1691; x_wconf 84' lang='lat' dir='ltr'>abs-</span> 
     </span>
     <span class='ocr_line' id='line_1_43' title="bbox 1201 1714 2203 1763; baseline -0.002 -12"><span class='ocrx_word' id='word_1_303' title='bbox 1201 1715 1331 1751; x_wconf 89' lang='lat' dir='ltr'>condit</span> <span class='ocrx_word' id='word_1_304' title='bbox 1348 1716 1495 1751; x_wconf 72' lang='lat' dir='ltr'>vultum</span> <span class='ocrx_word' id='word_1_305' title='bbox 1525 1728 1654 1760; x_wconf 89' lang='lat' dir='ltr'>suum,</span> <span class='ocrx_word' id='word_1_306' title='bbox 1680 1716 1764 1763; x_wconf 87' lang='lat' dir='ltr'>quis</span> <span class='ocrx_word' id='word_1_307' title='bbox 1792 1723 1848 1751; x_wconf 88' lang='lat' dir='ltr'>est</span> <span class='ocrx_word' id='word_1_308' title='bbox 1873 1715 1938 1763; x_wconf 88' lang='lat' dir='ltr'>qui</span> <span class='ocrx_word' id='word_1_309' title='bbox 1965 1714 2203 1763; x_wconf 83' lang='lat' dir='ltr'>contemple-</span> 
     </span>
     <span class='ocr_line' id='line_1_44' title="bbox 1203 1772 2202 1823; baseline -0.002 -13"><span class='ocrx_word' id='word_1_310' title='bbox 1203 1783 1262 1810; x_wconf 89' lang='lat' dir='ltr'>tur</span> <span class='ocrx_word' id='word_1_311' title='bbox 1282 1776 1393 1811; x_wconf 79' lang='lat' dir='ltr'>eum?</span> <span class='ocrx_word' id='word_1_312' title='bbox 1411 1778 1485 1811; x_wconf 78' lang='lat' dir='ltr'>Vos</span> <span class='ocrx_word' id='word_1_313' title='bbox 1503 1782 1625 1810; x_wconf 90' lang='lat' dir='ltr'>autem</span> <span class='ocrx_word' id='word_1_314' title='bbox 1642 1774 1782 1823; x_wconf 82' lang='lat' dir='ltr'>urgetis</span> <span class='ocrx_word' id='word_1_315' title='bbox 1801 1787 1859 1810; x_wconf 88' lang='lat' dir='ltr'>me</span> <span class='ocrx_word' id='word_1_316' title='bbox 1872 1803 1881 1820; x_wconf 88' lang='lat'>,</span> <span class='ocrx_word' id='word_1_317' title='bbox 1904 1782 1946 1810; x_wconf 90' lang='lat' dir='ltr'>ut</span> <span class='ocrx_word' id='word_1_318' title='bbox 1959 1775 2078 1822; x_wconf 78' lang='lat' dir='ltr'>legem</span> <span class='ocrx_word' id='word_1_319' title='bbox 2094 1772 2202 1809; x_wconf 75' lang='lat' dir='ltr'>vobis</span> 
     </span>
     <span class='ocr_line' id='line_1_45' title="bbox 1200 1832 2200 1883; baseline -0.001 -14"><span class='ocrx_word' id='word_1_320' title='bbox 1200 1847 1339 1883; x_wconf 89' lang='lat' dir='ltr'>ponam</span> <span class='ocrx_word' id='word_1_321' title='bbox 1364 1832 1648 1883; x_wconf 80' lang='lat' dir='ltr'>contemplandi</span> <span class='ocrx_word' id='word_1_322' title='bbox 1668 1833 1845 1869; x_wconf 89' lang='lat' dir='ltr'>dilectum</span> <span class='ocrx_word' id='word_1_323' title='bbox 1864 1863 1873 1878; x_wconf 93' lang='lat'>,</span> <span class='ocrx_word' id='word_1_324' title='bbox 1905 1841 1943 1869; x_wconf 89' lang='lat' dir='ltr'>et</span> <span class='ocrx_word' id='word_1_325' title='bbox 1966 1833 2200 1882; x_wconf 82' lang='lat' dir='ltr'>disciplinam</span> 
     </span>
    </p>
   </div>
   <div class='ocr_carea' id='block_1_11' title="bbox 138 1892 2204 1944">
    <p class='ocr_par' dir='ltr' id='par_1_11' title="bbox 138 1892 2204 1944">
     <span class='ocr_line' id='line_1_46' title="bbox 138 1892 2204 1944; baseline -0.002 -12"><span class='ocrx_word' id='word_1_326' title='bbox 138 1908 245 1940; x_wconf 87' lang='lat' dir='ltr'>nem,</span> <span class='ocrx_word' id='word_1_327' title='bbox 263 1907 395 1932; x_wconf 87' lang='lat' dir='ltr'>eorum</span> <span class='ocrx_word' id='word_1_328' title='bbox 417 1907 573 1944; x_wconf 85' lang='lat' dir='ltr'>sperans</span> <span class='ocrx_word' id='word_1_329' title='bbox 592 1894 759 1943; x_wconf 87' lang='lat' dir='ltr'>alloquio</span> <span class='ocrx_word' id='word_1_330' title='bbox 779 1894 837 1930; x_wconf 74' lang='lat' dir='ltr'>vel</span> <span class='ocrx_word' id='word_1_331' title='bbox 868 1894 906 1929; x_wconf 92' lang='lat' dir='ltr'>in</span> <span class='ocrx_word' id='word_1_332' title='bbox 935 1894 1138 1930; x_wconf 87' lang='lat' dir='ltr'>secretiora</span> <span class='ocrx_word' id='word_1_333' title='bbox 1157 1898 1184 1931; x_wconf 87' lang='lat' dir='ltr'>C</span> <span class='ocrx_word' id='word_1_334' title='bbox 1204 1893 1436 1929; x_wconf 77' lang='lat' dir='ltr'>inventionis</span> <span class='ocrx_word' id='word_1_335' title='bbox 1453 1892 1564 1941; x_wconf 88' lang='lat' dir='ltr'>hujus</span> <span class='ocrx_word' id='word_1_336' title='bbox 1579 1902 1614 1928; x_wconf 89' lang='lat' dir='ltr'>et</span> <span class='ocrx_word' id='word_1_337' title='bbox 1630 1893 1784 1929; x_wconf 81' lang='lat' dir='ltr'>visionis</span> <span class='ocrx_word' id='word_1_338' title='bbox 1803 1893 1958 1929; x_wconf 86' lang='lat' dir='ltr'>tradam.</span> <span class='ocrx_word' id='word_1_339' title='bbox 1978 1892 2074 1939; x_wconf 80' lang='lat' dir='ltr'>Quid</span> <span class='ocrx_word' id='word_1_340' title='bbox 2091 1894 2204 1941; x_wconf 76' lang='lat' dir='ltr'>ergo?</span> 
     </span>
    </p>
   </div>
   <div class='ocr_carea' id='block_1_12' title="bbox 133 1951 1138 2653">
    <p class='ocr_par' dir='ltr' id='par_1_12' title="bbox 133 1951 1138 2653">
     <span class='ocr_line' id='line_1_47' title="bbox 138 1951 1138 1998; baseline -0.002 -9"><span class='ocrx_word' id='word_1_341' title='bbox 138 1952 287 1998; x_wconf 86' lang='lat' dir='ltr'>reduci,</span> <span class='ocrx_word' id='word_1_342' title='bbox 306 1952 366 1988; x_wconf 70' lang='lat' dir='ltr'>vel</span> <span class='ocrx_word' id='word_1_343' title='bbox 384 1951 617 1989; x_wconf 90' lang='lat' dir='ltr'>dulcioribus</span> <span class='ocrx_word' id='word_1_344' title='bbox 632 1952 740 1987; x_wconf 81' lang='lat' dir='ltr'>affici.</span> <span class='ocrx_word' id='word_1_345' title='bbox 757 1951 800 1988; x_wconf 93' lang='lat' dir='ltr'>Id</span> <span class='ocrx_word' id='word_1_346' title='bbox 817 1951 918 1987; x_wconf 90' lang='lat' dir='ltr'>enim</span> <span class='ocrx_word' id='word_1_347' title='bbox 935 1960 990 1987; x_wconf 84' lang='lat' dir='ltr'>est</span> <span class='ocrx_word' id='word_1_348' title='bbox 1008 1951 1138 1987; x_wconf 83' lang='lat' dir='ltr'>videre</span> 
     </span>
     <span class='ocr_line' id='line_1_48' title="bbox 138 2012 1136 2062; baseline -0.002 -13"><span class='ocrx_word' id='word_1_349' title='bbox 138 2026 250 2062; x_wconf 87' lang='lat' dir='ltr'>quem</span> <span class='ocrx_word' id='word_1_350' title='bbox 272 2013 413 2062; x_wconf 80' lang='lat' dir='ltr'>diligit,</span> <span class='ocrx_word' id='word_1_351' title='bbox 442 2012 511 2049; x_wconf 91' lang='lat' dir='ltr'>Dei</span> <span class='ocrx_word' id='word_1_352' title='bbox 531 2012 752 2061; x_wconf 87' lang='lat' dir='ltr'>sapientiam</span> <span class='ocrx_word' id='word_1_353' title='bbox 773 2020 810 2047; x_wconf 89' lang='lat' dir='ltr'>et</span> <span class='ocrx_word' id='word_1_354' title='bbox 833 2012 1011 2047; x_wconf 82' lang='lat' dir='ltr'>virtutem</span> <span class='ocrx_word' id='word_1_355' title='bbox 1043 2024 1136 2060; x_wconf 92' lang='lat' dir='ltr'>pro-</span> 
     </span>
     <span class='ocr_line' id='line_1_49' title="bbox 137 2070 1134 2121; baseline -0.002 -14"><span class='ocrx_word' id='word_1_356' title='bbox 137 2084 258 2121; x_wconf 89' lang='lat' dir='ltr'>penso</span> <span class='ocrx_word' id='word_1_357' title='bbox 289 2071 423 2107; x_wconf 80' lang='lat' dir='ltr'>affectu</span> <span class='ocrx_word' id='word_1_358' title='bbox 452 2079 489 2107; x_wconf 88' lang='lat' dir='ltr'>et</span> <span class='ocrx_word' id='word_1_359' title='bbox 519 2083 614 2120; x_wconf 87' lang='lat' dir='ltr'>pura</span> <span class='ocrx_word' id='word_1_360' title='bbox 642 2070 842 2119; x_wconf 86' lang='lat' dir='ltr'>concipere</span> <span class='ocrx_word' id='word_1_361' title='bbox 872 2078 1011 2106; x_wconf 88' lang='lat' dir='ltr'>mente.</span> <span class='ocrx_word' id='word_1_362' title='bbox 1035 2074 1134 2106; x_wconf 85' lang='lat' dir='ltr'>Bene</span> 
     </span>
     <span class='ocr_line' id='line_1_50' title="bbox 138 2129 1136 2178; baseline -0.003 -12"><span class='ocrx_word' id='word_1_363' title='bbox 138 2130 244 2166; x_wconf 91' lang='lat' dir='ltr'>illum</span> <span class='ocrx_word' id='word_1_364' title='bbox 265 2130 472 2178; x_wconf 89' lang='lat' dir='ltr'>conspicit,</span> <span class='ocrx_word' id='word_1_365' title='bbox 504 2130 568 2178; x_wconf 92' lang='lat' dir='ltr'>qui</span> <span class='ocrx_word' id='word_1_366' title='bbox 589 2130 661 2165; x_wconf 90' lang='lat' dir='ltr'>hoc</span> <span class='ocrx_word' id='word_1_367' title='bbox 681 2138 843 2178; x_wconf 85' lang='lat' dir='ltr'>utroque</span> <span class='ocrx_word' id='word_1_368' title='bbox 869 2129 1033 2178; x_wconf 86' lang='lat' dir='ltr'>concipit</span> <span class='ocrx_word' id='word_1_369' title='bbox 1054 2142 1136 2164; x_wconf 84' lang='lat' dir='ltr'>mo-</span> 
     </span>
     <span class='ocr_line' id='line_1_51' title="bbox 139 2188 1132 2239; baseline -0.002 -14"><span class='ocrx_word' id='word_1_370' title='bbox 139 2189 208 2235; x_wconf 84' lang='lat' dir='ltr'>do,</span> <span class='ocrx_word' id='word_1_371' title='bbox 229 2202 324 2239; x_wconf 89' lang='lat' dir='ltr'>pure</span> <span class='ocrx_word' id='word_1_372' title='bbox 347 2201 524 2233; x_wconf 89' lang='lat' dir='ltr'>cernens,</span> <span class='ocrx_word' id='word_1_373' title='bbox 551 2197 589 2224; x_wconf 89' lang='lat' dir='ltr'>et</span> <span class='ocrx_word' id='word_1_374' title='bbox 608 2189 669 2238; x_wconf 91' lang='lat' dir='ltr'>pie</span> <span class='ocrx_word' id='word_1_375' title='bbox 689 2188 866 2224; x_wconf 81' lang='lat' dir='ltr'>sentiens.</span> <span class='ocrx_word' id='word_1_376' title='bbox 894 2188 1012 2224; x_wconf 91' lang='lat' dir='ltr'>Dulce</span> <span class='ocrx_word' id='word_1_377' title='bbox 1040 2195 1132 2236; x_wconf 90' lang='lat' dir='ltr'>puto</span> 
     </span>
     <span class='ocr_line' id='line_1_52' title="bbox 139 2246 1133 2296; baseline -0.004 -11"><span class='ocrx_word' id='word_1_378' title='bbox 139 2248 373 2294; x_wconf 85' lang='lat' dir='ltr'>susurrium,</span> <span class='ocrx_word' id='word_1_379' title='bbox 404 2247 507 2296; x_wconf 90' lang='lat' dir='ltr'>quod</span> <span class='ocrx_word' id='word_1_380' title='bbox 540 2247 641 2282; x_wconf 87' lang='lat' dir='ltr'>inter</span> <span class='ocrx_word' id='word_1_381' title='bbox 673 2259 851 2296; x_wconf 87' lang='lat' dir='ltr'>sponsam</span> <span class='ocrx_word' id='word_1_382' title='bbox 883 2246 1133 2294; x_wconf 82' lang='lat' dir='ltr'>custodesque</span> 
     </span>
     <span class='ocr_line' id='line_1_53' title="bbox 137 2305 1131 2355; baseline -0.005 -11"><span class='ocrx_word' id='word_1_383' title='bbox 137 2307 298 2344; x_wconf 82' lang='lat' dir='ltr'>vertitur</span> <span class='ocrx_word' id='word_1_384' title='bbox 319 2314 382 2343; x_wconf 86' lang='lat' dir='ltr'>:et</span> <span class='ocrx_word' id='word_1_385' title='bbox 414 2314 516 2355; x_wconf 76' lang='lat' dir='ltr'>grata</span> <span class='ocrx_word' id='word_1_386' title='bbox 550 2306 722 2349; x_wconf 87' lang='lat' dir='ltr'>collatio,</span> <span class='ocrx_word' id='word_1_387' title='bbox 751 2305 779 2341; x_wconf 90' lang='lat' dir='ltr'>si</span> <span class='ocrx_word' id='word_1_388' title='bbox 811 2314 933 2341; x_wconf 87' lang='lat' dir='ltr'>tamen</span> <span class='ocrx_word' id='word_1_389' title='bbox 967 2305 1131 2340; x_wconf 85' lang='lat' dir='ltr'>collatio.</span> 
     </span>
     <span class='ocr_line' id='line_1_54' title="bbox 139 2365 1132 2414; baseline -0.004 -11"><span class='ocrx_word' id='word_1_390' title='bbox 139 2366 248 2403; x_wconf 86' lang='lat' dir='ltr'>Nulla</span> <span class='ocrx_word' id='word_1_391' title='bbox 270 2366 369 2402; x_wconf 92' lang='lat' dir='ltr'>enim</span> <span class='ocrx_word' id='word_1_392' title='bbox 400 2365 551 2401; x_wconf 86' lang='lat' dir='ltr'>illorum</span> <span class='ocrx_word' id='word_1_393' title='bbox 578 2365 637 2400; x_wconf 90' lang='lat' dir='ltr'>hic</span> <span class='ocrx_word' id='word_1_394' title='bbox 663 2365 859 2414; x_wconf 86' lang='lat' dir='ltr'>responsio</span> <span class='ocrx_word' id='word_1_395' title='bbox 889 2372 1132 2400; x_wconf 86' lang='lat' dir='ltr'>memoratur.</span> 
     </span>
     <span class='ocr_line' id='line_1_55' title="bbox 139 2423 1135 2472; baseline -0.003 -10"><span class='ocrx_word' id='word_1_396' title='bbox 139 2427 289 2462; x_wconf 81' lang='lat' dir='ltr'>Secreta</span> <span class='ocrx_word' id='word_1_397' title='bbox 309 2424 419 2461; x_wconf 86' lang='lat' dir='ltr'>valde</span> <span class='ocrx_word' id='word_1_398' title='bbox 440 2432 517 2468; x_wconf 89' lang='lat' dir='ltr'>est,</span> <span class='ocrx_word' id='word_1_399' title='bbox 540 2424 567 2459; x_wconf 91' lang='lat' dir='ltr'>si</span> <span class='ocrx_word' id='word_1_400' title='bbox 588 2437 662 2472; x_wconf 86' lang='lat' dir='ltr'>qua</span> <span class='ocrx_word' id='word_1_401' title='bbox 682 2432 759 2469; x_wconf 90' lang='lat' dir='ltr'>cst,</span> <span class='ocrx_word' id='word_1_402' title='bbox 779 2436 891 2472; x_wconf 84' lang='lat' dir='ltr'>quam</span> <span class='ocrx_word' id='word_1_403' title='bbox 910 2423 986 2459; x_wconf 87' lang='lat' dir='ltr'>alto</span> <span class='ocrx_word' id='word_1_404' title='bbox 1010 2431 1135 2471; x_wconf 83' lang='lat' dir='ltr'>tegen-</span> 
     </span>
     <span class='ocr_line' id='line_1_56' title="bbox 141 2482 1130 2534; baseline -0.002 -14"><span class='ocrx_word' id='word_1_405' title='bbox 141 2484 226 2520; x_wconf 86' lang='lat' dir='ltr'>dam</span> <span class='ocrx_word' id='word_1_406' title='bbox 258 2492 367 2534; x_wconf 86' lang='lat' dir='ltr'>putat</span> <span class='ocrx_word' id='word_1_407' title='bbox 397 2483 560 2519; x_wconf 86' lang='lat' dir='ltr'>silentio.</span> <span class='ocrx_word' id='word_1_408' title='bbox 593 2486 786 2520; x_wconf 83' lang='lat' dir='ltr'>Secretum</span> <span class='ocrx_word' id='word_1_409' title='bbox 819 2482 889 2519; x_wconf 89' lang='lat' dir='ltr'>sibi</span> <span class='ocrx_word' id='word_1_410' title='bbox 918 2496 924 2518; x_wconf 94' lang='lat'><strong>:</strong></span> <span class='ocrx_word' id='word_1_411' title='bbox 949 2491 1130 2519; x_wconf 89' lang='lat' dir='ltr'>secretum</span> 
     </span>
     <span class='ocr_line' id='line_1_57' title="bbox 139 2541 1134 2591; baseline -0.003 -11"><span class='ocrx_word' id='word_1_412' title='bbox 139 2557 248 2580; x_wconf 89' lang='lat' dir='ltr'>suum</span> <span class='ocrx_word' id='word_1_413' title='bbox 269 2542 339 2580; x_wconf 87' lang='lat' dir='ltr'>sibi</span> <span class='ocrx_word' id='word_1_414' title='bbox 353 2548 378 2578; x_wconf 89' lang='lat'>².</span> <span class='ocrx_word' id='word_1_415' title='bbox 400 2545 476 2579; x_wconf 82' lang='lat' dir='ltr'>Nec</span> <span class='ocrx_word' id='word_1_416' title='bbox 492 2541 673 2578; x_wconf 89' lang='lat' dir='ltr'>audemus</span> <span class='ocrx_word' id='word_1_417' title='bbox 694 2542 752 2578; x_wconf 83' lang='lat' dir='ltr'>hic</span> <span class='ocrx_word' id='word_1_418' title='bbox 773 2541 913 2591; x_wconf 84' lang='lat' dir='ltr'>aliquid</span> <span class='ocrx_word' id='word_1_419' title='bbox 935 2541 1023 2577; x_wconf 91' lang='lat' dir='ltr'>inde</span> <span class='ocrx_word' id='word_1_420' title='bbox 1044 2554 1134 2577; x_wconf 92' lang='lat' dir='ltr'>con-</span> 
     </span>
     <span class='ocr_line' id='line_1_58' title="bbox 133 2602 1134 2653; baseline -0.003 -14"><span class='ocrx_word' id='word_1_421' title='bbox 133 2603 252 2653; x_wconf 86' lang='lat' dir='ltr'>jicere</span> <span class='ocrx_word' id='word_1_422' title='bbox 268 2602 371 2652; x_wconf 88' lang='lat' dir='ltr'>quod</span> <span class='ocrx_word' id='word_1_423' title='bbox 393 2615 532 2652; x_wconf 84' lang='lat' dir='ltr'>sponsa</span> <span class='ocrx_word' id='word_1_424' title='bbox 546 2602 692 2638; x_wconf 79' lang='lat' dir='ltr'>curavit</span> <span class='ocrx_word' id='word_1_425' title='bbox 709 2602 876 2638; x_wconf 86' lang='lat' dir='ltr'>reticere.</span> <span class='ocrx_word' id='word_1_426' title='bbox 895 2604 988 2638; x_wconf 90' lang='lat' dir='ltr'>Cum</span> <span class='ocrx_word' id='word_1_427' title='bbox 1004 2614 1134 2637; x_wconf 88' lang='lat' dir='ltr'>eorum</span> 
     </span>
    </p>
   </div>
   <div class='ocr_carea' id='block_1_13' title="bbox 1199 1951 2207 2647">
    <p class='ocr_par' dir='ltr' id='par_1_13' title="bbox 1199 1951 2207 2647">
     <span class='ocr_line' id='line_1_59' title="bbox 1206 1951 2201 2000; baseline -0.001 -13"><span class='ocrx_word' id='word_1_428' title='bbox 1206 1952 1320 1987; x_wconf 74' lang='lat' dir='ltr'>vultis</span> <span class='ocrx_word' id='word_1_429' title='bbox 1347 1960 1388 1987; x_wconf 91' lang='lat' dir='ltr'>ut</span> <span class='ocrx_word' id='word_1_430' title='bbox 1414 1951 1580 1987; x_wconf 89' lang='lat' dir='ltr'>muneris</span> <span class='ocrx_word' id='word_1_431' title='bbox 1602 1951 1719 1986; x_wconf 80' lang='lat' dir='ltr'>divini</span> <span class='ocrx_word' id='word_1_432' title='bbox 1741 1951 1947 2000; x_wconf 84' lang='lat' dir='ltr'>largitatem</span> <span class='ocrx_word' id='word_1_433' title='bbox 1980 1951 2201 1986; x_wconf 76' lang='lat' dir='ltr'>conchulam</span> 
     </span>
     <span class='ocr_line' id='line_1_60' title="bbox 1204 2010 2202 2059; baseline -0.001 -13"><span class='ocrx_word' id='word_1_434' title='bbox 1204 2010 1273 2046; x_wconf 90' lang='lat' dir='ltr'>sub</span> <span class='ocrx_word' id='word_1_435' title='bbox 1292 2011 1442 2059; x_wconf 77' lang='lat' dir='ltr'>regula?</span> <span class='ocrx_word' id='word_1_436' title='bbox 1465 2011 1567 2046; x_wconf 73' lang='lat' dir='ltr'>Visio</span> <span class='ocrx_word' id='word_1_437' title='bbox 1595 2010 1672 2045; x_wconf 81' lang='lat' dir='ltr'>liaec</span> <span class='ocrx_word' id='word_1_438' title='bbox 1701 2023 1776 2046; x_wconf 92' lang='lat' dir='ltr'>non</span> <span class='ocrx_word' id='word_1_439' title='bbox 1808 2019 1864 2046; x_wconf 91' lang='lat' dir='ltr'>cst</span> <span class='ocrx_word' id='word_1_440' title='bbox 1890 2010 2104 2053; x_wconf 64' lang='lat' dir='ltr'>industriw,</span> <span class='ocrx_word' id='word_1_441' title='bbox 2137 2010 2202 2045; x_wconf 82' lang='lat' dir='ltr'>scd</span> 
     </span>
     <span class='ocr_line' id='line_1_61' title="bbox 1202 2069 2202 2117; baseline -0.002 -11"><span class='ocrx_word' id='word_1_442' title='bbox 1202 2070 1330 2117; x_wconf 75' lang='lat' dir='ltr'>gratiae</span> <span class='ocrx_word' id='word_1_443' title='bbox 1349 2084 1356 2105; x_wconf 75' lang='grc' dir='ltr'><strong><em>ε</em></strong></span> <span class='ocrx_word' id='word_1_444' title='bbox 1375 2069 1615 2105; x_wconf 73' lang='lat' dir='ltr'>revelationis</span> <span class='ocrx_word' id='word_1_445' title='bbox 1635 2076 1689 2104; x_wconf 84' lang='lat' dir='ltr'>est</span> <span class='ocrx_word' id='word_1_446' title='bbox 1705 2097 1713 2112; x_wconf 94' lang='lat'>‚</span> <span class='ocrx_word' id='word_1_447' title='bbox 1736 2081 1811 2104; x_wconf 91' lang='lat' dir='ltr'>non</span> <span class='ocrx_word' id='word_1_448' title='bbox 1830 2069 2143 2116; x_wconf 75' lang='lat' dir='ltr'>investigationis.</span> <span class='ocrx_word' id='word_1_449' title='bbox 2165 2069 2202 2104; x_wconf 89' lang='lat' dir='ltr'>Si</span> 
     </span>
     <span class='ocr_line' id='line_1_62' title="bbox 1203 2127 2202 2177; baseline 0 -13"><span class='ocrx_word' id='word_1_450' title='bbox 1203 2128 1294 2177; x_wconf 84' lang='lat' dir='ltr'>quid</span> <span class='ocrx_word' id='word_1_451' title='bbox 1317 2137 1439 2164; x_wconf 86' lang='lat' dir='ltr'>tamen</span> <span class='ocrx_word' id='word_1_452' title='bbox 1462 2127 1602 2164; x_wconf 79' lang='lat' dir='ltr'>adhaec</span> <span class='ocrx_word' id='word_1_453' title='bbox 1623 2136 1749 2176; x_wconf 88' lang='lat' dir='ltr'>potest</span> <span class='ocrx_word' id='word_1_454' title='bbox 1769 2127 1955 2163; x_wconf 87' lang='lat' dir='ltr'>industria</span> <span class='ocrx_word' id='word_1_455' title='bbox 1981 2128 2202 2176; x_wconf 81' lang='lat' dir='ltr'>cooperari,</span> 
     </span>
     <span class='ocr_line' id='line_1_63' title="bbox 1200 2187 2200 2237; baseline -0.002 -13"><span class='ocrx_word' id='word_1_456' title='bbox 1200 2188 1293 2224; x_wconf 88' lang='lat' dir='ltr'>illud</span> <span class='ocrx_word' id='word_1_457' title='bbox 1327 2189 1489 2237; x_wconf 89' lang='lat' dir='ltr'>primum</span> <span class='ocrx_word' id='word_1_458' title='bbox 1519 2187 1715 2223; x_wconf 79' lang='lat' dir='ltr'>observate</span> <span class='ocrx_word' id='word_1_459' title='bbox 1744 2188 1847 2236; x_wconf 90' lang='lat' dir='ltr'>quod</span> <span class='ocrx_word' id='word_1_460' title='bbox 1879 2187 2055 2223; x_wconf 84' lang='lat' dir='ltr'>scribitur</span> <span class='ocrx_word' id='word_1_461' title='bbox 2087 2202 2094 2223; x_wconf 84' lang='lat' dir='ltr'>z</span> <span class='ocrx_word' id='word_1_462' title='bbox 2128 2191 2200 2222; x_wconf 82' lang='lat' dir='ltr'>Lu-</span> 
     </span>
     <span class='ocr_line' id='line_1_64' title="bbox 1199 2246 2203 2291; baseline -0.002 -8"><span class='ocrx_word' id='word_1_463' title='bbox 1199 2253 1356 2290; x_wconf 60' lang='lat' dir='ltr'>nummi,</span> <span class='ocrx_word' id='word_1_464' title='bbox 1381 2249 1512 2282; x_wconf 74' lang='lat' dir='ltr'>mnndi</span> <span class='ocrx_word' id='word_1_465' title='bbox 1549 2246 1694 2288; x_wconf 37' lang='lat' dir='ltr'>estote-⁵.</span> <span class='ocrx_word' id='word_1_466' title='bbox 1731 2246 1925 2291; x_wconf 85' lang='lat' dir='ltr'>Secundo,</span> <span class='ocrx_word' id='word_1_467' title='bbox 1956 2256 1996 2282; x_wconf 85' lang='lat' dir='ltr'>ut</span> <span class='ocrx_word' id='word_1_468' title='bbox 2034 2246 2203 2282; x_wconf 78' lang='lat' dir='ltr'>scribatis</span> 
     </span>
     <span class='ocr_line' id='line_1_65' title="bbox 1200 2305 2206 2355; baseline -0.002 -13"><span class='ocrx_word' id='word_1_469' title='bbox 1200 2307 1421 2355; x_wconf 84' lang='lat' dir='ltr'>sapientiam</span> <span class='ocrx_word' id='word_1_470' title='bbox 1456 2314 1626 2354; x_wconf 85' lang='lat' dir='ltr'>tempore</span> <span class='ocrx_word' id='word_1_471' title='bbox 1661 2305 1738 2341; x_wconf 91' lang='lat' dir='ltr'>otii.</span> <span class='ocrx_word' id='word_1_472' title='bbox 1765 2306 1835 2352; x_wconf 91' lang='lat' dir='ltr'>Qui</span> <span class='ocrx_word' id='word_1_473' title='bbox 1865 2305 1965 2340; x_wconf 90' lang='lat' dir='ltr'>enim</span> <span class='ocrx_word' id='word_1_474' title='bbox 1995 2305 2206 2340; x_wconf 83' lang='lat' dir='ltr'>minoratur</span> 
     </span>
     <span class='ocr_line' id='line_1_66' title="bbox 1199 2363 2207 2415; baseline -0.002 -13"><span class='ocrx_word' id='word_1_475' title='bbox 1199 2375 1281 2402; x_wconf 85' lang='lat' dir='ltr'>actu</span> <span class='ocrx_word' id='word_1_476' title='bbox 1298 2395 1307 2411; x_wconf 89' lang='lat'>,</span> <span class='ocrx_word' id='word_1_477' title='bbox 1329 2365 1483 2415; x_wconf 88' lang='lat' dir='ltr'>recipiet</span> <span class='ocrx_word' id='word_1_478' title='bbox 1502 2378 1582 2400; x_wconf 88' lang='lat' dir='ltr'>eam</span> <span class='ocrx_word' id='word_1_479' title='bbox 1596 2363 1621 2400; x_wconf 78' lang='lat'>⁵.</span> <span class='ocrx_word' id='word_1_480' title='bbox 1641 2365 1768 2400; x_wconf 81' lang='lat' dir='ltr'>&#39;l&#39;ertio</span> <span class='ocrx_word' id='word_1_481' title='bbox 1782 2393 1791 2409; x_wconf 92' lang='lat'>,</span> <span class='ocrx_word' id='word_1_482' title='bbox 1807 2373 1848 2400; x_wconf 89' lang='lat' dir='ltr'>ut</span> <span class='ocrx_word' id='word_1_483' title='bbox 1875 2365 2030 2400; x_wconf 65' lang='lat' dir='ltr'>violenti</span> <span class='ocrx_word' id='word_1_484' title='bbox 2057 2366 2152 2409; x_wconf 73' lang='lat' dir='ltr'>sitis,</span> <span class='ocrx_word' id='word_1_485' title='bbox 2171 2374 2207 2401; x_wconf 87' lang='lat' dir='ltr'>et</span> 
     </span>
     <span class='ocr_line' id='line_1_67' title="bbox 1201 2423 2204 2474; baseline 0 -13"><span class='ocrx_word' id='word_1_486' title='bbox 1201 2425 1376 2474; x_wconf 79' lang='lat' dir='ltr'>gaudium</span> <span class='ocrx_word' id='word_1_487' title='bbox 1399 2425 1502 2472; x_wconf 76' lang='lat' dir='ltr'>regni</span> <span class='ocrx_word' id='word_1_488' title='bbox 1518 2453 1527 2469; x_wconf 91' lang='lat'>,</span> <span class='ocrx_word' id='word_1_489' title='bbox 1555 2423 1658 2472; x_wconf 84' lang='lat' dir='ltr'>quod</span> <span class='ocrx_word' id='word_1_490' title='bbox 1681 2423 1791 2460; x_wconf 68' lang='lat' dir='ltr'>vobis</span> <span class='ocrx_word' id='word_1_491' title='bbox 1813 2423 1953 2460; x_wconf 90' lang='lat' dir='ltr'>diutius</span> <span class='ocrx_word' id='word_1_492' title='bbox 1983 2423 2204 2473; x_wconf 83' lang='lat' dir='ltr'>subripitur.</span> 
     </span>
     <span class='ocr_line' id='line_1_68' title="bbox 1201 2482 2202 2533; baseline -0.002 -14"><span class='ocrx_word' id='word_1_493' title='bbox 1201 2484 1424 2533; x_wconf 72' lang='lat' dir='ltr'>prceripiatis</span> <span class='ocrx_word' id='word_1_494' title='bbox 1440 2482 1455 2504; x_wconf 76' lang='lat'>⁶</span> <span class='ocrx_word' id='word_1_495' title='bbox 1477 2497 1485 2518; x_wconf 91' lang='lat'>:</span> <span class='ocrx_word' id='word_1_496' title='bbox 1507 2482 1545 2518; x_wconf 92' lang='lat' dir='ltr'>id</span> <span class='ocrx_word' id='word_1_497' title='bbox 1565 2490 1620 2518; x_wconf 84' lang='lat' dir='ltr'>est</span> <span class='ocrx_word' id='word_1_498' title='bbox 1649 2491 1690 2518; x_wconf 88' lang='lat' dir='ltr'>ut</span> <span class='ocrx_word' id='word_1_499' title='bbox 1711 2482 1877 2518; x_wconf 83' lang='lat' dir='ltr'>babeatis</span> <span class='ocrx_word' id='word_1_500' title='bbox 1897 2496 1962 2518; x_wconf 90' lang='lat' dir='ltr'>cor</span> <span class='ocrx_word' id='word_1_501' title='bbox 1983 2491 2180 2531; x_wconf 70' lang='lat' dir='ltr'>purgatum</span> <span class='ocrx_word' id='word_1_502' title='bbox 2194 2510 2202 2522; x_wconf 76' lang='grc'>,</span> 
     </span>
     <span class='ocr_line' id='line_1_69' title="bbox 1201 2541 2203 2592; baseline -0.002 -13"><span class='ocrx_word' id='word_1_503' title='bbox 1201 2551 1389 2592; x_wconf 85' lang='lat' dir='ltr'>paratum,</span> <span class='ocrx_word' id='word_1_504' title='bbox 1411 2541 1641 2591; x_wconf 91' lang='lat' dir='ltr'>improbum.</span> <span class='ocrx_word' id='word_1_505' title='bbox 1659 2545 1701 2577; x_wconf 92' lang='lat' dir='ltr'>In</span> <span class='ocrx_word' id='word_1_506' title='bbox 1721 2542 1846 2590; x_wconf 85' lang='lat' dir='ltr'>primo</span> <span class='ocrx_word' id='word_1_507' title='bbox 1858 2542 2031 2577; x_wconf 76' lang='lat' dir='ltr'>efficieris</span> <span class='ocrx_word' id='word_1_508' title='bbox 2048 2542 2203 2591; x_wconf 73' lang='lat' dir='ltr'>dignus:</span> 
     </span>
     <span class='ocr_line' id='line_1_70' title="bbox 1204 2601 2203 2647; baseline -0.003 -9"><span class='ocrx_word' id='word_1_509' title='bbox 1204 2603 1240 2638; x_wconf 90' lang='lat' dir='ltr'>in</span> <span class='ocrx_word' id='word_1_510' title='bbox 1264 2602 1452 2645; x_wconf 83' lang='lat' dir='ltr'>secundo,</span> <span class='ocrx_word' id='word_1_511' title='bbox 1470 2601 1653 2647; x_wconf 66' lang='lat' dir='ltr'>devotus;</span> <span class='ocrx_word' id='word_1_512' title='bbox 1675 2601 1711 2636; x_wconf 88' lang='lat' dir='ltr'>in</span> <span class='ocrx_word' id='word_1_513' title='bbox 1732 2601 1863 2646; x_wconf 90' lang='lat' dir='ltr'>tertio,</span> <span class='ocrx_word' id='word_1_514' title='bbox 1880 2601 2081 2636; x_wconf 63' lang='lat' dir='ltr'>vehemens</span> <span class='ocrx_word' id='word_1_515' title='bbox 2105 2617 2111 2636; x_wconf 92' lang='lat'>:</span> <span class='ocrx_word' id='word_1_516' title='bbox 2132 2601 2203 2636; x_wconf 84' lang='lat' dir='ltr'>hoe</span> 
     </span>
    </p>
   </div>
   <div class='ocr_carea' id='block_1_14' title="bbox 138 2659 2202 2710">
    <p class='ocr_par' dir='ltr' id='par_1_14' title="bbox 138 2659 2202 2710">
     <span class='ocr_line' id='line_1_71' title="bbox 138 2659 2202 2710; baseline -0.001 -12"><span class='ocrx_word' id='word_1_517' title='bbox 138 2662 288 2699; x_wconf 90' lang='lat' dir='ltr'>silentio</span> <span class='ocrx_word' id='word_1_518' title='bbox 307 2661 524 2698; x_wconf 81' lang='lat' dir='ltr'>claudamus</span> <span class='ocrx_word' id='word_1_519' title='bbox 541 2674 641 2697; x_wconf 90' lang='lat' dir='ltr'>nunc</span> <span class='ocrx_word' id='word_1_520' title='bbox 661 2674 898 2706; x_wconf 87' lang='lat' dir='ltr'>sermonem,</span> <span class='ocrx_word' id='word_1_521' title='bbox 923 2673 1137 2710; x_wconf 82' lang='lat' dir='ltr'>prorogan-</span> <span class='ocrx_word' id='word_1_522' title='bbox 1156 2670 1188 2703; x_wconf 92' lang='lat' dir='ltr'>D</span> <span class='ocrx_word' id='word_1_523' title='bbox 1205 2670 1282 2705; x_wconf 87' lang='lat' dir='ltr'>est,</span> <span class='ocrx_word' id='word_1_524' title='bbox 1313 2661 1493 2705; x_wconf 88' lang='lat' dir='ltr'>idoneus,</span> <span class='ocrx_word' id='word_1_525' title='bbox 1515 2659 1651 2696; x_wconf 70' lang='lat' dir='ltr'>obvius</span> <span class='ocrx_word' id='word_1_526' title='bbox 1665 2689 1674 2706; x_wconf 91' lang='lat'>‚</span> <span class='ocrx_word' id='word_1_527' title='bbox 1704 2673 1852 2709; x_wconf 83' lang='lat' dir='ltr'>urgens.</span> <span class='ocrx_word' id='word_1_528' title='bbox 1885 2660 2049 2696; x_wconf 74' lang='lat' dir='ltr'>Idoneus</span> <span class='ocrx_word' id='word_1_529' title='bbox 2074 2661 2202 2709; x_wconf 69' lang='lat' dir='ltr'>gratia‘.</span> 
     </span>
    </p>
   </div>
   <div class='ocr_carea' id='block_1_15' title="bbox 139 2719 1141 2889">
    <p class='ocr_par' dir='ltr' id='par_1_15' title="bbox 139 2719 1141 2889">
     <span class='ocr_line' id='line_1_72' title="bbox 140 2719 1139 2770; baseline -0.002 -13"><span class='ocrx_word' id='word_1_530' title='bbox 140 2730 195 2757; x_wconf 82' lang='lat' dir='ltr'>tes</span> <span class='ocrx_word' id='word_1_531' title='bbox 216 2721 253 2757; x_wconf 89' lang='lat' dir='ltr'>in</span> <span class='ocrx_word' id='word_1_532' title='bbox 277 2721 479 2757; x_wconf 87' lang='lat' dir='ltr'>crastinum</span> <span class='ocrx_word' id='word_1_533' title='bbox 502 2733 651 2770; x_wconf 86' lang='lat' dir='ltr'>sponsae</span> <span class='ocrx_word' id='word_1_534' title='bbox 677 2721 874 2757; x_wconf 85' lang='lat' dir='ltr'>transitum</span> <span class='ocrx_word' id='word_1_535' title='bbox 893 2749 902 2766; x_wconf 94' lang='lat'>,</span> <span class='ocrx_word' id='word_1_536' title='bbox 924 2733 1000 2768; x_wconf 88' lang='lat' dir='ltr'>quo</span> <span class='ocrx_word' id='word_1_537' title='bbox 1022 2733 1060 2755; x_wconf 91' lang='lat' dir='ltr'>se</span> <span class='ocrx_word' id='word_1_538' title='bbox 1078 2719 1139 2755; x_wconf 80' lang='lat' dir='ltr'>vi—</span> 
     </span>
     <span class='ocr_line' id='line_1_73' title="bbox 139 2779 1141 2829; baseline -0.002 -13"><span class='ocrx_word' id='word_1_539' title='bbox 139 2780 229 2828; x_wconf 80' lang='lat' dir='ltr'>giles</span> <span class='ocrx_word' id='word_1_540' title='bbox 257 2780 453 2829; x_wconf 86' lang='lat' dir='ltr'>paululum</span> <span class='ocrx_word' id='word_1_541' title='bbox 482 2781 727 2828; x_wconf 85' lang='lat' dir='ltr'>pertransisse</span> <span class='ocrx_word' id='word_1_542' title='bbox 756 2779 871 2824; x_wconf 90' lang='lat' dir='ltr'>dicit,</span> <span class='ocrx_word' id='word_1_543' title='bbox 893 2787 930 2815; x_wconf 83' lang='lat' dir='ltr'>et</span> <span class='ocrx_word' id='word_1_544' title='bbox 955 2779 1141 2815; x_wconf 76' lang='lat' dir='ltr'>invenisse</span> 
     </span>
     <span class='ocr_line' id='line_1_74' title="bbox 141 2838 638 2889; baseline -0.002 -14"><span class='ocrx_word' id='word_1_545' title='bbox 141 2852 253 2888; x_wconf 87' lang='lat' dir='ltr'>quem</span> <span class='ocrx_word' id='word_1_546' title='bbox 274 2838 396 2889; x_wconf 85' lang='lat' dir='ltr'>diligit</span> <span class='ocrx_word' id='word_1_547' title='bbox 416 2838 539 2875; x_wconf 86' lang='lat' dir='ltr'>anima</span> <span class='ocrx_word' id='word_1_548' title='bbox 561 2851 638 2875; x_wconf 89' lang='lat' dir='ltr'>sua.</span> 
     </span>
    </p>
   </div>
   <div class='ocr_carea' id='block_1_16' title="bbox 151 3327 496 3418">
    <p class='ocr_par' dir='ltr' id='par_1_16' title="bbox 151 3327 496 3418">
     <span class='ocr_line' id='line_1_75' title="bbox 190 3327 496 3365; baseline 0 -5"><span class='ocrx_word' id='word_1_549' title='bbox 190 3334 197 3349; x_wconf 90' lang='lat'>¹</span> <span class='ocrx_word' id='word_1_550' title='bbox 226 3327 361 3360; x_wconf 75' lang='lat' dir='ltr'>Malach.</span> <span class='ocrx_word' id='word_1_551' title='bbox 385 3340 431 3365; x_wconf 88' lang='grc' dir='ltr'>ιι,</span> <span class='ocrx_word' id='word_1_552' title='bbox 465 3331 496 3360; x_wconf 83' lang='grc'>7.</span> 
     </span>
     <span class='ocr_line' id='line_1_76' title="bbox 151 3378 449 3418; baseline 0.003 -7"><span class='ocrx_word' id='word_1_553' title='bbox 151 3378 166 3399; x_wconf 69' lang='lat'><strong>⁵</strong></span> <span class='ocrx_word' id='word_1_554' title='bbox 182 3381 296 3412; x_wconf 74' lang='lat' dir='ltr'>Manli.</span> <span class='ocrx_word' id='word_1_555' title='bbox 318 3392 371 3418; x_wconf 71' lang='lat' dir='ltr'>xx,</span> <span class='ocrx_word' id='word_1_556' title='bbox 399 3385 449 3412; x_wconf 78' lang='lat'>12.</span> 
     </span>
    </p>
   </div>
   <div class='ocr_carea' id='block_1_17' title="bbox 560 3328 1290 3365">
    <p class='ocr_par' dir='ltr' id='par_1_17' title="bbox 560 3328 1290 3365">
     <span class='ocr_line' id='line_1_77' title="bbox 560 3328 1290 3365; baseline -0.004 -5"><span class='ocrx_word' id='word_1_557' title='bbox 560 3348 569 3351; x_wconf 79' lang='lat'>-</span> <span class='ocrx_word' id='word_1_558' title='bbox 592 3335 602 3350; x_wconf 85' lang='lat'><em>²</em></span> <span class='ocrx_word' id='word_1_559' title='bbox 628 3329 695 3360; x_wconf 64' lang='lat' dir='ltr'>lsai.</span> <span class='ocrx_word' id='word_1_560' title='bbox 718 3342 807 3365; x_wconf 64' lang='lat' dir='ltr'>xxiv,</span> <span class='ocrx_word' id='word_1_561' title='bbox 838 3334 887 3360; x_wconf 70' lang='lat' dir='ltr'>lu.</span> <span class='ocrx_word' id='word_1_562' title='bbox 911 3347 954 3354; x_wconf 83' lang='lat'>--</span> <span class='ocrx_word' id='word_1_563' title='bbox 985 3328 997 3351; x_wconf 84' lang='lat'><em>3</em></span> <span class='ocrx_word' id='word_1_564' title='bbox 1023 3329 1143 3360; x_wconf 67' lang='lat' dir='ltr'>Catilic.</span> <span class='ocrx_word' id='word_1_565' title='bbox 1172 3340 1229 3363; x_wconf 85' lang='grc' dir='ltr'>ιιι,</span> <span class='ocrx_word' id='word_1_566' title='bbox 1262 3331 1290 3357; x_wconf 70' lang='lat'>3,</span> 
     </span>
    </p>
   </div>
   <div class='ocr_carea' id='block_1_18' title="bbox 1207 2719 2207 3125">
    <p class='ocr_par' dir='ltr' id='par_1_18' title="bbox 1207 2719 2207 3125">
     <span class='ocr_line' id='line_1_78' title="bbox 1207 2719 2204 2770; baseline -0.002 -14"><span class='ocrx_word' id='word_1_567' title='bbox 1207 2720 1482 2770; x_wconf 72' lang='lat' dir='ltr'>percipiendse‚</span> <span class='ocrx_word' id='word_1_568' title='bbox 1516 2719 1652 2755; x_wconf 73' lang='lat' dir='ltr'>obvius</span> <span class='ocrx_word' id='word_1_569' title='bbox 1681 2719 1867 2764; x_wconf 70' lang='lat' dir='ltr'>venienti,</span> <span class='ocrx_word' id='word_1_570' title='bbox 1889 2732 2026 2767; x_wconf 76' lang='lat' dir='ltr'>urgens</span> <span class='ocrx_word' id='word_1_571' title='bbox 2053 2732 2204 2755; x_wconf 83' lang='lat' dir='ltr'>moran-</span> 
     </span>
     <span class='ocr_line' id='line_1_79' title="bbox 1209 2778 2207 2828; baseline -0.002 -13"><span class='ocrx_word' id='word_1_572' title='bbox 1209 2789 1294 2816; x_wconf 91' lang='lat' dir='ltr'>tem.</span> <span class='ocrx_word' id='word_1_573' title='bbox 1325 2784 1366 2817; x_wconf 90' lang='lat' dir='ltr'>In</span> <span class='ocrx_word' id='word_1_574' title='bbox 1391 2779 1514 2828; x_wconf 89' lang='lat' dir='ltr'>primo</span> <span class='ocrx_word' id='word_1_575' title='bbox 1540 2779 1782 2828; x_wconf 53' lang='lat' dir='ltr'>pra‘parariS,</span> <span class='ocrx_word' id='word_1_576' title='bbox 1804 2779 1840 2814; x_wconf 92' lang='lat' dir='ltr'>in</span> <span class='ocrx_word' id='word_1_577' title='bbox 1873 2778 2039 2814; x_wconf 84' lang='lat' dir='ltr'>secundo</span> <span class='ocrx_word' id='word_1_578' title='bbox 2069 2779 2207 2814; x_wconf 78' lang='lat' dir='ltr'>assimi-</span> 
     </span>
     <span class='ocr_line' id='line_1_80' title="bbox 1209 2837 2205 2888; baseline -0.002 -13"><span class='ocrx_word' id='word_1_579' title='bbox 1209 2840 1297 2875; x_wconf 85' lang='lat' dir='ltr'>laris</span> <span class='ocrx_word' id='word_1_580' title='bbox 1313 2852 1459 2888; x_wconf 60' lang='lat' dir='ltr'>spons-&#39;c</span> <span class='ocrx_word' id='word_1_581' title='bbox 1473 2838 1706 2887; x_wconf 74' lang='lat' dir='ltr'>exspectanti</span> <span class='ocrx_word' id='word_1_582' title='bbox 1723 2837 1898 2874; x_wconf 81' lang='lat' dir='ltr'>dilectum</span> <span class='ocrx_word' id='word_1_583' title='bbox 1914 2837 2066 2886; x_wconf 84' lang='lat' dir='ltr'>quando</span> <span class='ocrx_word' id='word_1_584' title='bbox 2084 2851 2205 2874; x_wconf 67' lang='lat' dir='ltr'>rever-</span> 
     </span>
     <span class='ocr_line' id='line_1_81' title="bbox 1210 2898 1547 2947; baseline -0.012 -11"><span class='ocrx_word' id='word_1_585' title='bbox 1210 2908 1308 2936; x_wconf 83' lang='lat' dir='ltr'>tatur</span> <span class='ocrx_word' id='word_1_586' title='bbox 1335 2912 1353 2934; x_wconf 91' lang='lat' dir='ltr'>a</span> <span class='ocrx_word' id='word_1_587' title='bbox 1375 2898 1516 2947; x_wconf 79' lang='lat' dir='ltr'>nuptiis</span> <span class='ocrx_word' id='word_1_588' title='bbox 1540 2912 1547 2933; x_wconf 72' lang='grc' dir='ltr'>ε</span> 
     </span>
     <span class='ocr_line' id='line_1_82' title="bbox 1210 2957 2205 3007; baseline -0.003 -12"><span class='ocrx_word' id='word_1_589' title='bbox 1210 2972 1284 2995; x_wconf 90' lang='lat' dir='ltr'>non</span> <span class='ocrx_word' id='word_1_590' title='bbox 1303 2966 1518 3007; x_wconf 76' lang='lat' dir='ltr'>exspectat,</span> <span class='ocrx_word' id='word_1_591' title='bbox 1538 2957 1602 2993; x_wconf 86' lang='lat' dir='ltr'>sed</span> <span class='ocrx_word' id='word_1_592' title='bbox 1624 2966 1827 3007; x_wconf 83' lang='lat' dir='ltr'>properat,</span> <span class='ocrx_word' id='word_1_593' title='bbox 1855 2965 1891 2993; x_wconf 87' lang='lat' dir='ltr'>ct</span> <span class='ocrx_word' id='word_1_594' title='bbox 1919 2957 2019 3006; x_wconf 77' lang='lat' dir='ltr'>ipsos</span> <span class='ocrx_word' id='word_1_595' title='bbox 2041 2959 2205 3006; x_wconf 62' lang='lat' dir='ltr'>purten-it</span> 
     </span>
     <span class='ocr_line' id='line_1_83' title="bbox 1208 3016 2205 3061; baseline -0.002 -8"><span class='ocrx_word' id='word_1_596' title='bbox 1208 3017 1395 3053; x_wconf 81' lang='lat' dir='ltr'>custodes.</span> <span class='ocrx_word' id='word_1_597' title='bbox 1428 3017 1611 3052; x_wconf 78' lang='lat' dir='ltr'>Dixissem</span> <span class='ocrx_word' id='word_1_598' title='bbox 1648 3016 1798 3061; x_wconf 75' lang='lat' dir='ltr'>melius,</span> <span class='ocrx_word' id='word_1_599' title='bbox 1830 3017 1858 3051; x_wconf 88' lang='lat' dir='ltr'>si</span> <span class='ocrx_word' id='word_1_600' title='bbox 1891 3016 2086 3055; x_wconf 50' lang='lat' dir='ltr'>‹lixissenn</span> <span class='ocrx_word' id='word_1_601' title='bbox 2119 3020 2205 3052; x_wconf 88' lang='lat' dir='ltr'>l&#39;er-</span> 
     </span>
     <span class='ocr_line' id='line_1_84' title="bbox 1209 3075 2206 3125; baseline -0.004 -12"><span class='ocrx_word' id='word_1_602' title='bbox 1209 3078 1355 3114; x_wconf 78' lang='lat' dir='ltr'>transit.</span> <span class='ocrx_word' id='word_1_603' title='bbox 1378 3076 1488 3123; x_wconf 83' lang='lat' dir='ltr'>Quod</span> <span class='ocrx_word' id='word_1_604' title='bbox 1521 3076 1619 3111; x_wconf 78' lang='lat' dir='ltr'>enim</span> <span class='ocrx_word' id='word_1_605' title='bbox 1655 3076 1914 3125; x_wconf 69' lang='lat' dir='ltr'>pra‘tcrimus,</span> <span class='ocrx_word' id='word_1_606' title='bbox 1950 3089 2024 3111; x_wconf 89' lang='lat' dir='ltr'>non</span> <span class='ocrx_word' id='word_1_607' title='bbox 2053 3075 2206 3123; x_wconf 65' lang='lat' dir='ltr'>respici-</span> 
     </span>
    </p>
   </div>
   <div class='ocr_carea' id='block_1_19' title="bbox 1571 2898 2205 2946">
    <p class='ocr_par' dir='ltr' id='par_1_19' title="bbox 1571 2898 2205 2946">
     <span class='ocr_line' id='line_1_85' title="bbox 1571 2898 2205 2946; baseline 0.002 -14"><span class='ocrx_word' id='word_1_608' title='bbox 1571 2898 1606 2932; x_wconf 90' lang='lat' dir='ltr'>in</span> <span class='ocrx_word' id='word_1_609' title='bbox 1645 2898 1754 2932; x_wconf 81' lang='lat' dir='ltr'>terlio</span> <span class='ocrx_word' id='word_1_610' title='bbox 1786 2910 1988 2946; x_wconf 77' lang='lat' dir='ltr'>properas,</span> <span class='ocrx_word' id='word_1_611' title='bbox 2009 2906 2044 2932; x_wconf 87' lang='lat' dir='ltr'>et</span> <span class='ocrx_word' id='word_1_612' title='bbox 2068 2911 2205 2946; x_wconf 60' lang='lat' dir='ltr'>sponsa</span> 
     </span>
    </p>
   </div>
   <div class='ocr_carea' id='block_1_20' title="bbox 1207 3133 2205 3185">
    <p class='ocr_par' dir='ltr' id='par_1_20' title="bbox 1207 3133 2205 3185">
     <span class='ocr_line' id='line_1_86' title="bbox 1207 3133 2205 3185; baseline -0.006 -13"><span class='ocrx_word' id='word_1_613' title='bbox 1207 3150 1289 3172; x_wconf 77' lang='lat' dir='ltr'>mus</span> <span class='ocrx_word' id='word_1_614' title='bbox 1303 3164 1311 3176; x_wconf 78' lang='grc'>,</span> <span class='ocrx_word' id='word_1_615' title='bbox 1333 3149 1407 3171; x_wconf 89' lang='lat' dir='ltr'>non</span> <span class='ocrx_word' id='word_1_616' title='bbox 1430 3135 1651 3185; x_wconf 74' lang='lat' dir='ltr'>attingimus</span> <span class='ocrx_word' id='word_1_617' title='bbox 1665 3164 1673 3177; x_wconf 88' lang='lat'>,</span> <span class='ocrx_word' id='word_1_618' title='bbox 1689 3135 1751 3170; x_wconf 80' lang='lat' dir='ltr'>sed</span> <span class='ocrx_word' id='word_1_619' title='bbox 1770 3135 2051 3170; x_wconf 70' lang='lat' dir='ltr'>coutenmimus</span> <span class='ocrx_word' id='word_1_620' title='bbox 2074 3148 2079 3168; x_wconf 89' lang='lat'><strong>:</strong></span> <span class='ocrx_word' id='word_1_621' title='bbox 2105 3133 2205 3181; x_wconf 77' lang='lat' dir='ltr'>quod</span> 
     </span>
    </p>
   </div>
   <div class='ocr_carea' id='block_1_21' title="bbox 1209 3193 2206 3244">
    <p class='ocr_par' dir='ltr' id='par_1_21' title="bbox 1209 3193 2206 3244">
     <span class='ocr_line' id='line_1_87' title="bbox 1209 3193 2206 3244; baseline -0.003 -15"><span class='ocrx_word' id='word_1_622' title='bbox 1209 3209 1299 3231; x_wconf 75' lang='lat' dir='ltr'>vero</span> <span class='ocrx_word' id='word_1_623' title='bbox 1318 3195 1609 3244; x_wconf 74' lang='lat' dir='ltr'>pertransimus,</span> <span class='ocrx_word' id='word_1_624' title='bbox 1630 3194 1874 3243; x_wconf 66' lang='lat' dir='ltr'>intelligimus</span> <span class='ocrx_word' id='word_1_625' title='bbox 1893 3193 1983 3228; x_wconf 84' lang='lat' dir='ltr'>illud</span> <span class='ocrx_word' id='word_1_626' title='bbox 2003 3193 2206 3228; x_wconf 71' lang='lat' dir='ltr'>discutere.</span> 
     </span>
    </p>
   </div>
   <div class='ocr_carea' id='block_1_22' title="bbox 1340 3324 2204 3362">
    <p class='ocr_par' dir='ltr' id='par_1_22' title="bbox 1340 3324 2204 3362">
     <span class='ocr_line' id='line_1_88' title="bbox 1340 3324 2204 3362; baseline -0.007 -4"><span class='ocrx_word' id='word_1_627' title='bbox 1340 3346 1357 3349; x_wconf 37' lang='grc' dir='ltr'><strong><em>Ἢ</em></strong></span> <span class='ocrx_word' id='word_1_628' title='bbox 1387 3330 1399 3352; x_wconf 68' lang='grc' dir='ltr'>’ἵ</span> <span class='ocrx_word' id='word_1_629' title='bbox 1428 3326 1498 3358; x_wconf 75' lang='lat' dir='ltr'>lsai.</span> <span class='ocrx_word' id='word_1_630' title='bbox 1529 3338 1557 3362; x_wconf 72' lang='lat'>¹,</span> <span class='ocrx_word' id='word_1_631' title='bbox 1593 3331 1643 3357; x_wconf 71' lang='lat' dir='ltr'>tu.</span> <span class='ocrx_word' id='word_1_632' title='bbox 1743 3324 1754 3345; x_wconf 67' lang='lat'>5</span> <span class='ocrx_word' id='word_1_633' title='bbox 1785 3326 1875 3355; x_wconf 60' lang='lat' dir='ltr'>Festi.</span> <span class='ocrx_word' id='word_1_634' title='bbox 1908 3335 2060 3358; x_wconf 59' lang='lat' dir='ltr'>xxxiiii,</span> <span class='ocrx_word' id='word_1_635' title='bbox 2092 3327 2143 3352; x_wconf 59' lang='grc' dir='ltr'>Ἐξ».</span> <span class='ocrx_word' id='word_1_636' title='bbox 2165 3342 2170 3343; x_wconf 41' lang='lat'><em>⁷</em></span> <span class='ocrx_word' id='word_1_637' title='bbox 2194 3341 2204 3345; x_wconf 67' lang='lat'><strong>&lt;</strong></span> 
     </span>
    </p>
   </div>
  </div>
 </body>
</html>
