2418 3949
156 207 230 245 893

906 207 972 242 DE
1002 205 1232 241 PASSIONE
1259 206 1448 241 DOMINI.
2131 200 2203 237 894

153 284 278 330 audit,
295 284 368 319 cito
390 282 598 332 promittit,
617 283 690 318 cito
709 282 783 318 dat.
802 283 894 329 Quis
912 283 958 318 de
983 291 1054 318 tam
1082 278 1361 330 pi0⁴⁴²liorem.
1385 280 1455 316 Sed
1477 293 1524 317 ne
1544 281 1743 318 moriendo
1764 281 1961 325 deficeret,
1983 294 2005 317 a
2022 280 2114 317 Filio
2136 294 2205 330 pro

154 343 370 380 exauditore
386 372 396 388 ,
413 343 531 379 veloci
550 343 800 392 promissore,
814 351 1003 396 prompto
1021 341 1147 377 reddi-
1166 343 1198 376 A
1216 340 1296 389 ipsa
1321 341 1548 376 mortalitate
1574 341 1784 377 confortata
1811 350 1877 377 est.
1909 341 2127 378 Confortata
2152 349 2208 376 est

155 413 236 440 tore
263 404 463 453 desperet?
486 403 727 452 Speravimus
747 403 784 438 in
810 411 866 447 tc,
889 403 953 451 qui
972 401 1146 437 novimus

153 463 260 500 dulce
287 476 426 500 nomen
456 472 582 507 tuum,
604 462 783 512 quoniam
804 475 881 498 non
909 460 1146 508 derelinques

153 531 363 572 quaerentes
386 531 433 559 te.
465 522 686 559 Accedimus
716 534 804 570 ergo
833 521 879 557 ad
905 530 963 566 te,
995 534 1017 555 o
1046 519 1146 555 bone

153 586 241 619 Jesu
255 612 264 628 ,
286 591 408 618 mente
423 595 497 631 qua
511 594 729 631 possumus,
745 580 935 616 sedentem
951 579 989 614 in
1009 579 1145 614 throno

154 641 380 690 majestatis3
406 649 556 678 orantes
571 669 581 686 ‚
605 649 646 676 ut
663 641 750 676 illuc
767 652 788 675 a
805 648 839 675 te
854 667 864 683 ,
887 648 924 675 et
940 639 987 674 ad
1008 647 1042 674 te
1067 650 1146 673 me-

154 713 305 737 reamur
320 700 530 744 introduci,
547 712 623 748 quo
640 699 830 747 ingressus
846 706 902 734 est
919 705 1003 733 tuns
1019 701 1145 739 Latro,

155 769 190 796 te
212 760 402 797 confessus
423 760 461 795 in
480 759 619 794 throno
636 758 768 794 crucis.

517 894 694 934 CAPUT
721 895 773 932 X.

152 1013 199 1042 De
213 1011 304 1042 tertio
320 1010 394 1043 folio
408 1010 478 1041 vitis
492 1034 500 1047 ‚
517 1009 548 1040 id
562 1016 626 1048 est,
642 1009 733 1040 tertio
748 1009 843 1040 verbo
862 1007 975 1039 Christi
994 1007 1025 1038 in
1042 1017 1144 1043 cruce,

1211 399 1460 445 intrinsecus,
1491 400 1655 436 exterius
1685 413 1775 437 vero
1798 410 1834 436 et
1862 400 2009 446 verbis,
2038 409 2075 437 et
2103 401 2207 437 sactis

1211 458 1272 506 pie
1301 459 1505 494 consolata.
1536 459 1740 507 Quomodo
1767 459 1887 496 stabat
1914 459 2024 508 juxta
2055 473 2206 496 crucem

1210 520 1296 553 Jesu
1316 521 1434 553 Mater
1450 517 1553 566 ejus?
1568 522 1663 554 Vere
1676 518 1786 566 juxta
1803 532 1951 555 crucem
1968 518 2102 565 stabat,
2117 519 2205 568 quia

1212 589 1360 612 crucem
1379 578 1460 613 Filii
1476 591 1554 626 prae
1572 578 1714 614 caeteris
1732 587 1850 614 mater
1867 578 2008 626 majore
2026 592 2109 615 cum
2137 579 2207 615 do-

1212 635 1292 672 lore
1315 636 1467 672 ferebat.
1489 636 1644 672 Stabant
1661 645 1698 672 et
1715 637 1796 673 alife
1809 665 1818 681 ,
1841 637 1905 673 sed
1924 639 2095 686 proxima
2113 639 2204 675 liaec.

1266 695 1326 731 37.
1354 698 1444 731 Cum
1464 709 1548 743 ergo
1569 699 1722 731 vidisset
1737 698 1838 731 ,lesus
1861 698 2020 733 [Matrem
2041 708 2077 734 et
2095 701 2208 734 disci-

1208 757 1337 802 pulum
1375 764 1530 789 stantem
1571 768 1677 802 quem
1716 755 1892 802 diligebat
1908 786 1918 800 ‚
1956 758 2055 792 dizit
2087 760 2208 794 Alam-i

1212 828 1293 849 511oe
1316 831 1327 850 .·
1350 817 1503 858 sllulier,
1535 828 1616 850 ecce
1632 816 1742 861 filius
1772 825 1864 851 mus.
1895 818 1956 851 Act
1980 820 2205 866 discipulum

1214 883 1336 910 autem
1350 889 1360 909 .·
1374 877 1471 910 Ecce
1486 883 1606 909 mater
1622 883 1699 909 tua.
1714 879 1768 910 Ac
1783 875 1811 910 si
1829 874 1968 911 (liceret
1990 890 1996 911 :
2017 880 2069 912 Tu
2088 891 2146 913 me
2165 880 2209 914 fi-

1215 936 1265 971 lio
1280 934 1532 983 corporaliter
1553 933 1735 982 privaris,
1756 934 1857 970 unde
1876 934 1940 971 tibi
1958 936 2116 973 amicum
2132 951 2210 987 prae

1214 995 1357 1031 cunctis
1378 993 1556 1029 dilectum
1578 993 1616 1028 in
1644 993 1760 1029 lilium
1784 993 1856 1038 d0,
1878 994 1985 1042 cujus
2010 998 2209 1045 praesentia

198 1063 330 1102 Mulier,
361 1075 430 1094 ecce
443 1061 537 1106 silius
561 1071 649 1099 ιιιιιε,
678 1068 737 1094 etc.
761 1066 854 1095 Joan.
880 1072 948 1103 cap.
969 1072 1049 1098 xix,
1078 1057 1145 1096 >275²-
1168 1054 1194 1088 B
1212 1055 1382 1099 interim,
1408 1053 1497 1089 dum
1528 1051 1660 1088 absum
1677 1081 1685 1097 ,
1713 1053 1931 1089 consoleris.
1961 1057 2016 1090 Tu
2037 1068 2127 1091 vero
2148 1070 2208 1093 me

201 1121 263 1156 26,
286 1121 341 1150 27.

205 1235 266 1272 36.
283 1238 540 1285 Praeparemus
557 1248 657 1271 nunc
678 1234 800 1271 visum
819 1234 963 1284 pariter
983 1241 1019 1270 et
1039 1232 1148 1269 audi-

153 1304 232 1332 tum
249 1295 372 1332 cordis
397 1295 516 1332 nostri
539 1295 586 1331 ad
607 1294 814 1331 videndum
840 1293 990 1330 tertium
1017 1292 1148 1329 folium

151 1354 245 1391 Vitis
273 1363 422 1392 nostrae.
453 1357 609 1400 Mulier,
638 1354 784 1404 inquit,
813 1368 897 1390 ecce
912 1354 1024 1400 filius*
1050 1361 1146 1388 tuus.

151 1417 249 1451 Ecce
267 1424 388 1451 mater
403 1424 480 1452 tua.
495 1414 663 1451 Verbum
683 1414 829 1451 bonum
846 1422 883 1450 et
903 1426 1018 1450 suave
1032 1441 1040 1457 ,
1060 1424 1148 1448 ver—

152 1474 244 1511 bum
258 1474 450 1521 mirabile,
467 1487 643 1524 magnum
661 1474 858 1510 continens
874 1473 944 1521 piae
959 1471 1150 1508 charitatis

154 1533 326 1570 affectum
345 1536 353 1569 l
376 1536 483 1571 Certe
502 1546 571 1569 nos
591 1533 750 1582 legimus
771 1532 976 1568 Dominum
999 1534 1146 1574 Jesum,

155 1594 318 1630 maxime
345 1607 429 1630 cum
447 1593 493 1629 ad
514 1602 661 1629 aetatem
682 1601 899 1643 provectam
921 1598 1148 1634 accesserat,

155 1653 383 1690 charissimae
407 1654 517 1690 Matri
539 1666 615 1689 suae
632 1652 852 1688 familiarius
869 1651 1068 1688 adliaesisse
1083 1679 1092 1694 ,
1113 1657 1150 1685 et

154 1725 239 1749 cum
266 1713 347 1761 ipsa
371 1712 603 1762 frequentius
630 1711 874 1748 convivatum
892 1723 971 1746 esse
988 1737 997 1755 ,
1016 1717 1053 1745 et
1071 1722 1149 1758 prae

155 1774 297 1810 caeteris
324 1774 450 1810 mitius
475 1774 693 1809 allocutum.
721 1771 791 1809 Sed
813 1779 977 1820 quantus
1002 1771 1039 1806 in
1066 1771 1149 1820 ipso

1215 1122 1323 1164 patre
1350 1112 1525 1163 spoliaris
1547 1127 1552 1147 :
1576 1111 1678 1148 unde
1700 1112 1796 1147 hanc
1817 1120 1972 1148 matrem
2000 1115 2090 1150 mihi
2118 1116 2208 1152 clia—

1215 1175 1399 1210 rissimam
1430 1172 1497 1208 tibi
1527 1173 1563 1208 in
1592 1180 1749 1207 matrem
1779 1171 1840 1207 do.
1871 1173 2097 1210 Conservate
2122 1174 2210 1223 jura

1215 1242 1356 1270 mutuae
1385 1232 1574 1269 charitatis
1594 1231 1640 1268 ad
1662 1231 1821 1267 invicem
1838 1260 1847 1277 ,
1871 1239 1907 1267 tu
1928 1232 2040 1268 istum
2066 1234 2182 1270 filium
2198 1264 2207 1280 ,

1217 1302 1255 1329 tu
1282 1294 1388 1329 istam
1417 1301 1572 1329 matrem
1598 1290 1788 1327 habendo.
1813 1293 1844 1328 Ο
1871 1304 1984 1339 quam
2010 1293 2210 1330 munificus

1216 1354 1334 1389 factus
1356 1366 1394 1389 es
1417 1352 1454 1388 in
1482 1351 1622 1400 nuptiis
1650 1350 1743 1395 tuis,
1772 1362 1836 1385 rex
1859 1358 1895 1385 et
1921 1362 2079 1400 sponse,
2109 1352 2209 1389 bone

1214 1416 1301 1449 Jesu
1316 1415 1324 1448 1
1340 1415 1458 1459 Quam
1471 1412 1572 1459 large
1586 1423 1668 1459 qnae
1680 1409 1842 1445 habuisti
1859 1410 1985 1446 omnia
1998 1411 2182 1448 tradidisti
2198 1416 2207 1449 l

1216 1476 1310 1509 Eece
1327 1472 1415 1521 ipsis
1429 1468 1718 1507 crucifixoribus
1736 1469 1807 1505 tuis
1823 1470 2004 1505 orationis
2019 1471 2210 1518 affectum,

1215 1531 1368 1569 Latroni
1390 1529 1603 1580 paradisum
1616 1557 1624 1572 ‚
1646 1528 1758 1565 Matri
1777 1528 1895 1564 filium
1912 1557 1921 1574 ,
1943 1529 2018 1565 lilio
2036 1539 2208 1577 matrem,

1217 1591 1374 1628 mortuis
1399 1590 1536 1634 vitam,
1560 1587 1736 1624 manibus
1757 1588 1876 1624 Patris
1901 1589 2064 1626 animam
2087 1598 2212 1639 tuam,

1217 1651 1283 1687 toti
1310 1649 1453 1686 mundo
1473 1649 1578 1697 signa
1598 1647 1779 1696 potentiae
1802 1655 1874 1683 tuae
1903 1649 2118 1695 contulisti,
2142 1665 2212 1701 pro

1216 1709 1437 1746 redimendo
1455 1721 1565 1744 servo
1586 1720 1663 1743 non
1682 1720 1727 1743 ex
1746 1715 1852 1756 parte
1867 1736 1876 1753 ,
1900 1707 1964 1744 sed
1984 1717 2102 1746 totum
2125 1724 2213 1747 san-

1215 1770 1365 1818 guinem
1384 1781 1430 1804 ex
1444 1767 1571 1804 multis
1587 1775 1624 1803 et
1640 1766 1750 1815 largis
1768 1766 2016 1803 foraminibus
2033 1768 2212 1815 effudisti,

157 1833 277 1869 fuerat
292 1833 390 1870 circa
404 1836 562 1869 Matrem
590 1832 780 1868 charitatis
795 1832 949 1867 affectus
962 1830 1040 1879 jam
1059 1843 1150 1866 cor-
1170 1827 1196 1862 C
1218 1828 1403 1879 proditori
1424 1836 1489 1863 tuo
1510 1835 1634 1863 reatus
1654 1826 1711 1862 sui
1736 1838 1884 1875 poenam
1902 1855 1911 1872 ,
1944 1835 2050 1863 terrae
2073 1842 2213 1878 corpus

156 1892 337 1941 poraliter
361 1905 575 1937 recessuro,
605 1890 784 1928 brevibus
800 1890 989 1926 intimavit
1009 1889 1146 1925 verbis.

156 1954 203 1988 Et
217 1960 257 1988 ut
273 1952 392 1988 crucis
407 1965 482 1988 suae
499 1960 641 1988 taceam
655 1951 883 2001 passionem,
900 1958 1039 1999 quanta
1055 1949 1153 1985 circa

157 2009 304 2047 beatam
322 2014 481 2048 Matrem
508 2010 770 2059 compassione
792 2017 923 2045 mutua
946 2009 1067 2045 credis
1097 2008 1152 2044 af-

159 2070 297 2107 fectum
323 2069 435 2106 fuisse
459 2082 525 2106 cor
549 2069 630 2118 ejus
659 2069 915 2113 mitissimum,
944 2067 1047 2117 quod
1078 2076 1151 2104 tam

159 2129 286 2166 valido
310 2129 452 2166 doloris
478 2130 535 2165 sui
558 2128 684 2180 gladio
704 2127 1048 2165 transverberatum
1066 2141 1155 2177 per-

161 2189 256 2226 fecte
272 2188 430 2226 sciebat?
450 2189 613 2225 Adauxit
628 2189 830 2224 vulnerum
846 2188 1059 2237 passionem
1079 2200 1155 2223 ma-

161 2258 267 2285 terna
279 2249 508 2298 compassio,
524 2261 635 2297 quam
654 2247 920 2284 contritissimo
935 2247 1063 2292 corde,
1080 2260 1155 2282 ma-

161 2307 273 2345 nibus
300 2308 525 2359 complosis,
555 2307 674 2343 oculis
705 2307 954 2355 lacrymarum
987 2314 1154 2342 torrente

162 2366 386 2412 fluentibus,
414 2367 523 2403 vultu
545 2374 762 2411 contracto,
789 2379 882 2402 voce
910 2367 1087 2415 querela,
1119 2373 1156 2401 et

161 2428 248 2464 totis
264 2427 407 2464 viribus
424 2425 548 2462 cordis
565 2425 742 2462 destituta
755 2453 764 2470 ‚
782 2425 943 2462 viriliter
958 2438 1043 2461 eum
1061 2424 1156 2460 vidit

163 2486 233 2523 sibi
252 2486 398 2523 adstare
417 2484 611 2535 pendenti.
633 2485 790 2532 Quoties
808 2484 927 2533 ipsam
945 2484 991 2520 ad
1009 2484 1070 2519 illa
1087 2484 1155 2519 im-

163 2546 267 2582 mitia
289 2544 525 2582 verccundos
550 2553 660 2594 putas
682 2544 810 2580 oculos
830 2544 1021 2580 elevasse?
1048 2543 1077 2579 si
1101 2550 1157 2578 ta—

1218 1903 1294 1926 non
1313 1887 1633 1937 corrumpendum
1649 1916 1658 1933 ,
1683 1886 1746 1923 sed
1768 1886 1814 1922 ad
1837 1895 1984 1935 tempus
2004 1887 2210 1926 reddidisti.

1274 1949 1335 1986 38.
1359 1948 1431 1986 Sed
1454 1956 1581 1984 movet
1598 1960 1678 1990 me,
1701 1945 1803 1995 quod
1825 1960 1907 1982 cum
1928 1945 2100 1993 dixisset,
2125 1951 2214 1985 ,Utc-

1218 2012 1308 2052 lier,
1331 2008 1525 2053 eceefilitcs
1539 2016 1644 2050 τιιιιες
1658 2005 1867 2055 subjunxit,
1888 2008 1982 2041 Ecce
1997 2017 2116 2042 mmer
2130 2018 2192 2044 tua
2203 2025 2215 2045 .-

1219 2081 1302 2105 cum
1324 2068 1454 2116 utique
1475 2067 1584 2102 etiam
1607 2066 1637 2101 si
1653 2065 1724 2100 hoc
1755 2078 1831 2100 non
1851 2063 2127 2113 subjunxisset,
2148 2081 2216 2104 ne—

1220 2127 1421 2164 cessarium
1440 2126 1569 2161 fnisset
1585 2137 1665 2161 eam
1683 2137 1761 2160 esse
1780 2132 1936 2159 matrem
1954 2124 2071 2170 illius,
2094 2127 2158 2174 qui
2177 2127 2214 2163 in

1220 2187 1337 2223 filium
1360 2185 1429 2222 sibi
1446 2185 1556 2221 datus
1572 2193 1662 2220 crat.
1684 2183 1756 2219 Sed
1776 2183 1848 2220 lioc
1869 2192 2009 2220 mutuae
2027 2184 2218 2224 charitatis

1219 2247 1395 2283 affectum
1417 2245 1507 2281 mihi
1527 2243 1794 2280 commendare
1817 2243 1980 2280 videtur.
2003 2247 2097 2281 Sunt
2116 2247 2218 2283 enim

1221 2306 1417 2350 nonnulli,
1445 2305 1510 2354 qui
1541 2303 1588 2340 ab
1617 2302 1796 2339 omnibns
1826 2304 1941 2339 amari
1973 2304 2127 2350 volunt,
2154 2307 2219 2342 sed

1223 2366 1349 2402 nullos
1364 2364 1500 2400 affectu
1522 2371 1656 2399 mutuo
1677 2362 1995 2411 complectuntur.
2018 2365 2161 2401 Nolunt
2179 2375 2222 2402 nt

1223 2437 1354 2461 eorum
1382 2422 1529 2459 labores
1555 2430 1592 2458 et
1621 2421 1771 2457 dolores
1793 2421 2020 2458 allevientur
2041 2438 2048 2459 ι
2070 2433 2106 2459 et
2135 2438 2221 2462 cum

1223 2485 1394 2520 serantur
1422 2495 1442 2518 a
1464 2481 1660 2531 pluribus,
1687 2480 1756 2529 ipsi
1782 2480 1921 2516 nullius
1945 2493 2060 2517 onera
2087 2484 2223 2520 volunt

1222 2551 1395 2594 portare,
1412 2551 1482 2578 etc.
1500 2545 1581 2578 Non
1600 2541 1673 2576 lioc
1690 2540 1789 2576 enim
1804 2540 1974 2577 Christus
1991 2541 2139 2587 docuit,
2158 2553 2222 2580 aut

166 2617 251 2640 men
267 2617 332 2640 eos
349 2603 552 2653 aliquando
573 2603 661 2639 inde
682 2603 855 2648 deflexit,
879 2603 937 2639 vel
955 2602 983 2640 si
1000 2616 1078 2652 prae
1099 2602 1157 2638 ni-
1174 2602 1206 2635 D
1225 2603 1322 2639 feeit.
1354 2601 1523 2639 Portavit
1546 2600 1645 2636 enim
1668 2612 1783 2635 onera
1805 2607 1866 2635 tua
1880 2627 1889 2643 ,
1915 2599 2078 2637 invitans
2100 2610 2135 2638 te
2149 2631 2158 2646 ‚
2182 2612 2222 2639 ιιι

166 2665 242 2701 mio
268 2664 373 2700 fluxu
396 2664 642 2712 lacrymarum
673 2663 797 2712 potuit
824 2663 977 2699 intueri.
1003 2663 1158 2710 Quoties

166 2725 285 2774 ipsam
306 2730 461 2772 propter
481 2722 748 2758 verecundiam
770 2722 993 2770 virginalem
1018 2722 1160 2770 pariter

168 2791 207 2819 et
222 2782 509 2818 immensitatem
526 2781 667 2817 doloris
683 2789 858 2825 stantem,
874 2789 913 2816 nt
929 2781 1086 2826 aestimo,
1099 2795 1162 2818 ea-

169 2842 247 2892 pite
266 2849 448 2890 eooperto
475 2841 702 2890 ingemuisse
721 2848 831 2890 putas
845 2841 1010 2890 lugendo
1031 2841 1163 2887 lilium,

169 2909 207 2936 et
222 2899 402 2945 (licendo,
421 2898 489 2936 Fili
506 2899 554 2934 mi
571 2902 659 2936 Jesu
674 2926 683 2944 ,
703 2902 789 2935 Jesu
809 2898 859 2934 lili
878 2899 944 2934 mi!
965 2900 1056 2946 Quis
1071 2900 1160 2935 mihi

171 2959 234 2996 det
251 2967 291 2994 ut
310 2967 431 2994 tecum
446 2965 483 2993 et
498 2966 656 3007 propter
673 2966 708 2993 te
725 2959 865 2994 moriar
880 2986 890 3003 ,
908 2958 959 2994 lili
977 2959 1024 2994 mi
1042 2958 1161 2994 dulcis

170 3017 282 3053 Jesu?
309 3016 467 3062 Quoties
492 3016 608 3065 ipsam
638 3028 715 3065 prce
745 3016 992 3052 immensitate
1021 3017 1162 3052 doloris

172 3075 292 3112 credis
308 3075 473 3125 potuisse
490 3075 648 3111 delicere
662 3103 672 3121 ,
692 3088 712 3111 a
733 3089 809 3124 quo
835 3076 958 3125 ipsum
981 3083 994 3097 ³
1018 3089 1163 3112 summe

174 3134 290 3170 miror
314 3134 423 3170 etiam
451 3142 637 3170 mortuam
665 3147 739 3170 non
771 3135 907 3171 fuisse?
933 3134 1164 3171 Moriebatnr

175 3195 325 3240 vivens,
354 3194 519 3231 vivendo
549 3195 674 3232 ferens
694 3195 864 3232 dolorem
888 3204 1009 3231 morte
1029 3195 1163 3231 erude-

226 3323 364 3351 ¹1l‘‹·tt·.
386 3332 430 3358 ιι,
453 3325 504 3352 121.

1224 2672 1261 2699 ct
1279 2671 1317 2698 tu
1335 2674 1450 2697 onera
1468 2669 1596 2710 portes
1614 2660 1713 2695 illins
1726 2687 1734 2703 ,
1756 2658 1793 2694 id
1812 2666 1886 2703 est,
1905 2667 1945 2694 ut
1967 2668 2004 2695 tn
2026 2662 2220 2709 passiones

1226 2722 1324 2758 illius
1346 2720 1512 2756 imiteris.
1536 2718 1705 2756 Christus
1729 2718 1828 2753 enim
1851 2730 1981 2766 passus
2003 2728 2079 2763 cst,
2104 2722 2221 2758 relin-

1226 2793 1345 2830 quens
1371 2778 1480 2815 nobis
1506 2777 1748 2826 exemplum,
1776 2784 1815 2811 ut
1840 2790 2042 2825 sequamur
2069 2780 2223 2827 vestigia

1233 2840 1315 2889 ejus
1337 2846 1359 2874 ¹.
1378 2842 1460 2874 lloc
1481 2846 1515 2873 et
1534 2836 1660 2872 docuit
1681 2848 1765 2871 cum
1788 2839 1942 2871 Matrem
1963 2837 2170 2887 Discipulo,
2188 2848 2225 2875 et

1227 2900 1338 2938 Matri
1365 2897 1598 2946 Discipulnin
1626 2904 1756 2931 mutuo
1777 2895 2054 2932 commendavit
2077 2913 2084 2933 ι
2114 2899 2226 2935 nimi-

1228 2974 1310 2997 rum
1333 2958 1467 2994 nolens
1488 2965 1528 2992 ut
1552 2956 1711 2992 charitas
1732 2955 1936 3004 spiritualis
1956 2969 2001 2991 ex
2025 2970 2095 2992 una
2119 2967 2225 3006 parte

1230 3018 1361 3067 frigida
1379 3024 1609 3059 rcmancr‹·t;
1636 3015 1701 3051 sed
1726 3023 1766 3050 ut
1784 3015 1893 3051 sinml
1915 3015 2162 3058 dormit-nm,
2188 3018 2225 3055 id

1229 3086 1282 3112 est
1298 3107 1306 3121 ‚
1330 3077 1365 3112 in
1383 3088 1469 3112 vera
1484 3083 1518 3111 et
1540 3087 1634 3124 pura
1651 3074 1830 3111 charitate
1848 3074 1957 3110 simul
1975 3076 2224 3124 ‹linesi-entes,

1231 3144 1362 3172 mutuo
1384 3135 1554 3170 ealeliant
1569 3164 1577 3179 ,
1600 3134 1636 3170 id
1660 3143 1714 3170 cst
1729 3162 1738 3178 ‚
1763 3134 1856 3170 alter
1875 3133 1922 3169 al)
1938 3135 2056 3171 altero
2078 3136 2121 3171 :nl
2141 3137 2229 3172 elia-

1233 3194 1351 3231 ritatis
1378 3194 1553 3229 exercitia
1583 3202 1713 3229 mutuo
1736 3192 1999 3229 accvmlantur.
2027 3197 2104 3229 Ilm·
2127 3196 2226 3232 enim

1316 3327 1327 3340 ‘¹
1347 3323 1446 3350 llsslNl.
1465 3320 1541 3361 illut.
