2418 3949
95 125 169 162 393

93 205 249 237 noctium
264 208 287 236 ¹.
311 205 405 238 Nam
426 214 510 238 cum
535 208 691 251 propter
709 201 796 238 vitae
815 200 1100 237 sublimitatem¹

993 126 1248 162 EPISTOLAE.

1107 200 1371 240 ”consumere
1398 205 1452 241 vis
1473 214 1644 256 tempora
1664 206 1800 253 multa,
1823 214 1864 243 ut
1882 206 1961 256 jam
1985 206 2052 243 tibi
2072 218 2141 242 ex-

2069 127 2141 163 394

91 261 196 309 quasi
214 261 366 298 Domini
395 261 434 297 in
460 269 572 311 caput
596 261 852 306 ascenderint,
873 261 1017 296 haerent
1042 260 1080 296 in
1097 261 1130 294 A
1150 259 1354 309 probretur
1369 276 1388 298 a
1408 265 1524 300 Paulo
1543 279 1551 301 t
1572 267 1691 301 Tanta
1707 278 1836 315 passus
1855 279 1894 303 es
1907 271 1985 302 sine
2002 278 2138 308 caasa,

89 320 278 367 crinibus;
303 329 339 357 et
366 320 508 369 majore
536 321 575 357 in
603 320 854 358 exterioribus
879 328 916 356 et
938 332 959 355 a
978 319 1082 355 vitali

89 380 225 430 spiritu
255 381 382 417 alienis
403 381 648 430 occupatione
673 380 907 418 insensibiles
927 378 1079 424 redditi,

88 452 172 488 quae
200 440 271 476 Dei
294 448 401 486 sunt,
432 452 562 490 sapere
591 440 773 477 nesciunt.
801 439 974 487 Denique
1000 450 1076 473 non

88 499 230 537 habens
253 501 290 536 in
316 500 472 545 talibus,
491 499 556 537 ubi
583 509 696 549 caput
715 500 886 544 reclinet,
910 498 939 535 si
965 509 1078 546 quem

86 558 187 595 intus
207 559 408 608 repererit,
430 559 566 608 aperiri
587 558 656 595 sibi
673 567 789 607 rogat.

139 620 174 655 3.
197 619 348 656 Utinam
373 626 410 654 et
436 626 475 654 tu
502 618 728 655 intrinsecus
755 616 1017 661 commoreris,
1039 623 1076 651 et

85 677 293 725 pulsantem
315 677 437 713 statim
459 677 503 713 ad
527 678 662 713 ostium
687 681 812 715 Jesum
840 689 924 713 cum
952 674 1075 712 cordis

83 736 290 785 susceperis
304 735 467 785 hospitio
478 763 488 781 ,
504 736 691 784 glorieris,
705 745 741 773 et
755 736 854 773 dicas
868 751 875 773 ε
892 738 1073 771 Secretum

83 807 203 829 meum
223 795 317 829 mihi
328 821 339 837 ,
358 803 530 829 secretam
549 808 669 829 meam
687 795 810 830 miln‘2.
832 794 1075 841 Vicissimque

82 861 221 902 gratam
240 853 338 889 illam
360 853 478 890 laudis
495 866 624 889 vocem
644 854 801 903 accipies
814 882 823 899 ‚
844 856 977 889 Hortus
993 866 1076 888 con-

82 914 222 956 clunis,
258 926 362 948 soror
396 927 479 948 mea
511 927 648 961 sponsa
660 941 672 957 ,
708 915 830 949 hortus
861 916 1049 948 com-lasus
1061 940 1072 956 ‚

1145 324 1178 354 si
1195 329 1318 356 tamen
1339 327 1419 358 sine
1435 322 1585 359 causag.

1198 380 1233 415 5.
1265 380 1416 417 Utinam
1444 395 1609 431 praesens
1633 395 1750 419 essem
1779 384 1918 429 modo,
1941 392 1977 420 et
2001 383 2138 431 injecta

1144 437 1304 486 quadam
1332 439 1492 489 impigra
1513 440 1608 477 vivae
1629 441 1734 478 vocis
1759 455 1872 478 manu
1899 442 2084 478 deducere
2104 449 2139 477 te

1143 509 1294 545 possem
1318 511 1401 534 cum
1430 498 1619 535 Abraham
1650 499 1688 534 in
1715 508 1853 536 terram
1885 501 2079 546 Chanaan,
2101 500 2138 535 id

1142 562 1217 600 est,
1234 558 1370 592 Motus.
1394 559 1466 602 Qui
1482 558 1580 593 enim
1598 559 1784 603 confidunt
1802 565 1840 594 in
1858 563 2017 595 Domino
2030 587 2040 603 ,
2059 573 2137 594 mu—

1141 612 1272 649 tabant
1284 614 1587 661 fortitudinem&
1611 619 1714 652 Bona
1738 618 1916 662 mutatio,
1937 631 2048 666 quam
2077 619 2137 654 lo-

1141 673 1270 721 quitur
1288 673 1388 710 idem
1408 675 1594 724 propheta
1615 689 1622 711 ε
1644 677 1768 711 Erunt
1787 681 1948 724 quinque
1973 682 2136 713 civitates

1142 737 1179 768 in
1209 742 1308 768 terra
1339 736 1514 782 sEg)7)ti,
1546 737 1736 782 loquentes
1765 738 1893 783 lingua
1924 737 2104 771 Chanaan
2125 751 2135 770 .·

1141 795 1269 827 civitas
1281 795 1367 827 solis
1378 792 1569 828 vocabitur
1578 807 1651 828 ana
1663 799 1705 828 ¹⁰.
1722 796 1825 829 Bona
1839 793 1963 842 plane,
1973 793 2018 828 de
2028 797 2137 841 AEgy-

1140 850 1196 899 pti
1223 850 1386 888 tenebris
1407 851 1514 887 educi
1534 852 1571 888 in
1598 852 1739 898 lueem3
1756 860 1793 888 et
1815 860 1901 902 post
1927 852 2135 888 Pharaonis

1141 910 1295 946 domum
1314 910 1352 946 in
1375 911 1470 948 Solis
1483 910 1637 959 justitiae
1654 911 1844 948 civitatem
1865 911 2042 947 dedicari.
2060 915 2134 948 Bo-

72 970 164 1018 sons
176 971 384 1019 signatus³':
400 973 590 1022 signaculo
604 972 754 1021 quidem
770 972 922 1009 luminis
939 980 975 1008 et
989 984 1070 1008 cor·
1088 969 1116 1003 Β
1135 982 1226 1014 nus,
1244 970 1398 1019 inquam
1413 999 1422 1016 ‚
1444 979 1568 1007 motus
1580 999 1589 1015 ,
1614 970 1679 1006 ubi
1701 970 2019 1007 transfunduntur
2038 979 2074 1007 et
2093 971 2132 1007 in

81 1030 137 1068 dis
153 1031 297 1077 laetitia,
316 1032 505 1081 signaculo
525 1032 751 1081 septiformis
767 1032 926 1082 Spiritus
938 1059 947 1076 ‚
965 1031 1069 1080 quod

80 1088 226 1125 solvere
239 1101 351 1126 nemo
368 1090 435 1127 nisi
454 1090 554 1126 solus
571 1090 650 1139 ipse
665 1090 827 1139 poterit,
841 1090 905 1139 qui
920 1097 1068 1139 portam

80 1148 297 1184 orientalem
321 1149 557 1198 singulariter
581 1149 792 1199 ingreditur
811 1150 941 1186 alienis
963 1149 1068 1185 clau-

79 1219 155 1242 sam
169 1236 178 1252 ,
194 1206 302 1256 juxta
321 1208 413 1245 illud
440 1209 656 1258 prophetae,
678 1212 808 1245 Alieni
828 1223 900 1244 non
928 1213 1067 1244 transi-

79 1265 166 1302 bunt
183 1279 256 1314 per
272 1268 473 1303 Jerusalem
495 1270 653 1316 amplias
666 1268 692 1303 3¹.
714 1269 792 1305 Tali
812 1269 978 1304 inclusus
998 1280 1067 1317 pa-

77 1323 202 1361 radiso
223 1325 426 1375 voluptatis
439 1355 449 1371 ‚
471 1327 548 1363 imo
563 1327 644 1376 ipse
665 1328 759 1364 sicut
778 1340 866 1377 ager
882 1327 1043 1375 irriguus
1057 1355 1066 1371 ,

76 1391 113 1418 et
145 1383 241 1421 sicut
273 1385 355 1422 sons
388 1386 583 1422 hortorum
599 1414 608 1431 ‚
640 1386 748 1435 cujus
783 1399 859 1422 non
892 1385 1070 1422 deliciunt

77 1455 180 1491 aqnae
193 1471 202 1489 ‚
224 1444 431 1481 alienorum
450 1445 696 1482 obsurdesces
712 1445 758 1482 ad
780 1458 926 1481 vocem.
945 1445 981 1481 Si
999 1457 1067 1486 sae-

77 1501 149 1537 culi
172 1510 206 1538 te
225 1504 415 1540 vexaverit
433 1504 587 1541 ambitio
601 1533 611 1550 ,
629 1505 659 1541 si
676 1505 897 1553 dignitatum
919 1504 1066 1540 occasio

76 1561 285 1607 vocaverit,
320 1570 356 1598 et
390 1563 605 1600 invitaverit
638 1564 774 1600 blanda
810 1564 943 1613 pestis,
983 1576 1067 1612 spes

75 1617 262 1655 honorum
289 1620 434 1669 aliqua,
453 1634 598 1671 sponsae
618 1623 796 1659 continuo
820 1621 1067 1671 respondebis

73 1676 198 1714 verbis
219 1691 226 1713 ε
248 1681 350 1715 Exul
368 1693 426 1715 me
445 1686 567 1716 tunica
590 1695 695 1726 mea,
718 1685 898 1730 quomodo
913 1684 1065 1717 induam

1135 1029 1261 1065 lumen
1288 1028 1465 1074 obscura,
1483 1038 1520 1065 et
1543 1029 1580 1065 in
1609 1043 1725 1066 unum
1751 1030 1872 1079 plura.
1898 1029 2072 1078 Denique
2098 1039 2134 1066 et

1134 1088 1171 1124 in
1192 1088 1364 1138 pluribus
1386 1088 1622 1138 perturbatio
1645 1097 1725 1134 est,
1749 1097 1786 1125 et
1811 1101 1931 1124 unum
1960 1101 2132 1126 necessa-

1134 1147 1229 1183 rium
1246 1154 1253 1168 ¹
1265 1154 1286 1183 ¹.
1302 1151 1428 1184 Bonus
1444 1156 1582 1193 motus,
1597 1147 1661 1185 ubi
1679 1148 1914 1184 convertitur
1926 1156 1963 1183 et
1977 1148 2132 1197 lippitu-

1133 1205 1182 1241 do
1199 1205 1293 1251 Liae,
1307 1214 1344 1242 et
1365 1206 1580 1242 sollicitudo
1600 1206 1757 1243 Marthae
1777 1207 1814 1242 in
1835 1206 2008 1243 Rachelis
2024 1207 2132 1242 clari—

1134 1272 1264 1309 tatem,
1281 1273 1318 1301 et
1345 1265 1470 1301 Mariae
1496 1266 1816 1314 tranquillitatem.
1842 1269 1924 1302 Hoc
1948 1266 2048 1302 enim
2076 1275 2132 1302 est

1133 1323 1235 1371 quod
1252 1336 1336 1372 quae
1350 1324 1501 1373 AEgypti
1514 1352 1523 1369 ‚
1542 1323 1579 1359 id
1601 1332 1657 1360 est
1679 1324 1920 1361 tenebrarum
1936 1352 1945 1369 ‚
1964 1324 2131 1360 civitates

1134 1384 1305 1428 fuerunt,
1326 1382 1422 1420 Solis
1446 1382 1624 1418 dicuntur
1642 1399 1649 1420 :
1671 1392 1707 1419 et
1726 1397 1795 1433 pro
1815 1384 1977 1432 quinarii
1997 1397 2131 1420 nume-

1135 1455 1199 1487 ro,
1225 1442 1336 1478 unius
1365 1450 1509 1478 tantum
1540 1442 1580 1478 fit
1610 1444 1762 1479 mentio.
1793 1445 2071 1480 Commutatum
2093 1457 2131 1480 se

1133 1502 1364 1550 noveratqui
1381 1502 1550 1550 loquitur
1566 1502 1602 1537 in
1620 1503 1766 1538 Psalmo
1782 1517 1789 1538 :
1805 1505 1983 1547 Benedic,
2000 1508 2130 1538 anima

1133 1574 1228 1604 mea,
1248 1563 1425 1604 Domino,
1444 1570 1477 1596 et
1493 1564 1572 1596 noli
1594 1561 1757 1597 oblivisci
1776 1575 1901 1597 omnes
1921 1561 2130 1597 retribatio-

1133 1634 1196 1656 nes
1223 1624 1313 1665 ejus.
1341 1620 1415 1664 Qui
1426 1624 1658 1668 propitiatur
1675 1620 1844 1656 omnibus
1871 1619 2129 1669 iniquitatibus

1132 1685 1221 1723 tais,
1241 1684 1306 1727 qui
1323 1688 1432 1714 sanat
1450 1692 1576 1714 omnes
1596 1680 1830 1722 infirmitates
1851 1689 1932 1714 titas
1953 1694 1963 1713 .·
1981 1684 2044 1727 qui
2067 1693 2127 1714 re-

73 1739 387 1785 ‹·an1.³lat›ipe‹les
399 1752 512 1782 meos,
525 1742 707 1787 quomodo
723 1744 802 1776 illos
813 1740 1018 1788 inquinabo
1033 1739 1071 1775 ⁵?
1092 1741 1118 1776 C
1138 1741 1244 1774 dimit
1261 1741 1308 1774 de
1331 1743 1481 1773 interita
1505 1743 1622 1774 vitam
1645 1748 1765 1783 tuam,
1787 1743 1849 1786 (μα’
1868 1747 2017 1774 coronat
2036 1747 2070 1773 te
2089 1744 2127 1773 in

125 1796 160 1832 4.
177 1796 287 1833 Vides
305 1808 424 1844 certe,
442 1799 567 1845 frater,
588 1800 678 1849 quid
699 1809 754 1837 est
772 1800 872 1850 quod
893 1800 1066 1836 dimidia—

75 1854 120 1890 tis
147 1853 272 1891 verbis
304 1865 341 1892 et
372 1857 588 1894 umbrarum
616 1858 820 1904 similibus,
842 1872 919 1895 rem
950 1860 1065 1907 magis

72 1913 325 1962 comprimens
355 1928 466 1963 quam
495 1929 691 1965 premens,
715 1918 834 1954 sciens
865 1930 944 1953 esse
974 1917 1065 1954 mihi

72 1986 155 2008 eum
182 1972 347 2022 sapiente
367 1987 576 2011 sermonem
601 1990 607 2012 :
627 1976 754 2021 vides,
778 1978 929 2025 inquam
944 2003 953 2020 ‚
973 1976 1064 2025 quid

72 2039 128 2066 est
141 2039 258 2067 totum
274 2032 375 2081 quod
391 2032 456 2069 tibi
469 2046 666 2084 suggerere
682 2036 784 2081 volo,
800 2043 840 2071 ut
855 2035 1065 2085 periculosa

72 2088 120 2125 ab
139 2089 207 2126 hac
224 2091 454 2139 profectione
473 2101 508 2129 te
523 2106 696 2130 revocem
710 2123 720 2140 ,
736 2103 773 2130 et
790 2094 882 2130 falce
900 2093 1061 2142 quadam

72 2150 376 2187 commonitionis
396 2159 533 2188 nostrae
553 2152 683 2189 celeris
705 2153 828 2202 lapsus
847 2153 1062 2189 occasiones

71 2208 289 2256 praecidam3
304 2209 350 2245 ad
369 2210 560 2260 proplietae
575 2220 802 2261 praeceptum
816 2241 825 2257 ,
843 2212 996 2261 planum
1015 2212 1060 2248 ti-

73 2265 110 2302 bi
142 2267 278 2305 saciens
309 2269 378 2305 iter
407 2270 642 2316 offensionis,
671 2271 812 2320 lapides
843 2271 983 2320 eligens
1013 2271 1059 2307 de

70 2324 167 2362 viafl.
201 2328 316 2364 Multa
341 2329 430 2365 mihi
454 2337 509 2365 est
533 2330 746 2367 sollicitudo
767 2343 836 2379 pro
864 2338 919 2374 te,
941 2330 1058 2366 multa

71 2385 203 2422 liducia
219 2387 318 2436 apud
343 2396 388 2424 te.
410 2389 587 2438 Alioquin
610 2391 734 2426 malim
755 2390 979 2426 inveteratas
1000 2398 1057 2426 te-

70 2457 153 2480 cum
175 2446 465 2484 necessitudines
490 2449 675 2485 attenuari
692 2449 738 2485 ad
758 2457 924 2499 tempus,
945 2462 1057 2499 quam

1132 1800 1382 1834 misericordia
1414 1806 1447 1832 et
1473 1797 1770 1833 miserationibus
1788 1803 1828 1834 ¹².
1851 1798 2038 1846 Loquitur
2069 1797 2128 1834 hie

1131 1857 1257 1905 lingua
1274 1856 1467 1902 Chanaan,
1488 1857 1552 1905 qui
1573 1865 1628 1892 tot
1647 1858 1686 1892 in
1706 1870 1744 1893 se
1765 1857 1896 1893 recolit
1916 1865 2126 1893 commuta-

1132 1916 1269 1961 tiones;
1284 1915 1330 1951 de
1347 1915 1544 1963 iniquitate
1560 1915 1868 1964 propitiationem
1881 1943 1890 1960 ‚
1909 1915 1955 1951 de
1971 1915 2128 1951 infirmi-

1133 1983 1205 2011 tate
1220 1975 1450 2011 curationem
1462 2002 1472 2019 ,
1489 1974 1735 2010 aeternitatem
1753 1974 1797 2010 de
1812 1974 1988 2019 interitu3
2005 1982 2042 2010 et
2058 1987 2127 2023 per

1130 2034 1295 2082 singulos
1308 2032 1444 2082 gradus
1461 2033 1597 2082 gratias
1615 2032 1767 2069 exhibet
1783 2033 1926 2068 auctori
1940 2047 1946 2067 :
1961 2033 2125 2081 piorum-

1129 2106 1201 2142 que
1218 2091 1364 2128 indiciis
1378 2092 1640 2141 profectuum,
1657 2091 1761 2140 quasi
1774 2091 1936 2140 quadam
1951 2103 2124 2127 commu-

1129 2152 1280 2188 tationis
1308 2151 1451 2200 lingua,
1472 2149 1569 2186 illud>
1592 2163 1675 2185 cum
1702 2150 1896 2187 Psalmista
1919 2149 2124 2198 eloquitur,

1125 2214 1235 2248 Nunc
1248 2215 1366 2259 coepi,
1385 2212 1464 2245 lioec
1481 2215 1637 2245 imitatio
1658 2211 1829 2244 dexterae
1846 2210 2001 2244 Exi-elsi
2013 2207 2054 2243 ¹3.
2080 2211 2126 2244 Et

1125 2280 1165 2307 ut
1183 2270 1228 2306 de
1245 2269 1468 2320 prophetico
1489 2268 1629 2305 semine
1653 2268 1880 2316 apostolicas
1901 2267 2023 2316 fruges
2043 2280 2123 2303 me-

1126 2339 1267 2376 tamus;
1295 2328 1396 2378 quod
1424 2329 1537 2365 Isaias
1565 2327 1724 2372 claudit,
1758 2327 1894 2364 Paulus
1927 2327 2089 2363 declarat
2111 2342 2117 2362 :

1123 2392 1283 2432 Fuistis,
1298 2388 1442 2437 inquit,
1457 2389 1665 2435 aliquando
1683 2386 1865 2429 tenebrae,
1885 2399 1983 2421 nunc
1999 2395 2121 2421 autem

1124 2451 1192 2484 lua·
1207 2453 1246 2484 in
1263 2450 1437 2484 Domino,
1457 2446 1799 2483 Commutationen]
1818 2445 2033 2482 audivinms
2047 2474 2056 2490 ‚
2077 2445 2123 2481 (le

70 2503 218 2540 silentio
234 2506 489 2555 supprimere,
508 2521 590 2556 quae
608 2508 652 2544 ad
673 2509 827 2544 salutem
851 2516 950 2544 tuam
966 2521 1057 2558 spe-
1074 2511 1107 2545 D
1123 2507 1446 2544 consummatione
1469 2518 1538 2542 nos
1558 2505 1736 2541 admonet
1760 2520 1766 2540 :
1795 2506 1842 2539 L'e
1853 2505 1951 2551 filii,
1979 2505 2100 2553 inquit
2115 2535 2123 2549 ,

71 2569 170 2598 ctare
185 2564 405 2601 crediderim
425 2580 431 2601 z
451 2567 606 2615 perdere
623 2568 927 2612 familiaritatem,
945 2581 1056 2617 quam

72 2628 234 2658 teneram
255 2631 290 2659 et
310 2633 536 2662 crescentem
558 2627 678 2664 adhuc
698 2628 734 2663 in
752 2636 786 2664 te
810 2628 1056 2664 humilitatem

71 2680 282 2728 periclitari.
310 2683 494 2721 Currebas
521 2684 616 2722 bene
642 2701 649 2722 :
676 2700 766 2723 cave
796 2700 842 2723 ne
865 2687 1057 2724 fascinatio

72 2740 288 2788 nugacitatis
311 2741 484 2779 obscuret
514 2743 610 2781 bona
639 2753 736 2791 tuam,
759 2754 794 2782 ct
816 2746 953 2783 illibata
976 2760 1056 2783 ma-

71 2806 182 2834 nente
213 2801 460 2847 conscientia,
492 2803 529 2838 in
565 2803 762 2841 discrimen
795 2819 840 2842 ne
868 2807 925 2842 vel
961 2806 1056 2843 sama

69 2855 239 2894 ducatur.
274 2860 479 2908 currebas,
507 2862 681 2912 inquam,
712 2864 835 2901 bene:
862 2865 926 2902 ubi
957 2879 1055 2901 nunc

69 2915 226 2967 impigre
246 2923 451 2969 properas?
471 2923 653 2960 Currebas
671 2923 789 2961 bene:
810 2925 873 2961 scd
894 2927 984 2975 qnid
997 2955 1006 2971 ,
1024 2927 1053 2962 si

71 2986 144 3011 non
160 2980 504 3017 consummaveris?
523 2984 849 3020 Consummandus
867 2985 903 3020 in
925 2984 1007 3020 l›rex
1021 2985 1028 3019 i
1044 3013 1052 3029 ‚

1124 2570 1212 2602 luris
1226 2566 1415 2602 ambulate
1431 2565 1471 2599 Μ’.
1490 2566 1562 2612 Qui
1577 2563 1745 2600 ambulat
1760 2564 1795 2599 in
1813 2563 1887 2607 die,
1907 2576 1982 2598 non
2002 2565 2124 2600 ossen—

1123 2627 1190 2663 dit.
1221 2628 1367 2663 Crescat
1397 2625 1458 2660 lux
1492 2632 1554 2659 tua
1586 2636 1705 2671 usque
1740 2622 1785 2658 ad
1819 2631 2121 2658 consummatum

1124 2687 1291 2731 ‹liem3et
1307 2696 1390 2721 cum
1413 2683 1738 2720 consununaveris
1753 2711 1761 2727 ,
1781 2681 1975 2717 inchoasse
1996 2681 2123 2718 videa—

1124 2747 1185 2782 ris.
1205 2744 1302 2782 Audi
1324 2743 1516 2792 quomodo
1539 2743 1618 2791 ipse
1637 2742 1773 2778 Paulus
1792 2740 1967 2777 currebat
1984 2749 2019 2776 et
2042 2754 2122 2777 cre—

1122 2804 1270 2848 scebat,
1292 2816 1367 2838 non
1387 2801 1500 2837 niodo
1519 2800 1564 2836 de
1584 2799 1747 2836 tenebris
1768 2800 1803 2835 in
1826 2799 1968 2843 lucem,
1989 2799 2053 2835 sed
2073 2799 2120 2834 de

1122 2865 1204 2900 luce
1217 2865 1252 2900 in
1268 2864 1400 2899 lucem.
1416 2863 1487 2896 Nos
1500 2889 1509 2905 ,
1527 2861 1666 2909 inquit,
1679 2857 2118 2907 revelatajacie-gloriam

1123 2927 1274 2960 Domini
1285 2925 1529 2970 .=·J)(·i·alanlcs,
1546 2925 1582 2955 ia
1599 2922 1767 2955 camdem
1780 2922 1979 2967 itnagiacm
1993 2929 2117 2954 trans-

1113 2988 1324 3031 formamur
1343 2996 1366 3016 a
1387 2984 1559 3016 claritate
1580 2986 1618 3015 in
1639 2983 1846 3016 claritatem
1866 2978 1905 3014 ¹⁵.

118 3126 123 3139 ¹
142 3120 259 3152 Caulic.
274 3134 306 3160 ν,
325 3126 355 3153 ἐ.
372 3142 410 3145 —-
432 3125 530 3156 ²1sai.
548 3137 640 3162 xxiv,
666 3131 716 3157 16.
735 3145 773 3149 -
793 3126 805 3149 3
821 3127 938 3158 (lanne.
959 3140 1004 3165 iv,
1028 3133 1078 3159 Ιῖὶ.
1094 3146 1133 3150 ν-
1152 3130 1164 3154 4
1184 3128 1296 3159 limet..
1318 3139 1457 3158 x1.1x.—
1477 3126 1489 3148 5
1504 3127 1621 3156 (tanne.
1639 3138 1668 3162 x,
1688 3130 1716 3155 3.
1732 3143 1773 3147 ——
1793 3125 1883 3155 01³2..
1913 3136 1994 3156 mn,
2019 3128 2066 3152 ΙΗ.

68 3178 79 3200 7
101 3176 172 3214 Sap.
191 3185 235 3210 ιν,
264 3178 314 3206 12.
334 3194 375 3199 -—
403 3175 416 3197 ⁸
442 3177 540 3207 (zatun.
562 3189 615 3215 ιιι,
638 3181 663 3209 3.
692 3197 732 3203 —-
757 3187 772 3208 *J
798 3180 865 3210 lsai.
885 3192 946 3217 xe,
974 3185 1026 3211 ³1.
1046 3200 1089 3205 ——
1121 3188 1148 3202 ¹⁰
1168 3182 1212 3211 hl.
1236 3193 1312 3217 xix,
1342 3185 1447 3211 ts.-
1473 3186 1498 3201 ¹¹
1523 3183 1593 3210 Luc.
1613 3191 1653 3215 λ,
1680 3182 1713 3209 ῚἰΙ
1736 3202 1742 3215 ,
1768 3181 1818 3208 32.
1850 3195 1883 3199 --

1911 3182 1935 3196 ¹·'
1965 3176 2040 3205 l‘ml.
2065 3186 2122 3203 ιιι,
2144 3173 2152 3181 ’

70 3228 133 3256 2-4.
158 3246 172 3248 —
215 3226 242 3249 ¹3
259 3229 466 3264 Psal.1.xxxt.
490 3235 538 3261 11.
568 3250 598 3253 --
620 3233 648 3258 'i
669 3233 826 3275 Ep1n·>.v,
849 3239 879 3264 ⁸.
900 3253 939 3257 --
962 3233 1122 3266 “511(ἶ(ιι·.
1144 3246 1195 3269 ιιι,
1219 3237 1267 3264 18.
