2504 3928
277 203 350 239 947

891 202 1013 235 t'l'rls
1043 202 1269 246 NlYS'l'lCA,
1300 203 1384 237 SEU
1419 202 1700 237 't'n-tc'tut'ltjs

2235 200 2309 235 9²13

276 279 470 316 viriditatis
491 277 678 313 inviolata·
708 277 742 312 in
764 276 898 321 corde,
922 277 1025 326 quod
1053 286 1258 326 sequantur
1274 277 1403 313 ⁴⁷'non
1426 276 1556 322 hahet,
1574 276 1726 312 habehit
1743 276 1779 312 in
1799 275 1916 312 vohis.
1936 279 2064 326 Agnus
2079 276 2219 325 quippe
2233 276 2312 319 ille,

278 345 423 385 Agnmn
438 365 446 377 ‚
462 348 642 384 sponsum
659 335 866 382 virginmn,
885 348 1124 385 quocumque
1139 337 1221 372 ierit
1240 344 1262 372 ¹.
1282 342 1309 373 Α
1331 350 1439 384 quem
1459 349 1525 371 vos
1540 348 1780 384 ‹piot-umque
1801 335 1906 379 ierit,
1928 334 2145 383 sequimini,
2167 346 2234 369 nec
2250 346 2314 369 eos

280 401 371 433 Eece
392 396 576 442 xirginnm
609 394 804 443 pra-mium
835 394 1043 442 singulare,
1068 408 1134 444 per
1162 395 1264 444 quod

277 463 452 504 quartum
477 454 605 489 folium
628 453 729 488 lloris
756 453 819 488 lilii
843 453 1078 501 designatum
1096 454 1184 502 quia
1204 468 1263 490 se-

278 522 448 563 quuntur
472 519 617 561 ,ignum
647 526 888 562 quorumque
907 514 1001 550 ierit.
1024 517 1107 561 Quo
1129 515 1181 550 ire
1200 528 1265 563 pu-

279 582 399 609 tamus
426 573 524 608 hune
549 576 694 621 :ignum
710 600 718 615 ‚
745 586 820 620 quo
845 586 955 608 nemo
975 574 1078 622 sequi
1097 586 1181 609 eum
1205 573 1261 608 vel

277 632 436 676 audeat,
456 632 512 666 vel
538 631 658 666 vatent
683 631 750 667 nisi
778 633 866 667 ros?
887 646 982 680 qm),
1001 633 1151 681 inquam
1165 661 1174 677 ‚
1197 646 1266 682 pu-

280 702 398 728 tamus
419 704 504 726 eum
535 690 616 726 ire?

640 690 676 726 in
699 704 793 739 quos
813 692 952 727 saltus?
972 692 1006 727 in
1029 705 1112 740 quae
1139 701 1243 742 prata
1254 695 1267 727 Ξ)

279 752 371 788 Illuc
391 751 553 794 (estimo,
573 749 636 785 ubi
658 758 744 785 sunt
758 763 846 786 vera
861 751 1016 799 gaudia,
1041 765 1116 787 non
1134 752 1267 800 gaudia

279 810 391 858 hujus
409 808 538 845 mundi
559 822 674 853 vana,
698 809 847 855 insana,
864 811 1055 847 mendacia
1069 841 1078 857 ,
1096 825 1163 847 nec
1181 825 1269 859 gau-

280 870 339 906 dia
353 869 475 919 qualia
493 869 529 904 in
546 869 626 918 ipso
645 882 761 917 regno
777 870 843 906 Dei
859 870 1001 906 caeteris
1020 879 1244 921 praestantur
1259 884 1266 904 ε

280 929 344 965 sed
370 943 389 965 a
418 928 560 964 ca’teris
587 937 687 964 sorte
715 928 886 965 distincta
918 929 1050 978 gaudia
1081 929 1265 978 virginum

279 988 434 1032 Christi,
458 987 503 1023 de
524 987 690 1033 ctu-isto,
723 1002 806 1024 eum
844 989 1013 1034 Christo,
1043 997 1127 1038 post
1157 989 1265 1026 Chri-

1332 395 1472 430 ‹leseret
1488 423 1496 438 ‚
1511 395 1573 442 qni
1591 407 1675 429 eum
1698 407 1773 430 non
1800 394 1924 429 valent
1948 393 2053 441 sequi
2069 406 2146 441 quo
2163 405 2229 428 vos
2247 404 2315 440 po-

1333 454 1446 489 testis.
1480 453 1784 501 (⁷)mnip0tentcm
1817 456 1965 500 Agnum
2008 451 2222 500 loquimur,
2252 449 2315 498 qui

1333 526 1400 547 vos
1415 511 1578 561 przeihit,
1594 521 1629 547 et
1644 511 1689 548 ab
1706 512 1757 548 eis
1773 524 1846 547 non
1870 510 2006 556 abibit,
2027 523 2110 545 eum
2132 509 2201 545 erit
2218 513 2317 546 Deus

1332 573 1457 607 onmia
1479 572 1513 607 in
1545 571 1742 616 ‹minibus;
1768 579 1805 606 et
1833 571 1898 619 qui
1929 571 2050 606 minus
2075 568 2269 606 habebunt
2296 580 2317 603 a

1334 631 1460 675 vobis,
1485 645 1559 667 non
1579 630 1785 666 horrebunt
1806 644 1813 666 :
1834 629 1896 666 ubi
1915 629 2012 665 enim
2035 629 2135 664 nulla
2150 627 2318 663 inviden-

1336 691 1382 726 tia
1404 699 1477 735 est,
1504 703 1660 726 concors
1679 698 1734 725 est
1761 689 1984 725 (lissei-entia.
2008 687 2224 724 Pra‘sumite
2250 686 2318 722 ita-

1334 763 1425 798 que,
1446 749 1642 792 confidite,
1669 748 1900 785 roboramini
1921 756 1956 782 et
1976 755 2191 796 permanete
2217 746 2252 781 in
2273 759 2318 780 eo

1334 808 1434 857 quod
1458 809 1633 852 vovistis,
1665 816 1702 844 et
1735 807 1877 844 reddite
1908 806 2072 842 Domino
2094 809 2172 841 Deo
2193 812 2319 840 vestro

1335 876 1422 904 vota
1460 876 1651 917 perpetuae
1679 867 1939 911 continentiae,
1964 878 2038 901 non
2069 873 2319 914 tantumpro-

1335 936 1418 976 pter
1444 939 1630 963 :erumnas
1666 926 1859 975 praesentis
1887 925 2011 961 saeeuli
2034 923 2223 968 vitandas,
2255 922 2319 959 sed

1335 987 1453 1023 multo
1479 986 1593 1035 magis
1615 993 1772 1035 propter
1793 984 1908 1021 futuri
1930 983 2054 1020 saeculi
2078 983 2228 1018 delicias
2244 983 2320 1018 sin-

280 1058 399 1092 stum‚
422 1061 489 1098 pcr
510 1048 717 1094 Christum,
745 1048 879 1097 gaudia
905 1050 1060 1098 propria
1081 1049 1267 1097 virginum
1290 1044 1315 1076 Β
1332 1047 1501 1090 gustares,
1525 1059 1617 1094 quas
1639 1044 1746 1081 nobis
1774 1044 2015 1093 spiritualiter
2044 1047 2172 1091 Agnus
2194 1050 2322 1078 noster

283 1109 431 1146 Christi.
459 1111 541 1144 Non
561 1116 647 1144 sunt
665 1107 794 1144 eadem
811 1121 883 1144 non
905 1109 1093 1157 virginum
1107 1137 1115 1152 ‚
1138 1108 1174 1144 id
1195 1117 1269 1154 est,

279 1181 410 1205 eorum
437 1168 597 1216 quinon
625 1177 711 1204 sunt
732 1168 918 1217 virgines,
947 1169 1118 1217 ‹piamvis
1148 1176 1269 1204 tamen

280 1228 354 1263 sint
369 1227 516 1264 Christi.
536 1229 627 1262 Nam
645 1235 731 1263 sunt
745 1227 825 1263 aliis
846 1227 977 1275 gaudia
998 1228 1090 1272 alia;
1109 1227 1172 1263 sed
1190 1228 1271 1263 nul-

279 1286 324 1322 lis
355 1287 452 1322 talia.
485 1289 702 1335 Sequuntur
730 1290 876 1335 Agnum
908 1299 1149 1335 quocumque
1187 1287 1269 1322 ierit

279 1346 368 1394 quia
385 1345 479 1391 Agni
496 1358 582 1380 caro
605 1345 732 1392 utique
750 1345 856 1392 virgo
874 1353 940 1380 cst.
962 1348 1042 1380 Hoc
1059 1344 1157 1380 enim
1178 1345 1214 1380 in
1234 1357 1271 1380 se

282 1403 435 1440 retinuit
452 1416 535 1438 cum
554 1411 649 1438 esset
666 1403 702 1437 in
721 1415 878 1451 corpore
892 1431 900 1447 ‚
922 1402 1026 1451 quod
1047 1415 1123 1438 non
1144 1401 1271 1438 abstu—

281 1463 322 1498 lit
344 1461 466 1498 Matri.
491 1461 604 1508 Virgo
622 1460 720 1495 enim
738 1473 783 1495 ex
803 1460 950 1510 Virgine
967 1469 1173 1509 conceptus
1189 1469 1269 1496 est:

280 1529 316 1557 et
341 1528 449 1556 natus
468 1517 583 1567 Virgo
609 1518 655 1554 de
674 1518 827 1567 Virgine
844 1546 853 1563 ,
877 1527 913 1555 et
933 1527 1019 1568 post
1038 1519 1269 1554 nativitatem

280 1593 365 1616 cum
392 1579 544 1628 Virgine
565 1586 683 1614 matre
704 1579 908 1627 permansit
927 1579 1063 1629 Virgo,
1084 1587 1216 1614 auctor
1235 1586 1272 1614 et

279 1649 424 1684 custos,
451 1647 487 1674 et
518 1638 662 1674 amator
691 1637 912 1686 virginitatis
939 1651 982 1674 ac
1009 1647 1272 1674 remunerator

279 1698 506 1748 largissimus
521 1697 707 1734 Dominus
727 1701 834 1734 Jesus
850 1697 1028 1735 Christus.
1050 1697 1185 1734 Merito
1200 1697 1270 1746 igi-

281 1766 342 1793 tur
357 1770 441 1793 eum
464 1765 675 1805 sequuntur
691 1756 801 1791 etiam
823 1756 859 1791 in
878 1755 945 1792 hac
964 1756 1038 1792 vita
1058 1755 1272 1804 virginitate

1337 1105 1503 1141 Christus
1524 1104 1705 1140 transiens
1730 1103 1965 1140 ministrabit.

1394 1165 1476 1200 109.
1499 1167 1663 1201 Caveant
1679 1171 1800 1199 autem
1822 1163 1983 1211 virgines
2003 1162 2157 1206 Christi,
2187 1174 2233 1197 ne
2248 1174 2319 1210 pu-

1337 1223 1475 1259 eriliter
1507 1224 1714 1272 intelligant
1739 1237 1746 1257 2
1782 1223 1830 1259 ita
1856 1231 1895 1258 ut
1927 1223 2042 1258 solam
2072 1221 2320 1270 virginitatem

1336 1282 1490 1318 credant
1528 1282 1597 1318 sibi
1633 1283 1803 1319 sufficere
1837 1281 1883 1318 ad
1919 1281 2151 1330 sequendum
2174 1284 2321 1330 Agnum

1337 1341 1424 1385 Dei,
1451 1354 1690 1389 quocumque
1720 1341 1827 1385 ierit;
1860 1354 1942 1376 cum
1971 1341 2051 1389 ipsc
2083 1345 2212 1390 Agnus
2247 1353 2321 1375 non

1337 1400 1456 1435 solum
1474 1399 1696 1447 virginitatis
1716 1399 1883 1435 semitam
1897 1428 1907 1443 ,
1928 1399 2004 1435 imo
2024 1399 2134 1434 etiam
2154 1399 2322 1434 omnium

1336 1458 1519 1494 virtutum
1539 1459 1633 1495 viam
1660 1458 1817 1494 incedat.
1842 1461 2001 1507 Oportet
2028 1472 2116 1507 ergo
2141 1458 2322 1506 virginem

1336 1518 1471 1555 Christi
1498 1519 1667 1554 omnium
1693 1518 1873 1554 virtutum
1894 1518 2027 1553 itinere
2041 1547 2049 1563 ‚
2070 1518 2178 1554 etiam
2199 1518 2236 1553 in
2257 1518 2325 1554 hac

1336 1577 1436 1623 vita,
1462 1582 1609 1626 Agnum
1640 1578 1978 1614 mansuetissimum
2005 1577 2164 1622 itnitari;
2196 1577 2226 1613 si
2247 1577 2326 1613 vult

1337 1637 1424 1673 illuc
1445 1638 1599 1682 venire,
1632 1637 1695 1674 ubi
1726 1638 1806 1674 sine
1842 1638 1915 1674 line
1943 1650 2053 1682 eum,
2086 1649 2326 1686 quocumque

1338 1695 1443 1742 ierit,
1483 1705 1675 1746 sequetur.
1710 1696 1911 1744 Quomodo
1938 1696 2036 1732 enim
2071 1704 2195 1745 posset
2220 1696 2323 1744 sequi

1336 1755 1444 1804 virgo
1468 1755 1629 1805 superba
1660 1760 1808 1805 Agnum
1844 1755 1882 1790 in
1903 1754 2122 1790 humilitatis
2154 1755 2213 1790 via
2237 1767 2324 1804 gra-

279 1816 404 1852 cordis
436 1824 472 1851 et
508 1815 649 1859 carnis,
685 1828 926 1864 quocumque
961 1815 1059 1850 ierit.
1093 1814 1191 1862 Quid
1217 1823 1272 1851 est
1291 1813 1317 1848 C
1336 1813 1524 1859 dientem,
1553 1814 1598 1850 ad
1621 1827 1733 1863 quem
1760 1814 1863 1850 nullo
1894 1813 2007 1849 modo
2027 1812 2202 1849 accedet?
2223 1826 2326 1862 quo-

279 1876 377 1911 enim
399 1875 524 1923 sequi,
547 1874 616 1910 nisi
639 1874 800 1909 imitari?
827 1873 912 1922 quia
948 1873 1111 1909 Christus
1135 1888 1271 1921 passus

279 1944 330 1970 est
346 1948 413 1982 pro
434 1933 547 1976 radulf,
570 1936 781 1981 relinquens
800 1933 903 1969 vobis
922 1935 1134 1981 eaeemplam
1146 1961 1156 1976 ‚
1176 1933 1272 1969 sicut

278 1995 327 2030 ait
345 1994 537 2044 apostolus
548 1996 697 2038 Petrus,
711 2002 750 2028 ut
761 1997 969 2040 sequamini
982 1994 1136 2041 vestigia
1152 1993 1228 2037 ejus
1245 1999 1270 2028 ².

279 2057 388 2090 Hunc
410 2053 445 2089 in
467 2066 511 2089 eo
539 2053 698 2102 quisque
722 2052 892 2102 sequitur
906 2081 915 2099 ,
938 2052 975 2088 in
996 2065 1072 2101 quo
1088 2052 1269 2096 imitatur,

278 2113 316 2148 in
339 2126 415 2161 quo
437 2113 594 2148 multum
617 2112 662 2148 ad
688 2112 909 2148 imitandum
932 2111 1163 2162 proponitur
1188 2125 1271 2148 om—

280 2171 408 2217 nibus3
440 2171 632 2220 virginitas
665 2179 788 2207 autem
822 2171 944 2207 carnis
977 2183 1052 2207 non
1083 2170 1271 2207 omnibus.

279 2235 362 2268 'Non
383 2231 483 2266 enim
502 2230 641 2266 hahent
658 2230 748 2279 quid
767 2231 901 2266 saciant
913 2259 922 2275 ‚
947 2238 988 2266 ut
1005 2230 1168 2278 virgines
1185 2230 1269 2266 sint.

280 2293 493 2339 Sequantur
508 2290 634 2337 itaque
653 2293 798 2337 Agnum
815 2289 936 2325 caeteri
952 2289 1099 2334 fideles,
1120 2289 1183 2337 qui
1200 2289 1273 2323 vir-

280 2350 471 2397 ginitatem
489 2349 661 2397 corporis
681 2348 909 2392 amiserunt,
933 2361 1008 2383 non
1030 2360 1271 2395 quocumque

282 2410 383 2453 ierit;
415 2408 478 2445 sed
510 2421 750 2457 quocumque
781 2407 850 2455 ipsi
884 2415 1074 2455 poterunt.
1111 2410 1271 2443 Possunt

276 2478 399 2505 autem
428 2469 464 2504 in
484 2466 661 2503 omnihus
682 2466 903 2510 virtutibus,
937 2466 1006 2501 nisi
1027 2478 1109 2501 cum
1136 2465 1174 2500 in
1199 2465 1267 2500 de-

277 2542 362 2564 core
383 2527 607 2575 virginitatis
627 2525 823 2561 inceditur.
845 2524 1047 2572 Quomodo
1069 2524 1166 2560 enim
1185 2532 1270 2573 post

1337 1873 1449 1909 modo
1472 1873 1708 1910 mitissimum
1736 1873 1944 1909 iracunda?
1961 1872 2154 1921 quomodo
2175 1872 2324 1909 ferven-

1337 1940 1410 1969 tem
1447 1933 1626 1969 charitate
1664 1932 1817 1969 invida?
1850 1932 2044 1981 quomodo
2078 1932 2325 1981 largissimum

1337 1994 1471 2029 avara?
1500 1992 1693 2042 quomodo
1724 1991 1892 2029 sobrium
1925 1991 2050 2028 ebria?
2079 1991 2258 2029 Ambulat
2286 1992 2323 2027 in

1339 2051 1442 2087 omni
1470 2051 1529 2087 via
1563 2051 1731 2087 omnium
1765 2050 1947 2086 virtutum
1976 2054 2107 2100 Agnus
2130 2065 2137 2086 :
2160 2049 2326 2086 ambulet

1338 2111 1388 2148 sie
1409 2119 1445 2147 et
1467 2111 1574 2159 virgo
1594 2110 1750 2160 cupiens
1780 2113 1927 2159 Agnum
1958 2110 2108 2146 imitari.
2130 2110 2183 2146 Sit
2204 2109 2323 2155 mitis,

1339 2171 1385 2206 sit
1406 2170 1578 2215 humilis,
1608 2170 1654 2205 sit
1679 2169 1856 2205 charitate
1884 2170 2050 2214 fervens,
2071 2169 2118 2206 sit
2138 2169 2236 2218 larga
2250 2197 2260 2214 ,
2280 2169 2326 2205 sit

1339 2229 1488 2272 alacris,
1521 2229 1568 2265 sit
1601 2228 1748 2273 sohria3
1776 2236 1812 2264 et
1831 2227 2038 2264 imitabitur
2058 2233 2205 2276 Agnum
2226 2242 2324 2276 quo—

1339 2302 1499 2337 cumque
1514 2289 1617 2325 ierit:
1631 2288 1794 2336 denique
1812 2287 2070 2324 merebiturab
2086 2289 2166 2337 ipso
2183 2300 2324 2336 sponso

1338 2362 1405 2384 suo
1434 2348 1585 2392 audire,
1617 2350 1738 2393 Quam
1762 2348 1909 2395 pulchri
1933 2356 2016 2382 sunt
2033 2360 2177 2394 gressus
2204 2352 2259 2382 tui
2285 2352 2322 2382 ite

1337 2410 1594 2442 calceamentis
1607 2407 1792 2452 t111's,fili(1
1806 2410 1988 2453 princepis
2004 2405 2036 2441 3!
2060 2406 2235 2455 Specialis
2251 2407 2323 2442 lilia

1335 2467 1405 2503 Dei
1423 2466 1671 2515 principis,et
1690 2465 1842 2500 domina
1864 2477 1993 2514 regum
2012 2465 2195 2501 universae
2214 2473 2322 2501 terrae

1336 2525 1405 2561 erit
1430 2525 1552 2560 anima
1577 2524 1788 2573 virginalis,
1809 2523 1917 2572 cujus
1948 2537 2095 2573 gressus
2126 2537 2323 2560 commen-

276 2601 360 2623 eum
384 2586 491 2622 ibunt
518 2586 650 2621 itinere
669 2585 865 2634 virginali,
886 2585 947 2633 qui
967 2584 1025 2620 hic
1045 2584 1266 2628 amiserunt,
1287 2581 1318 2614 D
1338 2584 1475 2620 dantur
1496 2584 1532 2619 in
1550 2584 1823 2619 calceamentis.
1845 2587 1915 2619 Per
1931 2584 2180 2619 calceamenta
2199 2592 2322 2619 autem

279 2645 379 2696 quod
401 2645 504 2680 nullo
525 2644 638 2681 modo
656 2644 864 2692 recipiunt?
885 2647 959 2679 Vos
976 2656 1084 2691 et'g0‚
1112 2656 1134 2678 o
1155 2643 1270 2692 virgi-

279 2718 343 2741 nes
371 2703 472 2752 ejus,
498 2704 546 2739 ite
567 2711 651 2752 post
671 2715 755 2738 eum
771 2731 779 2746 ‚
802 2715 886 2750 quae
908 2711 1063 2751 propter
1083 2702 1152 2738 hoc
1172 2715 1271 2750 quo-

277 2776 438 2812 cumque
470 2763 569 2807 ierit,
594 2762 792 2810 sequimini
817 2775 924 2806 emn,
952 2761 1115 2797 tenendo
1144 2774 1270 2810 perse-

279 2831 452 2858 veranter
481 2821 583 2870 quod
614 2821 788 2864 vovistis,
813 2821 989 2856 ardenter
1023 2821 1130 2856 facite
1164 2820 1266 2868 quod

278 2882 453 2931 potestis,
478 2895 524 2917 ne
554 2880 776 2929 virginitatis
809 2880 948 2916 bonum
979 2879 1088 2915 vobis
1119 2888 1267 2929 pereat,

277 2941 335 2976 eui
355 2941 465 2977 semel
485 2940 660 2989 pei-(litte,
682 2940 800 2975 faeere
824 2939 912 2975 nihil
932 2939 1106 2988 potestis,
1127 2947 1167 2974 ut
1186 2938 1270 2975 retl-

278 3008 347 3035 eat.
378 3004 408 3035 ()
439 3008 578 3047 quanta
606 3011 689 3034 cum
717 2999 984 3044 admiratione,
1015 3006 1156 3046 quanto
1186 3012 1270 3035 cum

279 3058 416 3107 gaudio
432 3058 573 3094 videbit
592 3072 656 3094 vos
673 3067 803 3094 cretera
822 3057 1024 3094 multitudo
1038 3066 1268 3102 sanctorum,

283 3130 365 3166 quae
383 3122 528 3166 Agrium
553 3117 598 3153 ad
625 3118 701 3153 hrec
719 3118 823 3166 sequi
852 3131 927 3153 non
947 3120 1086 3166 potest!
1108 3117 1271 3163 Videbit,

281 3190 346 3213 nec
367 3176 547 3212 invidebit
567 3190 573 3211 :
593 3185 627 3212 et
649 3176 873 3213 collaetando
903 3176 1028 3222 vobis,
1055 3176 1156 3226 quod
1176 3177 1211 3212 in
1233 3190 1272 3213 se

330 3309 336 3323 ¹
367 3307 454 3344 tpsw.
475 3305 570 3337 xix-,t
600 3303 622 3330 i.
655 3319 680 3322 —
699 3304 736 3331 Ἰ
759 3304 837 3331 l‘ctr.
855 3311 898 3339 ii,
921 3304 972 3330 ftt.
996 3320 1030 3322 ἡ
1052 3298 1194 3331 ‘Cautum
1214 3312 1279 3337 vii,
1303 3304 1327 3330 t.

1337 2643 1540 2692 accipimus
1572 2643 1743 2692 exempla
1778 2651 2032 2688 mortuorum3
2068 2642 2155 2691 quia
2183 2643 2324 2679 calcea—

1337 2711 1461 2738 menta
1478 2704 1570 2738 liunt
1586 2703 1631 2738 de
1651 2703 1808 2739 mortuis
1828 2702 2064 2738 animalibus.
2088 2702 2234 2738 Pulchri
2254 2703 2321 2751 igi-

1337 2770 1397 2797 tur
1416 2770 1502 2798 sunt
1516 2775 1663 2809 gressus
1685 2762 1872 2811 virginum
1889 2762 1925 2797 in
1943 2762 2200 2798 calceamentis
2213 2791 2222 2807 ,
2237 2776 2321 2798 cum

1334 2821 1472 2857 directe
1493 2830 1702 2869 sequuntur
1730 2834 1796 2871 per
1819 2821 1917 2857 viam
1950 2822 2130 2857 virtutum
2153 2821 2320 2857 omnium

1334 2884 1483 2929 Agnum
1499 2881 1684 2917 Christum
1706 2894 1775 2930 pro
1791 2880 1878 2929 ipsis
1900 2889 2089 2916 mortuum
2103 2908 2112 2924 ,
2131 2893 2201 2929 pro
2221 2885 2325 2929 Agno

1336 2948 1474 2989 paratae
1506 2940 1615 2975 etiam
1647 2940 1736 2989 ipsre
1773 2952 1890 2988 usque
1919 2939 1964 2974 ad
2002 2947 2160 2975 mortem
2191 2947 2228 2975 et
2259 2953 2326 2988 per

1338 3007 1517 3044 mortem,
1546 2999 1574 3035 si
1594 3012 1742 3035 neeesse
1759 3008 1838 3044 est,
1867 2998 1971 3047 sequi
1991 3002 2162 3047 Agnum;
2186 2999 2222 3034 in
2243 3012 2326 3034 om-

1338 3059 1376 3094 ni
1407 3059 1500 3094 sacto
1530 3059 1739 3095 munientes
1771 3059 1885 3107 pedes
1916 3059 2117 3093 al'lectuum
2147 3071 2324 3103 suorum,

1338 3118 1518 3167 exemplis
1549 3118 1680 3167 optimi
1711 3117 1806 3166 Agni
1841 3122 1928 3154 Jesu
1962 3116 2117 3159 Christi,
2149 3116 2327 3154 adversus

1338 3186 1549 3227 serpentem
1573 3177 1806 3214 insidiantem
1833 3177 2007 3212 calcanco
2031 3175 2217 3224 virginali,
2239 3190 2323 3212 cum
