2504 3928
338 217 430 253 1:323

926 219 984 251 ot:
1021 217 1354 254 EXCELLEN'HA
1385 221 1444 253 SS.
1476 218 1782 252 SACRAMENTI

2284 221 2375 259 1324

338 298 467 329 Oleum
487 295 643 340 131]stme
668 306 798 327 nomeu
820 302 915 327 Illum
934 299 955 328 ¹.
982 296 1060 328 Nou
1081 301 1204 329 autem
1223 293 1323 329 aliud
1335 291 1378 310 ¹³⁷¹
1394 293 1640 335 creationem,
1666 304 1774 328 suum
1809 292 2005 341 specialius
2031 296 2176 330 Patrem
2204 308 2283 332 esse
2311 311 2380 347 per

337 367 470 389 nomen
492 362 545 388 est
560 381 568 395 ,
589 353 623 388 iu
650 365 726 400 quo
751 352 885 387 salvari
906 360 1089 401 oporteat.
1113 355 1196 402 Ipse
1224 353 1323 389 enim
1345 350 1374 382 Α
1395 351 1674 400 dignationem,
1698 350 1784 400 quia
1806 350 1886 400 ipse
1912 354 2020 387 Pater
2042 360 2096 388 est
2114 354 2280 390 omnium
2309 368 2380 404 pu-

334 413 432 448 salus
460 420 537 455 est,
563 412 626 460 qui
652 412 794 447 salvum
823 411 930 447 faciet
958 412 1140 460 populum
1168 424 1275 448 suum
1307 426 1327 448 a

337 471 496 520 pcccatis
529 483 658 506 eorum
679 475 705 505 ².
745 470 872 506 Dulcis
909 470 946 505 in
982 483 1118 519 opere,
1150 471 1185 506 in
1228 471 1327 507 ccle-

337 531 450 566 bratis
477 530 684 574 miraculiS,
707 531 740 566 in
765 530 1025 578 peccatoribus
1050 531 1260 574 conversis,
1289 530 1326 566 in

335 598 567 626 sacramento
608 589 781 638 pretiosae.
819 589 976 633 mortis,
1013 589 1114 637 quod
1155 589 1327 625 humanm

338 649 528 685 blanditur
546 649 764 684 infirmitati.
787 652 828 684 Iu
850 648 919 684 hoc
941 649 1039 684 enim
1059 649 1217 685 charitas
1235 662 1327 698 pra*-

337 709 456 753 suls-it,
487 708 606 756 pietas
639 707 754 756 magis
784 707 955 750 emicuit,
991 708 1107 755 gratia
1146 707 1230 756 plus
1265 721 1327 743 ra-

339 770 468 805 (havit.

398 828 433 864 3.
470 828 652 863 Caeterum
688 825 800 874 longe
830 824 974 860 dulcior
1003 824 1074 860 erit
1102 824 1140 860 in
1173 823 1328 860 Deitatis

337 888 479 923 visione
493 915 501 931 ,
519 884 672 934 quando
694 883 944 920 manifestabit
961 896 1000 919 se
1017 883 1138 932 ipsum
1162 883 1327 918 residens

335 959 449 996 super
469 946 602 981 solium
625 958 701 994 prae
721 943 897 979 omnibns
920 943 1120 979 excelsum.
1141 946 1245 978 Tunc
1266 955 1325 978 sa—

337 1006 489 1042 tiabitur
518 1004 743 1040 desiderium
775 1011 943 1039 nostrum
967 1017 974 1038 :
1004 1002 1105 1050 quod
1140 1001 1328 1050 Propheta

1393 411 1568 460 pillorum
1591 423 1658 459 per
1678 410 1832 458 gratiam
1850 409 2006 458 :quibus
2019 411 2192 448 videlicet
2213 422 2381 450 mortuus

1392 478 1447 505 est
1480 476 1586 518 pater
1616 482 1799 517 nequam,
1820 469 1855 505 id
1885 478 1939 505 est
1962 471 2144 516 mundus,
2172 480 2207 508 et
2234 481 2382 509 mortua

1392 537 1447 564 cst
1465 537 1581 564 mater
1604 529 1763 577 pessima
1777 556 1786 573 ‚
1806 528 1842 564 id
1865 537 1920 565 est
1939 531 2096 567 carnalis
2116 532 2383 581 concupiscen—

1395 588 1454 623 tia.
1476 592 1610 624 Beatus
1632 587 1695 636 qui
1712 587 1838 624 dicere
1857 588 1990 634 audet,
2012 590 2075 638 qui
2093 589 2216 626 dicere
2232 598 2355 639 potest
2373 605 2381 627 ε

1394 649 1508 682 Pati-r
1521 660 1620 682 meus
1637 656 1673 681 et
1688 655 1806 682 mater
1819 660 1902 682 mea
1922 649 2193 696 dereliquerunt
2209 663 2266 684 me
2276 676 2286 694 ‚
2305 652 2383 685 Do-

1393 711 1511 741 minus
1544 715 1664 741 autem
1692 710 1893 753 assumpsit
1921 705 2016 743 me⁶.
2040 706 2150 744 Videt
2173 720 2324 756 quoque
2347 715 2386 744 et

1393 766 1504 802 sentit
1526 766 1659 802 Filium
1687 766 1755 802 Dei
1779 766 1928 821 fratrem
1956 778 2063 802 suum
2088 767 2383 803 amantissimum

1393 838 1491 869 esse,
1514 825 1577 874 qui
1601 826 1780 874 parvulus
1805 839 1875 875 pro
1902 825 2010 862 nobis
2031 826 2147 864 factus
2161 855 2170 873 ,
2191 827 2303 863 frater
2321 840 2384 863 re—

1394 899 1482 921 vera
1499 893 1554 921 est
1575 885 1820 935 parvulorum
1836 914 1845 930 ,
1871 885 1907 921 id
1928 894 1983 923 est
2004 886 2212 922 humilium.
2242 888 2386 921 Narra-

1393 943 1452 985 bo,
1472 944 1610 992 inquit,
1627 958 1760 979 nonime
1779 953 1878 979 tmem
1884 942 2071 990 fratribus
2087 949 2176 979 meis
2187 973 2196 990 ‚
2213 949 2251 980 in
2265 947 2386 980 medio

1394 1005 1558 1037 ‹ww-lexico
1583 1003 1742 1038 laudabo
1769 1013 1804 1039 te
1817 1010 1843 1039 7.
1877 1003 1985 1040 Videt
2009 1012 2045 1040 et
2072 1004 2183 1039 sentit
2208 1004 2385 1053 Spiritum

340 1065 556 1102 desiderans
582 1062 723 1107 aiebat,
749 1062 828 1098 Tibi
858 1064 958 1096 divit
983 1075 1046 1096 cnr
1073 1074 1189 1096 meum
1202 1089 1212 1103 ‚
1246 1063 1330 1095 lsae-
1349 1062 1375 1094 B
1396 1070 1564 1098 sanctum
1580 1076 1601 1098 a
1622 1066 1726 1098 l’atrc
1743 1071 1779 1098 et
1795 1063 1887 1099 Filio
1905 1062 2192 1112 procedentem,
2210 1062 2388 1100 domesti-

339 1128 484 1172 quisivi!
510 1132 542 1158 tt·
563 1122 687 1169 facies
715 1135 822 1164 mea,·
852 1119 987 1162 faciem
1016 1129 1140 1162 ticam,
1165 1121 1329 1163 Domine,

341 1189 530 1232 requiram
546 1183 570 1218 ³.
600 1184 699 1226 Quid
720 1185 816 1216 euim
839 1180 928 1214 milii
947 1188 1000 1214 est
1016 1185 1053 1213 1η
1073 1182 1183 1222 coelo,
1205 1187 1240 1213 et
1258 1192 1281 1213 (ι
1298 1187 1332 1213 te

339 1245 431 1291 quid
454 1245 555 1278 volui
580 1255 691 1289 super
710 1250 843 1275 terram
854 1239 893 1274 4?
911 1247 946 1274 et
964 1238 1074 1283 alibi,
1103 1237 1332 1285 Adimplehis

340 1316 396 1337 me
413 1305 546 1336 loetitin
567 1313 648 1335 cum
671 1302 771 1334 vultu
792 1308 851 1333 mo
865 1297 890 1333 5.
914 1297 1025 1334 Unde
1044 1297 1244 1345 pretiosior
1265 1296 1325 1331 di-

339 1363 435 1397 citur
456 1360 559 1396 faciei
589 1359 703 1402 visit),
725 1370 834 1405 quam
856 1356 999 1404 speculi
1027 1356 1203 1403 frequens
1236 1355 1328 1390 ima-

339 1420 491 1471 ginatio.
512 1422 592 1455 Nou
615 1417 712 1453 enim
736 1415 813 1464 pari
834 1414 991 1450 omnino
1005 1413 1240 1462 jucunditate
1260 1426 1327 1448 su-

341 1481 455 1516 mitur
479 1486 605 1513 cortex
629 1474 869 1517 sacramenti,
889 1481 925 1509 et
946 1472 1108 1508 medulla
1131 1472 1332 1517 frumenti,

344 1539 434 1575 fides
446 1546 483 1574 et
495 1535 639 1586 species
650 1564 658 1580 ,
674 1533 854 1570 memoria
868 1541 905 1568 et
922 1531 1131 1581 praesentia,
1147 1531 1335 1566 aeternitas

343 1608 378 1635 et
411 1607 576 1646 tempus,
603 1594 797 1644 speculum
826 1601 862 1628 et
890 1592 1041 1635 vultus,
1064 1591 1186 1638 imago
1211 1590 1279 1626 Dei
1299 1597 1335 1626 et

345 1660 463 1694 forma
488 1656 598 1693 servi.
620 1654 689 1690 Hic
709 1660 833 1689 autem
859 1649 1095 1687 ambulamus
1115 1662 1183 1698 per
1204 1649 1335 1694 fidem,

346 1717 506 1754 necdum
533 1728 601 1765 per
620 1712 793 1763 speciem.
822 1710 975 1747 Interim
1004 1709 1169 1745 deliciari
1190 1716 1226 1745 et
1242 1721 1336 1758 gau-

345 1778 433 1814 ‹lere
462 1774 643 1812 debemus
672 1773 708 1808 in
736 1774 975 1808 Sacramento
1003 1768 1150 1813 altariS,
1172 1768 1210 1804 in
1230 1767 1336 1817 cujus

1397 1134 1480 1157 cum
1505 1121 1573 1157 sibi
1603 1133 1700 1165 csse,
1729 1120 1911 1156 fautorem
1939 1129 1974 1156 et
1995 1119 2229 1157 defensorem
2254 1133 2384 1166 suum,

1396 1181 1481 1228 quia
1500 1181 1578 1230 ipse
1598 1180 1812 1215 consolator
1834 1188 1890 1215 cst
1911 1193 1998 1215 vere
2019 1180 2298 1229 poenitentium,
2319 1181 2388 1217 ad-

1396 1248 1550 1275 vocatus
1566 1240 1600 1275 in
1623 1252 1661 1275 se
1681 1239 1925 1287 sperantium.
1943 1239 2051 1275 Videt
2071 1240 2205 1275 iterum
2224 1248 2260 1275 et
2277 1239 2390 1276 sentit

1397 1298 1584 1347 angelicos
1596 1297 1747 1346 spiritus
1761 1297 1992 1346 profectibus
2006 1298 2081 1334 suis
2097 1298 2368 1347 applaudentes
2378 1327 2388 1343 ,

1393 1364 1430 1392 et
1446 1365 1486 1392 ut
1501 1356 1666 1391 concivis
1682 1355 1848 1404 ipsorum
1864 1355 2023 1392 adscribi
2043 1365 2241 1401 mereatur,
2255 1357 2390 1393 arden—

1400 1415 1470 1450 tius
1488 1414 1683 1450 inhiantes.
1703 1417 1775 1450 Ista
1798 1414 1961 1450 Ecclesia
1983 1415 2281 1464 promptuarium
2302 1415 2389 1464 qui-

1400 1473 1483 1509 dem
1500 1482 1554 1510 est
1568 1486 1698 1509 eorum
1713 1473 1777 1522 qui
1793 1473 1830 1509 in
1849 1473 1948 1510 coelis
1963 1474 2164 1523 conscripti
2178 1482 2275 1510 sunt.
2294 1473 2390 1511 Huic

1401 1533 1573 1570 Ecclesiae
1588 1533 1649 1569 illa
1665 1545 1748 1581 quae
1764 1532 1955 1582 suspensis
1967 1532 2118 1581 organis
2133 1531 2178 1568 ad
2193 1535 2312 1569 Deum
2327 1545 2392 1568 su-

1402 1592 1517 1641 spirat
1536 1591 1658 1627 adhuc.
1680 1604 1794 1640 super
1815 1591 1967 1627 flumina
1987 1591 2208 1640 Babylonis,
2223 1591 2392 1640 originali

1400 1651 1623 1700 cognatione
1654 1650 1919 1700 conjungitur,
1949 1659 1985 1687 et
2010 1651 2168 1687 naturali
2189 1651 2388 1696 affinitate,

1402 1710 1570 1746 moribus
1587 1719 1624 1746 et
1641 1710 1738 1746 votis
1755 1710 1898 1746 unitur.
1918 1708 1975 1747 Ab
1995 1723 2040 1745 eo
2065 1709 2193 1759 utique
2222 1710 2394 1746 ministro

1401 1769 1464 1818 qui
1482 1768 1698 1817 hujusmodi
1716 1777 1788 1815 est,
1806 1769 1947 1805 vitulus
1964 1768 2150 1817 saginatus
2164 1797 2172 1813 ‚
2192 1769 2336 1818 integer
2351 1781 2394 1805 ac

344 1834 579 1873 confectione
597 1832 715 1869 fidelis
736 1831 905 1867 minister
925 1829 1068 1864 invenit
1088 1841 1126 1864 se
1153 1828 1275 1877 ipsum
1295 1828 1333 1864 in
1355 1831 1382 1866 C
1402 1828 1610 1877 perfectus,
1629 1841 1747 1878 agnus
1766 1828 1983 1873 anniculus,
2001 1828 2135 1877 plenus
2154 1837 2190 1864 et
2209 1828 2392 1864 immacu-

346 1895 470 1932 medio
495 1895 613 1930 Patris
635 1900 672 1929 et
691 1891 773 1929 Filii
794 1898 831 1926 et
859 1880 1018 1938 Spiritus
1044 1887 1181 1931 sancti,
1208 1895 1337 1923 astan-

347 1954 446 1990 tibus
471 1954 582 1990 etiam
600 1966 646 1988 ex
666 1951 769 1987 omni
794 1950 908 1985 latere
930 1948 1102 1998 supernis
1123 1946 1334 1983 ordinibus.

346 2017 627 2050 Sacramentum
659 2007 884 2060 praenobile,
908 2007 1126 2056 mysterium
1156 2018 1338 2055 superex-

345 2072 514 2108 cellentis
541 2070 670 2120 gloriae
701 2068 849 2105 affectat
879 2075 916 2102 et
944 2066 1100 2114 requirit
1133 2065 1337 2114 plurimum

350 2133 518 2169 festivam
546 2128 798 2166 celebritatem
827 2136 899 2163 tam
929 2126 1130 2162 illustrium
1157 2137 1339 2174 persona-

349 2205 445 2227 rum.
469 2188 660 2238 Quidquid
676 2187 722 2223 de
743 2199 895 2222 ascensu
918 2184 1120 2221 sacerdotis
1137 2184 1174 2219 in
1193 2184 1255 2220 illa
1274 2183 1340 2219 ho-

350 2266 387 2287 ra
414 2264 478 2287 seu
505 2250 675 2299 profectu
700 2246 851 2296 cogitari
874 2253 996 2294 potest
1022 2244 1079 2280 vel
1103 2243 1200 2288 dici,
1230 2244 1339 2292 longe

352 2311 446 2346 iufra
464 2309 682 2357 dignitatem
704 2304 871 2341 veritatis
890 2312 957 2340 est.
977 2303 1033 2339 lbi
1050 2302 1244 2338 deliciatur
1261 2302 1339 2338 ani—

353 2383 434 2405 mus
455 2369 543 2404 boni
564 2365 767 2403 sacerdotis
787 2377 824 2400 se
846 2364 928 2412 ipso
948 2362 1058 2398 altior
1077 2362 1252 2406 effectus3
1276 2374 1340 2396 co-

352 2438 481 2472 natur,
502 2427 670 2470 festinat,
699 2423 888 2465 ascendit‚
911 2421 1043 2457 crescit
1072 2419 1278 2465 desider103
1306 2427 1342 2455 et

353 2496 494 2537 quanto
513 2485 627 2534 magis
644 2495 789 2519 sursum
811 2482 964 2526 tollitur,
985 2488 1087 2516 tanto
1104 2478 1264 2528 amplius
1281 2491 1343 2514 ex-

355 2554 542 2589 tenuatur,
557 2544 605 2579 ita
623 2550 661 2578 ut
679 2553 828 2577 omnem
851 2548 1009 2575 terrenae
1029 2544 1343 2586 concupiscentia?

1404 1888 1516 1932 latus,
1538 1900 1620 1923 cum
1651 1887 1754 1923 omni
1782 1887 1982 1933 suavitate,
2003 1887 2218 1924 dulcissimo
2238 1900 2391 1937 sapore,

1403 1947 1611 1998 gratissima
1638 1945 1877 1994 jucunditate
1904 1947 2132 1997 percipitur,
2160 1955 2197 1983 et
2222 1955 2396 1996 sumptus

1404 2019 1478 2042 non
1507 2007 1753 2043 consumitur.
1783 2006 1896 2044 Cibus
1915 2006 2014 2043 enim
2043 2007 2128 2043 vitae
2154 2015 2228 2053 est,
2252 2006 2316 2056 qui
2347 2005 2395 2043 de

1404 2066 1500 2101 coelo
1521 2064 1725 2101 descendit.

1462 2124 1519 2161 10.
1547 2128 1705 2161 Potesne
1728 2124 1911 2161 aestimare
1927 2125 2039 2173 quale
2058 2124 2117 2161 vel
2140 2133 2320 2174 quantum
2342 2131 2398 2160 cst

1406 2183 1477 2219 hoc
1501 2186 1676 2220 Sanctum
1704 2191 1942 2229 sanctorum,
1965 2191 2003 2219 et
2028 2186 2308 2219 Sacramentum
2334 2195 2396 2219 sa—

1406 2251 1683 2278 cramentorum
1695 2271 1704 2288 ,
1721 2255 1827 2278 amor
1843 2255 2012 2279 amorum
2025 2271 2033 2287 ,
2050 2241 2209 2278 dulcedo
2229 2241 2396 2277 omnium

1406 2301 1671 2337 dulcedinum?
1687 2305 1775 2337 Haec
1791 2310 1878 2338 sunt
1892 2315 1980 2337 vere
1998 2301 2086 2337 festa
2102 2300 2304 2350 paschalia,
2320 2300 2399 2335 haec

1407 2369 1494 2397 sunt
1507 2360 1639 2409 gaudia
1655 2369 1691 2396 et
1706 2361 1845 2397 fercula
1861 2361 1983 2396 vitalia
1997 2360 2184 2408 justorum
2197 2388 2206 2403 ,
2220 2359 2298 2395 hcec
2311 2367 2400 2395 sunt

1407 2420 1619 2468 spirituales
1638 2420 1779 2456 deliciae
1804 2419 1992 2467 justorum
2018 2427 2055 2455 et
2077 2427 2304 2455 sanctorum.
2329 2418 2398 2454 Hic

1408 2478 1589 2514 bibuntur
1608 2479 1644 2514 in
1666 2479 1747 2514 loco
1771 2478 1876 2514 uberi
1899 2486 2085 2514 torrentes
2105 2478 2225 2522 lactis,
2244 2477 2399 2513 flumina

1409 2537 1548 2582 mellis,
1570 2537 1733 2586 liquores
1753 2536 1906 2572 balsami
1935 2537 2102 2573 coelestis.
2128 2539 2216 2573 Haec
2236 2534 2401 2571 eflicitur

357 2605 529 2642 nebulam
551 2613 779 2650 evaporans,
808 2607 907 2635 totus
927 2598 1129 2647 spiritualis
1151 2596 1341 2632 hominem
1362 2608 1393 2641 D
1411 2609 1483 2632 una
1499 2610 1585 2632 caro
1603 2609 1739 2645 sponsa
1755 2609 1839 2632 cum
1857 2608 2016 2645 sponso,
2035 2608 2132 2631 unus
2149 2595 2302 2645 spiritus
2315 2608 2400 2630 san-

357 2668 391 2701 in
411 2664 562 2700 homine
579 2669 710 2704 exuat,
727 2660 813 2695 etin
833 2657 1053 2694 abscondito
1071 2656 1175 2692 faciei
1192 2654 1343 2692 Domini

355 2725 547 2774 glorietur.
572 2726 645 2758 Nec
670 2719 768 2756 enim
796 2717 843 2754 ab
869 2718 1005 2753 intuitu
1033 2715 1285 2766 propitiatorii
1306 2714 1343 2750 in

356 2789 486 2821 Sancta
517 2789 731 2817 sanctorum
757 2791 860 2814 mens
880 2777 940 2826 pia
961 2777 1198 2820 thurificans,
1219 2783 1255 2811 et
1275 2774 1344 2810 de-

357 2845 459 2880 votio
480 2842 691 2879 sacrificans
707 2837 928 2887 prohibetur
945 2850 952 2872 :
972 2836 1034 2872 scd
1055 2836 1126 2872 rari
1145 2844 1231 2871 sunt
1250 2847 1346 2883 quos

357 2904 401 2940 ad
429 2900 694 2953 profunditatis
718 2898 828 2946 hujus
854 2897 1024 2932 cardines
1049 2895 1190 2945 puritas
1209 2894 1345 2930 admit—

358 2972 425 3008 tat,
446 2974 541 3010 quos
562 2957 775 3008 hujusmodi
796 2957 944 2992 culmen
965 2955 1169 2992 sanctitatis
1188 2953 1343 3002 integri-

358 3032 412 3058 tas
433 3019 613 3069 rapieudo
630 3017 811 3054 sustollat.

418 3082 453 3116 5).
488 3078 595 3115 Videt
629 3077 752 3124 itaque
789 3074 955 3109 minister
985 3080 1133 3109 sanctus
1163 3080 1200 3107 et
1232 3071 1344 3107 sentit

355 3145 473 3176 Deum
507 3135 761 3186 spiritualiter,
787 3134 851 3182 qui
874 3136 981 3169 Pater
1007 3140 1061 3167 est
1085 3131 1254 3167 omnium
1274 3144 1343 3180 per

1410 2664 1466 2691 cta
1484 2655 1606 2691 anima
1622 2669 1705 2691 cum
1723 2655 1880 2692 Christo.
1901 2655 2138 2704 Experientia
2155 2654 2289 2690 horum
2305 2661 2342 2689 et
2357 2653 2400 2689 si-

1410 2714 1552 2750 milium
1566 2743 1576 2759 ,
1597 2715 1749 2763 spiritus
1767 2723 1803 2751 et
1822 2715 1896 2750 vita
1917 2723 1974 2751 est
1991 2729 1998 2751 :
2016 2727 2083 2750 nec
2102 2713 2270 2750 animalis
2288 2713 2401 2749 homo

1410 2773 1544 2809 horum
1566 2787 1676 2810 sensu
1697 2774 1832 2811 fruitur
1852 2775 1909 2810 vel
1929 2786 2090 2811 accessu.
2110 2772 2228 2810 Amici
2253 2772 2401 2822 sponsi,

1411 2833 1448 2869 id
1474 2841 1548 2879 est,
1575 2832 1665 2869 boni
1691 2834 1876 2883 episcopi,
1899 2833 1988 2869 boni
2011 2831 2186 2877 abbates,
2213 2840 2250 2867 et
2276 2830 2400 2867 caeteri

1413 2892 1576 2928 timorati
1595 2900 1632 2928 et
1650 2893 1812 2942 religiosi
1832 2893 1923 2937 viri,
1945 2899 2189 2942 gustaverunt
2202 2898 2240 2927 et
2259 2890 2401 2940 plenis-

1411 2951 1504 2987 sime
1531 2960 1618 2987 sunt
1642 2952 1786 3001 experti
1815 2951 1917 3001 quod
1946 2964 2014 2988 nos
2038 2951 2206 2987 dicimus.
2236 2949 2402 2998 Ideoque

1410 3010 1455 3046 ad
1485 3023 1649 3047 mensam
1674 3012 1798 3048 altaris
1820 3011 2050 3061 frequentius
2070 3010 2271 3055 accedunt,
2299 3010 2401 3045 omni

1412 3078 1580 3119 tempore
1608 3071 1764 3107 candida
1797 3071 1971 3107 facientes
2002 3070 2248 3114 vestimenta,
2275 3068 2310 3103 id
2346 3076 2403 3104 est

1410 3142 1591 3178 corpora,
1621 3140 1732 3180 prout
1758 3139 1916 3180 possunt
1943 3130 2095 3174 melius,
2124 3137 2255 3178 utpote
2282 3132 2400 3165 Deum

409 3270 413 3282 ¹
441 3262 558 3293 (Iantic.
581 3272 609 3297 1,
631 3264 659 3290 2.
676 3276 718 3281 —
739 3264 749 3279 ²
766 3257 879 3289 Matth.
898 3269 927 3294 ι,
950 3260 1003 3287 21.
1019 3276 1059 3279 --
1080 3255 1092 3278 3
1113 3257 1190 3287 Psal.
1211 3267 1309 3293 xxx-1,
1333 3258 1361 3286 8.
1379 3256 1448 3281 ——11
1470 3256 1547 3286 l’sal.
1563 3267 1653 3285 mxxii
1668 3279 1674 3291 ,
1694 3258 1747 3286 25».
1771 3274 1809 3277 —
1829 3253 1842 3276 5
1863 3255 1939 3285 l’sal.
1959 3266 2013 3293 xv,
2039 3258 2087 3285 ΙΙ.
2109 3274 2115 3277 -
2134 3274 2149 3276 ἡ
2170 3251 2185 3274 ⁶
2206 3253 2284 3284 Psal.
2307 3263 2400 3289 xxvi,

366 3320 414 3345 tt»,
488 3321 500 3342 Τ
524 3314 600 3343 P-at.
619 3323 695 3348 xxi,
722 3314 773 3339 253.
