2418 3949
809 587 1462 677 ADMONITIO

667 804 731 850 IN
781 806 1147 866 SEQUENTES
1197 803 1591 852 TRACTATUS.

160 1184 195 1218 1.
219 1179 274 1218 Ut
293 1179 468 1231 Epistola
493 1179 542 1217 ad
567 1179 704 1218 sratres
730 1179 778 1218 de
796 1179 1035 1217 Monte-Dei
1051 1210 1060 1227 ,
1079 1182 1130 1218 sic
1160 1187 1347 1218 tractatus
1368 1179 1416 1218 de
1433 1179 1749 1231 Contemplando
1767 1180 1864 1228 Deo,
1883 1194 1925 1217 ac
1944 1179 1992 1217 de
2017 1179 2171 1217 Natura

105 1252 144 1282 et
171 1243 370 1296 Dignitate
390 1244 547 1291 amoris,
580 1243 778 1282 Bernardo
799 1244 999 1294 suppositi,
1020 1244 1196 1283 fuerunt.
1228 1244 1407 1282 Priorem
1440 1245 1588 1283 auctori
1622 1259 1693 1284 suo
1721 1243 1914 1297 Guigoni,
1937 1246 2168 1295 posteriores

104 1307 319 1348 Guillelmo
334 1308 468 1346 abbati
483 1307 876 1346 Sancti-Theoderici
893 1322 1014 1359 prope
1031 1309 1192 1356 Remos,
1208 1318 1341 1360 postea
1355 1308 1549 1347 monacho
1567 1308 1799 1360 Signiacensi
1816 1311 2020 1349 restituere
2037 1310 2167 1347 visum

105 1383 183 1422 est,
205 1383 324 1425 atque
342 1374 437 1413 huic
456 1374 616 1412 editioni
638 1375 821 1413 inserere.
846 1374 952 1412 Nam
972 1383 1232 1425 praeterquam
1253 1374 1361 1425 quod
1381 1375 1420 1411 in
1444 1373 1643 1425 plerisque
1661 1388 1702 1411 ac
1724 1374 1895 1412 melioris
1912 1383 2011 1413 notae
2028 1374 2167 1412 codici-

103 1438 180 1476 bus
195 1440 470 1490 manuscriptis
490 1440 516 1476 ii
534 1448 720 1477 tractatus
743 1438 948 1477 Guillelmi
964 1453 1111 1486 nomen
1130 1439 1363 1490 praeferunt3
1386 1439 1541 1477 eosdem
1560 1440 1640 1490 ipse
1667 1439 1737 1477 sibi
1769 1439 1908 1477 tribuit
1927 1440 2166 1478 Guillelmus

105 1504 144 1541 in
159 1502 271 1541 brevi
287 1503 502 1555 praeloquio
519 1504 757 1551 Tisseriano,
776 1503 885 1554 quod
905 1504 1088 1553 operibus
1108 1505 1187 1541 suis
1203 1503 1523 1554 praeinittendum
1552 1505 1721 1554 scripsit,
1740 1504 1928 1555 quodque
1948 1505 2166 1555 praefationi

105 1567 296 1620 Guigonis
312 1568 352 1605 in
372 1568 576 1619 epistolam
592 1582 704 1606 suam
727 1567 828 1606 male
845 1577 1023 1606 assutum
1041 1569 1159 1606 fuisse
1175 1568 1433 1606 ostendimus.
1451 1569 1501 1607 Et
1520 1570 1557 1605 in
1572 1568 1683 1607 brevi
1703 1570 1787 1618 ejus
1802 1569 1900 1608 Vitae
1916 1570 2164 1621 compendio,

103 1632 212 1684 quod
231 1646 278 1670 ex
301 1633 531 1671 membrana
553 1633 797 1671 Radoliensis
817 1634 1041 1672 monasterii
1064 1633 1273 1681 habemus,
1299 1632 1418 1670 iidem
1438 1642 1625 1671 tractatus
1644 1647 1734 1670 cum
1753 1633 1836 1671 aliis
1864 1633 1991 1672 eidem
2014 1637 2161 1673 auctori

105 1697 367 1736 vindicantur.
390 1697 633 1736 Membranae
651 1698 771 1736 verba
790 1698 869 1736 huc
888 1698 1034 1738 referre
1062 1712 1140 1736 non
1160 1697 1311 1750 pigebit
1334 1714 1343 1735 z
1375 1716 1391 1731 «
1422 1697 1544 1735 Porro
1566 1698 1708 1749 ingenii
1732 1699 1790 1735 sui
1808 1712 1850 1735 ac
1875 1698 1993 1736 studii
2019 1714 2168 1738 monu-

109 1780 124 1796 »
151 1771 287 1801 menta
304 1776 384 1801 non
404 1762 689 1801 contemnenda
708 1763 888 1815 reliquit,
913 1778 959 1802 ex
979 1763 1125 1814 quibus
1145 1776 1191 1801 ea
1209 1762 1338 1801 solum
1356 1762 1514 1810 notabo,
1538 1777 1625 1813 quae
1645 1763 1731 1801 visu
1749 1771 1787 1800 et
1804 1762 1968 1802 lectione
1984 1765 2165 1815 probavi.

106 1845 123 1860 n
149 1826 286 1866 Vitam
317 1828 438 1866 sancti
461 1827 649 1865 Bernardi
681 1828 848 1866 scribere
877 1842 1100 1880 aggressus,
1129 1842 1228 1879 opus
1257 1841 1532 1866 consummare
1562 1842 1641 1865 non
1670 1829 1800 1879 potnit
1824 1845 1831 1866 :
1856 1828 2003 1867 librum
2032 1839 2163 1868 tamen

107 1909 123 1925 n
150 1906 299 1939 unum,
328 1901 366 1930 et
394 1893 525 1943 ipsum
552 1894 750 1943 primum,
772 1902 810 1931 et
829 1907 907 1932 non
937 1893 1097 1932 modicae
1117 1894 1361 1945 quantitatis,
1380 1892 1559 1930 absolvit.
1583 1892 1726 1930 Contra
1748 1895 1979 1945 magistrum
2000 1895 2163 1934 Petrum

106 1973 123 1989 »
150 1955 436 2004 Abaelardum,
458 1958 525 2007 qui
546 1957 726 2008 qufedam
750 1957 838 1995 fidei
859 1972 937 1996 non
955 1972 1121 1996 consona
1146 1959 1226 1996 suis
1254 1957 1438 2009 operibus
1465 1958 1704 2004 inseruerat,
1727 1957 1875 1995 librum
1901 1972 2027 1996 unum
2046 1959 2167 1998 edidit

107 2038 123 2054 »
152 2019 311 2071 eloquio
328 2030 564 2068 venustum,
586 2021 661 2059 fide
675 2021 911 2060 catholicum
924 2053 933 2070 ,
954 2023 1102 2060 ratione
1123 2036 1348 2060 nervosum.
1372 2023 1479 2060 Fecit
1495 2036 1654 2072 quoquc
1674 2022 1773 2060 duos
1796 2022 1966 2070 libellos,
1991 2038 2162 2074 quorum

108 2104 123 2119 »
149 2098 277 2123 unum
299 2085 482 2137 AEnigma
502 2084 613 2134 fidei,
632 2086 800 2124 alterum
819 2087 1033 2137 Speculum
1052 2087 1141 2126 fidei
1160 2089 1378 2125 nominavit
1401 2104 1409 2125 ε
1438 2088 1477 2124 in
1499 2087 1645 2137 quibus
1670 2087 1843 2126 breviter
1859 2098 1897 2127 ct
1915 2099 2046 2139 aperte
2065 2091 2163 2141 quid

109 2168 123 2183 »
149 2150 199 2188 sit
213 2149 452 2188 credendum
472 2149 655 2188 ostendit.
674 2150 803 2201 Super
820 2150 977 2189 Cantica
997 2154 1239 2190 canticorum
1262 2151 1453 2190 moralem
1479 2153 1762 2202 expositionem
1782 2156 2001 2204 composuit
2021 2172 2029 2192 ε
2053 2157 2164 2205 cnjus

106 2233 122 2248 n
149 2215 276 2266 operis
306 2216 486 2253 meminit
514 2216 554 2252 in
581 2216 672 2255 Vita
701 2218 822 2254 sancti
857 2217 1059 2254 Bernardi.
1094 2218 1161 2255 Est
1191 2217 1291 2254 alius
1322 2215 1498 2266 ejusdem
1526 2216 1624 2254 liber
1643 2217 1690 2254 de.
1717 2217 1869 2255 Natura
1898 2229 1935 2257 et
1965 2219 2162 2271 Dignitate

105 2297 122 2312 »ι
148 2280 306 2327 amoris,
328 2293 449 2330 quem
479 2279 697 2318 secundum
716 2282 837 2332 ipsius
854 2283 1059 2319 materiam
1085 2280 1402 2320 Anti-Nasonem
1431 2295 1641 2332 possumus
1670 2282 1883 2332 appellare.
1908 2285 1952 2321 In
1980 2299 2025 2322 eo
2055 2288 2161 2325 enim

106 2362 123 2378 n
150 2358 291 2383 verum
310 2345 471 2383 instruit
489 2344 794 2396 philosophum,
816 2346 962 2397 quibus
986 2346 1172 2397 gradibus
1200 2355 1239 2384 et
1266 2345 1393 2384 modis
1415 2348 1536 2397 possit
1562 2355 1600 2385 et
1627 2346 1766 2385 debeat
1785 2349 1823 2385 in
1852 2348 1924 2386 Dei
1955 2350 2160 2391 dilectione

107 2427 122 2444 υ
149 2410 405 2461 proficere....
425 2409 482 2448 De
500 2410 664 2462 Physica
677 2441 686 2459 ,
705 2411 743 2448 id
761 2420 818 2449 est
840 2419 981 2449 natura
1000 2413 1171 2462 corporis
1190 2420 1228 2450 ct
1243 2412 1402 2459 animae,
1420 2411 1581 2450 brevem
1602 2413 1917 2463 compilationem
1942 2414 2126 2456 formavit
2149 2435 2157 2455 :

107 2492 122 2508 »
146 2483 192 2513 ut
209 2475 304 2525 quia
322 2488 361 2512 se
382 2475 512 2525 ipsum
531 2489 756 2526 cognoscere
775 2476 923 2514 fruetus
940 2485 997 2514 est
1013 2476 1182 2513 discendi
1202 2477 1438 2527 przecipiffls,
1454 2477 1564 2526 juxta
1586 2477 1685 2514 illud
1700 2477 1807 2528 quod
1823 2478 1872 2516 de
1892 2479 1986 2517 cmlo
2002 2480 2160 2520 descen-

106 2558 123 2573 »
147 2539 225 2587 dit,
248 2549 342 2579 Γνῶθι
360 2549 503 2587 σεαυτόν,
525 2540 717 2591 simplices
742 2540 900 2579 lectores
924 2541 975 2579 ad
992 2541 1164 2592 aliquam
1186 2541 1246 2580 vel
1272 2542 1534 2579 inchoativam
1562 2544 1618 2579 sui
1648 2544 1910 2593 cognitionem
1934 2547 2157 2586 instrueret.

107 2622 123 2639 n
150 2605 219 2643 Est
237 2614 276 2644 et
292 2606 449 2644 libellus
471 2607 591 2657 ipsius
607 2608 668 2643 cui
687 2606 825 2644 titulus
840 2616 916 2654 cst,
935 2606 982 2644 de
1002 2606 1315 2656 Contemplando
1333 2607 1436 2652 Deo;
1457 2607 1496 2643 in
1513 2620 1593 2657 quo
1616 2608 1696 2644 sinc
1722 2606 1844 2644 dubio
1864 2620 2022 2660 propter
2041 2612 2160 2650 autisi-

105 2688 122 2703 »
145 2671 337 2709 cationem
358 2670 571 2722 legentium
592 2671 640 2708 (le
655 2685 726 2709 sua
744 2671 920 2722 loquitur
935 2671 1266 2721 contemplatione
1281 2670 1342 2708 his
1363 2671 1487 2709 verbis
1507 2688 1515 2708 ε
1539 2690 1554 2703 u
1575 2671 1624 2708 Et
1642 2685 1952 2722 nonnunquam,
1975 2674 2156 2721 Domine,

108 2754 122 2768 »
147 2736 257 2786 quasi
275 2734 414 2773 clausis
433 2735 554 2773 oculis
571 2735 619 2773 ad
642 2744 676 2773 tc
699 2735 842 2783 hianti,
862 2737 984 2773 mittis
1009 2736 1106 2774 milii
1137 2737 1174 2773 in
1195 2750 1236 2774 os
1252 2736 1395 2779 cordis,
1414 2735 1522 2785 quod
1549 2750 1624 2773 non
1645 2735 1731 2774 licet
1750 2737 1844 2773 milii
1864 2739 1958 2776 scire
1980 2741 2075 2790 qnid
2093 2744 2153 2781 sit.

106 2817 122 2833 n
151 2800 339 2851 Saporem
354 2802 500 2851 quippe
515 2801 639 2838 sentio
655 2800 810 2838 dulcem
827 2800 925 2838 adeo
939 2801 1241 2848 confortantem,
1256 2809 1301 2837 ut
1313 2802 1341 2837 si
1355 2802 1606 2851 pei-liceretur
1625 2802 1660 2838 in
1680 2815 1758 2847 mc,
1780 2802 1875 2839 niliil
1895 2803 1947 2841 ιιΙι
1959 2820 1965 2841 ι
1977 2820 1995 2841 a
2013 2821 2159 2855 quan-e-

109 2883 123 2898 »
151 2879 246 2904 rem.
269 2864 529 2915 »Composuit
546 2874 585 2902 et
604 2874 811 2904 tractatum
830 2879 907 2903 non
925 2880 1113 2916 parvum,
1132 2867 1244 2915 cujus
1260 2875 1315 2902 est
1336 2867 1597 2915 epigramma,
1621 2866 1858 2904 Meditatira‘
1876 2871 2074 2907 orations-s
2094 2888 2098 2908 :
2121 2875 2157 2910 in

109 2948 123 2963 ι.
150 2944 231 2981 quo
246 2945 323 2968 non
347 2945 426 2968 una
453 2932 579 2969 utitur
607 2932 788 2977 materia,
815 2931 881 2969 sed
905 2931 1056 2969 diversa
1075 2931 1227 2969 disserit
1243 2930 1432 2980 capitula3
1452 2939 1486 2966 et
1508 2932 1545 2968 in
1571 2930 1768 2982 plerisque
1791 2932 1917 2969 Deum
1936 2934 2155 2986 alloquens,

110 3012 124 3027 »
151 2996 374 3046 propriam,
391 2995 681 3033 multiformem
698 2995 855 3034 discutit
876 2996 1165 3033 conscientiam.
1199 2996 1240 3032 ln
1267 2994 1338 3031 lioc
1364 3009 1480 3044 opere
1504 3005 1665 3045 apparet
1684 2997 1874 3046 p1·;r‹·ip11c
1896 2999 1962 3035 viri
1993 3002 2100 3038 istius
2123 3006 2158 3041 in

107 3076 124 3091 n
152 3059 282 3097 Deum
298 3074 375 3098 non
390 3074 516 3109 amor,
533 3060 599 3098 sed
614 3061 743 3099 ardor.
764 3061 813 3098 Et
829 3074 984 3106 revera,
1008 3069 1051 3097 ut
1071 3075 1168 3105 reor,
1187 3061 1366 3110 quisquis
1396 3059 1467 3097 hoc
1498 3062 1559 3111 pie
1585 3071 1621 3097 ct
1643 3061 1770 3098 sobrie
1798 3062 1892 3113 leget
1908 3094 1915 3102 ,
1942 3078 2158 3113 qnantum-

108 3140 125 3156 »
151 3122 244 3161 libet
265 3124 464 3176 religiosus
481 3133 518 3163 ct
541 3124 697 3172 sciolus,
716 3126 752 3162 in
782 3125 920 3161 timore
945 3133 1074 3162 tamen
1099 3124 1273 3169 Domini,
1303 3125 1339 3161 in
1366 3125 1424 3161 sui
1452 3126 1586 3174 majori
1606 3127 1823 3177 cognitione
1843 3138 1879 3164 et
1903 3131 2040 3166 minoi-i
2060 3135 2158 3168 asr-

109 3206 125 3220 »ι
155 3189 326 3227 matione
353 3190 542 3240 proficiet.
565 3190 655 3228 Non
683 3189 822 3228 dubito
847 3190 944 3240 quin
975 3189 1049 3226 alia
1066 3189 1215 3227 cmlcrit
1233 3189 1420 3239 opuscula
1450 3207 1456 3227 :
1485 3189 1549 3227 sed
1578 3200 1717 3240 pia-ter
1747 3191 1823 3228 lnrc
1848 3191 2032 3230 hactenns
2053 3196 2158 3234 milla

112 3270 127 3284 n
156 3254 265 3302 potui
288 3254 469 3304 reperire.
492 3272 506 3285 n
