2418 3949
226 259 328 296 1393
879 261 1042 298 SERMO
1071 262 1123 297 IN
1151 263 1313 298 VERBA
1342 263 1620 298 SAPIENTIAE.
2179 262 2271 299 1394

219 337 395 385 ignorant
409 339 530 373 Deum
550 342 572 372 ¹.
593 336 679 373 Noli
693 349 862 385 quaerere
880 336 1096 373 thesaurum
1114 337 1214 373 hunc
1224 336 1255 355 ⁷⁰

1259 337 1468 387 ⁷quatenus
1483 338 1551 375 etsi
1570 338 1651 388 ipse
1675 336 1814 382 trahat,
1837 336 1906 386 ipsi
1929 344 2053 373 tamen
2069 337 2179 374 inniti
2200 352 2278 375 non

218 395 319 432 inter
336 396 462 445 spinas
482 404 519 432 et
545 395 703 432 tribulos
722 396 906 432 saecularis
924 396 1126 442 illecebrae,
1147 410 1217 434 nec
1234 399 1265 433 A
1283 398 1410 447 possit.
1439 400 1525 434 Non
1550 406 1606 434 est
1630 396 1785 433 omnino
1808 397 1888 433 sine
1915 410 1974 440 eo,
2002 397 2090 445 quia
2109 411 2193 434 cnm
2217 411 2281 434 re—

220 454 258 490 in
279 454 382 490 silvis
405 454 579 491 ruditatis
607 455 780 504 antiquae.
802 459 886 492 'Non
911 456 1010 492 enim
1036 456 1075 492 in
1096 457 1189 493 silva
1203 485 1213 502 ,

220 513 285 550 sed
313 514 351 550 in
383 527 473 563 agro
499 513 742 551 absconditus
768 523 835 552 est.
856 519 1008 563 Quaeras
1036 516 1075 552 in
1109 529 1213 566 agro,

220 571 284 608 ubi
305 581 520 609 saturantur
538 573 639 622 ligna
658 574 799 624 campi,
816 583 853 610 et
872 574 938 611 ubi
962 588 1132 624 passeres
1153 576 1216 612 ni-

220 632 373 668 dilicant
394 646 401 668 ε
424 632 461 669 id
484 641 558 678 est,
580 633 646 669 ubi
665 634 946 671 incontinentes
966 635 1214 684 resipiscunt,

221 692 355 742 dignos
388 693 622 742 poenitentiae
660 693 803 730 fructus
835 694 1031 739 saciente53
1070 695 1216 744 prolem

220 752 399 801 gignunt,
425 765 502 788 non
528 751 600 789 sibi
622 761 785 799 tantum,
807 753 871 789 sed
900 761 937 790 et
960 753 1040 790 aliis
1066 753 1218 802 profici-

221 820 337 848 entes.
375 812 651 849 Continentiam
688 812 754 848 tibi
787 813 917 850 credas
945 813 1215 859 neeessariam,

221 878 264 906 ut
283 870 443 919 Spiritus
462 879 613 908 sanctus
633 872 696 908 fiat
712 873 750 908 in
774 881 808 909 te
829 873 912 909 fons
928 885 1034 922 aquae
1054 873 1219 909 salientis

221 930 258 966 in
280 931 396 966 vitam
422 939 612 967 aeternam.
634 935 741 981 Aqua
762 945 839 968 non
862 945 1009 968 sursum
1031 932 1132 977 salit,
1154 931 1219 968 sed

222 988 418 1026 desursum
444 1003 595 1027 necesse
622 999 678 1027 est
703 1000 746 1027 ut
772 991 912 1028 veniat,
940 994 1062 1028 Omne
1089 990 1218 1027 datum

221 1049 407 1098 optimum
427 1057 464 1085 et
489 1063 602 1086 omne
621 1050 764 1086 donum
793 1051 1001 1100 perfectum
1022 1049 1218 1086 desursum

1280 458 1436 507 pentina
1453 457 1678 506 cogitatione
1694 455 1885 492 concurrit
1901 456 2090 493 multoties
2105 457 2279 505 quaedam

1282 516 1481 553 delectatio
1503 530 1510 552 ε
1534 529 1617 565 quae
1638 524 1762 552 tamen
1786 528 1871 552 cum
1892 516 2066 561 sentitur,
2096 517 2278 565 gemitum

1283 575 1398 623 magis
1419 588 1530 624 quam
1554 587 1777 611 consensum
1796 582 2010 623 extorquet.

1339 635 1397 670 12.
1418 637 1578 670 Invento
1596 632 1813 681 hujusmodi
1835 633 2009 670 thesauro
2026 634 2063 670 in
2083 646 2172 682 agro
2189 648 2279 683 pau-

1282 693 1456 742 pertatis,
1483 700 1524 728 ut
1550 693 1588 728 in
1616 701 1715 728 tuam
1745 692 1941 729 thesaurus
1972 692 2163 742 redigatur
2192 706 2279 742 pos-

1285 752 1509 797 sessionem,
1536 751 1631 788 vade
1657 759 1693 787 et
1719 751 1841 787 vende
1879 750 2006 787 omnia
2034 764 2117 800 quae
2140 751 2275 794 habes,

1284 820 1321 847 et
1352 825 1434 848 eme
1465 824 1594 859 agrum
1619 811 1737 847 illum.
1771 810 1869 858 Quid
1902 819 1976 855 est,
2010 811 2131 847 vende
2153 812 2280 847 omnia

1284 884 1368 920 quae
1388 870 1529 907 habes?
1549 870 1783 906 Abrenuntia
1800 869 1975 906 omnibus
1993 883 2076 919 quae
2094 871 2278 919 possides,

1285 931 1413 967 exiens
1431 930 1475 966 ad
1495 934 1622 967 Jesum
1645 938 1749 966 extra
1769 938 1907 970 castra,
1931 937 1973 965 ut
1992 937 2118 978 portes
2138 931 2283 980 impro-

1286 990 1432 1039 perium
1454 990 1575 1026 crucis
1594 988 1700 1038 ejus:
1723 997 1907 1037 quatenus
1929 997 2038 1024 tantae
2062 989 2282 1026 humilitatis

1287 1049 1422 1085 merito
1440 1048 1486 1085 de
1504 1060 1658 1085 nemore
1676 1048 1822 1092 exiens,
1844 1047 1881 1082 in
1898 1060 1974 1096 quo
1995 1047 2174 1084 involutae
2196 1058 2283 1085 sunt

222 1116 296 1153 est,
320 1108 551 1145 descendens
571 1122 592 1145 a
611 1113 720 1146 Patre
742 1110 927 1145 luminum
946 1115 974 1144 ².
998 1112 1097 1157 Ergo
1117 1108 1221 1157 quod
1242 1112 1269 1146 B
1286 1108 1425 1144 semitae
1446 1108 1651 1157 impiorum
1686 1107 1751 1155 qui
1775 1107 1811 1142 in
1841 1106 1999 1142 circuitu
2032 1106 2225 1143 ambulant
2240 1107 2252 1128 ⁵
2270 1122 2280 1152 ;

223 1168 302 1203 salit
324 1168 363 1204 in
386 1168 500 1204 vitam
528 1177 728 1213 aeternam,
752 1181 772 1204 a
794 1168 868 1204 vita
890 1176 1028 1204 aeterna
1050 1168 1221 1216 prol'ecto

223 1226 428 1263 descendit.
453 1227 565 1264 Unde
597 1227 683 1263 licet
711 1239 809 1275 aqua
839 1225 1037 1262 desursum
1066 1226 1218 1272 veniat,

223 1285 294 1322 nisi
324 1285 579 1321 continentem
613 1293 652 1321 et
682 1285 871 1333 integrum
904 1284 1041 1322 habeat
1072 1285 1221 1321 condu-

222 1353 344 1390 ctum,
365 1357 512 1381 sursum
532 1357 608 1381 non
626 1344 744 1390 redit,
764 1344 829 1381 sed
848 1344 997 1381 diffluit.
1017 1345 1222 1381 Descendit

223 1405 259 1441 in
278 1413 314 1441 te
329 1405 489 1454 Spiritus
504 1412 676 1450 sanctus,
694 1404 901 1440 vivificavit
917 1403 1079 1440 animam
1098 1413 1196 1440 tuam
1208 1432 1218 1448 ,

223 1471 265 1500 ut
283 1464 320 1500 in
342 1472 376 1500 te
393 1463 498 1500 saliat
516 1464 554 1499 in
575 1463 689 1499 vitam
713 1471 905 1499 aeternam.
923 1464 1131 1500 Continens
1151 1476 1221 1499 ne-

223 1535 324 1560 cesse
343 1531 400 1560 est
419 1531 460 1559 ut
478 1523 525 1559 sit
544 1535 685 1572 corpus
713 1531 838 1568 tuum,
860 1531 1046 1571 quatenus
1066 1522 1221 1559 obtures

223 1595 334 1619 aures
363 1590 444 1618 tuas
479 1595 526 1618 ne
559 1581 688 1618 audias
721 1583 940 1632 sanguinem
954 1611 964 1628 ,
998 1590 1035 1624 et
1071 1582 1223 1618 claudas

223 1642 355 1679 oculos
382 1650 465 1678 tuos
496 1654 543 1677 ne
573 1641 702 1678 videas
734 1643 871 1677 malum
889 1640 923 1687 33
953 1655 1001 1678 ne
1031 1641 1146 1690 gratia
1176 1640 1223 1677 de

224 1702 369 1751 superis
397 1700 465 1737 tibi
495 1701 650 1745 collata,
685 1714 751 1750 per
779 1701 903 1737 minus
931 1701 1223 1750 circumspectos

224 1774 356 1798 sensus
376 1769 460 1797 tuos
481 1760 571 1796 foris
593 1760 742 1806 effluat,
772 1761 907 1810 spiritu
932 1769 996 1797 tuo
1025 1759 1162 1796 diffuso
1184 1759 1221 1795 in

225 1821 410 1857 vanitates
428 1828 466 1856 et
483 1820 646 1856 insanias
666 1819 788 1857 falsas.

1286 1179 1417 1214 agrum
1452 1179 1564 1215 quem
1599 1165 1842 1215 praediximus
1884 1165 2095 1215 possideas,
2132 1167 2168 1202 in
2205 1180 2282 1215 quo

1286 1225 1440 1275 abjectis
1466 1223 1780 1275 occupationibus
1810 1225 1985 1273 curisque
2015 1225 2280 1269 saecularibus,

1286 1299 1445 1335 corpore
1477 1285 1706 1335 composito,
1739 1292 1777 1320 et
1807 1283 1921 1320 corde
1951 1283 2123 1329 dilatato,
2155 1298 2284 1321 curras

1286 1346 1408 1381 alacer
1443 1345 1541 1381 viam
1578 1343 1841 1380 mandatorum
1880 1343 1970 1387 Dei,
2010 1356 2094 1392 quae
2130 1344 2282 1392 quidem

1287 1403 1548 1441 desiderabilia
1567 1411 1653 1439 sunt
1676 1411 1712 1438 et
1733 1402 1902 1438 dulciora
1925 1415 2038 1451 super
2065 1403 2136 1438 mel
2165 1411 2201 1439 et
2232 1404 2286 1439 sa-

1286 1477 1390 1500 vum.
1422 1464 1571 1511 Quare?
1596 1463 1691 1510 Quia
1719 1463 1757 1498 in
1790 1461 2045 1498 custodiendis
2072 1462 2145 1498 illis
2175 1462 2284 1498 retri-

1287 1523 1393 1560 butio
1412 1524 1528 1560 multa
1540 1522 1568 1560 ⁶.
1586 1524 1701 1560 Plane
1718 1522 1832 1559 multa
1845 1550 1854 1566 ,
1877 1522 1964 1571 quia
1984 1522 2284 1561 custodientibus

1288 1595 1330 1619 ea
1355 1581 1512 1618 debetur
1541 1582 1613 1618 vita
1636 1590 1789 1617 aeterna.
1815 1580 1926 1618 Unde
1943 1581 2087 1617 Veritas
2111 1595 2118 1616 ε
2143 1582 2184 1616 Si
2203 1587 2281 1626 vis,

1288 1642 1428 1690 inquit,
1461 1645 1591 1677 venire
1623 1642 1676 1675 acl
1702 1644 1840 1683 vitam,
1870 1652 1973 1674 serva
1998 1641 2178 1675 mandata
2193 1647 2218 1676 7.
2241 1644 2284 1677 In

1287 1700 1359 1737 hoc
1385 1699 1503 1749 gradu
1533 1698 1791 1743 continentiae,
1821 1698 1858 1734 in
1882 1711 1958 1747 quo
1988 1698 2152 1735 refrenas
2181 1699 2283 1748 quod

1287 1760 1468 1804 delectat,
1489 1767 1525 1795 et
1540 1757 1643 1807 quod
1668 1771 1742 1794 non
1763 1757 1924 1793 delectat
1941 1758 2128 1806 operaris,
2151 1771 2285 1806 magna

1289 1820 1356 1856 tibi
1388 1818 1574 1855 incumbit
1608 1817 1822 1861 tribulatio;
1858 1817 1944 1865 quia
1980 1816 2069 1852 dum
2100 1817 2284 1853 voluntati

283 1881 340 1916 11.
365 1883 480 1924 Nota,
502 1879 602 1916 aliud
624 1892 704 1916 esse
731 1879 1009 1924 continentem,
1033 1878 1132 1915 aliud
1155 1892 1220 1915 ca-
1243 1884 1270 1920 C
1292 1887 1364 1914 ture
1392 1885 1576 1927 repugnat
1596 1877 1706 1920 ratio,
1725 1867 1866 1912 belliun
1887 1875 2030 1923 geritur
2049 1875 2281 1912 intestinum.

226 1947 337 1977 stum.
355 1940 588 1976 Luxuriosus
607 1947 644 1975 ct
663 1947 786 1975 castus
808 1938 877 1975 sibi
899 1946 1123 1988 repugnant.
1144 1941 1223 1975 Lu-

227 1998 368 2035 xuriosi
394 2007 450 2035 est
470 2007 594 2035 motus
622 1999 779 2043 sentire,
809 2007 845 2035 et
873 1997 1038 2034 motibus
1064 2010 1223 2034 consen-

229 2057 298 2094 tire
318 2073 325 2094 :
347 2058 436 2094 casti
457 2066 512 2094 est
543 2072 610 2094 nec
638 2067 760 2094 motus
781 2057 937 2102 sentire,
960 2071 1028 2094 nec
1057 2057 1223 2094 motibus

227 2119 455 2155 consentire.
478 2120 682 2156 Continens
709 2127 765 2155 est
791 2119 826 2155 in
856 2118 994 2164 medio,
1022 2117 1225 2166 utrobique

225 2190 378 2214 sumens
394 2178 655 2227 participium3
679 2191 764 2214 cum
789 2179 908 2214 altero
933 2191 1132 2214 commune
1158 2178 1227 2214 ha-

226 2234 320 2272 bens
351 2245 473 2273 motus
502 2237 660 2282 sentire,
693 2250 776 2272 cum
809 2237 926 2273 altero
956 2236 1120 2272 motibus
1149 2249 1224 2272 non

226 2296 452 2332 consentire.
473 2300 547 2333 Iste
567 2297 730 2332 existens
744 2296 780 2332 in
799 2296 924 2332 medio
941 2295 1094 2341 domus,
1114 2295 1220 2332 deor-

226 2368 308 2391 sum
324 2355 533 2400 luxurioso,
551 2368 697 2392 sursum
713 2368 806 2392 vero
821 2355 978 2392 collatus
992 2354 1142 2405 pudico,
1157 2354 1226 2391 etsi

227 2427 304 2450 non
325 2414 363 2450 in
382 2415 567 2451 munditia
595 2415 718 2451 carnis
747 2414 1003 2464 perambulat,
1037 2423 1159 2450 tamen
1187 2414 1224 2449 in

226 2475 443 2511 innocentia
462 2474 587 2511 cordis
603 2474 776 2511 decantat
798 2473 1089 2511 misericordiam
1111 2481 1147 2509 et
1159 2472 1226 2522 ju-

228 2533 378 2570 dicium.
397 2534 585 2571 Judicium
599 2562 608 2579 ,
631 2534 735 2583 quod
753 2542 876 2570 motus
895 2534 1029 2570 sentiat
1046 2549 1054 2570 :
1079 2533 1225 2570 miseri-

227 2593 416 2637 cordiam,
455 2594 558 2643 quod
597 2594 763 2630 motibus
798 2607 874 2630 non
904 2593 1121 2630 consentiat.
1154 2597 1227 2629 Iste

1288 1937 1373 1974 'Noli
1390 1949 1480 1986 ergo
1498 1945 1668 1985 torpere,
1687 1935 1750 1972 sed
1772 1936 1873 1971 leves
1889 1935 2020 1970 oculos
2037 1943 2120 1971 tuos
2136 1935 2182 1971 ad
2199 1949 2284 1972 eum

1289 1997 1351 2046 qni
1374 1996 1513 2032 habitat
1533 1996 1570 2032 in
1588 1996 1708 2040 coelis,
1726 2009 1744 2031 a
1762 2008 1838 2044 quo
1856 1994 1980 2030 veniet
2001 1994 2065 2030 tibi
2081 1996 2260 2031 auxilium
2273 2024 2284 2040 ,

1290 2065 1330 2092 ut
1352 2069 1426 2091 non
1443 2056 1565 2091 solum
1581 2068 1822 2104 permaneas,
1843 2053 1906 2090 scd
1927 2055 2036 2091 etiam
2055 2055 2225 2103 glorieris
2248 2055 2284 2091 in

1292 2114 1610 2151 tribulationibus.
1633 2115 1742 2163 Quod
1764 2123 1887 2151 tamen
1905 2115 2013 2151 aliter
2034 2127 2109 2150 non
2136 2116 2194 2160 lit,
2217 2115 2285 2151 nisi

1292 2174 1360 2211 tibi
1381 2175 1500 2223 sapiat
1525 2177 1634 2210 Dens.

1348 2234 1406 2270 13.
1426 2237 1579 2280 Quaeras
1599 2246 1689 2281 ergo
1711 2245 1860 2268 necesse
1881 2240 1935 2267 est
1956 2232 2197 2281 sapientiam,
2220 2246 2287 2282 per

1291 2306 1402 2342 quam
1429 2292 1493 2329 tibi
1521 2293 1640 2341 sapiat
1673 2296 1794 2335 Deus,
1825 2299 1861 2327 et
1894 2291 2057 2327 mundns
2089 2291 2246 2341 desipiat
2277 2308 2284 2329 ε

1291 2366 1375 2402 qnae
1394 2366 1461 2402 per
1481 2352 1682 2402 pretiosam
1704 2352 1873 2400 signatur
1892 2353 2154 2401 margaritam;
2174 2366 2285 2400 quani

1291 2414 1354 2462 qni
1372 2413 1517 2449 invenit
1533 2412 1661 2455 homo,
1682 2411 1802 2454 vadit,
1818 2419 1855 2446 et
1870 2411 1997 2446 vendit
2015 2411 2189 2447 universa
2205 2425 2289 2461 qua‘.

1292 2472 1423 2517 babet,
1448 2480 1485 2508 et
1503 2472 1593 2508 emit
1624 2485 1704 2507 eam
1720 2469 1747 2506 ⁸.
1771 2471 1922 2507 [tinam
1949 2479 2116 2518 gustares
2145 2479 2179 2506 et
2201 2484 2289 2507 sen-

1294 2533 1382 2568 tires
1402 2545 1514 2581 qnam
1535 2531 1654 2567 dulcis
1672 2539 1725 2566 cst
1744 2530 1943 2567 Dominus!
1965 2530 2104 2565 utinam
2123 2538 2291 2578 gustares

1280 2599 1427 2641 'panem
1449 2591 1512 2640 qui
1533 2590 1578 2626 de
1599 2590 1692 2626 ewio
1721 2589 1934 2633 descendit,
1957 2588 2155 2625 habentem
2177 2603 2290 2625 omne

229 2653 362 2689 nolens
384 2653 572 2689 dimittere
591 2653 776 2702 Angelum
802 2654 925 2701 magni
955 2653 1100 2689 consilii
1132 2653 1204 2689 inci
1242 2658 1273 2692 D
1291 2652 1604 2688 delectamentum
1622 2658 1658 2685 et
1673 2650 1891 2684 suavitatem
1908 2649 2096 2697 sapon-iso!
2119 2649 2290 2685 l‘rol'eeto

230 2713 358 2762 piente
385 2726 522 2748 aurora
551 2726 660 2748 novae
691 2713 805 2757 lucis,
839 2713 904 2749 sed
936 2721 1066 2762 petens
1086 2711 1226 2748 obnixe

231 2771 532 2808 benedictionem
552 2773 863 2821 perseverantiae3
885 2772 952 2808 etsi
976 2785 1050 2808 non
1069 2772 1226 2807 omnino

231 2831 389 2880 privari,
406 2831 617 2868 claudicare
634 2841 756 2868 tamen
775 2840 940 2868 meretur
954 2831 1071 2867 altero
1088 2830 1181 2880 pede
1199 2830 1222 2865 ἱ.

231 2891 304 2939 Qui
323 2900 411 2927 sunt
431 2891 507 2928 duo
527 2891 667 2940 pedes?
690 2895 815 2928 Motus
836 2891 991 2935 sentire,
1009 2899 1045 2926 et
1063 2889 1227 2926 motibus

231 2951 458 2987 consentire.
483 2951 579 2988 lllud
610 2960 666 2987 est
685 2951 874 2995 naturale,
896 2949 994 2986 istud
1020 2958 1075 2985 est
1101 2949 1228 2985 crimi-

234 3011 327 3046 nale.
348 3010 450 3047 Licet
467 3024 557 3059 ergo
578 3010 747 3047 nondum
770 3011 943 3058 ignorare
960 3009 1075 3059 possit
1093 3022 1230 3058 pravos

235 3077 360 3105 motus
383 3069 677 3115 desideriorum,
710 3069 774 3106 sed
796 3069 919 3106 adhuc
944 3069 981 3105 in
1006 3069 1087 3118 ipso
1109 3069 1231 3115 vigeat

235 3142 300 3178 pes
320 3129 408 3174 iste;
442 3142 509 3179 per
535 3130 690 3180 gratiam
719 3138 842 3166 tamen
873 3142 1046 3179 superna„-
1074 3127 1231 3164 benedi-

235 3188 370 3225 ctionis
401 3189 451 3225 ita
479 3198 683 3226 enervatur
715 3190 753 3226 in
781 3190 864 3239 ipso
900 3202 965 3239 pes
1000 3201 1228 3232 consensus,

288 3320 293 3333 ¹
321 3313 454 3345 i't‘lw-s.
473 3327 514 3350 iv.
535 3318 550 3346 li
570 3340 576 3351 ,
599 3320 627 3346 5.
670 3335 691 3337 -
717 3321 728 3336 ²
748 3314 858 3346 Jacobi
884 3325 910 3350 1,
938 3317 986 3345 17.
1011 3331 1049 3335 --
1074 3312 1086 3334 3
1111 3313 1179 3343 lsai.
1199 3324 1304 3342 xxxiii
1321 3336 1327 3345 .
1358 3317 1405 3342 ts».
1432 3330 1468 3334 ff
1502 3319 1508 3336 ¹
1533 3314 1611 3340 (len.
1634 3321 1748 3343 xxxii,
1772 3314 1810 3340 ‘2'-
1835 3313 1873 3338 λ’)

1105 3365 1177 3396 sid.
1199 3377 1250 3393 xiii
1267 3389 1274 3401 ,
1299 3368 1333 3394 'ia
1354 3389 1359 3396 .
1389 3368 1435 3395 iti.

238 3367 472 3400 ‘'ll-ahmiu,
497 3371 621 3403 11,1’),.
662 3388 665 3389 ν
707 3375 718 3397 Τ
741 3367 854 3398 Manli.
874 3378 948 3400 xix.
972 3368 1020 3395 ΙΤ.

1292 2711 1320 2746 si
1342 2710 1432 2759 quid
1455 2709 1632 2752 liaberes,
1653 2708 1854 2752 venderes,
1876 2717 1911 2743 et
1932 2721 2173 2757 emnparares
2190 2722 2284 2744 etim.

1291 2770 1388 2817 Quid
1422 2778 1544 2805 tamen
1576 2768 1692 2804 babes
1726 2768 1908 2810 rendere,
1952 2768 2015 2816 qui
2047 2768 2171 2803 omnia
2206 2782 2290 2816 quze

1294 2829 1510 2880 possidebas
1524 2827 1723 2864 vendidisti
1739 2836 1897 2876 propter
1911 2839 2040 2876 agrum
2058 2827 2291 2876 paupertatis

1293 2888 1611 2938 comparandum,
1656 2887 1692 2922 in
1727 2900 1803 2935 quo
1839 2886 2053 2921 thesaurum
2093 2885 2291 2922 inxeneras

1294 2948 1562 2985 continentiae?
1582 2947 1674 2982 vide
1695 2946 1857 2982 ne‘sorte
1877 2944 2014 2993 duplex
2037 2945 2081 2980 sit
2106 2946 2290 2993 possessio

1297 3017 1380 3051 tua3
1404 3021 1477 3043 nna
1502 3007 1673 3049 interior,
1694 3006 1809 3041 altera
1831 3006 2008 3040 exterior.
2041 3005 2212 3040 Exterior
2236 3013 2291 3040 est

1296 3067 1484 3104 secularis
1501 3067 1671 3108 lai-ultas,
1690 3065 1845 3101 interior
1860 3073 1913 3099 est
1932 3064 2083 3113 propria
2100 3065 2286 3099 xoluntas.

1297 3126 1546 3163 Szreularibns
1581 3124 1818 3161 [multatibus
1849 3124 2140 3162 alirennntiasti.
2164 3124 2291 3157 miens

1297 3187 1342 3223 ad
1363 3190 1489 3224 Jesnni
1511 3195 1615 3222 extra
1642 3194 1760 3221 castra
1788 3183 1898 3233 liujus
1919 3185 2055 3219 sset-nli.
2081 3183 2212 3219 Adline
2235 3192 2289 3218 ta-

1981 3308 1990 3329 5
2014 3309 2090 3339 l‘sal.
2112 3319 2141 3337 xi
2159 3332 2164 3338 .
2194 3314 2211 3337 ἵ)

1512 3368 1610 3405 ”Sap
1634 3375 1710 3394 xxi.
1733 3367 1784 3391 Ἠ).
