2504 3928
345 207 437 242 1353

343 283 451 318 nobis
475 283 620 316 sanitas.
656 279 812 315 Attende
829 307 836 321 ‚
860 279 1019 314 Domina
1035 287 1094 322 ,et
1110 278 1194 314 vide
1219 278 1366 314 dolo-‘³⁸

347 356 403 378 res
436 341 631 376 vulnerum
661 339 868 373 animarum
897 345 1130 381 nostrarum,
1150 337 1237 385 quia
1267 336 1332 373 tibi
1350 340 1378 372 Λ

348 400 554 437 revelaums
599 410 745 433 causam
782 405 946 432 nostram
980 409 1062 431 eum
1097 395 1242 431 tidueia.
1282 400 1332 432 Te

345 459 444 494 enim
474 455 738 492 iiiaestinmbilis
758 455 996 504 benignitatis
1020 455 1191 490 seminam
1219 464 1254 491 et
1273 469 1333 490 ve-

348 515 548 552 nerandam
587 522 742 550 matrem
780 527 859 548 esse
894 513 1152 561 cognoscimus
1184 527 1228 549 ex
1263 528 1331 559 co,

345 575 446 624 quod
467 584 503 610 tu
527 573 706 609 mundum
729 573 826 608 lume
845 572 1081 608 immundum
1098 581 1134 608 et
1150 573 1333 609 lubriciun

347 634 545 682 impolluto
566 632 656 667 calle
682 631 867 675 transisti,
890 639 926 666 et
941 630 1062 666 adlmc
1079 631 1176 667 inter
1199 644 1333 680 pecca-

349 702 446 728 tores
469 691 621 741 degens,
640 698 741 725 tanta
758 697 842 725 ante
859 693 978 726 Deum
996 689 1192 725 sanctitate
1210 690 1334 725 seeun—

345 751 470 794 ‹laris‚
510 759 549 786 ut
583 750 661 785 sola
692 749 786 785 solio
818 749 928 798 Regis
963 749 1091 784 aeterni
1123 748 1334 785 immediate

345 810 608 859 approximare
633 809 824 844 merueris.

407 869 441 905 2.
481 873 534 904 Ἰἰι
569 876 822 917 peccatorem,
853 866 1129 916 quantumlibet
1158 865 1332 911 fetidum,

346 942 417 964 non
451 929 599 971 borres,
622 940 696 962 non
718 926 898 974 despicis3
923 927 952 962 si
979 927 1025 962 ad
1056 935 1089 961 te
1119 926 1331 974 suspirave-

347 988 410 1031 rit,
432 996 611 1034 tuumque
639 986 888 1021 interventum
912 985 1108 1034 pn‘nitenti
1128 984 1241 1020 con-‹tt-
1263 984 1330 1020 lla-

869 207 931 238 ΑΙ)
965 206 999 237 n.
1032 203 1288 247 vtnomtzu,
1319 183 1480 238 sumto
1513 201 1864 238 PANEGYRICUS.

1373 278 1570 327 ⁷pareres,
1605 285 1640 312 et
1675 284 1761 325 post
1797 283 1945 325 partum
1988 275 2093 323 virgo
2133 287 2382 325 permaneres.

2290 200 2384 237 1355

1453 338 1490 372 3.
1524 340 1604 373 ,lam
1633 348 1723 383 ergo
1755 343 1900 371 uterum
1931 342 2054 380 tuum,
2080 334 2261 381 Domina,
2284 336 2385 371 velut

1399 395 1685 432 sacratissimum
1706 394 1774 430 nei
1799 393 1874 429 vivi
1898 394 2079 442 templum
2106 402 2205 430 totus
2224 394 2385 431 mundus

1401 463 1617 498 veiwratur,
1635 454 1721 502 quia
1747 454 1782 489 in
1806 467 1850 489 eo
1877 454 1976 489 salus
1994 453 2123 490 mundi
2142 453 2282 489 initiata
2303 461 2358 489 est
2377 468 2384 490 :

1400 514 1448 549 ibi
1475 515 1647 549 decorem
1677 512 1829 548 indutus
1847 520 1902 548 est
1922 513 1987 549 Dei
2009 513 2145 558 Filius;
2165 526 2207 548 ac
2229 513 2384 562 pra‘ele-

1401 582 1468 608 etse
1500 584 1646 621 sponsae
1683 584 1758 607 suae
1791 571 1966 607 Ecclesiae
2002 571 2185 608 formosus
2222 572 2256 607 in
2292 572 2387 608 stola

1401 630 1557 666 camlida
1585 629 1815 665 exsultanter
1839 629 2024 675 occurrit,
2047 629 2294 666 desideratum
2324 629 2387 665 diu

1401 690 1569 725 osculnm
1604 688 1840 738 p1·aeclegit⁶‚
1869 702 1910 724 ac
1938 688 2219 737 pra-destinatas
2234 688 2249 711 ‘¹
2270 701 2292 724 a
2317 701 2386 725 sae-

1401 750 1485 785 culo
1514 749 1663 798 nuptias
1683 748 1789 797 virgo
1813 761 1897 784 cum
1923 748 2068 798 virgine
2089 747 2307 798 praelibavit.
2330 746 2386 784 Ibi

1401 817 1535 858 ruptus
1567 817 1622 844 est
1658 808 1778 857 paries
1810 807 2111 852 inimicitiarum,
2148 820 2259 856 quem
2290 808 2388 845 inter

1400 869 1533 904 coelum
1563 875 1600 903 et
1629 875 1764 903 terram
1790 866 2111 916 protoplastorum
2133 865 2388 902 inobedientia

1399 935 1669 962 construxerat.
1716 925 1772 962 lbi
1819 925 2072 961 consoederata
2106 933 2193 960 sunt
2232 924 2388 960 terrenis

1399 986 1576 1029 cwlestia,
1609 994 1645 1021 et
1677 985 1927 1021 obviaverunt
1953 983 2021 1019 sibi
2048 983 2084 1018 in
2111 983 2241 1018 osculo
2263 983 2386 1032 pacis,

343 1046 513 1095 gitax'erit
537 1060 543 1080 ;
570 1053 607 1081 tn
625 1045 728 1080 illum
749 1059 767 1079 a
785 1044 1057 1093 desperationis
1077 1043 1252 1079 barathro
1274 1043 1333 1092 pia
1354 1045 1380 1077 B
1398 1045 1549 1094 quando
1571 1046 1606 1081 in
1623 1058 1735 1080 uuam
1753 1043 2000 1091 eamdemque
2017 1055 2215 1092 personam
2228 1055 2387 1078 concur-

347 1119 456 1141 manu
478 1104 656 1148 retrahis,
677 1104 754 1152 spei
779 1103 1006 1139 medicamen
1029 1103 1192 1152 aspiras3
1214 1103 1330 1146 smes,

345 1178 412 1200 nce
440 1164 599 1207 deseris,
625 1176 822 1211 quousque
851 1162 1041 1198 horrendo
1066 1162 1189 1198 Judiei
1216 1162 1331 1198 mise-

348 1237 428 1259 rum
447 1222 674 1258 reconcilies.
694 1225 890 1258 Famosum
913 1221 1023 1269 liujus
1043 1230 1113 1257 tuae
1132 1221 1334 1269 benignita-

347 1285 389 1318 tis
425 1281 677 1317 testimonium
709 1290 763 1315 cst
793 1294 859 1329 per
889 1289 921 1315 te
954 1289 1180 1316 restauratus
1208 1281 1333 1328 gratiae

346 1341 624 1389 't‘lieopliilus¹¹‚
655 1353 696 1375 ac
730 1340 797 1374 toti
828 1339 970 1374 mundo
1005 1339 1220 1387 despectum
1261 1352 1335 1374 ma-

345 1411 451 1436 terno
482 1400 614 1434 at't'ectu
642 1398 890 1446 amplecteris.
925 1401 999 1433 Nec
1024 1397 1181 1440 mirum,
1206 1410 1228 1431 o
1256 1400 1335 1431 Do-

343 1460 454 1503 mina,
468 1459 495 1494 si
510 1467 581 1493 tam
600 1458 753 1506 copioso
771 1456 1034 1492 misericordiae
1051 1456 1135 1491 oleo
1148 1456 1198 1491 tui
1211 1455 1334 1491 cordis

344 1518 533 1567 pertusum
563 1525 616 1551 est
638 1516 835 1560 solarium,
854 1528 938 1551 cum
958 1514 1049 1550 illud
1074 1513 1334 1550 inaestimabile

343 1590 440 1626 opus
475 1575 759 1619 misericordia·‚
786 1575 888 1623 quod
920 1574 1201 1623 praedestinavit
1234 1577 1334 1610 Deus

344 1644 429 1672 ante
445 1635 577 1670 saecula
600 1635 635 1669 in
656 1634 953 1682 redemptionem
971 1642 1152 1678 nostram,
1170 1633 1332 1681 primum

342 1698 378 1730 in
411 1703 445 1730 te
473 1707 492 1729 a
519 1692 647 1728 mundi
678 1692 818 1728 artitiee
844 1692 890 1727 sit
916 1691 1148 1727 fabricatum.
1173 1691 1333 1738 Quando

343 1754 443 1790 enim
474 1752 615 1801 placuit
644 1751 771 1799 gratiae
802 1764 997 1800 supernae,
1027 1758 1067 1786 ut
1089 1749 1276 1786 habitaret.
1297 1750 1331 1786 in

1399 1113 1530 1140 rerunt
1555 1105 1732 1140 divinitas
1762 1112 1798 1140 et
1827 1102 2038 1138 humanitas
2063 1116 2069 1137 :
2095 1102 2306 1150 factumque
2333 1109 2389 1137 est

1402 1177 1542 1199 novum
1572 1163 1661 1199 illud
1684 1176 1796 1212 super
1818 1171 1952 1198 terram
1968 1189 1978 1207 ,
2009 1169 2048 1197 ut
2078 1169 2174 1197 esset
2195 1163 2295 1196 Deus
2316 1160 2387 1195 lio-

1401 1236 1476 1267 mo,
1494 1232 1530 1259 et
1549 1223 1662 1258 liomo
1683 1225 1794 1258 Deus.
1813 1220 1867 1257 lbi
1891 1234 2046 1270 magnus
2063 1220 2213 1256 Elisaeus
2229 1219 2263 1254 in
2287 1232 2389 1254 men-

1400 1295 1523 1317 suram
1545 1281 1745 1317 suscitandi
1772 1281 1879 1329 pueri
1898 1293 1977 1316 sese
1997 1279 2194 1315 contraxit.
2213 1277 2268 1315 lbi
2289 1277 2388 1315 anti-

1402 1353 1498 1388 quus
1521 1341 1662 1375 dierum
1689 1339 1886 1388 praeelecto
1905 1339 1980 1373 tilio
1998 1351 2066 1373 suo
2083 1337 2244 1373 tunicam
2267 1337 2389 1373 induit

1400 1398 1634 1446 polymitam.
1664 1396 1719 1433 Ibi
1747 1395 1939 1440 Rebecca,
1973 1396 2184 1432 futurorum
2214 1396 2385 1444 praescia,

1401 1456 1663 1505 magnificandi
1693 1455 1756 1491 tilii
1783 1454 1955 1491 manibus
1982 1454 2174 1504 pelliculas
2192 1454 2387 1490 haedorum

1401 1515 1664 1560 circumdedit,
1682 1522 1718 1550 et
1746 1515 1832 1550 colli
1862 1514 1962 1550 nuda
1989 1514 2166 1563 protexit.
2191 1513 2247 1550 Ibi
2266 1514 2387 1558 enim,

1400 1583 1627 1624 cooperante
1651 1575 1768 1623 gratia
1789 1574 1947 1623 Spiritus
1970 1573 2105 1618 sancti,
2128 1573 2243 1610 Filius
2264 1586 2284 1609 a
2309 1575 2389 1610 Deo

1401 1639 1508 1671 Patre
1538 1633 1817 1670 liaereditandus
1845 1632 1882 1668 in
1908 1631 2084 1668 omnibus
2106 1631 2300 1681 gentibus,
2329 1631 2389 1668 di-

1399 1694 1496 1730 vinae
1530 1692 1732 1742 majestatis
1759 1692 1965 1741 potentiam
1998 1689 2239 1727 similitudine
2267 1690 2390 1727 carnis

1400 1753 1544 1802 peccati
1566 1752 1780 1802 cooperuit;
1798 1760 1834 1788 et
1853 1751 1959 1801 quasi
1975 1749 2218 1787 absconditus
2235 1758 2290 1787 est
2307 1750 2388 1786 vul-

345 1813 475 1857 nobis‚
510 1826 529 1847 a
563 1811 700 1860 quibus
728 1810 791 1846 diu
819 1811 991 1859 elongata
1021 1811 1162 1854 fuerat3
1187 1817 1225 1845 tu
1255 1810 1332 1845 sola
1355 1817 1380 1851 C
1401 1819 1458 1847 tus
1487 1810 1567 1859 ejus
1591 1811 1629 1846 in
1650 1810 1867 1846 infirmitate
1893 1823 1900 1845 z
1923 1807 2022 1846 unde
2040 1821 2108 1844 nec
2134 1809 2388 1857 reputavimus

343 1874 493 1907 inventa
522 1884 562 1907 es
588 1870 718 1918 digna,
743 1877 781 1905 ut
808 1870 843 1905 in
871 1878 930 1905 tua
951 1869 1124 1917 virginali
1143 1869 1227 1904 aula
1250 1871 1331 1905 Rex

344 1945 470 1979 regmn
499 1939 536 1966 et
566 1931 749 1966 Dominus
781 1929 1076 1973 dominantium,
1102 1942 1120 1964 a
1146 1928 1331 1977 regalibus

341 1990 490 2026 sedibus
520 1990 692 2034 veniens,
718 1989 875 2037 primam
899 1988 967 2024 sibi
986 1989 1216 2024 mansionem
1235 1989 1333 2024 inter

344 2050 436 2084 tilios
458 2049 650 2084 bominum
672 2048 836 2096 eligeret.
854 2051 948 2083 Vere
970 2046 1243 2096 beneplacitum
1266 2047 1334 2083 fuit

349 2111 424 2142 Deo
448 2107 614 2142 habitare
634 2107 669 2142 in
699 2115 751 2152 te,
767 2105 917 2154 quando
936 2119 980 2141 ex
998 2106 1077 2154 ipsa
1094 2105 1235 2141 illibata
1249 2119 1332 2141 car-

345 2167 398 2200 nis
427 2175 498 2201 tuae
519 2165 746 2209 substantia,
766 2164 871 2212 quasi
899 2164 944 2199 de
969 2164 1076 2212 lignis
1098 2163 1252 2209 Libani,
1273 2177 1333 2200 ar-

344 2225 549 2259 chitectura
569 2222 747 2258 ineffabili
762 2251 770 2267 ,
793 2223 946 2258 domum
963 2222 1033 2258 sibi
1051 2223 1249 2259 aedificavit
1266 2224 1333 2259 Dei

343 2284 530 2331 Sapientia
566 2299 573 2318 :
604 2282 765 2317 sut'sulsit
791 2296 871 2317 cam
900 2290 1041 2330 septem
1063 2282 1250 2318 columnis
1271 2296 1333 2317 ar-

343 2342 509 2389 genteis,
534 2355 574 2376 ae
596 2341 874 2376 reclinatorium
904 2353 1059 2376 aureum
1088 2341 1124 2375 in
1151 2354 1192 2375 ea
1221 2341 1336 2376 collo-

345 2401 452 2435 cavit.
479 2401 522 2435 lli
544 2408 630 2435 sunt
658 2408 798 2448 septem
830 2400 982 2447 spiritus
1014 2399 1102 2444 Dei3
1125 2407 1161 2435 et
1182 2399 1258 2435 baec
1281 2407 1335 2435 est

349 2460 455 2495 unica
474 2460 532 2495 illa
555 2459 757 2496 Salvatoris
778 2457 963 2502 teminab,
987 2459 1023 2493 in
1043 2471 1115 2506 qua
1136 2459 1213 2494 sola
1234 2471 1337 2506 quse-

346 2520 451 2555 sitam
488 2519 522 2554 in
551 2518 728 2553 omnibus
761 2518 928 2566 requiem
960 2518 1125 2562 invenit,
1158 2526 1267 2566 atque
1299 2518 1336 2553 in

344 2578 424 2625 ejus
447 2579 568 2613 sinum
590 2589 721 2613 omncs
748 2577 940 2613 thesauros
961 2589 1047 2612 suos
1067 2577 1208 2625 absque
1229 2590 1336 2613 men-

347 2651 430 2673 sura
453 2637 661 2673 transfudit.
686 2639 783 2672 Bene
801 2636 955 2684 Spiritui
978 2644 1106 2671 sancto
1127 2637 1215 2671 inte
1230 2649 1335 2671 com—

347 2697 505 2745 placuit,
535 2710 556 2731 0
587 2696 724 2740 Maria,
752 2708 834 2730 cum
864 2694 1002 2730 divinis
1032 2695 1124 2730 adeo
1152 2696 1336 2743 mysteriis

347 2766 492 2791 uterum
521 2765 623 2791 tuum
651 2769 870 2791 consecrare
891 2755 1066 2805 dignatus
1087 2764 1152 2791 est.
1174 2759 1259 2803 lpse
1282 2764 1336 2791 est

347 2816 446 2851 cuim
478 2816 572 2864 ignis
601 2828 850 2860 consumens,
872 2816 935 2863 qui
963 2815 1230 2851 sanctissimam
1255 2814 1337 2850 ani-

349 2889 443 2910 mam
478 2883 576 2910 tuam
610 2883 723 2910 totam
755 2874 1019 2919 inflammavit,
1050 2887 1087 2909 se
1118 2874 1200 2922 ipso
1225 2881 1336 2922 atque

347 2933 547 2981 splendore
567 2933 703 2968 divinfe
725 2932 926 2980 majestatis
949 2932 1130 2981 implevit,
1155 2940 1334 2980 tuumque

349 3001 494 3026 uterum
526 2992 704 3027 inet't'abili
728 2991 840 3026 modo
866 2991 1097 3036 secundaxit,
1120 2991 1278 3039 fecitque
1295 2999 1335 3027 ut

351 3054 466 3086 Deum
500 3059 534 3085 et
564 3051 753 3086 bominem
786 3051 908 3086 clausa
936 3051 1176 3098 conciperes,
1211 3050 1334 3086 clausa

1397 1884 1496 1907 eum.
1524 1869 1603 1906 Ibie
1621 1868 1764 1906 consilii
1784 1868 2022 1918 providentia
2047 1868 2232 1904 inescatus
2249 1876 2304 1903 est
2319 1867 2387 1903 ha—

1398 1941 1480 1965 mus
1493 1957 1501 1973 ‚
1519 1928 1584 1977 qui
1602 1927 1647 1963 ad
1668 1926 1940 1963 extrahendum
1961 1934 2174 1976 serpentem
2190 1926 2385 1974 antiquum

1398 1989 1434 2024 in
1459 1988 1528 2023 hoc
1543 2000 1644 2023 mare
1659 1977 1895 2036 magnum'de
1911 1986 2003 2022 eoelo
2022 1984 2196 2034 trajectus
2212 1992 2279 2021 est.
2296 1984 2388 2021 Inde

1398 2060 1541 2096 egressa
1568 2055 1624 2083 est
1643 2046 1787 2082 armilla
1813 2058 1943 2090 aurea,
1968 2054 2010 2081 ut
2031 2044 2286 2094 perforaretur
2306 2057 2387 2080 ma-

1399 2107 1485 2142 xilla
1506 2105 1722 2150 Leviatlian,
1741 2113 1781 2141 ut
1795 2112 1986 2140 evomeret
2005 2112 2174 2140 mortuos
2191 2116 2266 2139 non
2284 2116 2385 2149 suos,

1398 2179 1492 2214 quos
1515 2164 1563 2201 ab
1584 2165 1726 2213 origine
1748 2164 1877 2200 mundi
1901 2177 2030 2200 secure
2051 2163 2308 2212 deglutiverat.

1454 2225 1488 2261 4.
1512 2229 1650 2261 llortus
1678 2223 1894 2260 deliciarum
1912 2222 2022 2259 nobis
2040 2231 2095 2259 est
2115 2223 2384 2259 sacratissimus

1403 2293 1487 2319 tuus
1518 2291 1666 2327 uterus,
1699 2297 1722 2318 o
1748 2282 1886 2327 Maria5
1909 2282 1994 2330 quia
2025 2295 2071 2317 ex
2089 2295 2134 2317 eo
2161 2281 2386 2330 multiplices

1401 2341 1523 2390 gaudii
1546 2341 1657 2376 flores
1681 2340 1913 2388 colligimus,
1937 2340 2084 2388 quoties
2104 2348 2229 2376 mente
2250 2339 2387 2375 recoli-

1403 2414 1485 2436 mus
1504 2413 1614 2448 quam
1632 2412 1763 2447 magna
1777 2398 1979 2433 multitudo
1994 2398 2202 2434 dulcedinis
2225 2398 2290 2433 toti
2305 2397 2388 2434 orbi

1403 2459 1488 2494 inde
1508 2458 1660 2494 affulsit.
1680 2461 1820 2494 Hortus
1839 2456 2038 2492 conclusus
2058 2465 2095 2491 tu
2113 2469 2171 2502 es,
2191 2456 2257 2492 Dei
2279 2456 2390 2494 Geni-

1405 2519 1476 2553 trix
1491 2546 1499 2562 ‚
1525 2517 1570 2553 ad
1593 2530 1704 2566 quem
1726 2515 1987 2552 deflorandum
2021 2528 2155 2551 manus
2182 2515 2389 2565 peccatoris

1359 2588 1389 2620 1)
1405 2589 1596 2625 nunquam
1618 2575 1799 2611 introivit.
1831 2577 1886 2610 Tu
1911 2582 2126 2610 sanctoruni
2147 2575 2272 2611 areola
2302 2587 2390 2610 aro-

1403 2643 1543 2670 matum
1562 2648 1581 2670 a
1595 2633 1735 2669 coelesti
1757 2633 1898 2669 consita
1919 2632 2187 2682 pigmentario,
2209 2633 2388 2669 virtutum

1402 2693 1572 2728 omnium
1607 2691 1784 2741 speciosis
1814 2690 1970 2727 floribus
1998 2690 2268 2727 delectabiliter
2300 2703 2389 2727 ver—

1402 2765 1492 2788 nas:
1516 2752 1614 2787 inter
1641 2764 1804 2800 quorum
1839 2750 2112 2800 pulcherrimos
2144 2749 2254 2786 trium
2288 2750 2324 2786 in
2356 2758 2390 2785 te

1405 2812 1584 2847 miramur
1609 2810 1883 2847 excellentiam.
1909 2810 1953 2845 lli
1978 2818 2064 2845 sunt
2091 2822 2252 2858 quorum
2273 2808 2389 2845 odore

1403 2871 1623 2907 suavissimo
1659 2878 1772 2906 totam
1812 2869 1966 2905 domum
2004 2868 2155 2905 Domini
2191 2868 2331 2917 reples,
2367 2882 2390 2903 o

1402 2929 1533 2974 Maria,
1556 2929 1652 2964 viola
1676 2929 1910 2973 humilitatis,
1939 2928 2057 2963 lilium
2079 2927 2280 2972 castitatis,
2307 2940 2390 2963 rosa

1400 2988 1600 3023 charitatis.
1623 2988 1756 3023 Merito
1788 2987 1834 3023 de
1863 2987 1930 3022 Dei
1953 2985 2104 3022 rareola
2125 2986 2193 3022 llos
2220 2986 2278 3021 ille
2305 2998 2389 3035 spe-

1400 3047 1522 3083 ciosus
1553 3059 1628 3094 pra»
1659 3046 1740 3082 tiliis
1763 3053 1777 3075 ἕ
1806 3045 1966 3095 paradisi
1995 3045 2135 3081 electus
2163 3053 2239 3088 est,
2275 3057 2389 3093 super

394 3197 405 3207 ·'
430 3189 569 3218 lii-elesia-
584 3188 700 3218 Adana}
718 3199 747 3217 ιιι
768 3188 871 3218 tjilieia
890 3199 1070 3218 oeconomus*
1085 3213 1091 3223 ,
1113 3199 1164 3217 seu
1177 3213 1185 3226 ,
1206 3195 1237 3218 ut
1259 3189 1309 3218 alii
1325 3187 1448 3220 xoluut.
1470 3185 1723 3222 archidiaconus,
1739 3196 1831 3225 quem
1851 3184 1926 3214 xarii
1951 3190 2092 3214 auctores
2111 3184 2245 3215 referunt
2262 3184 2388 3216 diabolo

353 3253 404 3280 prr
433 3240 636 3281 sjngiapliam
663 3240 827 3274 demtum,
856 3246 882 3269 et
908 3240 1079 3280 opitulante
1107 3239 1221 3279 »irgine
1246 3240 1343 3271 Maria
1371 3238 1543 3268 liberatum.
1567 3256 1608 3259 -—
1636 3238 1650 3257 ¹'
1671 3238 1775 3274 Alias,
1800 3238 1919 3267 (anima.

348 3296 359 3310 '¹
384 3294 479 3329 thas,
497 3291 740 3334 swam-dinatus.
821 3299 833 3310 ¹*
854 3292 1039 3322 Addenduin
1060 3292 1180 3321 xidetur
1198 3291 1301 3322 ‹liu-ini.

1977 3256 1981 3257 ν
2003 3242 2015 3256 ⁰
2041 3239 2130 3267 Forte
2144 3261 2151 3274 ,
2175 3238 2326 3281 potu-exii.
2344 3258 2383 3260 „v

1381 3286 1389 3306 s
1413 3294 1566 3327 Fortasse,
1587 3288 1654 3320 lali.
1674 3309 1713 3313 —
1737 3292 1750 3312 Ε
1767 3293 1921 3325 Fortasse.
1935 3288 2080 3327 floribus.
