2504 3928
367 141 441 172 Jiffl.)

1136 143 1422 181 GtLLt-tntiu‘t‘t
1459 148 1651 182 Atum't'ls

368 216 486 250 uobis.
513 219 571 252 list
595 230 683 263 crgo
707 229 804 251 nuuc
828 216 863 250 in
887 215 1013 262 nobis,
1039 218 1206 255 nondum
1231 229 1352 257 {anien
1383 222 1425 240 '⁷⁷

368 275 527 310 revelata
559 304 567 317 ,
589 275 651 310 sed
672 275 787 323 magis
807 275 973 320 occulta,
995 284 1030 311 et
1053 278 1279 315 seminaliter
1300 294 1353 316 re·
1370 289 1399 321 Λ

366 333 535 378 eondita;
565 342 600 369 et
624 333 849 382 quibusdam
883 334 968 371 lidei
999 335 1141 373 inclusa
1171 339 1297 384 venis,
1327 349 1363 375 et

365 392 541 428 conclusa
578 393 703 437 ostiis,
741 401 814 429 tam
854 394 1060 431 carnalium
1095 396 1358 443 affectionum,

364 464 475 498 quam
497 452 752 500 corporalium
776 453 1071 502 phantasiarum.
1093 454 1244 493 Talibus
1263 471 1358 494 con-

363 511 507 546 clusum
524 520 577 547 cst
594 511 698 548 ostiis
713 525 813 549 mare
829 528 836 549 :
855 514 1007 563 quamlo
1024 515 1220 563 premitur,
1236 530 1358 554 erum-

365 569 472 617 pebat
488 599 496 614 ,
515 571 618 619 quasi
639 571 684 607 de
703 572 815 608 vulva
835 572 1055 622 procedens.
1076 577 1221 612 Bonum
1243 589 1357 622 mare,

362 628 407 663 ‹l‹¹
424 642 499 677 quo
517 629 672 679 legimus
686 645 692 665 :
708 631 923 679 Replebitur
938 642 1037 668 terra
1052 638 1207 670 scientia
1223 638 1356 671 Domi-

362 693 420 731 ιη’,
442 693 536 723 ,sicul
547 703 660 737 (ημιιυ
678 694 791 725 maris
809 695 1008 739 operientis
1030 698 1051 728 ¹.
1072 695 1216 730 Bonum
1235 708 1355 740 mare,

361 746 425 782 sed
455 761 568 797 grave
589 749 740 785 ostium.
773 751 944 799 Denique
968 752 1046 800 ipse
1069 752 1212 802 primus
1239 754 1356 791 Adam

358 806 522 855 quodam
548 807 816 845 inobedientia:
849 809 957 846 obice
981 811 1051 847 hoc
1073 824 1174 848 mare
1203 826 1358 864 compe-

358 867 475 910 scuit,
502 876 537 903 et
569 881 636 917 per
665 881 703 904 se
737 869 989 918 prodeuntem
1022 879 1061 907 ct
1094 882 1356 922 erumpentem

359 927 553 964 veritatem
593 929 659 964 Dei
699 929 735 965 in
779 928 960 978 injustitia
993 930 1170 968 detinuit.
1212 933 1357 970 Primus

1421 307 2418 325 ιιιιιιιιιιιιιιιιιιιιιιιιιιιιιιιιιιιιιιιιιιιιιιιιιιιιιιιιιιιιιιιιιιιιι

1629 429 2085 487 'FRACTATUS
2146 434 2207 487 V.

1426 572 1535 599 Locum
1561 570 1644 600 illum
1662 569 1801 611 Apostoli
1823 570 2039 611 explicandum
2058 572 2167 608 sumit,
2190 576 2287 604 Οιηηε
2309 573 2416 606 datum

1469 624 1614 666 optimum
1638 630 1665 652 1¹!
1687 634 1778 652 omne
1796 621 1910 653 donum
1933 624 2123 667 perfectum,
2152 632 2210 658 etc,
2240 627 2291 658 sed
2315 629 2417 670 potior

1469 677 1605 717 epistohe
1622 683 1671 707 ant
1691 682 1837 707 tractatus
1854 687 1923 718 pars
1941 677 2045 709 deesse
2061 679 2193 711 videtur.

1837 805 1992 818 *oda-—

1481 934 1510 968 l.
1533 935 1718 968 Instanter
1739 932 1874 980 exigiS,
1894 932 1997 981 quod
2019 934 2204 970 incautius
2225 935 2303 984 ipse
2323 949 2411 985 pro—

364 985 479 1021 bomo
509 985 701 1035 injustitiae
738 1001 805 1024 nos
831 989 928 1025 ostio
955 991 1116 1026 semovit
1137 1005 1144 1026 :
1173 991 1359 1028 secundus
1376 994 1403 1028 B
1423 991 1616 1035 miseram,
1635 1004 1766 1040 parum
1790 992 1954 1027 materiae
1971 992 2226 1030 difficultatem
2247 1004 2412 1032 contem-

357 1045 447 1081 illud
468 1047 648 1092 removit,
668 1047 784 1084 factus
802 1048 881 1098 ipse
907 1048 1016 1085 nobis
1037 1049 1200 1095 ostium,
1224 1059 1259 1087 et
1286 1064 1354 1100 per

355 1105 458 1141 illum
480 1106 507 1142 si
527 1107 611 1155 quis
634 1106 824 1143 introierit
841 1107 1060 1155 salvabitur,
1079 1118 1115 1146 et
1136 1123 1274 1159 pascua
1291 1112 1350 1147 in-

354 1164 478 1200 veniet
506 1170 532 1200 ².
557 1165 685 1201 Deleta
710 1175 763 1201 est
787 1166 992 1216 injustitia,
1013 1169 1077 1204 sed
1099 1169 1220 1206 adbuc
1237 1183 1352 1220 grave

353 1232 464 1260 restat
491 1225 652 1271 ostium,
685 1225 756 1261 diei
786 1226 896 1275 liujus
927 1227 1078 1263 malitia.
1114 1228 1345 1266 Nebulosum

352 1284 438 1320 satis
451 1285 588 1320 ostium
604 1285 839 1321 consuetudo
853 1286 1080 1335 imaginariae
1092 1287 1343 1336 cogitationis,

351 1351 387 1378 et
414 1343 626 1380 sollicitudo
648 1345 864 1381 necessariae
891 1347 1190 1393 sustentationis;
1212 1347 1346 1395 hujus-

350 1402 451 1438 modi
468 1403 632 1439 animum
656 1403 850 1440 intendere
863 1433 871 1449 ‚
897 1417 983 1440 vere
1002 1405 1038 1440 in
1061 1413 1197 1442 terram
1216 1406 1343 1444 fodere

349 1470 424 1507 cst,
445 1470 479 1497 et
502 1462 632 1498 fodere
655 1462 854 1499 cisternam
874 1463 1110 1513 dissipatam,
1129 1474 1165 1501 et
1185 1474 1340 1516 puteum

351 1521 415 1569 qui
437 1534 551 1570 aquas
571 1521 767 1558 continere
787 1534 863 1558 non
888 1522 1025 1572 possit:
1046 1531 1082 1559 et
1105 1531 1228 1561 tamen
1250 1538 1341 1574 quo-

348 1580 462 1616 modo
497 1581 693 1626 rixantur,
714 1581 907 1630 quomodo
925 1582 1096 1631 litigant,
1116 1597 1208 1632 quas
1232 1584 1341 1621 nobis

347 1640 551 1676 calumnias
577 1649 726 1677 struunt
747 1654 818 1690 pro
843 1641 976 1677 talibus
1000 1642 1175 1679 Philistaei
1196 1644 1340 1693 puteis;

347 1711 417 1747 pro
439 1699 544 1748 aquis
571 1699 812 1745 transitoriae,
831 1713 908 1736 non
930 1700 1013 1737 dico
1035 1702 1259 1751 voluptatis,
1277 1703 1342 1739 sed

1420 1051 1540 1100 plans.
1577 1050 1728 1087 Accedit
1758 1050 1831 1086 liuc
1862 1051 2020 1099 gemin-”e
2051 1053 2241 1101 gravitatis
2273 1055 2410 1099 forma,

1418 1109 1504 1157 quia
1529 1109 1652 1145 minus
1673 1107 1799 1144 habita
1822 1109 1868 1144 sit
1900 1109 1994 1145 ratio
2027 1111 2226 1159 temporis,
2246 1120 2283 1148 et
2303 1125 2411 1148 men-

1417 1181 1505 1204 sura
1528 1168 1833 1218 comparationis.
1866 1171 2031 1218 Tempus
2062 1169 2240 1218 quidem,
2271 1171 2301 1207 si
2330 1172 2411 1208 aliae

1417 1229 1691 1277 proripuerunt
1711 1241 1852 1272 causae,
1876 1229 2195 1278 comparationem
2217 1243 2302 1266 cum
2330 1231 2411 1267 aliis

1413 1287 1459 1323 de
1490 1287 1558 1323 bac
1589 1287 1743 1323 materia
1775 1287 1825 1323 sic
1857 1286 2084 1325 habentibus
2116 1290 2284 1338 prudens
2305 1290 2408 1326 diffi-

1413 1353 1506 1390 teor,
1551 1359 1662 1394 quam
1695 1346 1819 1383 minus
1853 1347 2088 1383 considerate
2126 1350 2408 1399 praesumpsisse

1410 1403 1565 1440 videbar
1588 1418 1595 1439 :
1628 1412 1752 1440 tamen
1775 1406 2021 1453 quaestionem
2049 1407 2263 1457 aggrediar,
2299 1408 2408 1456 eujus

1407 1464 1597 1501 solutione
1636 1463 1822 1513 obligatus
1855 1473 1996 1502 teneor.
2033 1469 2120 1502 Tuae
2151 1475 2274 1503 autem
2307 1481 2408 1504 nunc

1407 1531 1532 1574 partes
1563 1531 1695 1568 erunt,
1725 1531 1766 1559 ut
1795 1523 1899 1572 quod
1928 1537 1948 1560 a
1975 1537 2034 1560 me
2062 1524 2180 1574 petis,
2207 1525 2286 1575 ipse
2317 1526 2406 1562 mihi

1406 1585 1512 1633 prior
1529 1583 1712 1632 impetres
1725 1611 1734 1628 ,
1753 1591 1795 1619 ut
1809 1583 1992 1620 orationis
2008 1592 2079 1620 tuae
2096 1585 2231 1621 merito
2245 1584 2407 1635 desuper

1409 1641 1517 1678 nobis
1546 1641 1788 1687 infundatur,
1820 1642 1925 1691 quod
1947 1643 2013 1680 tibi
2044 1643 2200 1681 uberius
2227 1644 2406 1681 refunda-

1409 1715 1502 1738 mus.
1537 1703 1655 1737 Otmle
1684 1703 1810 1737 (latum
1845 1707 2047 1749 optilmcm,
2082 1712 2116 1738 et
2143 1717 2250 1739 omne
2270 1706 2403 1739 donum

346 1759 589 1795 necessitatis!
624 1760 724 1796 Felix
757 1759 926 1808 quicum
956 1761 1168 1809 patriarcha
1189 1763 1305 1799 Jacob
1324 1770 1338 1785 ¹³
1361 1761 1388 1797 C
1402 1759 1608 1809 perfectum
1646 1762 1834 1795 (lesmawn
1866 1769 1940 1806 est,
1976 1763 2200 1797 descendens
2231 1776 2254 1798 a
2287 1763 2402 1798 Patre

347 1817 564 1866 hujusmodi
594 1818 771 1867 relinquit
802 1827 953 1868 puteos,
976 1820 1041 1868 qui
1075 1821 1252 1870 relinquit
1280 1835 1342 1859 oc-

346 1878 514 1914 casiones
540 1877 732 1928 litigandi,
759 1886 796 1914 et
816 1878 1095 1915 inimicitiarum
1123 1881 1338 1927 materiam,

347 1945 387 1972 ut
416 1936 532 1973 fodiat
552 1937 588 1972 in
615 1945 800 1981 torrente,
827 1946 863 1973 et
886 1937 1053 1974 inveniat
1079 1952 1213 1976 venam
1233 1954 1340 1989 aquae

348 1996 510 2032 viventis
526 1994 562 2042 35
585 1997 614 2033 si
638 2005 759 2032 tamen
783 1997 1006 2046 supradictis
1027 1997 1126 2034 illam
1147 2012 1224 2035 non
1246 2013 1340 2036 con-

346 2056 470 2093 cludat
506 2056 622 2092 ostiis.
651 2060 738 2092 Haec
777 2056 842 2092 tibi
867 2070 937 2105 ego
970 2057 1084 2106 magis
1107 2059 1236 2107 pervia
1258 2073 1340 2095 cre-

347 2114 527 2160 diderim,
575 2115 852 2151 familiariorem
889 2123 925 2151 et
957 2116 1252 2165 frequentiorem
1293 2119 1340 2155 ad

350 2175 530 2210 interiora
559 2187 748 2210 accessum
776 2190 783 2210 :
805 2188 851 2211 ne
877 2183 1021 2211 tantum
1046 2176 1135 2212 foris
1161 2185 1254 2223 stes,
1278 2178 1340 2214 in—

349 2233 571 2281 trospiciens
601 2247 668 2282 per
698 2234 917 2279 fenestram,
943 2243 980 2270 et
1011 2235 1224 2272 auscultans
1253 2250 1320 2286 per

348 2293 496 2328 ostium.
528 2296 609 2328 Jam
639 2306 728 2341 ergo
749 2306 887 2342 ponam
906 2294 1043 2329 ostium
1072 2294 1129 2330 ori
1151 2307 1253 2342 meo3
1277 2305 1339 2341 ut,

344 2352 451 2398 juxta
481 2350 750 2401 proverbium,
778 2351 844 2388 tibi
869 2352 990 2387 [istula
1019 2354 1340 2399 accommodetur,

351 2411 437 2446 dum
455 2423 524 2459 ego
543 2411 699 2460 respiro.

397 3210 399 3216 ’
423 3201 488 3230 i-ai.
504 3211 535 3229 xi
550 3223 557 3232 ,
577 3204 606 3228 t).
625 3217 665 3221 --
687 3204 696 3219 ²
712 3202 803 3229 Joan.
824 3212 859 3230 x.
879 3204 908 3231 9.
936 3218 966 3221 —-
987 3198 997 3221 3
1015 3202 1094 3229 (len.
1111 3210 1209 3236 xxvi,
1231 3202 1343 3231 1'1-2'1.
1363 3217 1403 3221 η-
1430 3197 1562 3229 ‘tJacobi
1579 3209 1585 3225 1
1602 3221 1609 3233 ‚
1632 3198 1682 3226 17.
1699 3213 1739 3216 *μ

419 3257 588 3297 legendum
616 3260 716 3289 lmus,

1407 1822 1588 1855 luminum
1606 1819 1632 1854 ⁴'.
1651 1818 1750 1867 Quid
1771 1820 1890 1868 ergo?
1913 1832 1996 1868 quae
2018 1821 2183 1870 perfecta
2200 1834 2276 1858 non
2297 1829 2402 1866 sunt,

1406 1892 1490 1928 quae
1521 1879 1664 1928 optima
1696 1891 1773 1915 non
1795 1887 1904 1924 sunt,
1929 1879 2017 1915 inde
2049 1892 2126 1916 non
2156 1882 2272 1917 sunt?
2291 1881 2402 1917 Unde

1406 1952 1496 1988 ergo
1519 1947 1628 1983 sunt,
1652 1939 1680 1974 si
1700 1937 1788 1974 inde
1812 1951 1888 1974 non
1911 1940 2023 1975 sunt?
2044 1938 2142 1986 Quid
2165 1938 2280 1976 habes
2299 1940 2402 1989 quod

1407 2012 1484 2035 non
1513 1998 1711 2047 accepisti?
1742 2001 1871 2047 Neque
1902 2006 2047 2034 tantum
2080 1998 2224 2048 optima
2255 1998 2302 2035 ab
2337 2001 2401 2037 illo

1407 2067 1515 2104 sunt,
1537 2067 1573 2095 et
1596 2057 1720 2094 minus
1751 2056 1850 2093 bona
1870 2057 2022 2094 aliunde
2046 2072 2054 2094 :
2076 2057 2162 2103 sed,
2195 2059 2289 2095 sicut
2312 2059 2401 2097 dicit

1406 2118 1633 2166 Apostolus,
1660 2120 1796 2152 Omnia
1817 2130 1864 2152 ex
1885 2120 1964 2152 Deo
1986 2115 2013 2152 ⁵.
2037 2120 2095 2154 An
2123 2117 2218 2154 forte
2240 2119 2342 2155 nulla
2362 2119 2399 2155 in

1406 2177 1462 2213 his
1491 2176 1616 2213 verbis
1637 2177 1787 2213 exclusa
1811 2185 1918 2222 sunt,
1939 2177 2026 2225 quia
2054 2190 2139 2213 cum
2158 2178 2284 2214 omnia
2312 2179 2400 2216 inde

1407 2244 1516 2280 sunt,
1540 2235 1666 2271 omnia
1690 2235 1855 2284 perfecta
1874 2243 1910 2271 et
1936 2235 2079 2284 optima
2106 2237 2219 2271 sunt?
2238 2237 2347 2284 Quod
2369 2238 2399 2275 si

1407 2303 1481 2340 cst,
1504 2307 1578 2331 non
1598 2308 1665 2344 per
1685 2294 1762 2330 liaec
1780 2293 1914 2341 verba,
1932 2300 2108 2343 optimum
2126 2303 2163 2331 et
2178 2296 2397 2344 pelsectum,

1408 2355 1506 2391 inter
1538 2355 1652 2403 magis
1680 2363 1716 2391 et
1745 2354 2021 2401 minusbona,
2054 2356 2149 2391 facta
2185 2355 2398 2403 distincti03

1407 2413 1471 2449 sed
1492 2412 1583 2449 boni
1603 2413 1808 2462 expressio.
1832 2416 1878 2449 Et
1895 2413 2088 2462 quomodo
2115 2427 2227 2451 omne
2255 2414 2397 2453 bonum

1408 2478 1584 2522 optimum
1613 2482 1649 2508 ct
1673 2471 1880 2521 perfectum
1907 2482 1984 2518 est,
2016 2486 2100 2509 cum
2131 2486 2242 2510 omne
2265 2474 2398 2512 ‹lesur-

1359 2536 1391 2569 D
1410 2533 1514 2568 sum?
1543 2531 1640 2579 Quid
1671 2531 1891 2568 desursum?
1920 2534 2174 2576 Descendens,
2205 2532 2350 2583 inquit,
2373 2548 2397 2570 a

1409 2593 1524 2626 Patre
1550 2593 1745 2626 luminum.
1778 2594 1860 2638 Qua
1881 2591 2024 2626 ratione
2044 2591 2144 2640 apud
2171 2595 2318 2629 Patrem
2341 2594 2398 2630 lu-

1409 2652 1551 2687 minum
1590 2650 1851 2700 imperfectum
1883 2650 2024 2699 aliquid
2058 2651 2214 2700 intelligi
2247 2653 2398 2701 potest?

1408 2715 1464 2746 An
1493 2710 1587 2746 forte
1604 2723 1711 2744 omme
1729 2711 1856 2745 (latum
1873 2715 2049 2757 optineam
2073 2719 2108 2745 et
2133 2724 2240 2746 omne
2259 2713 2395 2747 donum

1404 2768 1608 2816 perfectam
1643 2767 1729 2804 inde
1762 2767 1980 2814 descendit,
2013 2768 2076 2805 sed
2110 2781 2187 2805 non
2218 2769 2268 2806 ibi
2302 2770 2397 2807 fuit?

1407 2832 1497 2864 Nam
1526 2827 1719 2876 quomodo
1747 2826 1794 2863 ab
1815 2841 1860 2863 eo
1881 2827 2106 2864 descendere
2138 2837 2175 2864 et
2205 2829 2393 2866 discedere

1407 2896 1552 2937 posset,
1575 2887 1679 2936 qnod
1710 2889 1747 2923 in
1773 2901 1837 2932 eo,
1860 2887 1895 2923 id
1919 2896 1994 2933 est,
2024 2888 2059 2924 in
2079 2891 2185 2924 Patre
2210 2888 2390 2924 luminum

1405 2949 1524 2984 essct?
1553 2947 1746 2982 descensio
1780 2947 1879 2982 cnim
1914 2960 1990 2983 non
2024 2947 2178 2983 localem
2202 2944 2390 2994 migratio—

1404 3020 1511 3051 nem,
1547 3005 1610 3042 scd
1642 3006 1756 3054 magis
1785 3005 1981 3041 viminalem
2015 3003 2301 3040 minorationem
2333 3005 2390 3041 in·

1405 3079 1518 3102 nuere
1537 3064 1697 3100 videtur.

1761 3192 1877 3223 5Rmn.
1895 3204 1948 3226 xi,
1970 3197 2019 3222 ἶὶϋ.
