<?xml version="1.0" encoding="UTF-8"?>
<!DOCTYPE html PUBLIC "-//W3C//DTD XHTML 1.0 Transitional//EN"
    "http://www.w3.org/TR/xhtml1/DTD/xhtml1-transitional.dtd">
<html xmlns="http://www.w3.org/1999/xhtml" xml:lang="en" lang="en">
 <head>
  <title>
</title>
<meta http-equiv="Content-Type" content="text/html;charset=utf-8" />
  <meta name='ocr-system' content='tesseract 3.04.00' />
  <meta name='ocr-capabilities' content='ocr_page ocr_carea ocr_par ocr_line ocrx_word'/>
</head>
<body>
  <div class='ocr_page' id='page_1' title='image "./operaomniapostho05bern/operaomniapostho05bern_0245.png"; bbox 0 0 2418 3949; ppageno 0'>
   <div class='ocr_carea' id='block_1_1' title="bbox 121 103 195 139">
    <p class='ocr_par' dir='ltr' id='par_1_1' title="bbox 121 103 195 139">
     <span class='ocr_line' id='line_1_1' title="bbox 121 103 195 139; baseline 0.014 -1"><span class='ocrx_word' id='word_1_1' title='bbox 121 103 195 139; x_wconf 73' lang='grc'>477</span> 
     </span>
    </p>
   </div>
   <div class='ocr_carea' id='block_1_2' title="bbox 674 105 1660 144">
    <p class='ocr_par' dir='ltr' id='par_1_2' title="bbox 674 105 1660 144">
     <span class='ocr_line' id='line_1_2' title="bbox 674 105 1660 144; baseline 0.005 -4"><span class='ocrx_word' id='word_1_2' title='bbox 674 105 909 141; x_wconf 79' lang='lat' dir='ltr'>EPISTOLA</span> <span class='ocrx_word' id='word_1_3' title='bbox 941 107 1005 141; x_wconf 86' lang='lat' dir='ltr'>AD</span> <span class='ocrx_word' id='word_1_4' title='bbox 1035 106 1254 141; x_wconf 85' lang='lat' dir='ltr'><strong>FRATRES</strong></span> <span class='ocrx_word' id='word_1_5' title='bbox 1283 108 1347 143; x_wconf 87' lang='lat' dir='ltr'>DE</span> <span class='ocrx_word' id='word_1_6' title='bbox 1377 109 1660 144; x_wconf 74' lang='lat' dir='ltr'>MONTE—DEI.</span> 
     </span>
    </p>
   </div>
   <div class='ocr_carea' id='block_1_3' title="bbox 117 180 1159 230">
    <p class='ocr_par' dir='ltr' id='par_1_3' title="bbox 117 180 1159 230">
     <span class='ocr_line' id='line_1_3' title="bbox 117 180 1159 230; baseline 0.003 -15"><span class='ocrx_word' id='word_1_7' title='bbox 117 180 220 216; x_wconf 90' lang='lat' dir='ltr'>omni</span> <span class='ocrx_word' id='word_1_8' title='bbox 240 180 348 217; x_wconf 88' lang='lat' dir='ltr'>locali</span> <span class='ocrx_word' id='word_1_9' title='bbox 369 180 716 230; x_wconf 82' lang='lat' dir='ltr'>circumscriptione</span> <span class='ocrx_word' id='word_1_10' title='bbox 737 190 892 219; x_wconf 90' lang='lat' dir='ltr'>remota.</span> <span class='ocrx_word' id='word_1_11' title='bbox 914 186 1006 230; x_wconf 85' lang='lat' dir='ltr'>Quae</span> <span class='ocrx_word' id='word_1_12' title='bbox 1028 194 1117 218; x_wconf 90' lang='lat' dir='ltr'>vero</span> <span class='ocrx_word' id='word_1_13' title='bbox 1128 180 1159 198; x_wconf 74' lang='lat'>²⁵</span> 
     </span>
    </p>
   </div>
   <div class='ocr_carea' id='block_1_4' title="bbox 2113 112 2187 148">
    <p class='ocr_par' dir='ltr' id='par_1_4' title="bbox 2113 112 2187 148">
     <span class='ocr_line' id='line_1_4' title="bbox 2113 112 2187 148; baseline 0.014 -1"><span class='ocrx_word' id='word_1_14' title='bbox 2113 112 2187 148; x_wconf 68' lang='lat'><em>-378</em></span> 
     </span>
    </p>
   </div>
   <div class='ocr_carea' id='block_1_5' title="bbox 1167 181 2187 234">
    <p class='ocr_par' dir='ltr' id='par_1_5' title="bbox 1167 181 2187 234">
     <span class='ocr_line' id='line_1_5' title="bbox 1167 181 2187 234; baseline 0.008 -17"><span class='ocrx_word' id='word_1_15' title='bbox 1167 181 1293 230; x_wconf 82' lang='lat' dir='ltr'>&#39;pium</span> <span class='ocrx_word' id='word_1_16' title='bbox 1308 212 1317 227; x_wconf 89' lang='lat'>‚</span> <span class='ocrx_word' id='word_1_17' title='bbox 1340 183 1376 219; x_wconf 93' lang='lat' dir='ltr'>in</span> <span class='ocrx_word' id='word_1_18' title='bbox 1403 198 1480 233; x_wconf 87' lang='lat' dir='ltr'>quo</span> <span class='ocrx_word' id='word_1_19' title='bbox 1500 198 1580 222; x_wconf 89' lang='lat' dir='ltr'>esse</span> <span class='ocrx_word' id='word_1_20' title='bbox 1601 195 1769 223; x_wconf 90' lang='lat' dir='ltr'>nostrum</span> <span class='ocrx_word' id='word_1_21' title='bbox 1804 200 1878 223; x_wconf 91' lang='lat' dir='ltr'>non</span> <span class='ocrx_word' id='word_1_22' title='bbox 1912 188 2092 234; x_wconf 85' lang='lat' dir='ltr'>moritur,</span> <span class='ocrx_word' id='word_1_23' title='bbox 2125 190 2187 225; x_wconf 88' lang='lat' dir='ltr'>in-</span> 
     </span>
    </p>
   </div>
   <div class='ocr_carea' id='block_1_6' title="bbox 116 239 2185 290">
    <p class='ocr_par' dir='ltr' id='par_1_6' title="bbox 116 239 2185 290">
     <span class='ocr_line' id='line_1_6' title="bbox 116 239 2185 290; baseline 0.005 -16"><span class='ocrx_word' id='word_1_24' title='bbox 116 239 242 275; x_wconf 89' lang='lat' dir='ltr'>divina</span> <span class='ocrx_word' id='word_1_25' title='bbox 279 248 396 286; x_wconf 91' lang='lat' dir='ltr'>sunt,</span> <span class='ocrx_word' id='word_1_26' title='bbox 430 248 573 276; x_wconf 90' lang='lat' dir='ltr'>tantum</span> <span class='ocrx_word' id='word_1_27' title='bbox 608 241 890 290; x_wconf 82' lang='lat' dir='ltr'>supereminent</span> <span class='ocrx_word' id='word_1_28' title='bbox 922 241 1048 278; x_wconf 89' lang='lat' dir='ltr'>omnia</span> <span class='ocrx_word' id='word_1_29' title='bbox 1076 248 1114 276; x_wconf 88' lang='lat' dir='ltr'>et</span> <span class='ocrx_word' id='word_1_30' title='bbox 1132 241 1161 274; x_wconf 86' lang='grc' dir='ltr'><strong>Α</strong></span> <span class='ocrx_word' id='word_1_31' title='bbox 1182 240 1350 277; x_wconf 87' lang='lat' dir='ltr'>tellectus</span> <span class='ocrx_word' id='word_1_32' title='bbox 1379 252 1506 279; x_wconf 90' lang='lat' dir='ltr'>noster</span> <span class='ocrx_word' id='word_1_33' title='bbox 1530 257 1604 280; x_wconf 89' lang='lat' dir='ltr'>non</span> <span class='ocrx_word' id='word_1_34' title='bbox 1635 254 1754 290; x_wconf 89' lang='lat' dir='ltr'>errat,</span> <span class='ocrx_word' id='word_1_35' title='bbox 1778 260 1884 283; x_wconf 92' lang='lat' dir='ltr'>amor</span> <span class='ocrx_word' id='word_1_36' title='bbox 1913 260 1990 283; x_wconf 91' lang='lat' dir='ltr'>non</span> <span class='ocrx_word' id='word_1_37' title='bbox 2017 248 2185 284; x_wconf 87' lang='lat' dir='ltr'>offendi—</span> 
     </span>
    </p>
   </div>
   <div class='ocr_carea' id='block_1_7' title="bbox 114 298 1121 1710">
    <p class='ocr_par' dir='ltr' id='par_1_7' title="bbox 115 298 1121 1296">
     <span class='ocr_line' id='line_1_7' title="bbox 116 298 1115 349; baseline 0.001 -15"><span class='ocrx_word' id='word_1_38' title='bbox 116 299 325 348; x_wconf 89' lang='lat' dir='ltr'>corporalia</span> <span class='ocrx_word' id='word_1_39' title='bbox 344 308 381 336; x_wconf 89' lang='lat' dir='ltr'>et</span> <span class='ocrx_word' id='word_1_40' title='bbox 401 300 628 349; x_wconf 80' lang='lat' dir='ltr'>spiritualia,</span> <span class='ocrx_word' id='word_1_41' title='bbox 650 309 832 349; x_wconf 90' lang='lat' dir='ltr'>quantum</span> <span class='ocrx_word' id='word_1_42' title='bbox 854 300 900 336; x_wconf 87' lang='lat' dir='ltr'>ab</span> <span class='ocrx_word' id='word_1_43' title='bbox 918 300 1022 336; x_wconf 87' lang='lat' dir='ltr'>omni</span> <span class='ocrx_word' id='word_1_44' title='bbox 1042 298 1115 335; x_wconf 89' lang='lat' dir='ltr'>loci</span> 
     </span>
     <span class='ocr_line' id='line_1_8' title="bbox 115 359 1116 408; baseline 0.001 -15"><span class='ocrx_word' id='word_1_45' title='bbox 115 359 174 394; x_wconf 89' lang='lat' dir='ltr'>vel</span> <span class='ocrx_word' id='word_1_46' title='bbox 202 360 381 408; x_wconf 87' lang='lat' dir='ltr'>temporis</span> <span class='ocrx_word' id='word_1_47' title='bbox 409 361 508 408; x_wconf 84' lang='lat' dir='ltr'>lege,</span> <span class='ocrx_word' id='word_1_48' title='bbox 530 360 589 396; x_wconf 88' lang='lat' dir='ltr'>vel</span> <span class='ocrx_word' id='word_1_49' title='bbox 617 360 875 396; x_wconf 90' lang='lat' dir='ltr'>mutabilitatis</span> <span class='ocrx_word' id='word_1_50' title='bbox 903 359 1116 408; x_wconf 83' lang='lat' dir='ltr'>suspicione</span> 
     </span>
     <span class='ocr_line' id='line_1_9' title="bbox 116 416 1117 463; baseline 0 -11"><span class='ocrx_word' id='word_1_51' title='bbox 116 416 254 463; x_wconf 89' lang='lat' dir='ltr'>aliena,</span> <span class='ocrx_word' id='word_1_52' title='bbox 274 418 311 454; x_wconf 92' lang='lat' dir='ltr'>in</span> <span class='ocrx_word' id='word_1_53' title='bbox 336 431 410 455; x_wconf 89' lang='lat' dir='ltr'>suae</span> <span class='ocrx_word' id='word_1_54' title='bbox 432 418 817 455; x_wconf 79' lang='lat' dir='ltr'>incommutabilitatis</span> <span class='ocrx_word' id='word_1_55' title='bbox 838 427 875 455; x_wconf 91' lang='lat' dir='ltr'>et</span> <span class='ocrx_word' id='word_1_56' title='bbox 899 417 1117 454; x_wconf 75' lang='lat' dir='ltr'>aeternitatis</span> 
     </span>
     <span class='ocr_line' id='line_1_10' title="bbox 117 475 1117 518; baseline -0.001 -5"><span class='ocrx_word' id='word_1_57' title='bbox 117 475 348 515; x_wconf 86' lang='lat' dir='ltr'>beatitudine</span> <span class='ocrx_word' id='word_1_58' title='bbox 378 479 698 515; x_wconf 81' lang='lat' dir='ltr'>incommutabilia</span> <span class='ocrx_word' id='word_1_59' title='bbox 726 487 880 515; x_wconf 89' lang='lat' dir='ltr'>manent</span> <span class='ocrx_word' id='word_1_60' title='bbox 903 486 940 515; x_wconf 91' lang='lat' dir='ltr'>et</span> <span class='ocrx_word' id='word_1_61' title='bbox 968 486 1117 518; x_wconf 79' lang='lat' dir='ltr'>aeterna,</span> 
     </span>
     <span class='ocr_line' id='line_1_11' title="bbox 119 536 1121 588; baseline -0.001 -15"><span class='ocrx_word' id='word_1_62' title='bbox 119 539 163 573; x_wconf 92' lang='lat' dir='ltr'>In</span> <span class='ocrx_word' id='word_1_63' title='bbox 191 537 328 586; x_wconf 88' lang='lat' dir='ltr'>quibus</span> <span class='ocrx_word' id='word_1_64' title='bbox 359 538 454 574; x_wconf 92' lang='lat' dir='ltr'>sicut</span> <span class='ocrx_word' id='word_1_65' title='bbox 479 551 563 586; x_wconf 86' lang='lat' dir='ltr'>quae</span> <span class='ocrx_word' id='word_1_66' title='bbox 588 539 795 588; x_wconf 88' lang='lat' dir='ltr'>corporalia</span> <span class='ocrx_word' id='word_1_67' title='bbox 824 546 911 574; x_wconf 89' lang='lat' dir='ltr'>sunt</span> <span class='ocrx_word' id='word_1_68' title='bbox 942 536 1121 573; x_wconf 78' lang='lat' dir='ltr'>discernit</span> 
     </span>
     <span class='ocr_line' id='line_1_12' title="bbox 119 596 1118 646; baseline 0 -15"><span class='ocrx_word' id='word_1_69' title='bbox 119 596 265 632; x_wconf 91' lang='lat' dir='ltr'>animus</span> <span class='ocrx_word' id='word_1_70' title='bbox 285 609 354 645; x_wconf 90' lang='lat' dir='ltr'>per</span> <span class='ocrx_word' id='word_1_71' title='bbox 373 597 544 645; x_wconf 87' lang='lat' dir='ltr'>corporis</span> <span class='ocrx_word' id='word_1_72' title='bbox 564 609 712 643; x_wconf 88' lang='lat' dir='ltr'>sensus,</span> <span class='ocrx_word' id='word_1_73' title='bbox 734 598 786 634; x_wconf 87' lang='lat' dir='ltr'>sic</span> <span class='ocrx_word' id='word_1_74' title='bbox 802 610 884 646; x_wconf 85' lang='lat' dir='ltr'>quae</span> <span class='ocrx_word' id='word_1_75' title='bbox 900 605 988 633; x_wconf 91' lang='lat' dir='ltr'>sunt</span> <span class='ocrx_word' id='word_1_76' title='bbox 1005 596 1118 632; x_wconf 89' lang='lat' dir='ltr'>ratio-</span> 
     </span>
     <span class='ocr_line' id='line_1_13' title="bbox 116 654 1118 705; baseline -0.001 -15"><span class='ocrx_word' id='word_1_77' title='bbox 116 654 256 690; x_wconf 85' lang='lat' dir='ltr'>nabilia</span> <span class='ocrx_word' id='word_1_78' title='bbox 275 655 335 691; x_wconf 89' lang='lat' dir='ltr'>vel</span> <span class='ocrx_word' id='word_1_79' title='bbox 357 655 563 704; x_wconf 85' lang='lat' dir='ltr'>spiritualia</span> <span class='ocrx_word' id='word_1_80' title='bbox 583 655 795 693; x_wconf 89' lang='lat' dir='ltr'>discernere</span> <span class='ocrx_word' id='word_1_81' title='bbox 812 670 886 692; x_wconf 90' lang='lat' dir='ltr'>non</span> <span class='ocrx_word' id='word_1_82' title='bbox 906 663 1029 705; x_wconf 89' lang='lat' dir='ltr'>potest</span> <span class='ocrx_word' id='word_1_83' title='bbox 1046 654 1118 690; x_wconf 91' lang='lat' dir='ltr'>nisi</span> 
     </span>
     <span class='ocr_line' id='line_1_14' title="bbox 115 714 1117 762; baseline 0 -13"><span class='ocrx_word' id='word_1_84' title='bbox 115 725 183 762; x_wconf 88' lang='lat' dir='ltr'>per</span> <span class='ocrx_word' id='word_1_85' title='bbox 213 714 469 762; x_wconf 85' lang='lat' dir='ltr'>semetipsum.</span> <span class='ocrx_word' id='word_1_86' title='bbox 495 716 586 760; x_wconf 89' lang='lat' dir='ltr'>Quae</span> <span class='ocrx_word' id='word_1_87' title='bbox 609 727 700 750; x_wconf 91' lang='lat' dir='ltr'>vero</span> <span class='ocrx_word' id='word_1_88' title='bbox 725 724 814 751; x_wconf 90' lang='lat' dir='ltr'>sunt</span> <span class='ocrx_word' id='word_1_89' title='bbox 844 716 936 759; x_wconf 91' lang='lat' dir='ltr'>Dei,</span> <span class='ocrx_word' id='word_1_90' title='bbox 964 714 1117 751; x_wconf 91' lang='lat' dir='ltr'>nonnisi</span> 
     </span>
     <span class='ocr_line' id='line_1_15' title="bbox 116 773 1117 823; baseline 0 -14"><span class='ocrx_word' id='word_1_91' title='bbox 116 786 136 808; x_wconf 87' lang='lat' dir='ltr'>a</span> <span class='ocrx_word' id='word_1_92' title='bbox 154 776 234 809; x_wconf 89' lang='lat' dir='ltr'>Deo</span> <span class='ocrx_word' id='word_1_93' title='bbox 253 781 394 822; x_wconf 87' lang='lat' dir='ltr'>quaerat</span> <span class='ocrx_word' id='word_1_94' title='bbox 418 773 478 809; x_wconf 90' lang='lat' dir='ltr'>vel</span> <span class='ocrx_word' id='word_1_95' title='bbox 508 782 699 823; x_wconf 89' lang='lat' dir='ltr'>exspectet</span> <span class='ocrx_word' id='word_1_96' title='bbox 718 774 938 811; x_wconf 87' lang='lat' dir='ltr'>intellectus.</span> <span class='ocrx_word' id='word_1_97' title='bbox 960 778 1006 811; x_wconf 82' lang='lat' dir='ltr'>Et</span> <span class='ocrx_word' id='word_1_98' title='bbox 1030 773 1117 823; x_wconf 86' lang='lat' dir='ltr'>qui-</span> 
     </span>
     <span class='ocr_line' id='line_1_16' title="bbox 118 831 1119 882; baseline 0 -13"><span class='ocrx_word' id='word_1_99' title='bbox 118 831 202 869; x_wconf 86' lang='lat' dir='ltr'>dem</span> <span class='ocrx_word' id='word_1_100' title='bbox 229 832 275 869; x_wconf 92' lang='lat' dir='ltr'>de</span> <span class='ocrx_word' id='word_1_101' title='bbox 297 832 490 869; x_wconf 83' lang='lat' dir='ltr'>nonnullis</span> <span class='ocrx_word' id='word_1_102' title='bbox 511 845 594 881; x_wconf 86' lang='lat' dir='ltr'>quae</span> <span class='ocrx_word' id='word_1_103' title='bbox 615 831 660 868; x_wconf 90' lang='lat' dir='ltr'>ad</span> <span class='ocrx_word' id='word_1_104' title='bbox 692 835 815 869; x_wconf 90' lang='lat' dir='ltr'>Deum</span> <span class='ocrx_word' id='word_1_105' title='bbox 845 842 1040 882; x_wconf 91' lang='lat' dir='ltr'>spectant,</span> <span class='ocrx_word' id='word_1_106' title='bbox 1066 832 1119 869; x_wconf 89' lang='lat' dir='ltr'>fas</span> 
     </span>
     <span class='ocr_line' id='line_1_17' title="bbox 117 890 1119 941; baseline 0 -14"><span class='ocrx_word' id='word_1_107' title='bbox 117 899 174 928; x_wconf 87' lang='lat' dir='ltr'>est</span> <span class='ocrx_word' id='word_1_108' title='bbox 207 899 244 928; x_wconf 94' lang='lat' dir='ltr'>et</span> <span class='ocrx_word' id='word_1_109' title='bbox 270 890 448 941; x_wconf 87' lang='lat' dir='ltr'>possibile</span> <span class='ocrx_word' id='word_1_110' title='bbox 476 891 622 927; x_wconf 90' lang='lat' dir='ltr'>homini</span> <span class='ocrx_word' id='word_1_111' title='bbox 652 891 835 927; x_wconf 87' lang='lat' dir='ltr'>rationem</span> <span class='ocrx_word' id='word_1_112' title='bbox 870 891 1023 928; x_wconf 86' lang='lat' dir='ltr'>habenti</span> <span class='ocrx_word' id='word_1_113' title='bbox 1050 892 1119 927; x_wconf 80' lang='lat' dir='ltr'>ali-</span> 
     </span>
     <span class='ocr_line' id='line_1_18' title="bbox 117 950 1120 999; baseline -0.002 -12"><span class='ocrx_word' id='word_1_114' title='bbox 117 950 269 999; x_wconf 90' lang='lat' dir='ltr'>quando</span> <span class='ocrx_word' id='word_1_115' title='bbox 290 950 454 999; x_wconf 84' lang='lat' dir='ltr'>cogitare</span> <span class='ocrx_word' id='word_1_116' title='bbox 470 959 507 986; x_wconf 91' lang='lat' dir='ltr'>et</span> <span class='ocrx_word' id='word_1_117' title='bbox 527 950 758 999; x_wconf 84' lang='lat' dir='ltr'>disquirere,</span> <span class='ocrx_word' id='word_1_118' title='bbox 790 951 887 987; x_wconf 91' lang='lat' dir='ltr'>sicut</span> <span class='ocrx_word' id='word_1_119' title='bbox 916 950 962 986; x_wconf 89' lang='lat' dir='ltr'>de</span> <span class='ocrx_word' id='word_1_120' title='bbox 990 950 1120 986; x_wconf 86' lang='lat' dir='ltr'>dulce-</span> 
     </span>
     <span class='ocr_line' id='line_1_19' title="bbox 116 1008 1117 1059; baseline -0.001 -13"><span class='ocrx_word' id='word_1_121' title='bbox 116 1009 203 1046; x_wconf 91' lang='lat' dir='ltr'>dine</span> <span class='ocrx_word' id='word_1_122' title='bbox 224 1008 401 1046; x_wconf 88' lang='lat' dir='ltr'>bonitatis</span> <span class='ocrx_word' id='word_1_123' title='bbox 421 1009 502 1058; x_wconf 89' lang='lat' dir='ltr'>ejus</span> <span class='ocrx_word' id='word_1_124' title='bbox 515 1037 525 1056; x_wconf 89' lang='lat'>‚</span> <span class='ocrx_word' id='word_1_125' title='bbox 545 1010 591 1046; x_wconf 91' lang='lat' dir='ltr'>de</span> <span class='ocrx_word' id='word_1_126' title='bbox 606 1010 778 1059; x_wconf 90' lang='lat' dir='ltr'>potentia</span> <span class='ocrx_word' id='word_1_127' title='bbox 795 1010 946 1046; x_wconf 87' lang='lat' dir='ltr'>virtutis</span> <span class='ocrx_word' id='word_1_128' title='bbox 959 1039 967 1055; x_wconf 91' lang='lat'>,</span> <span class='ocrx_word' id='word_1_129' title='bbox 985 1018 1021 1045; x_wconf 88' lang='lat' dir='ltr'>et</span> <span class='ocrx_word' id='word_1_130' title='bbox 1037 1010 1117 1045; x_wconf 88' lang='lat' dir='ltr'>aliis</span> 
     </span>
     <span class='ocr_line' id='line_1_20' title="bbox 116 1068 1118 1119; baseline 0.001 -15"><span class='ocrx_word' id='word_1_131' title='bbox 116 1068 344 1118; x_wconf 86' lang='lat' dir='ltr'>hujusmodi.</span> <span class='ocrx_word' id='word_1_132' title='bbox 367 1072 494 1119; x_wconf 88' lang='lat' dir='ltr'>Ipsum</span> <span class='ocrx_word' id='word_1_133' title='bbox 513 1082 605 1106; x_wconf 91' lang='lat' dir='ltr'>vero</span> <span class='ocrx_word' id='word_1_134' title='bbox 628 1069 732 1118; x_wconf 88' lang='lat' dir='ltr'>quod</span> <span class='ocrx_word' id='word_1_135' title='bbox 762 1078 817 1106; x_wconf 92' lang='lat' dir='ltr'>est</span> <span class='ocrx_word' id='word_1_136' title='bbox 844 1069 882 1105; x_wconf 91' lang='lat' dir='ltr'>id</span> <span class='ocrx_word' id='word_1_137' title='bbox 910 1069 1054 1118; x_wconf 89' lang='lat' dir='ltr'>ipsum,</span> <span class='ocrx_word' id='word_1_138' title='bbox 1079 1069 1118 1105; x_wconf 88' lang='lat' dir='ltr'>id</span> 
     </span>
     <span class='ocr_line' id='line_1_21' title="bbox 115 1127 1118 1178; baseline 0 -14"><span class='ocrx_word' id='word_1_139' title='bbox 115 1127 220 1177; x_wconf 83' lang='lat' dir='ltr'>quod</span> <span class='ocrx_word' id='word_1_140' title='bbox 235 1136 291 1165; x_wconf 91' lang='lat' dir='ltr'>est</span> <span class='ocrx_word' id='word_1_141' title='bbox 305 1127 460 1178; x_wconf 83' lang='lat' dir='ltr'>cogitari</span> <span class='ocrx_word' id='word_1_142' title='bbox 477 1128 634 1164; x_wconf 89' lang='lat' dir='ltr'>omnino</span> <span class='ocrx_word' id='word_1_143' title='bbox 650 1141 727 1164; x_wconf 92' lang='lat' dir='ltr'>non</span> <span class='ocrx_word' id='word_1_144' title='bbox 746 1136 888 1178; x_wconf 89' lang='lat' dir='ltr'>potest,</span> <span class='ocrx_word' id='word_1_145' title='bbox 906 1128 975 1164; x_wconf 91' lang='lat' dir='ltr'>nisi</span> <span class='ocrx_word' id='word_1_146' title='bbox 995 1141 1118 1177; x_wconf 89' lang='lat' dir='ltr'>quan-</span> 
     </span>
     <span class='ocr_line' id='line_1_22' title="bbox 118 1186 1119 1237; baseline -0.001 -14"><span class='ocrx_word' id='word_1_147' title='bbox 118 1195 194 1223; x_wconf 89' lang='lat' dir='ltr'>tum</span> <span class='ocrx_word' id='word_1_148' title='bbox 237 1186 283 1224; x_wconf 86' lang='lat' dir='ltr'>ad</span> <span class='ocrx_word' id='word_1_149' title='bbox 321 1187 392 1224; x_wconf 91' lang='lat' dir='ltr'>hoc</span> <span class='ocrx_word' id='word_1_150' title='bbox 424 1199 535 1224; x_wconf 90' lang='lat' dir='ltr'>sensu</span> <span class='ocrx_word' id='word_1_151' title='bbox 570 1188 771 1225; x_wconf 89' lang='lat' dir='ltr'>illuminati</span> <span class='ocrx_word' id='word_1_152' title='bbox 810 1188 950 1225; x_wconf 90' lang='lat' dir='ltr'>amoris</span> <span class='ocrx_word' id='word_1_153' title='bbox 987 1187 1119 1237; x_wconf 87' lang='lat' dir='ltr'>attingi</span> 
     </span>
     <span class='ocr_line' id='line_1_23' title="bbox 117 1254 254 1296; baseline 0 -13"><span class='ocrx_word' id='word_1_154' title='bbox 117 1254 254 1296; x_wconf 87' lang='lat' dir='ltr'>potest.</span> 
     </span>
    </p>

    <p class='ocr_par' dir='ltr' id='par_1_8' title="bbox 114 1305 1119 1710">
     <span class='ocr_line' id='line_1_24' title="bbox 170 1305 1119 1354; baseline -0.002 -11"><span class='ocrx_word' id='word_1_155' title='bbox 170 1306 233 1343; x_wconf 81' lang='lat'>24.</span> <span class='ocrx_word' id='word_1_156' title='bbox 257 1305 476 1344; x_wconf 89' lang='lat' dir='ltr'>Credendus</span> <span class='ocrx_word' id='word_1_157' title='bbox 500 1315 556 1343; x_wconf 90' lang='lat' dir='ltr'>est</span> <span class='ocrx_word' id='word_1_158' title='bbox 576 1315 700 1343; x_wconf 88' lang='lat' dir='ltr'>tamen</span> <span class='ocrx_word' id='word_1_159' title='bbox 729 1309 848 1352; x_wconf 88' lang='lat' dir='ltr'>Deus,</span> <span class='ocrx_word' id='word_1_160' title='bbox 871 1314 909 1342; x_wconf 90' lang='lat' dir='ltr'>et</span> <span class='ocrx_word' id='word_1_161' title='bbox 936 1306 974 1342; x_wconf 93' lang='lat' dir='ltr'>in</span> <span class='ocrx_word' id='word_1_162' title='bbox 997 1318 1119 1354; x_wconf 81' lang='lat' dir='ltr'>quan-</span> 
     </span>
     <span class='ocr_line' id='line_1_25' title="bbox 117 1365 1119 1416; baseline -0.001 -15"><span class='ocrx_word' id='word_1_163' title='bbox 117 1373 195 1402; x_wconf 92' lang='lat' dir='ltr'>tum</span> <span class='ocrx_word' id='word_1_164' title='bbox 212 1366 372 1416; x_wconf 85' lang='lat' dir='ltr'>Spiritus</span> <span class='ocrx_word' id='word_1_165' title='bbox 391 1374 540 1402; x_wconf 84' lang='lat' dir='ltr'>sanctus</span> <span class='ocrx_word' id='word_1_166' title='bbox 561 1365 749 1414; x_wconf 90' lang='lat' dir='ltr'>adjuverit</span> <span class='ocrx_word' id='word_1_167' title='bbox 766 1365 987 1415; x_wconf 86' lang='lat' dir='ltr'>cogitandus</span> <span class='ocrx_word' id='word_1_168' title='bbox 1015 1378 1119 1414; x_wconf 85' lang='lat' dir='ltr'>quae-</span> 
     </span>
     <span class='ocr_line' id='line_1_26' title="bbox 115 1424 1115 1471; baseline 0 -11"><span class='ocrx_word' id='word_1_169' title='bbox 115 1424 201 1461; x_wconf 88' lang='lat' dir='ltr'>dam</span> <span class='ocrx_word' id='word_1_170' title='bbox 221 1425 298 1462; x_wconf 89' lang='lat' dir='ltr'>vita</span> <span class='ocrx_word' id='word_1_171' title='bbox 317 1433 456 1462; x_wconf 87' lang='lat' dir='ltr'>aeterna</span> <span class='ocrx_word' id='word_1_172' title='bbox 469 1452 478 1470; x_wconf 91' lang='lat'>‚</span> <span class='ocrx_word' id='word_1_173' title='bbox 501 1425 633 1461; x_wconf 85' lang='lat' dir='ltr'>vivens</span> <span class='ocrx_word' id='word_1_174' title='bbox 651 1433 688 1461; x_wconf 88' lang='lat' dir='ltr'>et</span> <span class='ocrx_word' id='word_1_175' title='bbox 708 1425 922 1471; x_wconf 82' lang='lat' dir='ltr'>vivificans,</span> <span class='ocrx_word' id='word_1_176' title='bbox 940 1425 1115 1461; x_wconf 88' lang='lat' dir='ltr'>immuta-</span> 
     </span>
     <span class='ocr_line' id='line_1_27' title="bbox 116 1482 1113 1529; baseline 0 -10"><span class='ocrx_word' id='word_1_177' title='bbox 116 1482 221 1529; x_wconf 88' lang='lat' dir='ltr'>bilis,</span> <span class='ocrx_word' id='word_1_178' title='bbox 248 1483 442 1520; x_wconf 87' lang='lat' dir='ltr'>mutabilia</span> <span class='ocrx_word' id='word_1_179' title='bbox 474 1484 601 1521; x_wconf 89' lang='lat' dir='ltr'>omnia</span> <span class='ocrx_word' id='word_1_180' title='bbox 634 1483 917 1520; x_wconf 86' lang='lat' dir='ltr'>immutabiliter</span> <span class='ocrx_word' id='word_1_181' title='bbox 951 1483 1113 1528; x_wconf 86' lang='lat' dir='ltr'>faciens,</span> 
     </span>
     <span class='ocr_line' id='line_1_28' title="bbox 114 1542 1116 1592; baseline 0.001 -15"><span class='ocrx_word' id='word_1_182' title='bbox 114 1542 350 1592; x_wconf 85' lang='lat' dir='ltr'>intelligenS,</span> <span class='ocrx_word' id='word_1_183' title='bbox 382 1552 420 1580; x_wconf 91' lang='lat' dir='ltr'>et</span> <span class='ocrx_word' id='word_1_184' title='bbox 452 1556 582 1580; x_wconf 91' lang='lat' dir='ltr'>creans</span> <span class='ocrx_word' id='word_1_185' title='bbox 616 1555 768 1579; x_wconf 90' lang='lat' dir='ltr'>omnem</span> <span class='ocrx_word' id='word_1_186' title='bbox 806 1543 1037 1578; x_wconf 89' lang='lat' dir='ltr'>intellectum</span> <span class='ocrx_word' id='word_1_187' title='bbox 1079 1550 1116 1578; x_wconf 90' lang='lat' dir='ltr'>et</span> 
     </span>
     <span class='ocr_line' id='line_1_29' title="bbox 115 1601 1114 1652; baseline -0.001 -15"><span class='ocrx_word' id='word_1_188' title='bbox 115 1601 405 1652; x_wconf 85' lang='lat' dir='ltr'>intelligentem,</span> <span class='ocrx_word' id='word_1_189' title='bbox 425 1602 607 1652; x_wconf 85' lang='lat' dir='ltr'>sapientia</span> <span class='ocrx_word' id='word_1_190' title='bbox 631 1602 768 1638; x_wconf 77' lang='lat' dir='ltr'>faciens</span> <span class='ocrx_word' id='word_1_191' title='bbox 789 1614 938 1637; x_wconf 91' lang='lat' dir='ltr'>omnem</span> <span class='ocrx_word' id='word_1_192' title='bbox 960 1601 1114 1650; x_wconf 85' lang='lat' dir='ltr'>sapien-</span> 
     </span>
     <span class='ocr_line' id='line_1_30' title="bbox 116 1660 1113 1710; baseline 0 -14"><span class='ocrx_word' id='word_1_193' title='bbox 116 1669 211 1707; x_wconf 88' lang='lat' dir='ltr'>tem;</span> <span class='ocrx_word' id='word_1_194' title='bbox 235 1663 370 1698; x_wconf 86' lang='lat' dir='ltr'>veritas</span> <span class='ocrx_word' id='word_1_195' title='bbox 390 1663 483 1706; x_wconf 85' lang='lat' dir='ltr'>fixa,</span> <span class='ocrx_word' id='word_1_196' title='bbox 505 1670 606 1698; x_wconf 90' lang='lat' dir='ltr'>stans</span> <span class='ocrx_word' id='word_1_197' title='bbox 632 1660 907 1697; x_wconf 82' lang='lat' dir='ltr'>indeclinabilis</span> <span class='ocrx_word' id='word_1_198' title='bbox 922 1689 932 1706; x_wconf 90' lang='lat'>,</span> <span class='ocrx_word' id='word_1_199' title='bbox 966 1674 1011 1696; x_wconf 86' lang='lat' dir='ltr'>ex</span> <span class='ocrx_word' id='word_1_200' title='bbox 1039 1673 1113 1710; x_wconf 87' lang='lat' dir='ltr'>qua</span> 
     </span>
    </p>
   </div>
   <div class='ocr_carea' id='block_1_8' title="bbox 1182 301 2190 946">
    <p class='ocr_par' dir='ltr' id='par_1_9' title="bbox 1182 301 2190 946">
     <span class='ocr_line' id='line_1_31' title="bbox 1183 301 2181 352; baseline 0.009 -18"><span class='ocrx_word' id='word_1_201' title='bbox 1183 307 1265 335; x_wconf 90' lang='lat' dir='ltr'>tur:</span> <span class='ocrx_word' id='word_1_202' title='bbox 1284 301 1347 348; x_wconf 88' lang='lat' dir='ltr'>qui</span> <span class='ocrx_word' id='word_1_203' title='bbox 1361 314 1508 351; x_wconf 81' lang='lat' dir='ltr'>semper</span> <span class='ocrx_word' id='word_1_204' title='bbox 1524 304 1718 351; x_wconf 71' lang='lat' dir='ltr'>quzeritur,</span> <span class='ocrx_word' id='word_1_205' title='bbox 1733 305 1931 342; x_wconf 89' lang='lat' dir='ltr'>utdulcius</span> <span class='ocrx_word' id='word_1_206' title='bbox 1947 307 2181 352; x_wconf 71' lang='lat' dir='ltr'>inveniatur,</span> 
     </span>
     <span class='ocr_line' id='line_1_32' title="bbox 1182 358 2145 415; baseline 0.008 -21"><span class='ocrx_word' id='word_1_207' title='bbox 1182 358 1396 396; x_wconf 81' lang='lat' dir='ltr'>dulcissime</span> <span class='ocrx_word' id='word_1_208' title='bbox 1414 362 1605 398; x_wconf 86' lang='lat' dir='ltr'>invenitur</span> <span class='ocrx_word' id='word_1_209' title='bbox 1618 392 1627 408; x_wconf 83' lang='lat'>,</span> <span class='ocrx_word' id='word_1_210' title='bbox 1646 372 1686 399; x_wconf 88' lang='lat' dir='ltr'>ut</span> <span class='ocrx_word' id='word_1_211' title='bbox 1707 364 1923 413; x_wconf 75' lang='lat' dir='ltr'>diligentius</span> <span class='ocrx_word' id='word_1_212' title='bbox 1940 375 2145 415; x_wconf 78' lang='lat' dir='ltr'>quaeratur.</span> 
     </span>
     <span class='ocr_line' id='line_1_33' title="bbox 1236 420 2186 471; baseline 0.005 -16"><span class='ocrx_word' id='word_1_213' title='bbox 1236 420 1298 455; x_wconf 73' lang='lat'>25.</span> <span class='ocrx_word' id='word_1_214' title='bbox 1331 424 1410 456; x_wconf 88' lang='lat' dir='ltr'>Hoc</span> <span class='ocrx_word' id='word_1_215' title='bbox 1430 434 1519 469; x_wconf 86' lang='lat' dir='ltr'>ergo</span> <span class='ocrx_word' id='word_1_216' title='bbox 1541 422 1730 459; x_wconf 78' lang='lat' dir='ltr'>ineffabile</span> <span class='ocrx_word' id='word_1_217' title='bbox 1749 424 1759 471; x_wconf 60' lang='lat' dir='ltr'>s(</span> <span class='ocrx_word' id='word_1_218' title='bbox 1775 437 1858 459; x_wconf 78' lang='lat' dir='ltr'>eum</span> <span class='ocrx_word' id='word_1_219' title='bbox 1880 426 2030 462; x_wconf 90' lang='lat' dir='ltr'>nonnisi</span> <span class='ocrx_word' id='word_1_220' title='bbox 2050 425 2186 461; x_wconf 83' lang='lat' dir='ltr'>ineffa-</span> 
     </span>
     <span class='ocr_line' id='line_1_34' title="bbox 1185 476 2185 529; baseline 0.008 -17"><span class='ocrx_word' id='word_1_221' title='bbox 1185 476 1311 513; x_wconf 87' lang='lat' dir='ltr'>biliter</span> <span class='ocrx_word' id='word_1_222' title='bbox 1330 478 1522 529; x_wconf 69' lang='lat' dir='ltr'>videatur)</span> <span class='ocrx_word' id='word_1_223' title='bbox 1540 481 1604 528; x_wconf 87' lang='lat' dir='ltr'>qui</span> <span class='ocrx_word' id='word_1_224' title='bbox 1622 482 1703 516; x_wconf 85' lang='lat' dir='ltr'>vult</span> <span class='ocrx_word' id='word_1_225' title='bbox 1727 481 1877 527; x_wconf 71' lang='lat' dir='ltr'>videre,</span> <span class='ocrx_word' id='word_1_226' title='bbox 1913 497 1978 519; x_wconf 90' lang='lat' dir='ltr'>cor</span> <span class='ocrx_word' id='word_1_227' title='bbox 2007 484 2185 527; x_wconf 89' lang='lat' dir='ltr'>mundet,</span> 
     </span>
     <span class='ocr_line' id='line_1_35' title="bbox 1185 536 2184 588; baseline 0.007 -16"><span class='ocrx_word' id='word_1_228' title='bbox 1185 536 1273 584; x_wconf 87' lang='lat' dir='ltr'>quia</span> <span class='ocrx_word' id='word_1_229' title='bbox 1307 538 1409 573; x_wconf 89' lang='lat' dir='ltr'>nulla</span> <span class='ocrx_word' id='word_1_230' title='bbox 1440 539 1612 587; x_wconf 86' lang='lat' dir='ltr'>corporis</span> <span class='ocrx_word' id='word_1_231' title='bbox 1658 540 1904 576; x_wconf 71' lang='lat' dir='ltr'>similitudinf=</span> <span class='ocrx_word' id='word_1_232' title='bbox 1947 543 2184 588; x_wconf 84' lang='lat' dir='ltr'>dormienti,</span> 
     </span>
     <span class='ocr_line' id='line_1_36' title="bbox 1184 595 2188 646; baseline 0.009 -17"><span class='ocrx_word' id='word_1_233' title='bbox 1184 595 1287 630; x_wconf 90' lang='lat' dir='ltr'>nulla</span> <span class='ocrx_word' id='word_1_234' title='bbox 1318 608 1500 644; x_wconf 86' lang='lat' dir='ltr'>corporea</span> <span class='ocrx_word' id='word_1_235' title='bbox 1529 597 1653 644; x_wconf 79' lang='lat' dir='ltr'>speeie</span> <span class='ocrx_word' id='word_1_236' title='bbox 1682 598 1870 646; x_wconf 79' lang='lat' dir='ltr'>vigilanti,</span> <span class='ocrx_word' id='word_1_237' title='bbox 1906 602 2006 637; x_wconf 88' lang='lat' dir='ltr'>nulla</span> <span class='ocrx_word' id='word_1_238' title='bbox 2034 601 2188 638; x_wconf 84' lang='lat' dir='ltr'>rationis</span> 
     </span>
     <span class='ocr_line' id='line_1_37' title="bbox 1184 653 2186 705; baseline 0.008 -16"><span class='ocrx_word' id='word_1_239' title='bbox 1184 653 1384 703; x_wconf 81' lang='lat' dir='ltr'>indagine,</span> <span class='ocrx_word' id='word_1_240' title='bbox 1406 654 1477 690; x_wconf 91' lang='lat' dir='ltr'>nisi</span> <span class='ocrx_word' id='word_1_241' title='bbox 1498 654 1642 690; x_wconf 84' lang='lat' dir='ltr'>mundo</span> <span class='ocrx_word' id='word_1_242' title='bbox 1662 657 1776 692; x_wconf 88' lang='lat' dir='ltr'>corde</span> <span class='ocrx_word' id='word_1_243' title='bbox 1806 657 1999 696; x_wconf 84' lang='lat' dir='ltr'>humiliter</span> <span class='ocrx_word' id='word_1_244' title='bbox 2025 661 2186 705; x_wconf 80' lang='lat' dir='ltr'>amanti,</span> 
     </span>
     <span class='ocr_line' id='line_1_38' title="bbox 1185 714 2186 764; baseline 0.008 -15"><span class='ocrx_word' id='word_1_245' title='bbox 1185 714 1304 750; x_wconf 88' lang='lat' dir='ltr'>videri</span> <span class='ocrx_word' id='word_1_246' title='bbox 1334 722 1481 763; x_wconf 90' lang='lat' dir='ltr'>potest,</span> <span class='ocrx_word' id='word_1_247' title='bbox 1514 714 1572 750; x_wconf 83' lang='lat' dir='ltr'>vel</span> <span class='ocrx_word' id='word_1_248' title='bbox 1607 716 1854 764; x_wconf 85' lang='lat' dir='ltr'>apprehendi.</span> <span class='ocrx_word' id='word_1_249' title='bbox 1892 722 1978 754; x_wconf 83' lang='lat' dir='ltr'>Haec</span> <span class='ocrx_word' id='word_1_250' title='bbox 2007 729 2061 756; x_wconf 89' lang='lat' dir='ltr'>est</span> <span class='ocrx_word' id='word_1_251' title='bbox 2086 721 2186 756; x_wconf 89' lang='lat' dir='ltr'>enim</span> 
     </span>
     <span class='ocr_line' id='line_1_39' title="bbox 1185 773 2190 824; baseline 0.006 -15"><span class='ocrx_word' id='word_1_252' title='bbox 1185 773 1295 810; x_wconf 87' lang='lat' dir='ltr'>facies</span> <span class='ocrx_word' id='word_1_253' title='bbox 1328 773 1503 818; x_wconf 87' lang='lat' dir='ltr'>Domini,</span> <span class='ocrx_word' id='word_1_254' title='bbox 1536 786 1649 822; x_wconf 90' lang='lat' dir='ltr'>quam</span> <span class='ocrx_word' id='word_1_255' title='bbox 1679 787 1791 810; x_wconf 89' lang='lat' dir='ltr'>nemo</span> <span class='ocrx_word' id='word_1_256' title='bbox 1824 784 1947 824; x_wconf 86' lang='lat' dir='ltr'>potest</span> <span class='ocrx_word' id='word_1_257' title='bbox 1969 778 2122 823; x_wconf 87' lang='lat' dir='ltr'>videre,</span> <span class='ocrx_word' id='word_1_258' title='bbox 2153 787 2190 815; x_wconf 89' lang='lat' dir='ltr'>et</span> 
     </span>
     <span class='ocr_line' id='line_1_40' title="bbox 1182 833 2190 883; baseline 0.006 -15"><span class='ocrx_word' id='word_1_259' title='bbox 1182 833 1313 869; x_wconf 87' lang='lat' dir='ltr'>vivere</span> <span class='ocrx_word' id='word_1_260' title='bbox 1340 833 1484 869; x_wconf 90' lang='lat' dir='ltr'>mundo</span> <span class='ocrx_word' id='word_1_261' title='bbox 1511 847 1519 869; x_wconf 90' lang='lat'><strong>:</strong></span> <span class='ocrx_word' id='word_1_262' title='bbox 1548 833 1627 869; x_wconf 79' lang='lat' dir='ltr'>haec</span> <span class='ocrx_word' id='word_1_263' title='bbox 1650 843 1706 870; x_wconf 88' lang='lat' dir='ltr'>est</span> <span class='ocrx_word' id='word_1_264' title='bbox 1734 835 1896 883; x_wconf 90' lang='lat' dir='ltr'>species,</span> <span class='ocrx_word' id='word_1_265' title='bbox 1930 837 1988 873; x_wconf 91' lang='lat' dir='ltr'>cui</span> <span class='ocrx_word' id='word_1_266' title='bbox 2019 846 2190 873; x_wconf 87' lang='lat' dir='ltr'>contem—</span> 
     </span>
     <span class='ocr_line' id='line_1_41' title="bbox 1184 891 2189 946; baseline 0.006 -19"><span class='ocrx_word' id='word_1_267' title='bbox 1184 891 1332 942; x_wconf 84' lang='lat' dir='ltr'>plandae</span> <span class='ocrx_word' id='word_1_268' title='bbox 1353 892 1515 942; x_wconf 86' lang='lat' dir='ltr'>suspirat</span> <span class='ocrx_word' id='word_1_269' title='bbox 1534 892 1657 928; x_wconf 89' lang='lat' dir='ltr'>omnis</span> <span class='ocrx_word' id='word_1_270' title='bbox 1674 893 1736 941; x_wconf 90' lang='lat' dir='ltr'>qui</span> <span class='ocrx_word' id='word_1_271' title='bbox 1754 894 1905 930; x_wconf 78' lang='lat' dir='ltr'>affectat</span> <span class='ocrx_word' id='word_1_272' title='bbox 1925 895 2081 946; x_wconf 84' lang='lat' dir='ltr'>diligere</span> <span class='ocrx_word' id='word_1_273' title='bbox 2108 900 2189 933; x_wconf 92' lang='lat' dir='ltr'>Do-</span> 
     </span>
    </p>
   </div>
   <div class='ocr_carea' id='block_1_9' title="bbox 1139 951 2189 1000">
    <p class='ocr_par' dir='ltr' id='par_1_10' title="bbox 1139 951 2189 1000">
     <span class='ocr_line' id='line_1_42' title="bbox 1139 951 2189 1000; baseline 0.005 -14"><span class='ocrx_word' id='word_1_274' title='bbox 1139 952 1167 985; x_wconf 94' lang='lat' dir='ltr'>B</span> <span class='ocrx_word' id='word_1_275' title='bbox 1188 951 1330 987; x_wconf 87' lang='lat' dir='ltr'>minum</span> <span class='ocrx_word' id='word_1_276' title='bbox 1353 955 1475 988; x_wconf 88' lang='lat' dir='ltr'>Deum</span> <span class='ocrx_word' id='word_1_277' title='bbox 1494 964 1603 987; x_wconf 91' lang='lat' dir='ltr'>suum</span> <span class='ocrx_word' id='word_1_278' title='bbox 1623 952 1660 987; x_wconf 89' lang='lat' dir='ltr'>in</span> <span class='ocrx_word' id='word_1_279' title='bbox 1682 960 1762 988; x_wconf 91' lang='lat' dir='ltr'>toto</span> <span class='ocrx_word' id='word_1_280' title='bbox 1780 953 1895 989; x_wconf 86' lang='lat' dir='ltr'>corde</span> <span class='ocrx_word' id='word_1_281' title='bbox 1918 967 2008 1000; x_wconf 90' lang='lat' dir='ltr'>suo,</span> <span class='ocrx_word' id='word_1_282' title='bbox 2043 955 2080 991; x_wconf 92' lang='lat' dir='ltr'>in</span> <span class='ocrx_word' id='word_1_283' title='bbox 2112 963 2189 991; x_wconf 90' lang='lat' dir='ltr'>tota</span> 
     </span>
    </p>
   </div>
   <div class='ocr_carea' id='block_1_10' title="bbox 1179 1009 2190 1716">
    <p class='ocr_par' dir='ltr' id='par_1_11' title="bbox 1179 1009 2190 1716">
     <span class='ocr_line' id='line_1_43' title="bbox 1185 1009 2186 1056; baseline 0.005 -11"><span class='ocrx_word' id='word_1_284' title='bbox 1185 1009 1308 1046; x_wconf 87' lang='lat' dir='ltr'>anima</span> <span class='ocrx_word' id='word_1_285' title='bbox 1327 1023 1413 1055; x_wconf 89' lang='lat' dir='ltr'>sua,</span> <span class='ocrx_word' id='word_1_286' title='bbox 1434 1010 1472 1046; x_wconf 91' lang='lat' dir='ltr'>in</span> <span class='ocrx_word' id='word_1_287' title='bbox 1496 1010 1600 1046; x_wconf 90' lang='lat' dir='ltr'>omni</span> <span class='ocrx_word' id='word_1_288' title='bbox 1628 1019 1753 1047; x_wconf 89' lang='lat' dir='ltr'>mente</span> <span class='ocrx_word' id='word_1_289' title='bbox 1779 1024 1865 1056; x_wconf 89' lang='lat' dir='ltr'>sua,</span> <span class='ocrx_word' id='word_1_290' title='bbox 1885 1020 1921 1048; x_wconf 89' lang='lat' dir='ltr'>et</span> <span class='ocrx_word' id='word_1_291' title='bbox 1940 1013 1980 1048; x_wconf 87' lang='lat' dir='ltr'>in</span> <span class='ocrx_word' id='word_1_292' title='bbox 2008 1013 2186 1051; x_wconf 85' lang='lat' dir='ltr'>omnibus</span> 
     </span>
     <span class='ocr_line' id='line_1_44' title="bbox 1184 1068 2188 1119; baseline 0.005 -14"><span class='ocrx_word' id='word_1_293' title='bbox 1184 1068 1330 1106; x_wconf 87' lang='lat' dir='ltr'>viribus</span> <span class='ocrx_word' id='word_1_294' title='bbox 1352 1070 1439 1106; x_wconf 90' lang='lat' dir='ltr'>suis.</span> <span class='ocrx_word' id='word_1_295' title='bbox 1461 1070 1520 1107; x_wconf 92' lang='lat' dir='ltr'>Ad</span> <span class='ocrx_word' id='word_1_296' title='bbox 1539 1070 1643 1119; x_wconf 90' lang='lat' dir='ltr'>quod</span> <span class='ocrx_word' id='word_1_297' title='bbox 1673 1071 1784 1107; x_wconf 89' lang='lat' dir='ltr'>etiam</span> <span class='ocrx_word' id='word_1_298' title='bbox 1817 1084 1893 1107; x_wconf 89' lang='lat' dir='ltr'>non</span> <span class='ocrx_word' id='word_1_299' title='bbox 1919 1072 2057 1108; x_wconf 87' lang='lat' dir='ltr'>desinit</span> <span class='ocrx_word' id='word_1_300' title='bbox 2085 1076 2188 1110; x_wconf 85' lang='lat' dir='ltr'>exci-</span> 
     </span>
     <span class='ocr_line' id='line_1_45' title="bbox 1185 1129 2183 1179; baseline 0.005 -15"><span class='ocrx_word' id='word_1_301' title='bbox 1185 1137 1263 1165; x_wconf 89' lang='lat' dir='ltr'>tare</span> <span class='ocrx_word' id='word_1_302' title='bbox 1293 1129 1508 1178; x_wconf 90' lang='lat' dir='ltr'>proximum</span> <span class='ocrx_word' id='word_1_303' title='bbox 1537 1142 1666 1175; x_wconf 90' lang='lat' dir='ltr'>suum,</span> <span class='ocrx_word' id='word_1_304' title='bbox 1693 1130 1723 1166; x_wconf 89' lang='lat' dir='ltr'>si</span> <span class='ocrx_word' id='word_1_305' title='bbox 1755 1130 1876 1179; x_wconf 80' lang='lat' dir='ltr'>diligit</span> <span class='ocrx_word' id='word_1_306' title='bbox 1903 1144 1988 1167; x_wconf 91' lang='lat' dir='ltr'>eum</span> <span class='ocrx_word' id='word_1_307' title='bbox 2020 1132 2114 1174; x_wconf 81' lang='lat' dir='ltr'>sicut</span> <span class='ocrx_word' id='word_1_308' title='bbox 2145 1147 2183 1169; x_wconf 89' lang='lat' dir='ltr'>se</span> 
     </span>
     <span class='ocr_line' id='line_1_46' title="bbox 1185 1188 2189 1238; baseline 0.004 -14"><span class='ocrx_word' id='word_1_309' title='bbox 1185 1188 1324 1238; x_wconf 89' lang='lat' dir='ltr'>ipsum.</span> <span class='ocrx_word' id='word_1_310' title='bbox 1347 1188 1404 1225; x_wconf 93' lang='lat' dir='ltr'>Ad</span> <span class='ocrx_word' id='word_1_311' title='bbox 1434 1188 1536 1237; x_wconf 92' lang='lat' dir='ltr'>quod</span> <span class='ocrx_word' id='word_1_312' title='bbox 1564 1202 1648 1225; x_wconf 88' lang='lat' dir='ltr'>cum</span> <span class='ocrx_word' id='word_1_313' title='bbox 1667 1189 1871 1238; x_wconf 88' lang='lat' dir='ltr'>aliquando</span> <span class='ocrx_word' id='word_1_314' title='bbox 1897 1190 2120 1237; x_wconf 79' lang='lat' dir='ltr'>admittitur,</span> <span class='ocrx_word' id='word_1_315' title='bbox 2153 1193 2189 1229; x_wconf 90' lang='lat' dir='ltr'>in</span> 
     </span>
     <span class='ocr_line' id='line_1_47' title="bbox 1185 1247 2190 1300; baseline 0.004 -18"><span class='ocrx_word' id='word_1_316' title='bbox 1185 1247 1269 1296; x_wconf 88' lang='lat' dir='ltr'>ipso</span> <span class='ocrx_word' id='word_1_317' title='bbox 1301 1247 1442 1283; x_wconf 89' lang='lat' dir='ltr'>lumine</span> <span class='ocrx_word' id='word_1_318' title='bbox 1477 1248 1643 1284; x_wconf 80' lang='lat' dir='ltr'>veritatis</span> <span class='ocrx_word' id='word_1_319' title='bbox 1673 1248 1932 1285; x_wconf 84' lang='lat' dir='ltr'>indubitanter</span> <span class='ocrx_word' id='word_1_320' title='bbox 1960 1249 2063 1286; x_wconf 83' lang='lat' dir='ltr'>videt</span> <span class='ocrx_word' id='word_1_321' title='bbox 2093 1263 2190 1300; x_wconf 83' lang='lat' dir='ltr'>prae-</span> 
     </span>
     <span class='ocr_line' id='line_1_48' title="bbox 1184 1307 2188 1358; baseline 0.005 -16"><span class='ocrx_word' id='word_1_322' title='bbox 1184 1307 1398 1343; x_wconf 88' lang='lat' dir='ltr'>venientem</span> <span class='ocrx_word' id='word_1_323' title='bbox 1425 1307 1580 1357; x_wconf 83' lang='lat' dir='ltr'>gratiam</span> <span class='ocrx_word' id='word_1_324' title='bbox 1619 1323 1626 1343; x_wconf 86' lang='lat'>:</span> <span class='ocrx_word' id='word_1_325' title='bbox 1658 1320 1741 1343; x_wconf 90' lang='lat' dir='ltr'>cum</span> <span class='ocrx_word' id='word_1_326' title='bbox 1771 1308 1860 1344; x_wconf 89' lang='lat' dir='ltr'>inde</span> <span class='ocrx_word' id='word_1_327' title='bbox 1893 1309 2113 1358; x_wconf 88' lang='lat' dir='ltr'>repellitur,</span> <span class='ocrx_word' id='word_1_328' title='bbox 2150 1311 2188 1347; x_wconf 91' lang='lat' dir='ltr'>in</span> 
     </span>
     <span class='ocr_line' id='line_1_49' title="bbox 1184 1366 2186 1418; baseline 0.004 -16"><span class='ocrx_word' id='word_1_329' title='bbox 1184 1366 1263 1416; x_wconf 90' lang='lat' dir='ltr'>ipsa</span> <span class='ocrx_word' id='word_1_330' title='bbox 1295 1367 1351 1403; x_wconf 92' lang='lat' dir='ltr'>sui</span> <span class='ocrx_word' id='word_1_331' title='bbox 1380 1367 1543 1403; x_wconf 83' lang='lat' dir='ltr'>caecitate</span> <span class='ocrx_word' id='word_1_332' title='bbox 1572 1367 1748 1417; x_wconf 82' lang='lat' dir='ltr'>intelligit</span> <span class='ocrx_word' id='word_1_333' title='bbox 1783 1368 1938 1416; x_wconf 83' lang='lat' dir='ltr'>puritati</span> <span class='ocrx_word' id='word_1_334' title='bbox 1983 1368 2064 1418; x_wconf 88' lang='lat' dir='ltr'>ejus</span> <span class='ocrx_word' id='word_1_335' title='bbox 2111 1383 2186 1406; x_wconf 92' lang='lat' dir='ltr'>non</span> 
     </span>
     <span class='ocr_line' id='line_1_50' title="bbox 1183 1427 2183 1476; baseline 0.004 -14"><span class='ocrx_word' id='word_1_336' title='bbox 1183 1427 1387 1463; x_wconf 88' lang='lat' dir='ltr'>convenire</span> <span class='ocrx_word' id='word_1_337' title='bbox 1420 1427 1695 1463; x_wconf 89' lang='lat' dir='ltr'>immunditiam</span> <span class='ocrx_word' id='word_1_338' title='bbox 1738 1441 1857 1464; x_wconf 87' lang='lat' dir='ltr'>suam.</span> <span class='ocrx_word' id='word_1_339' title='bbox 1904 1431 1949 1464; x_wconf 79' lang='lat' dir='ltr'>Et</span> <span class='ocrx_word' id='word_1_340' title='bbox 1980 1429 2010 1464; x_wconf 89' lang='lat' dir='ltr'>si</span> <span class='ocrx_word' id='word_1_341' title='bbox 2046 1439 2145 1466; x_wconf 82' lang='lat' dir='ltr'>amat</span> <span class='ocrx_word' id='word_1_342' title='bbox 2175 1460 2183 1476; x_wconf 91' lang='lat'>,</span> 
     </span>
     <span class='ocr_line' id='line_1_51' title="bbox 1184 1486 2186 1539; baseline 0.005 -17"><span class='ocrx_word' id='word_1_343' title='bbox 1184 1487 1274 1523; x_wconf 77' lang='lat' dir='ltr'>flere</span> <span class='ocrx_word' id='word_1_344' title='bbox 1307 1487 1417 1523; x_wconf 90' lang='lat' dir='ltr'>dulce</span> <span class='ocrx_word' id='word_1_345' title='bbox 1446 1486 1581 1532; x_wconf 85' lang='lat' dir='ltr'>babet,</span> <span class='ocrx_word' id='word_1_346' title='bbox 1615 1495 1651 1523; x_wconf 89' lang='lat' dir='ltr'>et</span> <span class='ocrx_word' id='word_1_347' title='bbox 1682 1500 1757 1523; x_wconf 94' lang='lat' dir='ltr'>non</span> <span class='ocrx_word' id='word_1_348' title='bbox 1789 1488 1870 1525; x_wconf 90' lang='lat' dir='ltr'>sine</span> <span class='ocrx_word' id='word_1_349' title='bbox 1899 1489 2018 1525; x_wconf 89' lang='lat' dir='ltr'>multo</span> <span class='ocrx_word' id='word_1_350' title='bbox 2046 1491 2186 1539; x_wconf 85' lang='lat' dir='ltr'>gemitu</span> 
     </span>
     <span class='ocr_line' id='line_1_52' title="bbox 1181 1546 2188 1599; baseline 0.005 -18"><span class='ocrx_word' id='word_1_351' title='bbox 1181 1547 1327 1595; x_wconf 84' lang='lat' dir='ltr'>cogitur</span> <span class='ocrx_word' id='word_1_352' title='bbox 1353 1546 1476 1582; x_wconf 89' lang='lat' dir='ltr'>redire</span> <span class='ocrx_word' id='word_1_353' title='bbox 1492 1546 1530 1582; x_wconf 91' lang='lat' dir='ltr'>in</span> <span class='ocrx_word' id='word_1_354' title='bbox 1552 1547 1820 1583; x_wconf 82' lang='lat' dir='ltr'>conscientiam</span> <span class='ocrx_word' id='word_1_355' title='bbox 1845 1560 1964 1585; x_wconf 91' lang='lat' dir='ltr'>suam.</span> <span class='ocrx_word' id='word_1_356' title='bbox 1998 1550 2055 1586; x_wconf 88' lang='lat' dir='ltr'>Ad</span> <span class='ocrx_word' id='word_1_357' title='bbox 2085 1551 2188 1599; x_wconf 86' lang='lat' dir='ltr'>quod</span> 
     </span>
     <span class='ocr_line' id='line_1_53' title="bbox 1180 1605 2188 1660; baseline 0.006 -20"><span class='ocrx_word' id='word_1_358' title='bbox 1180 1605 1422 1653; x_wconf 86' lang='lat' dir='ltr'>cogitandum</span> <span class='ocrx_word' id='word_1_359' title='bbox 1444 1606 1600 1641; x_wconf 89' lang='lat' dir='ltr'>omnino</span> <span class='ocrx_word' id='word_1_360' title='bbox 1620 1606 1783 1655; x_wconf 87' lang='lat' dir='ltr'>impares</span> <span class='ocrx_word' id='word_1_361' title='bbox 1808 1620 1938 1643; x_wconf 87' lang='lat' dir='ltr'>sumus</span> <span class='ocrx_word' id='word_1_362' title='bbox 1956 1623 1963 1644; x_wconf 94' lang='lat'>:</span> <span class='ocrx_word' id='word_1_363' title='bbox 1983 1609 2047 1645; x_wconf 90' lang='lat' dir='ltr'>sed</span> <span class='ocrx_word' id='word_1_364' title='bbox 2076 1610 2188 1660; x_wconf 84' lang='lat' dir='ltr'>igno—</span> 
     </span>
     <span class='ocr_line' id='line_1_54' title="bbox 1179 1664 2184 1716; baseline 0.006 -17"><span class='ocrx_word' id='word_1_365' title='bbox 1179 1664 1247 1699; x_wconf 83' lang='lat' dir='ltr'>scit</span> <span class='ocrx_word' id='word_1_366' title='bbox 1265 1677 1377 1713; x_wconf 88' lang='lat' dir='ltr'>quem</span> <span class='ocrx_word' id='word_1_367' title='bbox 1404 1676 1594 1709; x_wconf 82' lang='lat' dir='ltr'>amamuS,</span> <span class='ocrx_word' id='word_1_368' title='bbox 1619 1673 1656 1700; x_wconf 93' lang='lat' dir='ltr'>et</span> <span class='ocrx_word' id='word_1_369' title='bbox 1686 1664 1732 1700; x_wconf 90' lang='lat' dir='ltr'>de</span> <span class='ocrx_word' id='word_1_370' title='bbox 1762 1678 1839 1714; x_wconf 89' lang='lat' dir='ltr'>quo</span> <span class='ocrx_word' id='word_1_371' title='bbox 1868 1666 1980 1716; x_wconf 83' lang='lat' dir='ltr'>digne</span> <span class='ocrx_word' id='word_1_372' title='bbox 2011 1680 2080 1704; x_wconf 88' lang='lat' dir='ltr'>nos</span> <span class='ocrx_word' id='word_1_373' title='bbox 2109 1682 2184 1704; x_wconf 92' lang='lat' dir='ltr'>non</span> 
     </span>
    </p>
   </div>
   <div class='ocr_carea' id='block_1_11' title="bbox 114 1721 2187 1773">
    <p class='ocr_par' dir='ltr' id='par_1_12' title="bbox 114 1721 2187 1773">
     <span class='ocr_line' id='line_1_55' title="bbox 114 1721 2187 1773; baseline 0.003 -17"><span class='ocrx_word' id='word_1_374' title='bbox 114 1733 205 1757; x_wconf 90' lang='lat' dir='ltr'>vera</span> <span class='ocrx_word' id='word_1_375' title='bbox 226 1730 313 1758; x_wconf 91' lang='lat' dir='ltr'>sunt</span> <span class='ocrx_word' id='word_1_376' title='bbox 336 1722 463 1758; x_wconf 87' lang='lat' dir='ltr'>omnia</span> <span class='ocrx_word' id='word_1_377' title='bbox 491 1733 575 1770; x_wconf 86' lang='lat' dir='ltr'>quae</span> <span class='ocrx_word' id='word_1_378' title='bbox 608 1733 697 1757; x_wconf 86' lang='lat' dir='ltr'>vera</span> <span class='ocrx_word' id='word_1_379' title='bbox 718 1728 827 1766; x_wconf 89' lang='lat' dir='ltr'>sunt,</span> <span class='ocrx_word' id='word_1_380' title='bbox 856 1721 894 1756; x_wconf 93' lang='lat' dir='ltr'>in</span> <span class='ocrx_word' id='word_1_381' title='bbox 922 1734 996 1769; x_wconf 85' lang='lat' dir='ltr'>qua</span> <span class='ocrx_word' id='word_1_382' title='bbox 1028 1722 1159 1758; x_wconf 90' lang='lat' dir='ltr'>suntC</span> <span class='ocrx_word' id='word_1_383' title='bbox 1179 1736 1311 1773; x_wconf 81' lang='lat' dir='ltr'>posse,</span> <span class='ocrx_word' id='word_1_384' title='bbox 1343 1724 1402 1759; x_wconf 86' lang='lat' dir='ltr'>vel</span> <span class='ocrx_word' id='word_1_385' title='bbox 1433 1723 1575 1769; x_wconf 87' lang='lat' dir='ltr'>dicere,</span> <span class='ocrx_word' id='word_1_386' title='bbox 1602 1724 1662 1759; x_wconf 89' lang='lat' dir='ltr'>vel</span> <span class='ocrx_word' id='word_1_387' title='bbox 1687 1724 1853 1773; x_wconf 82' lang='lat' dir='ltr'>cogitare</span> <span class='ocrx_word' id='word_1_388' title='bbox 1883 1726 2108 1762; x_wconf 76' lang='lat' dir='ltr'>confitemur</span> <span class='ocrx_word' id='word_1_389' title='bbox 2125 1742 2132 1763; x_wconf 92' lang='lat'>:</span> <span class='ocrx_word' id='word_1_390' title='bbox 2151 1736 2187 1763; x_wconf 91' lang='lat' dir='ltr'>et</span> 
     </span>
    </p>
   </div>
   <div class='ocr_carea' id='block_1_12' title="bbox 110 1781 1115 2488">
    <p class='ocr_par' dir='ltr' id='par_1_13' title="bbox 110 1781 1115 2488">
     <span class='ocr_line' id='line_1_56' title="bbox 114 1781 1112 1818; baseline -0.001 -1"><span class='ocrx_word' id='word_1_391' title='bbox 114 1782 338 1818; x_wconf 79' lang='lat' dir='ltr'>aeternaliter</span> <span class='ocrx_word' id='word_1_392' title='bbox 353 1783 517 1818; x_wconf 86' lang='lat' dir='ltr'>rationes</span> <span class='ocrx_word' id='word_1_393' title='bbox 531 1795 655 1817; x_wconf 86' lang='lat' dir='ltr'>rerum</span> <span class='ocrx_word' id='word_1_394' title='bbox 673 1782 839 1817; x_wconf 87' lang='lat' dir='ltr'>omnium</span> <span class='ocrx_word' id='word_1_395' title='bbox 857 1781 1112 1817; x_wconf 87' lang='lat' dir='ltr'>evenientium</span> 
     </span>
     <span class='ocr_line' id='line_1_57' title="bbox 113 1841 1114 1890; baseline 0 -14"><span class='ocrx_word' id='word_1_396' title='bbox 113 1841 381 1889; x_wconf 82' lang='lat' dir='ltr'>temporaliter.</span> <span class='ocrx_word' id='word_1_397' title='bbox 403 1842 546 1890; x_wconf 87' lang='lat' dir='ltr'>Cuique</span> <span class='ocrx_word' id='word_1_398' title='bbox 566 1841 641 1877; x_wconf 87' lang='lat' dir='ltr'>vita</span> <span class='ocrx_word' id='word_1_399' title='bbox 660 1842 739 1890; x_wconf 88' lang='lat' dir='ltr'>ipsa</span> <span class='ocrx_word' id='word_1_400' title='bbox 759 1841 918 1877; x_wconf 85' lang='lat' dir='ltr'>essentia</span> <span class='ocrx_word' id='word_1_401' title='bbox 937 1849 1013 1884; x_wconf 80' lang='lat' dir='ltr'>est,</span> <span class='ocrx_word' id='word_1_402' title='bbox 1036 1841 1114 1890; x_wconf 88' lang='lat' dir='ltr'>ipsa</span> 
     </span>
     <span class='ocr_line' id='line_1_58' title="bbox 114 1900 1115 1950; baseline 0 -14"><span class='ocrx_word' id='word_1_403' title='bbox 114 1908 247 1937; x_wconf 87' lang='lat' dir='ltr'>natura</span> <span class='ocrx_word' id='word_1_404' title='bbox 280 1915 288 1936; x_wconf 77' lang='lat' dir='ltr'>t</span> <span class='ocrx_word' id='word_1_405' title='bbox 318 1910 355 1937; x_wconf 90' lang='lat' dir='ltr'>et</span> <span class='ocrx_word' id='word_1_406' title='bbox 385 1902 462 1937; x_wconf 88' lang='lat' dir='ltr'>vita</span> <span class='ocrx_word' id='word_1_407' title='bbox 488 1902 622 1937; x_wconf 86' lang='lat' dir='ltr'>vivens</span> <span class='ocrx_word' id='word_1_408' title='bbox 645 1902 724 1950; x_wconf 88' lang='lat' dir='ltr'>ipse</span> <span class='ocrx_word' id='word_1_409' title='bbox 757 1900 826 1937; x_wconf 89' lang='lat' dir='ltr'>sibi</span> <span class='ocrx_word' id='word_1_410' title='bbox 855 1909 934 1946; x_wconf 86' lang='lat' dir='ltr'>est,</span> <span class='ocrx_word' id='word_1_411' title='bbox 957 1914 1040 1950; x_wconf 85' lang='lat' dir='ltr'>quae</span> <span class='ocrx_word' id='word_1_412' title='bbox 1060 1908 1115 1937; x_wconf 86' lang='lat' dir='ltr'>est</span> 
     </span>
     <span class='ocr_line' id='line_1_59' title="bbox 113 1960 1112 2009; baseline 0.001 -14"><span class='ocrx_word' id='word_1_413' title='bbox 113 1960 193 2009; x_wconf 87' lang='lat' dir='ltr'>ipsa</span> <span class='ocrx_word' id='word_1_414' title='bbox 212 1960 409 2006; x_wconf 85' lang='lat' dir='ltr'>divinitas,</span> <span class='ocrx_word' id='word_1_415' title='bbox 433 1961 619 1997; x_wconf 80' lang='lat' dir='ltr'>aeternitas</span> <span class='ocrx_word' id='word_1_416' title='bbox 634 1989 643 2006; x_wconf 95' lang='lat'>‚</span> <span class='ocrx_word' id='word_1_417' title='bbox 667 1960 911 2009; x_wconf 86' lang='lat' dir='ltr'>magnitudo,</span> <span class='ocrx_word' id='word_1_418' title='bbox 942 1960 1112 2006; x_wconf 85' lang='lat' dir='ltr'>bonitas,</span> 
     </span>
     <span class='ocr_line' id='line_1_60' title="bbox 115 2020 1112 2070; baseline 0.002 -15"><span class='ocrx_word' id='word_1_419' title='bbox 115 2028 152 2055; x_wconf 85' lang='lat' dir='ltr'>et</span> <span class='ocrx_word' id='word_1_420' title='bbox 173 2020 294 2056; x_wconf 90' lang='lat' dir='ltr'>virtus</span> <span class='ocrx_word' id='word_1_421' title='bbox 314 2021 351 2056; x_wconf 93' lang='lat' dir='ltr'>in</span> <span class='ocrx_word' id='word_1_422' title='bbox 373 2033 411 2057; x_wconf 90' lang='lat' dir='ltr'>se</span> <span class='ocrx_word' id='word_1_423' title='bbox 440 2021 521 2070; x_wconf 90' lang='lat' dir='ltr'>ipsa</span> <span class='ocrx_word' id='word_1_424' title='bbox 540 2021 705 2057; x_wconf 86' lang='lat' dir='ltr'>existens</span> <span class='ocrx_word' id='word_1_425' title='bbox 731 2029 768 2057; x_wconf 89' lang='lat' dir='ltr'>et</span> <span class='ocrx_word' id='word_1_426' title='bbox 793 2020 1022 2066; x_wconf 83' lang='lat' dir='ltr'>subsistens,</span> <span class='ocrx_word' id='word_1_427' title='bbox 1044 2035 1112 2057; x_wconf 84' lang='lat' dir='ltr'>ex—</span> 
     </span>
     <span class='ocr_line' id='line_1_61' title="bbox 114 2080 1110 2125; baseline 0 -9"><span class='ocrx_word' id='word_1_428' title='bbox 114 2080 250 2116; x_wconf 85' lang='lat' dir='ltr'>cedens</span> <span class='ocrx_word' id='word_1_429' title='bbox 269 2093 418 2117; x_wconf 88' lang='lat' dir='ltr'>omnem</span> <span class='ocrx_word' id='word_1_430' title='bbox 448 2081 571 2117; x_wconf 89' lang='lat' dir='ltr'>locum</span> <span class='ocrx_word' id='word_1_431' title='bbox 600 2081 739 2116; x_wconf 85' lang='lat' dir='ltr'>virtute</span> <span class='ocrx_word' id='word_1_432' title='bbox 760 2089 902 2116; x_wconf 78' lang='lat' dir='ltr'>naturae</span> <span class='ocrx_word' id='word_1_433' title='bbox 930 2081 1086 2117; x_wconf 81' lang='lat' dir='ltr'>illocalis</span> <span class='ocrx_word' id='word_1_434' title='bbox 1102 2109 1110 2125; x_wconf 89' lang='lat'>,</span> 
     </span>
     <span class='ocr_line' id='line_1_62' title="bbox 114 2139 1109 2189; baseline 0 -14"><span class='ocrx_word' id='word_1_435' title='bbox 114 2141 320 2177; x_wconf 86' lang='lat' dir='ltr'>aeternitate</span> <span class='ocrx_word' id='word_1_436' title='bbox 338 2153 428 2176; x_wconf 90' lang='lat' dir='ltr'>vero</span> <span class='ocrx_word' id='word_1_437' title='bbox 444 2153 557 2176; x_wconf 89' lang='lat' dir='ltr'>omne</span> <span class='ocrx_word' id='word_1_438' title='bbox 579 2148 725 2189; x_wconf 86' lang='lat' dir='ltr'>tempus</span> <span class='ocrx_word' id='word_1_439' title='bbox 742 2139 844 2188; x_wconf 90' lang='lat' dir='ltr'>quod</span> <span class='ocrx_word' id='word_1_440' title='bbox 862 2140 919 2176; x_wconf 89' lang='lat' dir='ltr'>vel</span> <span class='ocrx_word' id='word_1_441' title='bbox 940 2140 1083 2176; x_wconf 88' lang='lat' dir='ltr'>ratione</span> <span class='ocrx_word' id='word_1_442' title='bbox 1100 2168 1109 2185; x_wconf 87' lang='lat'>,</span> 
     </span>
     <span class='ocr_line' id='line_1_63' title="bbox 112 2199 1110 2249; baseline 0.002 -15"><span class='ocrx_word' id='word_1_443' title='bbox 112 2199 171 2234; x_wconf 90' lang='lat' dir='ltr'>vel</span> <span class='ocrx_word' id='word_1_444' title='bbox 189 2199 370 2248; x_wconf 89' lang='lat' dir='ltr'>opinione</span> <span class='ocrx_word' id='word_1_445' title='bbox 386 2206 399 2221; x_wconf 68' lang='lat'>‘¹</span> <span class='ocrx_word' id='word_1_446' title='bbox 421 2199 690 2249; x_wconf 81' lang='lat' dir='ltr'>comprehendi</span> <span class='ocrx_word' id='word_1_447' title='bbox 713 2208 837 2249; x_wconf 88' lang='lat' dir='ltr'>potest</span> <span class='ocrx_word' id='word_1_448' title='bbox 860 2214 867 2234; x_wconf 93' lang='lat'>:</span> <span class='ocrx_word' id='word_1_449' title='bbox 892 2212 976 2247; x_wconf 79' lang='lat' dir='ltr'>quae</span> <span class='ocrx_word' id='word_1_450' title='bbox 1000 2200 1110 2249; x_wconf 86' lang='lat' dir='ltr'>longe</span> 
     </span>
     <span class='ocr_line' id='line_1_64' title="bbox 110 2259 1109 2308; baseline 0 -13"><span class='ocrx_word' id='word_1_451' title='bbox 110 2259 236 2296; x_wconf 90' lang='lat' dir='ltr'>verius</span> <span class='ocrx_word' id='word_1_452' title='bbox 255 2267 363 2295; x_wconf 85' lang='lat' dir='ltr'>estet</span> <span class='ocrx_word' id='word_1_453' title='bbox 384 2259 650 2304; x_wconf 88' lang='lat' dir='ltr'>excellentius,</span> <span class='ocrx_word' id='word_1_454' title='bbox 684 2272 796 2308; x_wconf 89' lang='lat' dir='ltr'>quam</span> <span class='ocrx_word' id='word_1_455' title='bbox 823 2259 993 2308; x_wconf 88' lang='lat' dir='ltr'>quolibet</span> <span class='ocrx_word' id='word_1_456' title='bbox 1020 2272 1109 2295; x_wconf 89' lang='lat' dir='ltr'>sen—</span> 
     </span>
     <span class='ocr_line' id='line_1_65' title="bbox 111 2318 1108 2368; baseline 0.002 -14"><span class='ocrx_word' id='word_1_457' title='bbox 111 2318 228 2355; x_wconf 88' lang='lat' dir='ltr'>tiendi</span> <span class='ocrx_word' id='word_1_458' title='bbox 262 2331 398 2368; x_wconf 84' lang='lat' dir='ltr'>genere</span> <span class='ocrx_word' id='word_1_459' title='bbox 430 2320 625 2355; x_wconf 85' lang='lat' dir='ltr'>sentiatur.</span> <span class='ocrx_word' id='word_1_460' title='bbox 659 2320 804 2356; x_wconf 90' lang='lat' dir='ltr'>Certius</span> <span class='ocrx_word' id='word_1_461' title='bbox 839 2327 962 2355; x_wconf 88' lang='lat' dir='ltr'>tamen</span> <span class='ocrx_word' id='word_1_462' title='bbox 996 2332 1108 2357; x_wconf 82' lang='lat' dir='ltr'>sensu</span> 
     </span>
     <span class='ocr_line' id='line_1_66' title="bbox 111 2377 1110 2427; baseline -0.001 -13"><span class='ocrx_word' id='word_1_463' title='bbox 111 2377 264 2414; x_wconf 87' lang='lat' dir='ltr'>humilis</span> <span class='ocrx_word' id='word_1_464' title='bbox 297 2386 335 2414; x_wconf 92' lang='lat' dir='ltr'>et</span> <span class='ocrx_word' id='word_1_465' title='bbox 365 2378 567 2414; x_wconf 90' lang='lat' dir='ltr'>illuminati</span> <span class='ocrx_word' id='word_1_466' title='bbox 598 2378 759 2424; x_wconf 91' lang='lat' dir='ltr'>amoris,</span> <span class='ocrx_word' id='word_1_467' title='bbox 797 2391 908 2427; x_wconf 88' lang='lat' dir='ltr'>quam</span> <span class='ocrx_word' id='word_1_468' title='bbox 941 2377 1110 2427; x_wconf 83' lang='lat' dir='ltr'>quolibet</span> 
     </span>
     <span class='ocr_line' id='line_1_67' title="bbox 111 2437 1110 2488; baseline 0.001 -16"><span class='ocrx_word' id='word_1_469' title='bbox 111 2437 275 2486; x_wconf 87' lang='lat' dir='ltr'>cogitatu</span> <span class='ocrx_word' id='word_1_470' title='bbox 303 2437 459 2474; x_wconf 88' lang='lat' dir='ltr'>rationis</span> <span class='ocrx_word' id='word_1_471' title='bbox 482 2438 697 2488; x_wconf 83' lang='lat' dir='ltr'>attingitur,</span> <span class='ocrx_word' id='word_1_472' title='bbox 728 2446 764 2474; x_wconf 87' lang='lat' dir='ltr'>et</span> <span class='ocrx_word' id='word_1_473' title='bbox 796 2450 945 2487; x_wconf 88' lang='lat' dir='ltr'>semper</span> <span class='ocrx_word' id='word_1_474' title='bbox 978 2438 1110 2474; x_wconf 86' lang='lat' dir='ltr'>melius</span> 
     </span>
    </p>
   </div>
   <div class='ocr_carea' id='block_1_13' title="bbox 1180 1782 2185 2130">
    <p class='ocr_par' dir='ltr' id='par_1_14' title="bbox 1180 1782 2185 2130">
     <span class='ocr_line' id='line_1_68' title="bbox 1181 1782 2185 1836; baseline 0.005 -18"><span class='ocrx_word' id='word_1_475' title='bbox 1181 1791 1302 1818; x_wconf 89' lang='lat' dir='ltr'>tamen</span> <span class='ocrx_word' id='word_1_476' title='bbox 1336 1791 1377 1819; x_wconf 91' lang='lat' dir='ltr'>ut</span> <span class='ocrx_word' id='word_1_477' title='bbox 1413 1782 1580 1819; x_wconf 74' lang='lat' dir='ltr'>(lit-amus</span> <span class='ocrx_word' id='word_1_478' title='bbox 1611 1792 1647 1819; x_wconf 89' lang='lat' dir='ltr'>et</span> <span class='ocrx_word' id='word_1_479' title='bbox 1677 1785 1911 1833; x_wconf 83' lang='lat' dir='ltr'>cogitemus,</span> <span class='ocrx_word' id='word_1_480' title='bbox 1945 1798 2072 1823; x_wconf 87' lang='lat' dir='ltr'>amore</span> <span class='ocrx_word' id='word_1_481' title='bbox 2104 1787 2185 1836; x_wconf 85' lang='lat' dir='ltr'>ejus</span> 
     </span>
     <span class='ocr_line' id='line_1_69' title="bbox 1180 1842 2182 1891; baseline 0.004 -13"><span class='ocrx_word' id='word_1_482' title='bbox 1180 1844 1239 1879; x_wconf 91' lang='lat' dir='ltr'>vel</span> <span class='ocrx_word' id='word_1_483' title='bbox 1257 1855 1385 1878; x_wconf 89' lang='lat' dir='ltr'>amore</span> <span class='ocrx_word' id='word_1_484' title='bbox 1400 1843 1538 1878; x_wconf 83' lang='lat' dir='ltr'>amoris</span> <span class='ocrx_word' id='word_1_485' title='bbox 1556 1842 1635 1891; x_wconf 88' lang='lat' dir='ltr'>ejus</span> <span class='ocrx_word' id='word_1_486' title='bbox 1661 1856 1915 1891; x_wconf 69' lang='lat' dir='ltr'>provocamur</span> <span class='ocrx_word' id='word_1_487' title='bbox 1932 1853 1968 1880; x_wconf 86' lang='lat' dir='ltr'>et</span> <span class='ocrx_word' id='word_1_488' title='bbox 1987 1845 2182 1882; x_wconf 81' lang='lat' dir='ltr'>trahimur.</span> 
     </span>
     <span class='ocr_line' id='line_1_70' title="bbox 1182 1904 2185 1951; baseline 0.003 -12"><span class='ocrx_word' id='word_1_489' title='bbox 1182 1904 1388 1951; x_wconf 81' lang='lat' dir='ltr'>Cogitantis</span> <span class='ocrx_word' id='word_1_490' title='bbox 1417 1916 1506 1951; x_wconf 82' lang='lat' dir='ltr'>ergo</span> <span class='ocrx_word' id='word_1_491' title='bbox 1536 1912 1612 1947; x_wconf 67' lang='lat' dir='ltr'>est,</span> <span class='ocrx_word' id='word_1_492' title='bbox 1634 1904 1671 1939; x_wconf 87' lang='lat' dir='ltr'>in</span> <span class='ocrx_word' id='word_1_493' title='bbox 1701 1905 1878 1941; x_wconf 85' lang='lat' dir='ltr'>omnibus</span> <span class='ocrx_word' id='word_1_494' title='bbox 1904 1905 2100 1941; x_wconf 83' lang='lat' dir='ltr'>humiliare</span> <span class='ocrx_word' id='word_1_495' title='bbox 2124 1920 2185 1942; x_wconf 88' lang='lat' dir='ltr'>se—</span> 
     </span>
     <span class='ocr_line' id='line_1_71' title="bbox 1181 1963 2183 2013; baseline 0.003 -15"><span class='ocrx_word' id='word_1_496' title='bbox 1181 1963 1404 2011; x_wconf 85' lang='lat' dir='ltr'>metipsum,</span> <span class='ocrx_word' id='word_1_497' title='bbox 1438 1963 1646 2010; x_wconf 66' lang='lat' dir='ltr'>glorificare</span> <span class='ocrx_word' id='word_1_498' title='bbox 1677 1963 1712 1998; x_wconf 89' lang='lat' dir='ltr'>in</span> <span class='ocrx_word' id='word_1_499' title='bbox 1747 1965 1948 2013; x_wconf 77' lang='lat' dir='ltr'>semetipso</span> <span class='ocrx_word' id='word_1_500' title='bbox 1980 1966 2183 2002; x_wconf 84' lang='lat' dir='ltr'>Dominum</span> 
     </span>
     <span class='ocr_line' id='line_1_72' title="bbox 1184 2025 1466 2058; baseline -0.004 0"><span class='ocrx_word' id='word_1_501' title='bbox 1184 2025 1302 2058; x_wconf 88' lang='lat' dir='ltr'>Deum</span> <span class='ocrx_word' id='word_1_502' title='bbox 1330 2036 1437 2057; x_wconf 80' lang='lat' dir='ltr'>suum</span> <span class='ocrx_word' id='word_1_503' title='bbox 1462 2039 1466 2057; x_wconf 90' lang='lat'>:</span> 
     </span>
     <span class='ocr_line' id='line_1_73' title="bbox 1180 2080 2182 2130; baseline 0.005 -15"><span class='ocrx_word' id='word_1_504' title='bbox 1180 2080 1251 2116; x_wconf 82' lang='lat' dir='ltr'>sibi</span> <span class='ocrx_word' id='word_1_505' title='bbox 1271 2095 1277 2116; x_wconf 89' lang='lat'>:</span> <span class='ocrx_word' id='word_1_506' title='bbox 1297 2081 1333 2116; x_wconf 88' lang='lat' dir='ltr'>in</span> <span class='ocrx_word' id='word_1_507' title='bbox 1363 2095 1490 2116; x_wconf 75' lang='lat' dir='ltr'>amore</span> <span class='ocrx_word' id='word_1_508' title='bbox 1518 2082 1703 2117; x_wconf 67' lang='lat' dir='ltr'>(Ireatoris</span> <span class='ocrx_word' id='word_1_509' title='bbox 1735 2082 1945 2130; x_wconf 65' lang='lat' dir='ltr'>subjeetum</span> <span class='ocrx_word' id='word_1_510' title='bbox 1975 2097 2054 2119; x_wconf 69' lang='lat' dir='ltr'>esse</span> <span class='ocrx_word' id='word_1_511' title='bbox 2079 2086 2182 2121; x_wconf 80' lang='lat' dir='ltr'>omni</span> 
     </span>
    </p>
   </div>
   <div class='ocr_carea' id='block_1_14' title="bbox 1494 2023 2183 2072">
    <p class='ocr_par' dir='ltr' id='par_1_15' title="bbox 1494 2023 2183 2072">
     <span class='ocr_line' id='line_1_74' title="bbox 1494 2023 2183 2072; baseline 0.006 -15"><span class='ocrx_word' id='word_1_512' title='bbox 1494 2023 1528 2057; x_wconf 62' lang='lat' dir='ltr'>iis</span> <span class='ocrx_word' id='word_1_513' title='bbox 1562 2024 1881 2072; x_wconf 70' lang='lat' dir='ltr'>routvuzplalione</span> <span class='ocrx_word' id='word_1_514' title='bbox 1911 2025 1975 2060; x_wconf 81' lang='lat' dir='ltr'>Dei</span> <span class='ocrx_word' id='word_1_515' title='bbox 2005 2025 2183 2062; x_wconf 71' lang='lat' dir='ltr'>vilescere</span> 
     </span>
    </p>
   </div>
   <div class='ocr_carea' id='block_1_15' title="bbox 1175 2141 2185 2491">
    <p class='ocr_par' dir='ltr' id='par_1_16' title="bbox 1175 2141 2185 2491">
     <span class='ocr_line' id='line_1_75' title="bbox 1181 2141 2185 2191; baseline 0.004 -15"><span class='ocrx_word' id='word_1_516' title='bbox 1181 2141 1353 2176; x_wconf 74' lang='lat' dir='ltr'>bumana:</span> <span class='ocrx_word' id='word_1_517' title='bbox 1378 2149 1558 2177; x_wconf 70' lang='lat' dir='ltr'>creatura:</span> <span class='ocrx_word' id='word_1_518' title='bbox 1581 2155 1586 2176; x_wconf 92' lang='lat'>:</span> <span class='ocrx_word' id='word_1_519' title='bbox 1607 2141 1787 2178; x_wconf 61' lang='lat' dir='ltr'>exhibere</span> <span class='ocrx_word' id='word_1_520' title='bbox 1812 2156 1950 2191; x_wconf 80' lang='lat' dir='ltr'>eorpus</span> <span class='ocrx_word' id='word_1_521' title='bbox 1975 2157 2082 2179; x_wconf 83' lang='lat' dir='ltr'>suum</span> <span class='ocrx_word' id='word_1_522' title='bbox 2119 2145 2185 2180; x_wconf 77' lang='lat' dir='ltr'>lio-</span> 
     </span>
     <span class='ocr_line' id='line_1_76' title="bbox 1178 2200 2181 2251; baseline 0.003 -15"><span class='ocrx_word' id='word_1_523' title='bbox 1178 2201 1285 2236; x_wconf 85' lang='lat' dir='ltr'>stiam</span> <span class='ocrx_word' id='word_1_524' title='bbox 1306 2200 1518 2245; x_wconf 81' lang='lat' dir='ltr'>viventem,</span> <span class='ocrx_word' id='word_1_525' title='bbox 1537 2209 1723 2245; x_wconf 86' lang='lat' dir='ltr'>sanctam,</span> <span class='ocrx_word' id='word_1_526' title='bbox 1756 2206 1834 2237; x_wconf 84' lang='lat' dir='ltr'>Deo</span> <span class='ocrx_word' id='word_1_527' title='bbox 1857 2203 2087 2251; x_wconf 76' lang='lat' dir='ltr'>placentem,</span> <span class='ocrx_word' id='word_1_528' title='bbox 2118 2217 2181 2239; x_wconf 81' lang='lat' dir='ltr'>ra—</span> 
     </span>
     <span class='ocr_line' id='line_1_77' title="bbox 1179 2259 2181 2308; baseline 0.004 -13"><span class='ocrx_word' id='word_1_529' title='bbox 1179 2259 1358 2295; x_wconf 88' lang='lat' dir='ltr'>tionabile</span> <span class='ocrx_word' id='word_1_530' title='bbox 1379 2259 1602 2308; x_wconf 78' lang='lat' dir='ltr'>obsequium</span> <span class='ocrx_word' id='word_1_531' title='bbox 1622 2273 1745 2296; x_wconf 89' lang='lat' dir='ltr'>suum.</span> <span class='ocrx_word' id='word_1_532' title='bbox 1767 2264 1845 2297; x_wconf 76' lang='lat' dir='ltr'>Prae</span> <span class='ocrx_word' id='word_1_533' title='bbox 1862 2261 2039 2298; x_wconf 85' lang='lat' dir='ltr'>omnibus</span> <span class='ocrx_word' id='word_1_534' title='bbox 2057 2271 2181 2299; x_wconf 85' lang='lat' dir='ltr'>autem</span> 
     </span>
     <span class='ocr_line' id='line_1_78' title="bbox 1175 2320 2180 2371; baseline 0.003 -16"><span class='ocrx_word' id='word_1_535' title='bbox 1175 2332 1253 2356; x_wconf 90' lang='lat' dir='ltr'>non</span> <span class='ocrx_word' id='word_1_536' title='bbox 1275 2320 1358 2369; x_wconf 90' lang='lat' dir='ltr'>plus</span> <span class='ocrx_word' id='word_1_537' title='bbox 1382 2332 1511 2369; x_wconf 86' lang='lat' dir='ltr'>sapere</span> <span class='ocrx_word' id='word_1_538' title='bbox 1539 2334 1652 2368; x_wconf 88' lang='lat' dir='ltr'>quam</span> <span class='ocrx_word' id='word_1_539' title='bbox 1683 2329 1834 2370; x_wconf 80' lang='lat' dir='ltr'>oportet</span> <span class='ocrx_word' id='word_1_540' title='bbox 1865 2334 2013 2371; x_wconf 88' lang='lat' dir='ltr'>sapere,</span> <span class='ocrx_word' id='word_1_541' title='bbox 2032 2322 2096 2358; x_wconf 87' lang='lat' dir='ltr'>sed</span> <span class='ocrx_word' id='word_1_542' title='bbox 2118 2336 2180 2359; x_wconf 89' lang='lat' dir='ltr'>sa-</span> 
     </span>
     <span class='ocr_line' id='line_1_79' title="bbox 1175 2378 2180 2428; baseline 0.004 -13"><span class='ocrx_word' id='word_1_543' title='bbox 1175 2392 1265 2428; x_wconf 83' lang='lat' dir='ltr'>pere</span> <span class='ocrx_word' id='word_1_544' title='bbox 1297 2379 1343 2415; x_wconf 92' lang='lat' dir='ltr'>ad</span> <span class='ocrx_word' id='word_1_545' title='bbox 1375 2378 1614 2415; x_wconf 85' lang='lat' dir='ltr'>sobrietatem</span> <span class='ocrx_word' id='word_1_546' title='bbox 1645 2394 1652 2416; x_wconf 90' lang='lat'>:</span> <span class='ocrx_word' id='word_1_547' title='bbox 1685 2388 1722 2415; x_wconf 82' lang='lat' dir='ltr'>et</span> <span class='ocrx_word' id='word_1_548' title='bbox 1761 2380 1967 2417; x_wconf 83' lang='lat' dir='ltr'>seeundum</span> <span class='ocrx_word' id='word_1_549' title='bbox 2011 2381 2132 2418; x_wconf 86' lang='lat' dir='ltr'>datam</span> <span class='ocrx_word' id='word_1_550' title='bbox 2161 2396 2180 2419; x_wconf 84' lang='lat' dir='ltr'>a</span> 
     </span>
     <span class='ocr_line' id='line_1_80' title="bbox 1176 2439 2181 2491; baseline 0.003 -17"><span class='ocrx_word' id='word_1_551' title='bbox 1176 2442 1254 2475; x_wconf 88' lang='lat' dir='ltr'>Deo</span> <span class='ocrx_word' id='word_1_552' title='bbox 1286 2452 1501 2475; x_wconf 87' lang='lat' dir='ltr'>mensuram</span> <span class='ocrx_word' id='word_1_553' title='bbox 1531 2439 1616 2475; x_wconf 79' lang='lat' dir='ltr'>fidei</span> <span class='ocrx_word' id='word_1_554' title='bbox 1643 2446 1668 2484; x_wconf 91' lang='lat'>¹,</span> <span class='ocrx_word' id='word_1_555' title='bbox 1703 2439 1802 2476; x_wconf 85' lang='lat' dir='ltr'>bona</span> <span class='ocrx_word' id='word_1_556' title='bbox 1834 2454 1898 2476; x_wconf 84' lang='lat' dir='ltr'>sua</span> <span class='ocrx_word' id='word_1_557' title='bbox 1932 2454 2008 2476; x_wconf 83' lang='lat' dir='ltr'>non</span> <span class='ocrx_word' id='word_1_558' title='bbox 2040 2455 2181 2491; x_wconf 83' lang='lat' dir='ltr'>ponere</span> 
     </span>
    </p>
   </div>
   <div class='ocr_carea' id='block_1_16' title="bbox 111 2496 2180 2546">
    <p class='ocr_par' dir='ltr' id='par_1_17' title="bbox 111 2496 2180 2546">
     <span class='ocr_line' id='line_1_81' title="bbox 111 2496 2180 2546; baseline 0.003 -14"><span class='ocrx_word' id='word_1_559' title='bbox 111 2503 167 2532; x_wconf 88' lang='lat' dir='ltr'>est</span> <span class='ocrx_word' id='word_1_560' title='bbox 200 2508 312 2544; x_wconf 87' lang='lat' dir='ltr'>quam</span> <span class='ocrx_word' id='word_1_561' title='bbox 349 2496 564 2545; x_wconf 81' lang='lat' dir='ltr'>cogitatur3</span> <span class='ocrx_word' id='word_1_562' title='bbox 597 2497 729 2532; x_wconf 88' lang='lat' dir='ltr'>melius</span> <span class='ocrx_word' id='word_1_563' title='bbox 768 2504 892 2532; x_wconf 88' lang='lat' dir='ltr'>tamen</span> <span class='ocrx_word' id='word_1_564' title='bbox 925 2496 1214 2546; x_wconf 88' lang='lat' dir='ltr'>cogitaturDin</span> <span class='ocrx_word' id='word_1_565' title='bbox 1240 2512 1306 2535; x_wconf 87' lang='lat' dir='ltr'>ore</span> <span class='ocrx_word' id='word_1_566' title='bbox 1338 2499 1560 2544; x_wconf 88' lang='lat' dir='ltr'>hominum,</span> <span class='ocrx_word' id='word_1_567' title='bbox 1594 2499 1658 2535; x_wconf 90' lang='lat' dir='ltr'>sed</span> <span class='ocrx_word' id='word_1_568' title='bbox 1694 2501 1812 2535; x_wconf 86' lang='lat' dir='ltr'>celare</span> <span class='ocrx_word' id='word_1_569' title='bbox 1840 2501 1878 2536; x_wconf 94' lang='lat' dir='ltr'>in</span> <span class='ocrx_word' id='word_1_570' title='bbox 1914 2501 2006 2536; x_wconf 89' lang='lat' dir='ltr'>cella</span> <span class='ocrx_word' id='word_1_571' title='bbox 2033 2514 2119 2546; x_wconf 87' lang='lat' dir='ltr'>sua,</span> <span class='ocrx_word' id='word_1_572' title='bbox 2145 2511 2180 2539; x_wconf 83' lang='lat' dir='ltr'>et</span> 
     </span>
    </p>
   </div>
   <div class='ocr_carea' id='block_1_17' title="bbox 107 2555 1107 2785">
    <p class='ocr_par' dir='ltr' id='par_1_18' title="bbox 107 2555 1107 2785">
     <span class='ocr_line' id='line_1_82' title="bbox 109 2555 1104 2606; baseline 0.002 -15"><span class='ocrx_word' id='word_1_573' title='bbox 109 2568 222 2604; x_wconf 85' lang='lat' dir='ltr'>quam</span> <span class='ocrx_word' id='word_1_574' title='bbox 253 2555 400 2592; x_wconf 88' lang='lat' dir='ltr'>dicitur.</span> <span class='ocrx_word' id='word_1_575' title='bbox 432 2560 517 2606; x_wconf 91' lang='lat' dir='ltr'>Ipsa</span> <span class='ocrx_word' id='word_1_576' title='bbox 543 2564 598 2592; x_wconf 88' lang='lat' dir='ltr'>est</span> <span class='ocrx_word' id='word_1_577' title='bbox 628 2556 727 2592; x_wconf 85' lang='lat' dir='ltr'>enim</span> <span class='ocrx_word' id='word_1_578' title='bbox 753 2569 897 2592; x_wconf 90' lang='lat' dir='ltr'>summa</span> <span class='ocrx_word' id='word_1_579' title='bbox 923 2557 1104 2602; x_wconf 83' lang='lat' dir='ltr'>essentia,</span> 
     </span>
     <span class='ocr_line' id='line_1_83' title="bbox 107 2616 1107 2664; baseline 0.003 -14"><span class='ocrx_word' id='word_1_580' title='bbox 107 2627 153 2650; x_wconf 88' lang='lat' dir='ltr'>ex</span> <span class='ocrx_word' id='word_1_581' title='bbox 173 2627 248 2664; x_wconf 90' lang='lat' dir='ltr'>qua</span> <span class='ocrx_word' id='word_1_582' title='bbox 266 2627 378 2651; x_wconf 87' lang='lat' dir='ltr'>omne</span> <span class='ocrx_word' id='word_1_583' title='bbox 393 2628 474 2652; x_wconf 87' lang='lat' dir='ltr'>esse</span> <span class='ocrx_word' id='word_1_584' title='bbox 494 2616 743 2664; x_wconf 72' lang='lat' dir='ltr'>proficiscitur</span> <span class='ocrx_word' id='word_1_585' title='bbox 762 2631 769 2652; x_wconf 89' lang='lat'>:</span> <span class='ocrx_word' id='word_1_586' title='bbox 791 2616 872 2664; x_wconf 87' lang='lat' dir='ltr'>ipsa</span> <span class='ocrx_word' id='word_1_587' title='bbox 891 2624 946 2652; x_wconf 90' lang='lat' dir='ltr'>est</span> <span class='ocrx_word' id='word_1_588' title='bbox 963 2629 1107 2653; x_wconf 87' lang='lat' dir='ltr'>summa</span> 
     </span>
     <span class='ocr_line' id='line_1_84' title="bbox 108 2673 1105 2724; baseline 0.002 -14"><span class='ocrx_word' id='word_1_589' title='bbox 108 2673 314 2711; x_wconf 85' lang='lat' dir='ltr'>substantia</span> <span class='ocrx_word' id='word_1_590' title='bbox 336 2687 410 2711; x_wconf 91' lang='lat' dir='ltr'>non</span> <span class='ocrx_word' id='word_1_591' title='bbox 434 2674 600 2723; x_wconf 86' lang='lat' dir='ltr'>subjecta</span> <span class='ocrx_word' id='word_1_592' title='bbox 634 2675 933 2724; x_wconf 82' lang='lat' dir='ltr'>praedicamentis</span> <span class='ocrx_word' id='word_1_593' title='bbox 953 2689 1105 2723; x_wconf 87' lang='lat' dir='ltr'>vocum,</span> 
     </span>
     <span class='ocr_line' id='line_1_85' title="bbox 108 2733 1106 2785; baseline 0.003 -15"><span class='ocrx_word' id='word_1_594' title='bbox 108 2733 172 2770; x_wconf 91' lang='lat' dir='ltr'>sed</span> <span class='ocrx_word' id='word_1_595' title='bbox 201 2747 326 2770; x_wconf 91' lang='lat' dir='ltr'>rerum</span> <span class='ocrx_word' id='word_1_596' title='bbox 348 2735 518 2771; x_wconf 90' lang='lat' dir='ltr'>omnium</span> <span class='ocrx_word' id='word_1_597' title='bbox 547 2734 755 2772; x_wconf 84' lang='lat' dir='ltr'>subsistens</span> <span class='ocrx_word' id='word_1_598' title='bbox 789 2735 934 2772; x_wconf 88' lang='lat' dir='ltr'>causale</span> <span class='ocrx_word' id='word_1_599' title='bbox 963 2735 1106 2785; x_wconf 85' lang='lat' dir='ltr'>prinei-</span> 
     </span>
    </p>
   </div>
   <div class='ocr_carea' id='block_1_18' title="bbox 161 2867 824 2905">
    <p class='ocr_par' dir='ltr' id='par_1_19' title="bbox 161 2867 824 2905">
     <span class='ocr_line' id='line_1_86' title="bbox 161 2867 824 2905; baseline 0.002 -7"><span class='ocrx_word' id='word_1_600' title='bbox 161 2873 169 2888; x_wconf 90' lang='lat'><strong>¹</strong></span> <span class='ocrx_word' id='word_1_601' title='bbox 188 2870 278 2898; x_wconf 84' lang='lat' dir='ltr'>Rom.</span> <span class='ocrx_word' id='word_1_602' title='bbox 295 2878 355 2905; x_wconf 77' lang='lat' dir='ltr'>xit,</span> <span class='ocrx_word' id='word_1_603' title='bbox 376 2872 386 2899; x_wconf 86' lang='grc'>1</span> <span class='ocrx_word' id='word_1_604' title='bbox 408 2892 414 2905; x_wconf 86' lang='grc'><strong>,</strong></span> <span class='ocrx_word' id='word_1_605' title='bbox 438 2870 469 2899; x_wconf 80' lang='grc'>3.</span> <span class='ocrx_word' id='word_1_606' title='bbox 488 2887 527 2891; x_wconf 87' lang='grc'>--</span> <span class='ocrx_word' id='word_1_607' title='bbox 547 2873 559 2888; x_wconf 85' lang='lat'>²</span> <span class='ocrx_word' id='word_1_608' title='bbox 576 2867 644 2899; x_wconf 81' lang='lat' dir='ltr'>Isai.</span> <span class='ocrx_word' id='word_1_609' title='bbox 661 2879 753 2905; x_wconf 79' lang='lat' dir='ltr'>xxiv,</span> <span class='ocrx_word' id='word_1_610' title='bbox 775 2871 824 2899; x_wconf 80' lang='grc'>16.</span> 
     </span>
    </p>
   </div>
   <div class='ocr_carea' id='block_1_19' title="bbox 1173 2558 2178 2772">
    <p class='ocr_par' dir='ltr' id='par_1_20' title="bbox 1173 2558 2178 2772">
     <span class='ocr_line' id='line_1_87' title="bbox 1175 2558 2178 2609; baseline 0.004 -16"><span class='ocrx_word' id='word_1_611' title='bbox 1175 2558 1382 2594; x_wconf 83' lang='lat' dir='ltr'>recondere</span> <span class='ocrx_word' id='word_1_612' title='bbox 1407 2558 1444 2593; x_wconf 90' lang='lat' dir='ltr'>in</span> <span class='ocrx_word' id='word_1_613' title='bbox 1476 2559 1703 2594; x_wconf 80' lang='lat' dir='ltr'>conscientia</span> <span class='ocrx_word' id='word_1_614' title='bbox 1719 2588 1728 2603; x_wconf 88' lang='lat'>,</span> <span class='ocrx_word' id='word_1_615' title='bbox 1760 2568 1800 2595; x_wconf 91' lang='lat' dir='ltr'>ut</span> <span class='ocrx_word' id='word_1_616' title='bbox 1832 2560 1932 2595; x_wconf 85' lang='lat' dir='ltr'>bunc</span> <span class='ocrx_word' id='word_1_617' title='bbox 1956 2562 2061 2609; x_wconf 88' lang='lat' dir='ltr'>quasi</span> <span class='ocrx_word' id='word_1_618' title='bbox 2087 2562 2178 2597; x_wconf 86' lang='lat' dir='ltr'>titu—</span> 
     </span>
     <span class='ocr_line' id='line_1_88' title="bbox 1174 2618 2177 2664; baseline 0.004 -11"><span class='ocrx_word' id='word_1_619' title='bbox 1174 2618 1250 2654; x_wconf 88' lang='lat' dir='ltr'>lum</span> <span class='ocrx_word' id='word_1_620' title='bbox 1263 2646 1272 2662; x_wconf 87' lang='lat'>‚</span> <span class='ocrx_word' id='word_1_621' title='bbox 1294 2627 1330 2654; x_wconf 92' lang='lat' dir='ltr'>et</span> <span class='ocrx_word' id='word_1_622' title='bbox 1347 2618 1384 2653; x_wconf 93' lang='lat' dir='ltr'>in</span> <span class='ocrx_word' id='word_1_623' title='bbox 1405 2618 1526 2654; x_wconf 84' lang='lat' dir='ltr'>fronte</span> <span class='ocrx_word' id='word_1_624' title='bbox 1541 2619 1782 2655; x_wconf 63' lang='lat' dir='ltr'>conscientiae</span> <span class='ocrx_word' id='word_1_625' title='bbox 1796 2648 1804 2664; x_wconf 94' lang='lat'>‚</span> <span class='ocrx_word' id='word_1_626' title='bbox 1824 2620 1913 2656; x_wconf 90' lang='lat' dir='ltr'>etin</span> <span class='ocrx_word' id='word_1_627' title='bbox 1931 2620 2053 2657; x_wconf 86' lang='lat' dir='ltr'>fronte</span> <span class='ocrx_word' id='word_1_628' title='bbox 2075 2622 2177 2657; x_wconf 70' lang='lat' dir='ltr'>eellcc</span> 
     </span>
     <span class='ocr_line' id='line_1_89' title="bbox 1173 2676 2174 2727; baseline 0.003 -13"><span class='ocrx_word' id='word_1_629' title='bbox 1173 2690 1323 2727; x_wconf 85' lang='lat' dir='ltr'>semper</span> <span class='ocrx_word' id='word_1_630' title='bbox 1342 2676 1478 2713; x_wconf 78' lang='lat' dir='ltr'>habeat</span> <span class='ocrx_word' id='word_1_631' title='bbox 1497 2692 1503 2713; x_wconf 88' lang='lat'>:</span> <span class='ocrx_word' id='word_1_632' title='bbox 1523 2679 1706 2714; x_wconf 74' lang='lat' dir='ltr'>Serrcttcm</span> <span class='ocrx_word' id='word_1_633' title='bbox 1729 2693 1849 2715; x_wconf 76' lang='lat' dir='ltr'>meum</span> <span class='ocrx_word' id='word_1_634' title='bbox 1874 2681 1979 2724; x_wconf 65' lang='lat' dir='ltr'>mila,</span> <span class='ocrx_word' id='word_1_635' title='bbox 2000 2692 2174 2718; x_wconf 67' lang='lat' dir='ltr'>set-retum</span> 
     </span>
     <span class='ocr_line' id='line_1_90' title="bbox 1174 2737 1450 2772; baseline 0 0"><span class='ocrx_word' id='word_1_636' title='bbox 1174 2750 1292 2772; x_wconf 69' lang='lat' dir='ltr'>&#39;neum</span> <span class='ocrx_word' id='word_1_637' title='bbox 1315 2737 1406 2772; x_wconf 72' lang='lat' dir='ltr'>mila·</span> <span class='ocrx_word' id='word_1_638' title='bbox 1425 2743 1450 2772; x_wconf 81' lang='lat'>².</span> 
     </span>
    </p>
   </div>
   <div class='ocr_carea' id='block_1_20' title="bbox 1258 2871 1654 2915">
    <p class='ocr_par' dir='ltr' id='par_1_21' title="bbox 1258 2871 1654 2915">
     <span class='ocr_line' id='line_1_91' title="bbox 1258 2871 1654 2915; baseline 0 -13"><span class='ocrx_word' id='word_1_639' title='bbox 1258 2874 1269 2886; x_wconf 77' lang='lat'>&#39;¹</span> <span class='ocrx_word' id='word_1_640' title='bbox 1287 2872 1370 2902; x_wconf 78' lang='lat' dir='ltr'>Alias</span> <span class='ocrx_word' id='word_1_641' title='bbox 1384 2896 1391 2907; x_wconf 76' lang='lat'>,</span> <span class='ocrx_word' id='word_1_642' title='bbox 1415 2871 1607 2915; x_wconf 72' lang='lat' dir='ltr'>operatione.</span> <span class='ocrx_word' id='word_1_643' title='bbox 1631 2873 1654 2910; x_wconf 66' lang='grc' dir='ltr'>’ξ</span> 
     </span>
    </p>
   </div>
  </div>
 </body>
</html>
