2418 3949
69 182 140 219 321

766 183 814 216 IN
843 180 1065 224 CANTICA,
1094 180 1255 214 SERMO
1284 181 1414 216 XLVI.

2038 179 2113 216 322

66 272 168 309 gero.
194 260 234 295 Sc·
255 262 484 302 invenerim,
511 258 582 294 hoc
600 264 676 301 est,
699 268 785 294 cum
807 257 1047 301 inveneritis,
1064 254 1108 272 ¹³³
1122 254 1263 291 tionem
1295 255 1429 291 istam?
1458 254 1688 291 retribuetur
1712 256 1812 291 enim
1841 254 1922 291 tibi.
1952 255 2111 292 Dedisce

66 326 296 355 mementote
315 318 414 363 mei,
436 330 520 354 cum
544 316 641 353 bene
661 316 769 354 vobis
797 317 909 353 fuerit
931 330 938 351 :
963 324 1051 352 tunc
1068 316 1098 351 A
1115 313 1318 362 Babylonis
1346 314 1419 349 filia
1454 327 1555 359 esse,
1588 313 1770 352 barbaros
1797 314 1945 364 depone
1972 327 2108 352 mores.

67 386 296 414 mementote
321 378 414 423 mei,
439 385 482 413 ut
506 377 730 426 suggerati5‚
755 384 796 413 ut
826 374 1054 412 annuntietis

66 436 216 473 dilecto.
250 440 334 474 Non
372 443 526 485 oportet
558 435 598 471 in
632 434 744 484 hujus
775 435 848 471 loci
883 434 1054 482 disputa-

66 495 168 531 tione
192 495 331 532 morari
355 509 362 531 ι
386 494 432 531 ad
455 507 579 531 mores
603 502 772 539 vestros,
802 494 957 538 fratres,
985 505 1054 528 vos

66 554 188 590 mitto.

120 614 154 650 2.
172 613 340 650 Recolite
359 612 518 661 qualiter
532 610 579 647 ab
596 611 775 656 invicem,
789 622 900 659 quam
918 608 1053 645 humili

64 672 222 718 affectu,
244 679 381 720 quanta
401 678 578 706 votorum
598 669 775 706 instantia
789 696 799 713 ,
819 676 855 705 et
875 680 961 704 cum
980 666 1052 702 ad-

63 729 274 779 juratione,
304 729 518 765 orationum
546 728 764 764 mendicatis
791 727 950 764 solatia:
973 738 1052 762 non

64 788 168 838 quod
188 800 319 824 omnes
339 787 526 823 auderetis
549 794 677 835 petere
697 785 863 822 nuntiari
881 785 927 821 de
943 782 1052 820 vobis

65 846 169 896 quod
188 847 266 883 sitis
287 859 415 882 amore
438 846 679 893 languentes;
703 845 815 880 alium
840 842 967 880 soletis
992 842 1052 878 in-

64 906 184 942 vicem
214 906 432 954 languorem
465 903 687 953 deplorare,
719 915 796 939 non
827 902 979 951 gloriari
1005 901 1050 937 de

65 965 148 1002 isto.
170 968 216 1002 Et
239 965 268 1001 si
290 971 415 1014 potest
438 962 522 1012 quis
547 961 594 998 ad
619 961 749 998 horam
776 960 952 1010 gloriari,
973 972 1050 995 non

1119 373 1258 410 Desine
1281 373 1318 408 in
1338 373 1473 409 sanctis
1497 387 1696 410 numerare
1720 375 1834 423 magis
1863 374 2108 418 detrimenta,

1119 444 1231 480 quam
1248 432 1362 467 lucra.
1378 432 1543 467 Sufficiat
1562 431 1625 468 tibi
1642 433 1699 469 vel
1719 433 1941 469 numerandi
1958 433 2109 469 malitia.

1118 491 1205 526 Noli
1230 491 1359 527 saltem
1386 491 1475 527 foris
1504 492 1697 536 nuntiare,
1721 493 1799 527 noli
1820 491 2023 541 praedicare
2049 504 2111 527 so—

1119 548 1267 585 dalibus
1298 549 1382 585 tuis.
1412 553 1504 586 Nam
1535 549 1680 586 sodales
1709 551 1837 599 sponsi
1869 564 1997 586 aurem
2032 562 2109 586 non

1118 607 1406 644 accommodant
1425 607 1455 643 si
1475 607 1630 655 deroges
1657 620 1816 656 sponsae.
1842 612 1925 657 Ipse
1951 621 2113 658 sponsus

1119 679 1216 714 aegre
1235 666 1339 701 audit
1363 664 1521 713 injurias
1550 665 1708 701 dilectae.
1736 666 1966 714 Cuicumque
1995 666 2110 713 dicis,

1116 724 1171 761 illi
1200 724 1290 761 dicis
1314 739 1322 760 ε
1344 725 1444 760 auris
1461 724 1561 760 enim
1581 724 1649 759 zeli
1669 723 1774 759 audit
1791 725 1918 760 omnia
1935 731 1959 760 ¹.
1980 729 2110 761 Teme-

1117 784 1257 820 rarium
1279 792 1335 819 est
1359 783 1532 818 dilectam
1553 782 1807 819 condemnare
1827 783 1964 819 dilecto
1982 799 1989 820 z
2009 783 2111 820 hona

1115 843 1187 880 sibi
1207 844 1348 880 mavult
1367 843 1536 880 nuntiari
1556 842 1601 878 de
1620 855 1759 891 sponsa
1776 871 1786 889 ,
1805 850 1843 878 et
1866 843 2110 879 commenda—

1117 904 1210 939 tioni
1227 904 1441 953 promptius
1459 915 1587 939 aurem
1605 901 1760 951 praebet.

1169 963 1205 998 3.
1224 963 1337 999 Novit
1356 962 1427 998 hoc
1447 974 1586 1010 sponsa
1605 975 1612 996 :
1630 960 1716 996 ideo
1733 960 1843 1005 dicit,
1866 961 2013 1006 Adjaro
2029 974 2108 1005 vos,

65 1025 218 1074 expedit
252 1023 402 1072 quidem
420 1050 430 1068 ,
461 1035 508 1058 ne
539 1021 635 1057 forte
669 1020 902 1057 immissione
932 1020 1054 1056 inanis
1074 1017 1213 1068 Bfilioe
1232 1024 1460 1065 Jerusalem,
1481 1026 1515 1056 si
1538 1023 1743 1056 inveneritis
1767 1022 1959 1066 dilectum,
1982 1030 2019 1055 ut
2042 1034 2112 1055 αη-

65 1084 192 1132 glo'riae
214 1083 332 1132 gloria
351 1089 476 1118 vestra
502 1081 594 1117 nihil
615 1080 672 1116 sit.
695 1084 789 1118 Sunt
810 1088 932 1116 tamen
954 1091 1053 1115 non-

67 1142 189 1186 nulli,
219 1142 284 1191 qui
317 1149 353 1177 et
384 1139 678 1176 conversationis
709 1138 875 1184 indicio,
909 1146 946 1174 et
978 1137 1054 1174 oris

68 1201 213 1246 officio,
230 1199 347 1235 divini
362 1199 400 1235 in
418 1212 456 1235 se
472 1199 690 1248 languorem
708 1197 845 1234 amoris
863 1197 1054 1233 occultare

67 1271 144 1295 non
175 1266 344 1309 possunt.
373 1260 562 1307 Concepta
593 1265 681 1293 vota
711 1269 788 1293 non
819 1264 942 1305 potest
974 1269 1051 1292 non

65 1317 268 1367 aliquando
288 1319 444 1354 amantis
479 1330 520 1353 os
542 1316 738 1366 parturire.
767 1319 859 1352 Nam
888 1315 933 1351 ad
958 1316 1052 1351 alio-

67 1389 150 1413 rum
171 1376 465 1413 consolationem
487 1374 647 1412 verbum
670 1375 828 1410 latenter
853 1374 953 1410 elicit
977 1374 1054 1424 spi-

65 1435 159 1472 ritus
186 1435 367 1472 interiora
398 1435 566 1484 replens,
596 1434 727 1470 infusae
757 1433 883 1482 gratiae
907 1433 1054 1482 copiam

67 1502 223 1531 eructat.
254 1494 424 1542 Denique
455 1501 491 1529 et
523 1493 561 1528 in
593 1493 665 1528 hoc
695 1493 778 1528 loco
809 1505 946 1541 sponsa
978 1495 1054 1528 nOn

67 1554 249 1603 loquitur,
274 1553 337 1590 sed
363 1553 523 1602 Spiritus
545 1560 600 1588 est
625 1552 689 1601 qui
717 1551 885 1600 loquitur
916 1551 952 1587 in
979 1552 1052 1587 illa.

68 1616 113 1650 In
140 1611 404 1649 collationibus
431 1611 568 1648 sanctis
595 1610 778 1660 suspiria,
799 1611 982 1659 singultus
1008 1610 1054 1647 de

67 1671 152 1708 imis
181 1670 410 1721 prodeuntes
443 1670 683 1719 praecordiis,
713 1669 834 1706 crebri
869 1670 1052 1718 gemitus,

67 1742 195 1767 nonne
225 1737 313 1766 sunt
342 1729 513 1778 quaedam
546 1729 796 1765 eructationes
827 1729 982 1778 spiritus
1018 1736 1056 1765 et

1121 1085 1293 1116 nuntiet&
1310 1085 1346 1116 ei
1364 1085 1452 1128 qula
1469 1093 1594 1115 amore
1613 1082 1783 1127 langueo.
1809 1080 1855 1114 Ut
1871 1082 2107 1121 annuntietis,

1119 1140 1254 1188 inquit.
1272 1139 1522 1176 Annuntiatio
1552 1138 1782 1187 precationis
1800 1145 1902 1173 tenet
1921 1137 2111 1172 effectum.

1119 1202 1335 1236 Humanum
1352 1198 1554 1246 recogitate
1567 1210 1711 1232 morem
1730 1197 1766 1232 in
1785 1195 1966 1245 rogando.
1979 1199 2112 1232 Nonne

1117 1258 1218 1308 apud
1238 1258 1494 1294 miseratorem
1512 1255 1670 1304 alicujus
1686 1267 1984 1292 commemorare
2005 1255 2113 1290 mise-

1117 1318 1209 1354 riam
1223 1346 1232 1363 ,
1262 1318 1387 1367 ipsum
1416 1329 1549 1365 rogare
1581 1315 1661 1352 est?
1689 1314 1828 1351 Efficax
1858 1313 2027 1363 precatio
2057 1321 2113 1349 est

1119 1376 1287 1412 modesta
1304 1375 1512 1424 suggestio,
1535 1374 1703 1424 oppressi
1725 1374 1876 1409 infirma
1897 1385 2088 1422 exponere
2102 1401 2112 1419 ,

1119 1435 1280 1471 sortunae
1322 1434 1576 1469 infelicitatem
1599 1461 1608 1478 ‚
1646 1431 1887 1468 insolentiam
1926 1430 2107 1467 hostium.

1119 1497 1209 1529 Haec
1221 1521 1230 1536 ‚
1251 1493 1403 1542 inquam
1418 1521 1427 1538 ,
1444 1504 1635 1541 exponere
1652 1491 1691 1526 in
1708 1503 1798 1526 aure
1817 1490 2000 1539 potentis,
2022 1489 2114 1538 quid

1119 1551 1220 1589 aliud
1240 1560 1295 1588 est
1311 1565 1424 1600 quam
1444 1552 1568 1600 ipsum
1589 1549 1802 1586 verecunda
1818 1548 1981 1597 quadam
2000 1561 2112 1598 prece

1119 1611 1166 1648 ad
1186 1611 1441 1647 auxiliandum
1463 1608 1684 1646 inflectere?
1708 1612 1810 1656 Quot
1829 1609 1868 1644 in
1890 1608 1982 1644 locis
2010 1607 2113 1656 apud

1119 1671 1351 1709 psalmistam
1376 1671 1477 1707 hunc
1503 1671 1626 1719 precis
1654 1669 1810 1706 modum
1841 1667 2040 1704 invenies?
2069 1670 2112 1704 In

1120 1732 1325 1780 Evangelio
1345 1731 1469 1779 inquit
1489 1730 1609 1766 Maria
1629 1729 1675 1765 ad
1695 1733 1822 1765 Jesum
1848 1742 1856 1764 ε
1883 1729 2018 1762 Vinum
2039 1740 2113 1762 non

67 1798 258 1840 conceptae
293 1789 420 1838 gratiae
442 1790 456 1824 Ξ)
483 1788 636 1825 Talibus
670 1788 815 1824 indiciis
849 1800 976 1823 nonne
1018 1800 1056 1824 se
1074 1795 1101 1830 C
1120 1791 1257 1826 habent
1269 1797 1294 1827 ².
1316 1794 1400 1827 Non
1422 1798 1599 1839 precatur
1618 1789 1823 1826 Dominum
1839 1815 1848 1833 ,
1868 1800 1937 1823 nec
1955 1787 2115 1836 imperat

65 1848 195 1897 prodit
229 1848 390 1896 languor
426 1848 596 1883 amoris?
630 1850 714 1883 Non
755 1854 810 1882 est
846 1846 1054 1882 occultatus

67 1906 238 1955 languor,
258 1905 409 1954 quando
429 1905 587 1953 gemitus
612 1917 688 1940 non
714 1912 769 1939 est
793 1903 1050 1940 absconditus.

67 1967 153 2014 Ipse
172 1977 210 2001 se
239 1964 366 2014 prodit
392 1965 563 2012 languor,
587 1976 671 1999 cum
697 1963 776 1998 haec
801 1962 977 2012 producit
996 1963 1055 1998 in—

67 2022 176 2060 dicia.
195 2022 294 2070 Quid
314 2035 403 2071 ergo
427 2030 602 2072 percepta
626 2022 756 2070 signa?
775 2034 902 2057 nonne
923 2034 1056 2070 quam-

66 2082 151 2119 dam
180 2082 434 2118 admirationis
463 2083 536 2118 vim
562 2080 720 2126 habent,
742 2089 783 2116 ut
803 2093 866 2116 eos
893 2081 956 2129 qui
976 2080 1055 2117 haec

65 2142 373 2191 deprehendunt,
390 2141 436 2177 ad
454 2140 786 2188 congratulationis
806 2147 1055 2188 permoveant

64 2201 266 2237 affectum?
283 2200 434 2236 Etiamsi
460 2212 582 2236 sermo
605 2198 733 2242 sileat,
759 2198 1053 2234 conversationis

63 2259 135 2309 piae
152 2259 327 2296 sanctitas
346 2266 463 2306 rogat.
490 2255 754 2293 Commendari
782 2256 882 2299 vult,
909 2255 998 2291 dum
1017 2268 1055 2292 se

65 2317 290 2367 quibusdam
316 2317 444 2366 prodit
469 2316 629 2352 indiciis.
649 2313 746 2362 Quid
767 2314 892 2350 enim?
910 2327 995 2350 cum
1018 2314 1054 2349 in

65 2377 191 2425 aliquo
221 2376 409 2412 coelestem
433 2375 534 2411 hunc
554 2372 840 2423 deprehendero
862 2384 1027 2408 amorem
1044 2400 1054 2417 ,

66 2447 143 2471 non
161 2447 220 2470 me
235 2434 342 2483 quasi
369 2433 580 2482 adjuratum
608 2440 738 2481 putem
758 2459 768 2476 ‚
789 2439 829 2466 ut
848 2443 1056 2480 propensas

66 2505 137 2543 pro
164 2505 210 2529 eo
237 2493 372 2541 gratias
392 2493 524 2541 agam?
542 2494 640 2527 Num
668 2489 942 2527 commendabo
967 2502 1056 2538 pre-

1120 1850 1233 1895 Filio,
1248 1849 1435 1885 desectum
1455 1849 1534 1884 vini
1551 1856 1695 1884 tantum
1715 1846 1906 1882 nuntiasse
1924 1853 2113 1882 contenta.

1121 1910 1213 1945 Cum
1238 1908 1415 1945 beneficis
1435 1916 1472 1944 et
1491 1907 1537 1943 ad
1560 1906 1822 1942 liberalitatem
1844 1905 2043 1955 propensis
2066 1905 2115 1940 ita

1121 1967 1306 2016 agendum
1323 1976 1388 2003 est.
1411 1970 1493 2003 Non
1512 1974 1567 2002 est
1584 1966 1683 2001 enim
1705 1964 1821 2013 gratia
1837 1963 2023 1999 violenter
2043 1976 2112 1999 ex—

1121 2027 1336 2076 primenda,
1353 2026 1418 2062 sed
1438 2024 1688 2075 proponenda
1705 2023 1862 2059 occasio.
1885 2022 2115 2059 Commenda

1121 2099 1297 2135 sponsam
1325 2097 1486 2134 sponso,
1517 2084 1623 2120 dotes
1649 2082 1730 2131 ejus
1763 2094 1954 2118 enumera.
1983 2085 2116 2118 Nonne

1120 2145 1191 2180 hoc
1217 2153 1271 2180 est
1299 2143 1379 2191 ejus
1399 2144 1631 2178 inflammare
1653 2141 2015 2190 concupiscentiam,
2043 2141 2113 2177 sti-

1121 2202 1244 2238 mulos
1260 2201 1462 2237 adhibere?
1474 2203 1652 2236 Nuntiate
1668 2202 1809 2235 dilecto.
1828 2203 1908 2235 Hoc
1926 2199 2113 2245 nuntiare,

1122 2261 1245 2309 ipsum
1272 2274 1478 2309 provocare
1503 2268 1558 2296 est
1581 2259 1626 2296 ad
1657 2258 1938 2308 rependendam
1968 2258 2112 2305 vicem,

1121 2318 1168 2354 ad
1186 2318 1470 2354 refocillandum
1494 2330 1620 2354 amore
1644 2318 1895 2365 languentem.
1918 2320 2002 2366 Ipse
2022 2330 2116 2353 con·

1123 2378 1323 2413 solationcs
1353 2377 1519 2426 disponit
1550 2377 1588 2412 in
1620 2375 1734 2412 corde
1763 2388 1854 2419 suo,
1882 2375 1946 2411 sed
1979 2377 2115 2413 nostris

1123 2443 1312 2484 exspectat
1335 2434 1510 2484 precibus
1535 2434 1724 2484 compelli.
1753 2433 1864 2481 Quod
1885 2434 1987 2479 facit,
2007 2435 2115 2471 faciet

1123 2495 1231 2530 citius
1266 2493 1376 2530 nobis
1407 2492 1668 2543 pulsantibus,
1700 2493 1854 2529 fortasse
1882 2501 1918 2528 et
1949 2492 2113 2530 uberius.

67 2551 172 2588 cibus
188 2552 259 2600 piis
288 2559 511 2600 conceptum
537 2550 777 2598 languorem,
805 2562 916 2598 quem
942 2549 1056 2597 gemi—
1074 2551 1106 2585 D
1124 2552 1262 2588 Dilatio
1286 2552 1365 2588 haec
1387 2552 1593 2588 cruciatum
1619 2551 1708 2587 mihi
1738 2551 1855 2600 parit,
1883 2551 1946 2587 sed
1975 2565 2113 2588 conso-

68 2618 126 2646 tus
140 2610 234 2646 altus
253 2609 403 2659 prodit?
423 2613 546 2645 Durus
566 2621 634 2657 ego
653 2609 681 2644 si
699 2621 774 2643 non
794 2616 866 2643 tam
887 2616 1052 2644 sanctam

69 2677 106 2705 ct
121 2668 283 2705 divinam
307 2670 343 2704 in
369 2667 545 2704 fratribus
569 2667 780 2717 passionem
806 2680 879 2715 qua
900 2680 1052 2716 possum

69 2727 248 2764 orationis
268 2727 441 2764 instantia
464 2727 609 2763 foveam
624 2754 632 2770 ‚
653 2725 926 2775 supplicatione
947 2740 1054 2762 com-

71 2785 268 2832 mendem,
301 2787 477 2835 replicem
514 2793 551 2821 et
580 2785 799 2821 annuntiem
831 2784 991 2830 dilecto,
1025 2785 1054 2821 si

69 2845 177 2895 copia
196 2845 318 2882 detur.
342 2845 440 2892 Quid
462 2853 523 2888 tu,
550 2845 613 2893 qui
641 2845 797 2880 fratrum
826 2845 943 2881 mavis
965 2844 1052 2880 vitia

69 2917 266 2941 numerare
285 2917 397 2953 quam
425 2904 602 2949 virtutes,
630 2903 764 2939 damna
790 2916 902 2952 quam
930 2903 1052 2948 dona,

69 2963 322 3000 condemnare
339 2976 449 3012 quam
466 2963 758 2999 commendare?
777 2963 813 2999 Si
833 2972 867 2999 te
888 2963 933 2999 ad
954 2976 1054 2998 com-

70 3022 346 3059 mendationem
376 3022 584 3072 adjuratum
617 3036 692 3059 non
722 3022 884 3066 sentias,
918 3035 993 3058 non
1015 3035 1054 3058 es

67 3079 143 3128 jam
163 3082 368 3118 Jerusalem
395 3082 491 3127 filia,
520 3082 583 3118 sed
616 3082 688 3118 filia
720 3081 934 3130 Babylonis.
965 3081 1054 3118 Filia

71 3138 271 3189 Babylonis
297 3141 451 3186 misera,
482 3141 564 3190 quis
594 3140 773 3178 retribuet
802 3140 866 3176 tibi
898 3140 1053 3177 retribu-

123 3270 130 3285 ¹
148 3268 218 3307 Sap.
235 3278 242 3295 ι
260 3290 266 3301 ,
288 3270 336 3297 lt).
353 3287 386 3291 —
417 3274 426 3289 ²
445 3271 534 3299 Joan.
562 3281 583 3298 ιι
601 3292 607 3304 ,
625 3272 655 3298 3.

227 3337 316 3363 Tou,
347 3339 378 3360 x.

1119 2611 1268 2646 lationis
1294 2611 1456 2659 parturit
1478 2611 1683 2646 cumulum.
1707 2610 1963 2659 Multiplicatis
1990 2612 2113 2659 preci-

1119 2670 1190 2707 bus
1204 2679 1414 2719 exspectata
1428 2671 1557 2706 solatia
1574 2670 1726 2706 uberius
1738 2669 1923 2705 refundet.
1937 2672 2114 2706 Nuntiate

1118 2731 1248 2764 dilecto
1269 2733 1357 2776 quia
1379 2742 1505 2763 amore
1525 2732 1692 2775 langas-1».
1717 2732 1789 2763 Yos
1810 2728 2001 2772 nuntiate,
2024 2729 2113 2777 qui—

1121 2786 1190 2823 bus
1216 2796 1316 2836 patet
1339 2787 1384 2822 ad
1407 2787 1585 2822 dilectum
1614 2787 1804 2822 familiaris
1830 2799 2012 2822 accessus.
2038 2791 2115 2823 Vos

1118 2847 1305 2892 nuntiate,
1324 2859 1406 2894 qum
1425 2847 1511 2881 estis
1528 2854 1712 2895 expertze,
1733 2854 1871 2894 quanta
1890 2846 1933 2882 sit
1954 2847 2111 2882 uitiatori

1118 2907 1236 2942 virtus
1259 2906 1471 2954 languoris,
1498 2919 1609 2954 quam
1634 2906 1681 2942 sit
1702 2905 1805 2941 fortis
1828 2913 1866 2940 ut
1889 2918 1989 2940 mors
2014 2905 2110 2941 dile-

1119 2965 1194 3000 ctio
1209 2993 1218 3010 ‚
1237 2977 1349 3013 quam
1372 2965 1416 3000 sit
1441 2973 1481 3001 ut
1502 2965 1670 3000 infernus
1688 2964 1877 3000 aemulatio
1901 2964 2007 3000 dura.
2028 2967 2109 2999 Ad-

1109 3025 1197 3069 juro
1217 3038 1293 3066 vos,
1312 3032 1348 3058 ut
1364 3028 1588 3059 annuntietis
1611 3025 1746 3059 ‹lilecto
1769 3028 1861 3071 quia
1886 3037 2012 3059 amore
2029 3027 2111 3059 lan-

1117 3096 1220 3130 guco.
1240 3085 1394 3118 Narrate
1414 3090 1450 3118 et
1471 3082 1690 3119 annuntiate
1703 3111 1711 3127 ,
1731 3090 1765 3118 et
1785 3082 1958 3118 exaudiet
1980 3095 2108 3118 vocem

1121 3150 1280 3178 vestram
1292 3171 1300 3187 ‚
1318 3150 1356 3177 tlt
1376 3143 1541 3179 refoveat
1558 3151 1643 3178 vota
1663 3155 1756 3178 mea.
1780 3146 2010 3177 adunaturam·
2025 3145 2110 3189 qula
