2418 3949
120 202 193 238 749

115 279 365 329 nosmetipsos
384 278 545 315 vidimus
557 307 566 325 ,
584 279 621 314 in
636 291 679 314 ea
694 279 849 315 veritate
863 278 923 314 vel
937 276 1104 314 claritate

718 203 1002 238 TRAC'I‘ATL'S
1031 202 1094 235 DE
1123 202 1372 236 lNsERlORI
1401 202 1552 237 DOMO.

1114 273 1162 292 5⁰⁷

2084 190 2159 227 750

1172 289 1326 312 suorum
1342 289 1417 312 non
1429 277 1596 313 extendit
1607 274 1895 326 plenitudinem,
1906 285 1990 322 quae
2002 270 2158 307 felicita-

115 351 189 387 qua
207 339 312 388 prius
332 339 610 389 perspeximus,
631 338 678 374 ad
697 347 863 375 nostram
883 336 1102 374 memoriam
1120 336 1152 368 A
1169 335 1213 370 tis
1225 348 1300 371 suae
1312 335 1532 371 infinitatem
1543 336 1602 372 vel
1615 335 1901 371 immensitatem
1913 328 2159 380 comprehen-

114 398 272 434 omnino
288 411 466 435 revocare
480 411 557 434 non
573 410 784 447 possumus.
801 401 847 434 Et
861 395 1033 445 quamvis
1047 396 1102 431 in-

115 455 162 492 de
181 457 324 506 aliquid
349 457 387 493 in
410 457 590 494 memoria
615 465 826 501 teneamus,
846 464 882 492 et
904 455 1010 504 quasi
1034 467 1103 504 per

114 515 280 553 medium
308 517 454 562 velum,
475 525 512 553 et
534 516 694 553 velutin
723 515 848 551 medio
876 514 1023 551 nebulae
1050 513 1104 548 vi-

115 573 289 621 deamus3
308 588 377 611 nec
396 574 551 611 modum
568 574 722 624 quidem
740 573 914 619 videndi,
930 585 998 609 nee
1014 584 1104 620 qua-

114 633 256 670 litatem
285 634 440 671 visionis
464 632 806 682 comprehendere,
829 633 887 668 vel
915 630 1104 668 recordari

114 693 320 730 sufficimus
338 709 346 730 :
363 701 399 730 et
415 693 552 729 mirum
568 693 607 728 in
628 693 782 729 modum
805 692 1102 736 reminiscentes,

113 765 191 788 non
211 752 508 797 reminiscimur;
524 760 561 788 et
577 764 652 787 non
674 751 975 796 reminiscentes,
996 749 1104 786 remi-

113 811 312 856 niscimur,
343 810 432 846 dum
461 809 633 846 videntes
666 823 744 846 non
774 810 1035 860 pervidemus,
1069 817 1106 845 et

112 869 335 919 aspicientes
350 881 427 905 non
441 869 688 918 perspicimus
697 897 706 914 ,
719 877 757 905 et
772 869 1010 906 intendentes
1025 881 1103 905 non

111 937 367 978 penetramus,
385 928 506 964 donec
521 929 657 964 iterum
674 928 918 965 meditatione
937 941 1104 978 assurga-

112 1001 196 1026 mus
227 989 266 1025 in
303 989 682 1038 contemplationem,
716 990 1036 1038 contemplatione
1063 988 1102 1024 in

1167 393 1256 429 dere
1272 394 1426 430 omnino
1442 408 1516 430 non
1535 395 1684 431 sufficit.
1699 397 1764 431 Est
1781 402 1905 430 autem
1921 402 2052 428 eorum
2070 400 2159 439 gau-

1166 453 1290 500 dium,
1308 467 1384 490 non
1406 454 1526 490 solum
1549 454 1594 490 de
1613 453 1930 503 contemplatione
1947 448 2133 488 Creatoris
2146 474 2155 491 ,

1169 512 1234 549 sed
1252 513 1361 549 etiam
1379 513 1424 549 de
1440 513 1740 562 contemplandis
1755 512 1833 561 ejus
1850 510 2041 548 creaturis.
2056 511 2158 563 Dum

1169 571 1267 606 enim
1282 575 1402 608 Deum
1420 572 1458 608 in
1472 571 1648 608 omnibus
1664 572 1739 608 suis
1755 570 1932 621 operibus
1948 567 2157 606 mirabilem

1167 630 1376 676 inveniunt,
1393 630 1483 679 quid
1504 631 1639 666 mirum
1655 631 1684 666 si
1698 629 1837 678 ubique
1854 627 2025 665 mirando
2043 638 2159 662 vene·

1169 697 1315 733 rantur,
1326 689 1543 725 venerando
1554 690 1738 725 mirantur
1749 688 1929 737 magnalia
1941 687 2034 735 ejus,
2047 697 2159 734 quem

1170 746 1355 796 diligunt?
1371 749 1574 784 Inveniunt
1592 749 1738 797 itaque,
1757 760 1834 784 non
1851 747 1969 782 solum
1996 746 2032 780 in
2054 757 2160 780 crea-

1171 807 1262 844 turis
1279 807 1531 857 incorporeis,
1550 807 1614 844 sed
1634 808 1744 844 etiam
1766 808 1805 842 in
1822 806 2001 842 creaturis
2021 816 2161 852 corpo-

1170 866 1261 913 reis,
1290 867 1391 903 unde
1423 868 1629 913 mirentur,
1657 866 1759 903 unde
1788 867 2001 902 Creatorem
2032 875 2160 898 earum

1169 926 1282 976 digne
1306 936 1548 964 venerentur.
1572 930 1661 964 Haec
1688 926 1814 963 onmia
1833 924 1974 974 jugiter
1993 930 2163 958 contem-

1168 984 1335 1033 plantur,
1355 985 1653 1034 contemplantes
1679 984 1877 1028 mirantur,
1899 981 2077 1017 mirantes
2103 979 2165 1016 lae-

112 1047 419 1094 admirationem,
435 1048 681 1085 admiratione
700 1049 739 1085 in
758 1049 894 1085 mentis
914 1048 1102 1085 alienatio·
1123 1046 1149 1079 Β
1168 1052 1305 1080 tantur.
1341 1048 1536 1081 Laetantur
1573 1044 1618 1080 de
1657 1043 1785 1079 divina
1825 1040 2143 1090 contemplatione
2156 1063 2164 1078 ⁷

113 1121 213 1145 nem.
233 1108 410 1146 Veritatis
428 1108 698 1158 contemplatio
717 1108 755 1144 in
772 1108 841 1144 hac
863 1108 939 1144 vita
954 1108 1105 1144 inchoa-

113 1177 190 1215 tur,
215 1169 280 1205 sed
299 1168 338 1204 in
359 1169 483 1205 futura
501 1167 582 1217 jugi
605 1169 855 1218 perpetuitate
881 1167 1102 1205 celebratur.

112 1231 185 1265 Per
213 1228 381 1265 veritatis
405 1228 765 1277 contemplationem
792 1227 964 1265 eruditur
990 1228 1106 1264 homo

113 1286 160 1324 ad
185 1285 382 1336 justitiam,
398 1295 682 1323 consummatur
704 1286 752 1323 ad
774 1287 944 1336 gloriam.
979 1288 1107 1326 Gratia

113 1345 442 1395 contemplationis
465 1358 530 1382 cor
550 1344 597 1382 ab
625 1345 730 1382 omni
757 1346 952 1383 mundano
978 1360 1108 1383 amore

113 1417 192 1441 non
209 1404 331 1441 solum
347 1403 549 1450 emundat,
568 1403 633 1440 sed
648 1405 872 1451 sanctificat,
890 1414 926 1442 et
940 1406 1107 1442 animum

113 1463 162 1500 ad
187 1464 395 1501 coelestium
425 1476 592 1500 amorem
628 1464 851 1500 inflammat.
883 1466 954 1513 Qui
983 1464 1111 1502 divina

116 1523 364 1573 inspiratione
391 1531 428 1560 et
447 1523 675 1560 revelatione
701 1524 748 1560 ad
778 1525 1108 1574 contemplationis

114 1582 270 1632 gratiam
289 1591 549 1632 promovetur,
567 1583 747 1632 quasdam
766 1584 896 1621 arrhas
912 1585 1046 1622 futurae
1063 1585 1108 1621 il-

113 1641 186 1678 lius
214 1642 459 1691 plenitudinis
482 1642 638 1692 accipit,
660 1641 726 1679 ubi
748 1644 986 1693 sempiternae
1013 1658 1108 1681 con-

116 1700 352 1750 templationi
376 1710 563 1751 perpetuo
589 1701 795 1738 inhaerebit.
817 1703 889 1750 Qui
910 1716 1000 1740 vero
1020 1718 1108 1740 con-

115 1759 351 1808 templationi
365 1760 532 1796 veritatis
551 1760 634 1796 vult
650 1773 782 1797 vacare
795 1790 804 1806 ,
824 1775 974 1799 necesse
993 1771 1048 1799 est
1067 1771 1108 1799 ut

1170 1104 1480 1153 congratulantur
1507 1103 1553 1140 de
1578 1112 1710 1140 mutua
1735 1103 1900 1146 visione,
1924 1099 2109 1135 mirantur
2128 1098 2167 1134 in

1171 1176 1296 1200 rerum
1317 1164 1570 1213 corporalium
1594 1161 1862 1213 speculatione.

1227 1224 1287 1260 88.
1312 1224 1508 1260 Discamus
1530 1232 1567 1260 et
1596 1235 1666 1258 nos
1693 1220 1992 1269 contemplantes
2019 1217 2168 1262 mirari,

1173 1291 1209 1319 et
1228 1282 1406 1319 mirantes
1426 1282 1686 1332 contemplari,
1705 1278 1898 1330 quomodo
1915 1278 2016 1314 illius
2031 1289 2168 1325 super-

1173 1356 1230 1379 nae
1252 1341 1494 1379 beatitudinis
1514 1343 1613 1378 cives
1633 1341 1759 1378 omnia
1775 1352 1859 1388 quae
1880 1337 1949 1375 sub
1969 1337 2060 1386 ipsis
2080 1344 2169 1373 sunt

1173 1402 1430 1439 indesinenter
1449 1402 1653 1452 aspiciunt,
1668 1400 1914 1448 omniumque
1932 1410 2015 1446 quae
2032 1395 2078 1433 ab
2093 1396 2169 1432 alto

1176 1462 1323 1508 vident,
1347 1463 1531 1499 rationem
1555 1471 1590 1498 et
1618 1461 1790 1498 ordinem
1820 1456 2165 1508 comprehendunt;

1177 1521 1371 1571 quomodo
1399 1522 1444 1558 de
1474 1530 1604 1558 mutua
1637 1521 1813 1557 societate
1841 1517 2168 1566 indissolubilique

1173 1581 1352 1617 charitate
1369 1581 1406 1616 in
1422 1580 1611 1617 infinitum
1631 1579 1839 1630 gaudeant,
1855 1576 2047 1626 quomodo
2067 1576 2103 1612 in
2119 1576 2168 1611 il—

1172 1640 1246 1675 lam
1260 1639 1395 1676 divinae
1409 1639 1585 1675 claritatis
1596 1638 1779 1674 visionem
1792 1635 2051 1673 insatiabiliter
2061 1635 2166 1671 inar-

1174 1698 1341 1736 descant.
1360 1699 1460 1736 Nihil
1481 1707 1536 1735 est
1548 1697 1753 1747 jucundius
1767 1725 1776 1741 ,
1794 1695 1885 1732 nihil
1910 1694 2034 1731 utilius
2049 1694 2168 1743 gratia

1174 1759 1517 1809 contemplationis.
1540 1761 1690 1806 Quanto
1715 1756 1876 1805 amplius
1902 1755 1939 1790 in
1961 1754 2167 1790 coelestium

115 1818 233 1855 discat
251 1819 505 1869 requiescere,
528 1833 604 1856 non
623 1819 747 1857 solum
765 1820 812 1857 ab
833 1821 1012 1871 operibus
1031 1836 1110 1859 ma-
1129 1821 1155 1856 C
1176 1818 1495 1868 contemplatione
1516 1816 1710 1853 delectaris
1725 1844 1734 1861 ,
1753 1823 1789 1851 et
1808 1813 2030 1851 delectando
2047 1812 2166 1849 admi—

115 1877 161 1914 lis
173 1906 184 1925 ,
199 1878 264 1915 sed
279 1879 391 1915 etiam
408 1892 427 1915 a
444 1879 735 1928 cogitationibus
749 1883 1000 1930 supervacuis.
1015 1883 1110 1919 Mul-

116 1935 142 1972 ti
161 1936 347 1986 siquidem
371 1937 440 1974 etsi
463 1937 582 1973 sciant
600 1951 733 1974 vacare
756 1952 934 1988 corpore,
955 1940 1109 1977 minime

117 2004 240 2033 tamen
273 1997 400 2033 valent
427 2010 560 2034 vacare
591 1997 727 2043 corde,
755 1999 961 2036 nescientes
989 2000 1108 2037 facere

115 2054 313 2092 sabbatum
338 2070 386 2093 ex
410 2056 566 2094 sabbato
598 2072 605 2092 :
634 2066 670 2093 et
688 2057 773 2094 ideo
793 2071 869 2094 non
892 2059 1017 2096 valent
1036 2060 1104 2096 im-

114 2114 219 2162 plere
234 2113 338 2163 quod
356 2114 492 2151 dicitur
507 2115 545 2150 in
561 2115 708 2152 Psalmo
720 2144 730 2161 ,
753 2118 908 2162 Vacace,
929 2127 963 2152 ct
981 2119 1104 2154 videte

115 2178 288 2221 quoniam
305 2188 369 2223 ego
381 2189 460 2211 sum
478 2178 579 2211 Deus
593 2181 616 2211 ¹.
632 2179 753 2212 Vacan
761 2184 814 2211 tes
828 2176 1011 2225 siquidem
1027 2191 1108 2214 cor-

115 2244 230 2282 pore,
250 2232 316 2269 sed
341 2241 518 2282 vagantes
547 2232 685 2282 ubique
712 2233 844 2277 corde,
869 2246 1107 2283 nequaquam

115 2300 309 2329 merentur
333 2292 462 2328 videre
493 2305 605 2340 quam
636 2291 756 2328 dulcis
776 2301 831 2328 cst
847 2293 1054 2340 Dominus,
1071 2303 1108 2330 et

113 2364 226 2400 quam
246 2350 371 2388 bonus
387 2351 500 2388 lsrael
524 2354 624 2388 Deus
640 2352 683 2387 iis
703 2352 768 2400 qui
790 2360 892 2388 recto
912 2361 1000 2388 sunt
1019 2366 1106 2389 cor-

114 2411 161 2448 de
173 2416 199 2448 ².
219 2411 313 2449 Inde
330 2419 385 2448 est
404 2410 508 2461 quod
528 2411 654 2447 hostes
676 2410 849 2446 derident
867 2409 1021 2447 sabbata
1041 2425 1106 2447 eo-

114 2470 244 2517 rum33
261 2471 299 2508 id
316 2480 384 2516 est,
400 2471 481 2521 ipsa
500 2484 576 2507 suae
593 2471 800 2506 vacationis
816 2471 891 2506 otia
907 2471 944 2506 in
965 2471 1107 2520 cogita-

116 2530 236 2566 tiones
251 2530 402 2566 inutiles
422 2529 661 2579 protrahunt,
681 2538 719 2566 et
737 2542 806 2579 per
821 2529 927 2565 devia
948 2543 1105 2579 quaeque

1175 1878 1286 1924 raris,
1307 1886 1410 1914 tanto
1431 1876 1607 1914 libentius
1630 1875 1842 1912 immoraris
1856 1903 1865 1919 ,
1881 1882 1984 1910 tanto
2005 1873 2167 1922 diligen-

1177 1938 1248 1974 tius
1286 1937 1553 1987 perscrutaris,
1588 1935 1891 1986 profundiusque
1929 1933 2164 1969 illuminaris.

1174 1998 1380 2047 Semperin
1403 1998 1475 2034 illis
1498 1997 1666 2033 invenies
1691 1994 1794 2044 quod
1817 1994 1984 2038 mireriS,
2009 2001 2047 2029 et
2067 1993 2166 2030 unde

1173 2056 1380 2093 delecteris.
1398 2060 1588 2105 Nusquam
1603 2064 1657 2091 est
1673 2054 1863 2103 copiosior
1877 2052 2030 2088 materia
2046 2051 2167 2088 admi-

1173 2117 1292 2162 randi,
1305 2125 1341 2153 et
1352 2129 1536 2166 nusquam
1552 2116 1680 2152 utilior
1694 2127 1804 2150 causa
1818 2111 2038 2148 delectandi.
2055 2115 2097 2148 In
2111 2112 2168 2149 bis

1173 2190 1262 2225 ergo
1280 2189 1429 2226 semper
1443 2176 1490 2212 sit
1511 2185 1572 2211 tua
1590 2173 1788 2211 admiratio
1808 2181 1845 2208 et
1866 2171 2075 2208 delectatio.
2092 2175 2168 2208 Nec

1174 2249 1326 2273 necesse
1346 2236 1416 2272 erit
1435 2236 1503 2272 alia
1519 2248 1588 2285 pro
1604 2235 1685 2270 aliis
1696 2245 1863 2282 quaerere
1875 2260 1884 2276 ‚
1900 2240 1935 2267 et
1949 2244 2016 2280 per
2033 2244 2166 2267 vanam

1175 2296 1248 2332 huc
1267 2296 1433 2344 illucque
1450 2294 1721 2343 cogitationum
1743 2290 1998 2339 evagationem
2020 2289 2167 2326 discur-

1174 2367 1267 2391 rere.
1289 2358 1410 2391 Deum
1435 2365 1597 2401 namque
1623 2362 1871 2400 cognoscere,
1892 2347 2090 2397 plenitudo
2111 2356 2166 2383 est

1172 2414 1348 2450 scientiae.
1374 2412 1574 2450 Plenitudo
1595 2419 1719 2447 autem
1739 2408 1850 2458 hujus
1877 2407 2061 2452 scientiae,
2082 2407 2166 2457 ple—

1171 2472 1304 2510 nitudo
1325 2481 1380 2509 est
1399 2473 1538 2521 gloriae.
1560 2469 1842 2508 Consummatio
1862 2467 2008 2516 gratise,
2030 2480 2167 2516 perpe·

1174 2534 1282 2570 tuitas
1294 2533 1393 2569 vitae.
1411 2532 1467 2568 Ad
1483 2531 1593 2580 liujus
1606 2543 1698 2566 vero
1712 2528 1875 2565 scientia:
1890 2526 2163 2576 plenitudinem

117 2601 210 2638 vago
234 2589 406 2634 incessu,
432 2589 511 2625 sine
538 2597 710 2638 respectu
734 2589 990 2638 perventionis
1016 2603 1104 2639 pas-
1123 2599 1153 2632 D
1171 2606 1267 2642 opus
1300 2600 1355 2628 est
1388 2591 1513 2640 potius
1546 2590 1676 2625 intima
1707 2586 2019 2636 compunctione,
2051 2599 2164 2634 quam

114 2649 182 2685 sim
212 2648 286 2685 huc
312 2657 349 2684 et
375 2649 463 2685 illuc
494 2657 689 2698 vagantur.
714 2649 873 2685 Animus
899 2662 1030 2685 eorum
1064 2649 1102 2685 in

116 2708 263 2745 diversa
282 2708 441 2757 rapitur,
463 2717 500 2745 et
520 2721 620 2744 nunc
640 2709 677 2745 in
700 2708 795 2744 banc
815 2717 981 2758 partem,
1004 2722 1104 2746 nunc

115 2768 154 2803 in
174 2767 275 2804 illam
296 2767 542 2804 discurrendo
564 2768 657 2804 mira
679 2767 841 2817 agilitate
861 2767 897 2803 in
918 2769 1102 2806 contraria

115 2827 251 2876 agitur.

169 2887 230 2923 87.
252 2887 330 2931 Sic,
347 2886 399 2923 sic
419 2887 597 2935 quamdiu
616 2886 684 2924 sub
702 2889 828 2937 egenis
842 2887 955 2937 hujus
976 2888 1107 2925 mundi

114 2946 307 2982 elementis
323 2946 496 2992 vivimus,
516 2946 698 2983 desideria
715 2956 841 2984 nostra
857 2949 953 2984 ultra
970 2947 1105 2997 gaudia

115 3014 243 3043 nostra
258 3005 516 3052 extendimu53
536 3007 621 3056 quia
641 3007 782 3044 infinite
798 3008 904 3058 plura
921 3017 1007 3044 sunt
1021 3021 1104 3056 quse

115 3065 432 3114 concupiscimus,
450 3079 561 3115 quam
581 3079 663 3115 quae
677 3067 712 3103 in
729 3067 796 3104 bac
813 3069 886 3104 vita
898 3068 1107 3117 apprehen-

116 3124 204 3160 dere
217 3137 426 3173 possumus.
439 3127 546 3164 Beata
560 3134 683 3163 autem
698 3127 757 3163 illa
770 3139 1020 3175 supernorum
1035 3127 1105 3175 spi-

116 3184 253 3221 rituum
271 3184 471 3221 multitudo
491 3185 672 3223 desideria
692 3200 756 3222 sua
774 3187 868 3222 ultra
883 3185 1106 3235 gaudiorum

169 3317 175 3331 ¹
197 3311 274 3341 l’sal.
298 3322 372 3349 xm,
399 3315 500 3343 11.-
528 3319 538 3334 ²
560 3313 635 3344 t‘sal.
661 3325 771 3351 inm,
798 3317 823 3343 1.

914 3312 922 3330 ³
943 3318 959 3345 'l
973 3314 1057 3344 Ιιιϊιι.
1076 3327 1080 3343 ι
1099 3338 1105 3351 ‚
1128 3317 1140 3322 “”

1170 2651 1360 2702 profunda
1381 2650 1690 2698 investigatione;
1711 2646 1900 2696 suspiriis,
1919 2658 2030 2693 quani
2053 2658 2163 2693 argu-

1170 2712 1326 2757 mentis;
1345 2709 1486 2746 crebris
1503 2705 1834 2744 lamentationibus
1848 2733 1856 2748 ,
1875 2717 1986 2752 quam
2004 2703 2166 2752 copiosis

1169 2768 1578 2821 argumentationibus3
1598 2766 1792 2814 lacrymis,
1816 2777 1928 2813 quam
1951 2763 2164 2807 sententiis3

1173 2832 1363 2875 oratione,
1391 2842 1501 2878 quam
1533 2828 1712 2867 lectione;
1750 2825 1865 2873 gratia
1893 2823 2141 2870 lacrymarum
2154 2850 2163 2866 ,

1175 2904 1286 2940 quain
1305 2889 1458 2925 seientia
1476 2886 1681 2922 litterarum
1695 2900 1703 2929 3
1717 2884 1922 2921 coelestium
1937 2883 2061 2932 potius
2075 2895 2167 2918 con-

1178 2949 1440 2998 templatione,
1462 2960 1573 2996 quain
1597 2945 1827 2981 terrestrium
1846 2942 2108 2992 occupatione.

1220 3084 1415 3126 Sequebatur
1429 3082 1478 3113 hic
1494 3083 1524 3113 in
1543 3079 1766 3113 recentioribus
1784 3079 1971 3111 editionibus
1989 3079 2065 3110 alius
2085 3078 2170 3110 libel-

1178 3140 1224 3170 lus
1248 3138 1286 3169 de
1314 3137 1529 3173 Conscientia,
1552 3135 1603 3166 sed
1627 3135 1666 3165 ab
1689 3135 1815 3166 Horstio
1839 3135 1951 3165 merito
1974 3140 2164 3175 exlitulcttis,

1175 3199 1207 3224 ut
1227 3198 1299 3235 pote
1320 3202 1404 3224 mera
1423 3191 1615 3234 superiorum
1637 3190 1789 3231 repetitio.
