2418 3949
140 125 217 163 489

700 131 933 167 EPISTOLA
962 132 1028 166 AD
1058 131 1277 166 FRATRES
1310 132 1371 166 DE
1401 132 1689 168 MONTE-DEI.

2124 131 2199 167 -iau

136 211 315 252 poneret,
336 205 436 254 regia
456 203 636 254 dignitate
651 206 855 252 exaltaret;
875 215 1017 255 quanto
1031 235 1040 252 ,
1058 218 1132 256 pu-
1152 211 1180 243 A
1203 215 1240 242 et
1258 220 1323 243 ero
1344 207 1446 256 quod
1468 209 1594 246 nullus
1619 209 1752 246 sortior
1774 210 1837 246 illo
1859 210 2102 259 superveni-re
2122 223 2195 259 po-

137 270 189 298 tas
205 291 215 308 ,
242 262 378 311 gaudio
401 263 630 300 exsultaret?
653 278 729 313 quo
758 278 886 302 amore
908 265 1051 302 domini
1077 264 1135 301 sui

134 329 235 357 recte
262 322 324 357 ille
345 321 544 371 flagraret?
564 323 719 359 Domini
745 325 862 373 gratia
885 323 932 360 ab
957 322 1134 360 omnibus

133 380 421 429 impenderetur
441 381 497 426 ei,
521 394 652 418 omnes
674 383 860 419 Sei-virent
878 383 952 427 illi,
968 395 1015 418 ne
1035 382 1134 418 indi-

131 439 351 487 gnationem
372 439 538 486 domini,
558 441 622 489 qui
649 454 732 477 eum
753 441 977 485 honoraret,
1001 440 1130 477 incur—

131 507 271 535 rerent.
288 499 324 536 Si
335 507 458 535 autem
475 499 587 537 herus
599 500 661 536 ille
675 500 712 536 in
729 509 871 536 tantum
883 499 1006 536 adhuc
1018 512 1127 535 eum—

131 557 215 593 dem
234 557 429 607 diligeret,
449 566 489 594 ut
506 559 610 594 illum
630 558 699 595 sibi
717 560 754 595 in
776 559 892 595 filium
909 558 1126 607 adoptaret,

130 624 168 652 et
187 616 373 653 haeredem
395 629 506 653 suum
535 625 733 664 statueret;
749 617 827 667 jam
853 618 985 667 procul
1009 617 1125 653 dubio

129 676 227 712 servi
246 676 446 712 exsultatio
469 675 590 725 major
607 678 797 714 existeret.
815 682 897 726 Qua
916 690 962 713 ex
980 690 1018 713 re
1038 690 1125 727 pro-

127 734 242 783 pendi
260 743 384 784 potest
402 735 611 772 mirabilem
629 749 709 773 esse
728 737 912 773 honorem
932 737 1037 774 illum
1059 737 1123 786 qui

128 793 239 830 datur
255 795 293 830 in
310 802 450 831 aeterna
466 795 540 831 vita
558 807 625 845 per
640 796 759 845 ipsius
774 797 861 832 vitae
873 805 910 832 et
926 796 1123 833 hominum

127 852 392 899 Conditorem,
421 854 486 904 qui
507 854 578 893 sibi
604 855 811 892 servientes
839 868 916 892 non
945 856 1059 892 modo
1085 856 1123 892 in

128 921 267 950 aeterna
283 927 375 964 pace
392 915 611 964 perenniter
626 914 774 960 vivere,
794 915 854 951 vel
875 928 963 951 suos
983 916 1123 953 amicos

1201 266 1298 302 terit.
1315 269 1457 314 Quare,
1479 276 1677 316 postquam
1707 269 1758 304 ita
1782 277 1858 314 est,
1884 267 1936 304 ibi
1961 281 2040 305 esse
2064 269 2192 317 plena-

1199 324 1290 360 riam
1308 326 1543 362 securitatem
1563 326 1718 363 dubium
1740 341 1816 364 non
1833 336 1900 364 est.

1255 385 1312 420 18.
1342 385 1422 421 Erit
1446 385 1559 434 igitur
1583 386 1760 434 gaudium
1791 388 1894 436 quod
1917 387 2049 423 ultimo
2070 386 2190 435 gradu

1196 443 1364 490 accedat,
1390 457 1462 493 pro
1487 444 1544 480 his
1568 444 1744 481 omnibus
1775 445 2055 489 inaestimabile,
2084 445 2188 494 quod

1194 503 1346 551 penitus
1381 502 1555 539 sensibus
1589 505 1758 540 omnium
1800 506 2064 554 supereminet.
2096 505 2188 553 Quis

1192 562 1292 597 enim
1318 562 1482 610 cogitare
1502 570 1628 610 potest
1651 563 1827 611 gaudium
1857 564 1959 612 quod
1981 564 2027 599 de
2053 572 2188 600 semet-

1191 620 1274 669 ipso
1292 620 1551 669 unusquisque
1571 619 1743 666 habebit,
1761 623 1913 670 quando
1937 632 2076 659 tantam
2097 623 2187 673 pul·

1191 679 1443 715 chritudinem
1456 707 1465 723 ,
1485 679 1722 716 velocitatem
1736 709 1746 725 ,
1768 681 2026 717 fortitudinem
2041 710 2049 726 ,
2073 681 2188 718 libcr-

1191 746 1326 783 tatem,
1351 738 1568 783 sanitatem,
1594 739 1849 787 voluptatem,
1880 739 2184 784 diuturnitatem,

1189 797 1427 847 sapientiam,
1462 796 1688 841 amicitiam,
1720 797 1985 843 concordiam,
2020 807 2187 847 potesta-

1190 863 1283 901 tem,
1324 856 1509 892 honorem
1524 884 1533 901 ,
1569 856 1806 892 securitatem
1845 856 2023 893 habebit?
2054 857 2187 894 Nullus

1189 928 1278 952 sane
1302 915 1373 952 hoc
1400 914 1580 964 gaudium
1608 914 1732 951 dicere
1762 924 1888 964 potest
1915 924 2098 965 quantum
2130 925 2185 952 est

126 973 256 1009 vocari
276 981 313 1009 et
334 986 414 1010 esse
430 973 561 1017 faciet,
581 973 645 1010 sed
665 982 703 1010 et
723 973 814 1010 deos
833 982 870 1010 et
887 975 955 1011 Dei
976 976 1071 1012 [ilios
1086 983 1124 1012 et
1146 981 1175 1015 Β
1190 975 1248 1011 vel
1273 975 1363 1020 erit,
1385 975 1475 1024 quia
1499 987 1610 1010 nemo
1640 975 1677 1010 in
1702 975 1879 1024 praesenti
1902 975 1978 1011 vita
1997 975 2089 1011 illud
2115 988 2185 1011 ex-

126 1031 294 1070 haeredes
311 1033 399 1079 Dei,
420 1033 633 1070 cohaeredes
650 1042 774 1070 autem
797 1042 833 1070 et
852 1034 1006 1080 Christi,
1025 1036 1124 1072 cives

125 1093 256 1142 patriae
279 1093 440 1130 coelestis
461 1094 685 1140 constituet,
715 1094 811 1130 sicut
832 1094 1014 1144 scriptum
1038 1103 1092 1131 est
1113 1110 1121 1131 :

125 1154 206 1201 Ego
220 1155 318 1198 dixi,
337 1156 402 1189 Die·
412 1158 501 1190 estis
511 1181 524 1198 ,
544 1154 661 1200 elfilii
677 1156 832 1190 ExceLvi
846 1168 973 1189 omnes
989 1160 1012 1190 ¹.
1031 1155 1123 1191 7Nul-

125 1211 202 1247 lum
216 1209 407 1260 justorum
435 1211 483 1248 ab
511 1212 580 1249 ista
609 1212 805 1249 divinitate
838 1213 985 1263 excepit
1009 1212 1121 1249 beni-

124 1281 219 1319 gnus
244 1272 357 1307 Deus.
382 1270 452 1307 Sed
484 1279 669 1309 tentemus
691 1271 761 1308 sub
786 1272 962 1321 exemplo
988 1272 1127 1309 intueri

124 1329 286 1378 qualiter
306 1330 425 1380 possit
438 1330 573 1377 homo,
591 1330 825 1373 divinitatem
842 1331 1124 1381 participando,

125 1388 301 1426 deificari.
333 1390 388 1426 Sit
410 1390 537 1440 itaque
563 1404 662 1427 unus
687 1391 804 1440 ignis,
826 1391 865 1427 in
890 1404 966 1440 quo
987 1391 1126 1429 diversi

125 1448 272 1496 generis
290 1448 454 1485 materiae
474 1458 668 1499 ponantur
685 1464 692 1486 :
711 1462 841 1486 omnes
859 1449 1010 1498 quidem
1026 1450 1125 1499 igni-

124 1515 260 1553 untur,
288 1507 353 1545 sed
379 1508 450 1544 alia
482 1509 589 1558 plus,
619 1509 689 1545 alia
719 1509 862 1555 minus,
890 1522 1125 1558 unaquaeque

127 1574 251 1603 tamen
277 1575 425 1604 servata
451 1567 509 1603 sui
529 1576 683 1613 natura,
701 1568 811 1617 juxta
836 1568 990 1604 modum
1013 1569 1121 1604 locu-

125 1625 257 1669 tionis,
274 1626 361 1675 quia
380 1626 493 1674 ignita
509 1634 588 1671 est,
605 1626 702 1675 ignis
719 1626 856 1662 dieitur
873 1641 880 1662 :
900 1626 951 1662 sic
969 1626 1119 1675 utique,

125 1685 190 1722 sed
222 1693 346 1722 tamen
371 1698 439 1722 suo
468 1685 634 1734 quodam
666 1686 790 1722 altiori
819 1685 957 1731 modo,
991 1699 1122 1724 omnes

127 1743 227 1782 beati
248 1745 511 1796 participando
535 1745 734 1791 deitatem,
750 1746 860 1784 etiam
883 1746 1123 1794 deificantur3

127 1804 192 1854 qui
214 1805 322 1849 lieet,
354 1806 416 1842 alii
444 1806 549 1856 plus,
571 1806 633 1842 alii
662 1806 803 1851 minus,
834 1818 966 1842 omnes
999 1814 1121 1843 tamen

126 1863 191 1910 qui
212 1863 372 1901 deificati
393 1873 500 1910 sunt,
522 1865 656 1914 aequali
682 1865 836 1901 nomine
859 1864 1032 1900 dicentur
1057 1865 1121 1904 dii.

126 1923 283 1970 Qualem
314 1923 429 1973 igitur
455 1924 638 1961 honorem
665 1922 712 1959 ab
740 1923 844 1959 omni
873 1931 1042 1960 creatura
1061 1924 1122 1962 ille

125 1980 301 2028 habebit,
331 1996 443 2032 quem
473 1986 575 2020 Deus
604 1983 726 2019 omnis
752 1991 933 2019 creaturae
960 1983 1119 2020 amicum

124 2040 314 2088 censebit,
338 2043 490 2079 fratrem
512 2042 737 2092 appellabit,
761 2055 832 2092 pro
854 2043 929 2078 filio
954 2043 1121 2080 tenebit?

125 2100 249 2138 omnis
275 2101 374 2138 enim
405 2110 574 2138 creatura
602 2102 780 2137 inclinata
806 2101 894 2147 erit,
913 2101 1015 2150 quod
1042 2116 1119 2139 ma-

123 2173 219 2209 gnus
240 2169 277 2198 et
296 2160 603 2211 incomparabilis
623 2161 748 2197 honor
767 2161 850 2197 erit.

182 2221 238 2257 17.
263 2220 356 2258 Satis
385 2233 518 2269 magna
546 2228 583 2256 et
608 2220 770 2269 gloriosa
801 2227 889 2256 sunt
914 2220 993 2256 ha’c
1018 2220 1118 2257 dona

122 2278 213 2324 Dei3
233 2278 298 2316 sed
319 2279 348 2316 si
366 2292 435 2328 per
453 2292 612 2324 annum,
634 2279 693 2315 vel
720 2287 820 2316 certe
843 2288 922 2315 toto
949 2288 1117 2329 tempore

122 2337 325 2385 durarent,
342 2347 470 2389 putas,
496 2338 703 2388 gauderes?
729 2351 776 2375 an
802 2339 965 2387 pretium
986 2339 1117 2375 dares?

123 2398 355 2444 Gaudenter,
371 2399 507 2448 inquis.
521 2402 681 2449 Oportet
697 2399 808 2448 igitur
822 2407 862 2435 ut
878 2400 1115 2436 securitatem

122 2457 304 2505 habeant,
323 2468 509 2508 quatenus
530 2459 568 2495 id
590 2459 693 2508 quod
715 2459 853 2496 habent
873 2472 1022 2508 semper
1042 2474 1117 2496 ser-

1190 1042 1320 1083 pertus
1339 1042 1406 1070 est.
1434 1037 1573 1070 Verum
1599 1033 1628 1069 si
1646 1034 1756 1069 alicui
1772 1034 1893 1069 amico
1915 1042 2002 1079 tuo,
2025 1042 2065 1069 tu
2080 1035 2186 1083 quis·

1190 1094 1274 1142 quis
1301 1107 1339 1130 es
1367 1093 1431 1142 qui
1463 1093 1552 1129 illuc
1577 1101 1760 1129 venturus
1787 1106 1848 1137 es,
1877 1092 1976 1129 idem
2009 1092 2185 1141 gaudium

1190 1153 1295 1189 daret
1321 1153 1592 1202 Omnipotens,
1613 1152 1703 1201 quid
1726 1151 1793 1188 tibi
1815 1152 2032 1189 videretur?
2055 1156 2189 1189 Nonne

1191 1213 1352 1249 multum
1372 1212 1584 1262 gauderes?
1604 1216 1650 1249 Et
1670 1213 1697 1249 si
1721 1212 1872 1250 duobus
1892 1213 1951 1249 vel
1970 1212 2089 1249 tribus
2102 1241 2111 1257 ,
2128 1213 2187 1249 vel

1192 1280 1292 1308 certe
1313 1271 1506 1322 pluribus,
1524 1280 1560 1308 et
1576 1272 1648 1308 illis
1668 1285 1764 1321 quos
1784 1285 1861 1308 non
1883 1280 1918 1308 te
1940 1272 2062 1308 minus
2083 1285 2188 1308 ama-

1192 1344 1251 1367 res
1265 1359 1274 1376 ,
1292 1331 1383 1380 quid
1397 1331 1566 1367 diceres?
1580 1335 1675 1368 Vere
1689 1344 1864 1380 magnum
1881 1330 2059 1381 gaudium
2077 1330 2187 1367 habe-

1193 1402 1252 1425 res
1266 1417 1276 1434 ‚
1295 1398 1332 1425 et
1353 1389 1453 1427 ultra
1476 1402 1589 1438 quam
1614 1389 1686 1428 dici
1703 1390 1841 1439 possit,
1860 1390 2078 1426 exsultares.
2100 1393 2188 1426 Haec

1192 1448 1317 1498 itaque
1334 1448 1490 1485 donatio
1506 1449 1611 1484 nullo
1627 1448 1741 1486 modo
1758 1449 1895 1494 deerit,
1914 1449 1942 1485 si
1958 1462 2045 1485 vere
2061 1448 2189 1485 amicis

1191 1516 1229 1544 et
1262 1508 1483 1558 parentibus
1514 1509 1652 1545 nostris
1680 1509 1921 1553 charissimis,
1950 1509 2015 1558 qui
2039 1508 2091 1545 ibi
2119 1521 2188 1558 per

1189 1568 1484 1604 misericordiam
1506 1569 1575 1604 Dei
1595 1568 1756 1614 erimus,
1776 1568 1866 1604 illud
1887 1568 1986 1605 idem
2007 1567 2185 1617 gaudium

1189 1625 1294 1663 dabit
1311 1627 1519 1672 Dominus,
1544 1635 1730 1675 quatenus
1751 1627 1796 1663 de
1816 1628 1880 1663 illo
1900 1627 1964 1676 qui
1985 1640 2099 1676 supra
2117 1627 2187 1663 erit

1187 1685 1437 1735 gaudeamus,
1472 1695 1509 1724 et
1535 1687 1582 1723 de
1612 1686 1722 1724 nobis
1746 1687 1836 1737 ipsis
1866 1696 1902 1722 et
1931 1687 1976 1723 de
2006 1687 2188 1736 proximis

1143 1752 1170 1788 C
1194 1746 1329 1782 nostris
1353 1747 1597 1782 exsultemus.
1618 1750 1761 1796 Nempe
1787 1746 1965 1796 gaudium
1993 1745 2086 1782 illud
2112 1754 2185 1782 tam

1190 1818 1366 1854 magnum
1389 1814 1444 1842 est
1473 1806 1641 1854 eritque,
1670 1814 1712 1842 ut
1740 1818 1872 1842 omnes
1903 1808 2025 1855 capiat
2053 1807 2090 1842 in
2117 1819 2154 1842 se
2177 1820 2183 1841 :

1189 1864 1367 1901 omnibus
1387 1865 1486 1901 enim
1506 1864 1844 1914 superabundabit,
1866 1878 1998 1901 omnes
2023 1866 2185 1901 circum-

1189 1923 1306 1970 dabit,
1321 1923 1497 1960 omnibus
1513 1938 1556 1960 ex
1571 1925 1673 1960 omni
1689 1933 1794 1974 parte
1807 1925 1888 1962 erit.
1907 1925 2007 1962 Sicut
2023 1938 2185 1973 namque

1188 1984 1308 2033 pisces
1332 1984 1445 2020 maris
1468 1983 1636 2033 undique
1657 1984 1753 2020 circa
1774 1997 1812 2020 se
1828 1984 1966 2020 habent
1988 1998 2109 2028 mare,
2133 1986 2183 2020 sic

1187 2043 1304 2078 sancti
1324 2042 1392 2079 Dei
1422 2042 1519 2078 illam
1549 2043 1783 2091 magnificam
1813 2044 2033 2080 suavitatem
2057 2045 2182 2093 gaudii

1187 2103 1284 2138 circa
1301 2115 1339 2138 sc
1363 2101 1558 2138 habebunt
1580 2102 1767 2151 undique,
1785 2102 1830 2138 de
1850 2117 1923 2152 qua
1949 2103 2053 2139 bono
2072 2117 2181 2140 servo

1186 2161 1335 2207 dicitur,
1350 2164 1455 2197 Imra
1476 2167 1514 2197 in
1532 2163 1708 2210 gaudium
1728 2165 1881 2198 Domini
1896 2168 1950 2198 tui
1963 2168 1989 2198 ².

1244 2223 1301 2258 19.
1329 2222 1499 2258 Breviter
1524 2222 1639 2270 igitur
1659 2222 1867 2271 perspectis
1896 2223 2180 2271 quatuordecim

1184 2281 1355 2331 partibus
1387 2280 1653 2323 beatitudinis,
1680 2282 1759 2318 sive
1784 2282 2085 2327 commoditatis,
2111 2285 2181 2320 erit

1184 2341 1339 2377 forsitan
1359 2342 1423 2390 qui
1443 2350 1605 2390 quaerat,
1627 2341 1672 2377 ad
1689 2341 1780 2390 quid
1799 2350 1898 2377 tauta
1920 2342 2178 2391 pulchritudo,

1183 2401 1362 2437 velocitas
1387 2409 1422 2436 ct
1453 2401 1533 2437 aliae
1561 2402 1755 2437 nonnullae
1783 2410 1909 2451 partes
1941 2401 2098 2438 deceant
2119 2403 2178 2438 vel

1183 2461 1401 2510 proficiant,
1419 2474 1503 2496 eum
1526 2460 1767 2496 solummodo
1787 2460 1893 2497 beate
1917 2462 2043 2498 vivere
2063 2470 2099 2497 et
2117 2463 2177 2498 illa

120 2530 209 2554 vare
227 2519 594 2556 valeant:seeuritas
610 2520 1116 2568 ergosuflicienserit,quo-
1136 2525 1168 2559 D
1187 2520 1343 2566 habere,
1372 2520 1512 2569 quibus
1538 2521 1613 2556 vita
1644 2534 1771 2556 carere
1803 2534 1878 2556 non
1914 2529 2057 2569 potest,
2090 2523 2178 2557 satis

121 2577 219 2614 niam
247 2591 369 2627 neque
391 2579 534 2622 lucttffl,
558 2592 679 2627 neque
707 2578 817 2615 dolor
835 2579 995 2628 amplius
1019 2579 1116 2614 ullus

120 2636 203 2673 erit.
230 2640 430 2687 Nunquam
457 2645 594 2687 potero
619 2637 776 2687 perdere
807 2646 879 2674 tam
908 2638 1115 2674 admirabi-

121 2696 192 2733 lem
221 2695 516 2742 beatitudinem‚
542 2698 611 2733 nisi
640 2698 814 2743 voluero,
835 2706 898 2734 aut
920 2698 988 2734 nisi
1016 2701 1116 2735 Deus

120 2756 208 2792 mihi
230 2769 311 2793 eam
328 2757 476 2794 auferre
497 2757 676 2802 voluerit,
693 2765 757 2795 aut
772 2757 898 2806 quivIs
917 2758 1050 2793 fortior
1065 2757 1114 2793 il-

120 2815 175 2862 lo,
197 2816 261 2865 qui
282 2830 363 2852 eam
386 2817 551 2860 auferat,
574 2829 729 2865 regnum
750 2815 832 2864 ejus
857 2816 1022 2853 invadat.
1043 2816 1114 2853 Sed

120 2887 200 2911 sum
225 2888 396 2920 securus,
421 2875 508 2924 quia
531 2875 558 2911 si
580 2888 660 2911 eam
687 2875 845 2924 adeptus
873 2877 1001 2920 fuero,
1025 2889 1113 2925 per—

120 2933 208 2970 dere
225 2935 337 2971 nolo:
356 2948 509 2971 securus
530 2948 683 2984 quoque
703 2948 806 2980 sum,
829 2949 874 2971 eo
892 2935 994 2984 quod
1014 2939 1114 2972 Deus

120 2993 219 3042 apud
244 3008 356 3044 quem
386 3009 462 3031 non
492 3004 548 3032 est
569 2997 851 3041 transumtatio,
874 3009 942 3031 nec
970 2996 1114 3031 vicis-si»

122 3052 262 3090 tudinis
296 3054 557 3102 obumbratio,
597 3069 677 3092 eam
713 3070 787 3092 nou
824 3056 970 3091 auferet
1004 3055 1113 3099 mihi,

122 3122 320 3163 postquam
350 3116 463 3152 semel
488 3116 631 3152 dederit
652 3129 832 3152 :securus
854 3129 1006 3165 quoque
1033 3128 1114 3150 sum

174 3247 179 3258 ¹
202 3241 412 3278 l’sal.1.xxx1,
434 3247 463 3272 ι’».
483 3262 521 3264 ψ’
549 3248 558 3263 ²
575 3243 686 3274 Mutth.
703 3255 780 3277 xxv.
804 3247 838 3273 121
860 3269 865 3277 ,
887 3248 938 3273 ’2.ἱ.

1181 2580 1351 2616 sufficere
1379 2589 1516 2629 posset.
1540 2580 1610 2617 Sed
1636 2580 1828 2617 sciendum
1852 2589 1927 2622 est,
1951 2581 2053 2629 quod
2078 2586 2177 2618 Deus

1181 2639 1353 2688 indigens
1382 2640 1486 2675 nullo
1507 2649 1581 2681 est;
1602 2648 1637 2675 et
1658 2641 1753 2676 sicut
1777 2640 1838 2675 ille
1867 2641 1902 2675 iu
1924 2639 2101 2676 omuibus
2122 2651 2175 2677 cst

1181 2699 1390 2742 sufliciens,
1410 2699 1461 2734 sie
1480 2699 1587 2734 amici
1607 2707 1642 2734 et
1659 2699 1818 2734 ministri
1839 2698 1920 2746 ejus
1942 2700 1975 2734 iu
1999 2700 2176 2736 omuibus

1180 2767 1291 2794 eruut
1315 2771 1463 2794 omnem
1496 2759 1755 2794 sufficientiam
1784 2757 1976 2795 hahentes.
2010 2759 2045 2796 Si
2076 2761 2174 2796 enim

1180 2817 1348 2866 quisquis
1369 2830 1499 2853 eorum
1522 2817 1557 2852 in
1578 2818 1745 2866 qualibet
1767 2831 1804 2854 re
1825 2818 1978 2854 sentiret
1995 2832 2032 2857 se
2051 2819 2175 2869 impo-

1181 2886 1320 2913 tentem
1350 2890 1447 2920 esse,
1482 2890 1557 2912 uon
1593 2886 1734 2913 tantum
1765 2878 1964 2926 gauderet,
1988 2888 2171 2927 quantum

1182 2937 1286 2972 faciet
1301 2965 1309 2981 ‚
1332 2950 1415 2972 cum
1438 2950 1476 2971 se
1503 2937 1684 2973 veraciter
1703 2951 1778 2973 sua*
1803 2939 2008 2974 voluntatis
2028 2953 2172 2988 cogno-

1182 2997 1275 3031 verit
1293 3010 1372 3031 esse
1392 2997 1704 3046 omnipotentem.
1729 2997 1889 3034 Proinde
1904 3026 1912 3040 ,
1936 3007 1973 3034 ut
1996 3000 2170 3046 gaudium

1183 3063 1351 3091 nostrum
1384 3056 1429 3091 sit
1461 3056 1638 3105 plenum,
1670 3057 1760 3093 nihil
1789 3057 1906 3094 deerit
1935 3058 2168 3097 timentibus.

1183 3116 1258 3151 imo
1286 3115 1527 3164 diligentibus
1555 3119 1685 3154 Deum.
