2504 3928
320 158 393 191 821¹.)

931 152 1052 186 vrrls
1082 153 1311 197 MYSTICA,
1342 154 1427 187 SEU
1463 151 1746 186 TRACTATLJS

2284 149 2360 185 900

315 245 444 270 sumus
467 231 656 279 accipere,
679 228 780 277 quod
802 227 979 272 sitiverit,
1006 228 1069 276 qui
1097 241 1164 277 per
1183 236 1301 264 totum
1316 227 1570 262 ⁴⁴³⁵tormenta.
1601 226 1697 262 Niliil
1731 225 1830 261 enim
1859 233 1914 261 est
1942 224 2043 273 quod
2065 224 2267 261 detrectem
2287 237 2358 275 pro

316 304 454 340 corpus
471 289 601 325 sacrati
619 287 808 335 sanguinis
826 287 1008 322 effusione
1029 287 1204 331 siccatus,
1221 300 1303 322 ossa
1323 287 1348 319 Α
1371 294 1405 321 te
1427 285 1524 334 pati,
1547 298 1617 334 pro
1638 284 1744 332 cujus
1764 285 1886 333 pretio
1904 285 2064 320 animam
2093 296 2210 320 meam
2241 296 2357 333 pono.

316 349 443 386 habuit
473 349 565 383 sicut
586 347 765 382 cremium
799 346 968 382 arefacta.
1002 345 1072 382 Sed
1105 359 1180 381 non
1217 347 1303 382 satis

317 407 495 444 credibile
516 414 570 441 est
587 406 707 454 ipsum
730 404 775 439 (le
796 405 853 440 siti
877 405 1061 454 corporali
1086 404 1244 450 dixisse,
1267 414 1305 440 ut

318 476 446 517 potum
466 473 609 516 peteret
629 465 830 507 carnalem,
854 464 917 512 qui
938 464 974 499 in
998 464 1146 500 instanti
1165 477 1202 499 se
1218 465 1306 500 scie-

318 527 377 562 bat
391 525 588 562 carnaliter
603 523 827 559 moriturum
842 537 848 558 :
862 522 924 558 sed
944 523 1068 572 potius
1081 523 1304 559 desiderium

315 584 617 621 ardentissinunn
646 582 775 618 salutis
806 591 942 619 nostrae
965 583 1086 632 ipsum
1121 582 1307 618 credimus

317 645 486 681 sitivisse.
512 642 581 679 Sed
607 650 662 678 est
687 641 790 690 quod
821 650 969 678 moveat
994 656 1084 686 nos,
1116 643 1201 691 quia
1223 656 1305 678 cum

318 705 472 740 instaret
502 702 591 738 liora
613 701 794 750 passionis
814 710 1010 746 extrema‘,
1033 701 1242 750 procedens
1261 701 1306 737 ad

317 763 526 799 orationem
564 761 748 798 Dominus
775 765 882 797 ,lesus
914 760 1075 810 procidit
1108 761 1144 796 in
1178 760 1305 795 faciem

316 835 440 866 suam,
458 834 570 857 orans
595 829 631 856 et
651 820 800 865 (licens,
830 823 890 856 Mi
918 822 1052 862 Patcr,
1081 825 1113 855 si
1135 819 1308 868 pos-,sibile

317 890 390 926 est,
418 879 580 928 traurfcr
603 880 697 915 Imm·
724 883 876 915 calicem
907 894 931 914 a
955 886 1030 914 mc¹
1050 894 1057 915 ε
1074 887 1110 915 et
1132 879 1202 915 lioc
1232 892 1307 915 non

316 949 460 978 tantum
484 940 620 984 semel,
644 939 707 975 sed
735 939 902 975 secundo
928 947 964 974 ct
991 939 1101 975 tertio
1119 938 1215 974 fecit.
1241 942 1309 975 Per

1371 346 1539 381 Imitetur
1567 357 1656 392 ergo
1682 342 1859 392 quaelibet
1886 342 2005 379 fidelis
2027 342 2150 378 anima
2179 356 2357 392 sponsum

1370 417 1476 439 snum
1500 403 1646 438 dulcem
1668 406 1792 439 Jcsum
1807 431 1816 447 ,
1840 410 1950 438 tantae
1967 400 2226 438 amaritudinis
2245 414 2361 451 pocu-

1372 463 1447 498 lum
1470 462 1655 497 sitientem
1676 474 1745 510 pro
1767 461 1868 510 ipsa,
1897 461 2035 510 pariter
2054 468 2090 496 et
2115 459 2328 496 ebibentem
2348 474 2355 496 :

1371 530 1405 557 et
1426 522 1516 556 sicut
1542 522 1618 570 ipsa
1644 521 1753 556 etiam
1783 534 1852 569 pro
1874 520 1955 569 ipso
1974 519 2099 555 ebibat
2117 532 2184 568 per
2201 519 2361 556 adversa

1373 580 1591 630 pra-sentia3
1613 579 1709 614 sitiat
1730 591 1883 627 quoque
1903 586 1937 614 et
1962 578 2082 627 ipsum
2102 577 2361 614 dulcissimum

1373 652 1551 688 sponsum
1571 652 1694 683 snum,
1717 637 1824 686 cujus
1846 637 2081 673 dulcedinem
2106 650 2152 674 ex
2179 637 2361 673 amaritu-

1374 698 1526 735 dinibus
1543 697 1791 748 praesentibus
1809 697 1941 734 melius
1955 697 2092 746 poterit
2106 696 2360 742 considerare,

1374 759 1553 807 malisque
1583 757 1772 794 exhaustis
1803 765 1958 807 propter
1992 769 2076 792 eum
2110 755 2363 792 confidentius

1373 819 1495 868 ipsum
1520 818 1622 854 sitire
1650 817 1810 866 poterit,
1837 825 1874 852 et
1899 816 2020 852 dicere
2044 829 2127 852 cum
2159 815 2363 865 propbeta,

1374 882 1491 913 ,S'itivit
1523 882 1651 912 am'nm
1686 891 1769 912 Imm
1807 879 1861 911 ad
1894 879 2012 912 Deum
2037 874 2183 923 sontem
2218 879 2364 918 vivum;

1373 940 1521 986 qemmlo
1541 940 1691 972 veniam
1709 945 1745 971 ct
1766 934 1954 984 apparebo
1977 933 2214 982 amesae-iem
2241 934 2364 969 Dei2?

316 1001 466 1038 calicem
485 1013 596 1048 quem
620 998 808 1035 bibiturus
827 1006 919 1044 erat,
939 997 1203 1047 procul-dubio
1224 1010 1308 1047 pas-
1327 1000 1353 1033 B
1374 1006 1410 1033 et
1433 998 1581 1039 iterum,
1602 998 1720 1031 Sitivit
1736 1000 1774 1030 iu
1795 1004 1829 1031 te
1844 1000 1973 1030 (minus
1989 1008 2084 1038 mett,
2103 1007 2213 1042 quam
2236 995 2363 1028 multi-

318 1061 461 1097 sionem
489 1059 722 1109 significans,
747 1071 858 1106 quam
880 1066 959 1094 erat
983 1070 1159 1107 passurus
1180 1071 1187 1092 ε
1206 1069 1306 1092 nunc

315 1133 407 1156 vero
436 1119 568 1156 eodem
597 1118 712 1154 calice
732 1117 915 1166 passionis
930 1116 1007 1165 jam
1035 1116 1177 1153 ebibito
1197 1115 1305 1161 dicit,

317 1181 421 1216 Sitia.
443 1178 540 1227 Quid
562 1186 615 1214 est
637 1178 707 1213 lioc
728 1179 742 1212 Ρ
776 1185 977 1225 antequam
998 1184 1143 1226 gustes,
1167 1189 1189 1211 o
1206 1174 1304 1210 bone

315 1243 404 1276 Jesu
419 1267 428 1283 ,
462 1237 559 1287 petis
589 1236 741 1273 calicem
776 1235 933 1271 omnino
959 1234 1096 1270 auferri
1115 1248 1122 1268 ε
1144 1241 1180 1269 et
1200 1240 1305 1281 post-

316 1310 428 1347 quam
447 1296 614 1339 ebibisti,
631 1296 722 1331 sitis.
744 1298 795 1331 Ut
810 1293 919 1329 video
932 1322 940 1338 ,
959 1291 1139 1328 mirabilis
1155 1299 1307 1340 potator

315 1370 354 1393 es
372 1365 424 1393 tu.
444 1354 634 1404 Numquid
653 1353 741 1388 vino
761 1351 1027 1400 jucunditatiS,
1040 1358 1076 1385 et
1090 1362 1166 1385 non
1182 1349 1308 1397 potius

317 1417 405 1452 vino
441 1411 745 1463 compunctionis
783 1419 820 1446 et
854 1422 1008 1446 summae
1048 1406 1308 1444 amaritudinis

317 1475 482 1524 repletus
501 1472 571 1508 suit
595 1470 691 1507 calix
716 1470 920 1505 tuus?1mo
940 1480 1031 1503 vcro
1051 1466 1313 1515 compunctio-

316 1535 373 1571 nis
393 1532 631 1570 amarissimae
654 1531 789 1580 plenus
815 1537 889 1574 est,
921 1529 985 1577 qui
1007 1541 1083 1564 non
1113 1527 1231 1572 sitim,
1246 1525 1311 1563 sed

316 1595 442 1644 potius
458 1591 614 1642 potandi
636 1590 823 1627 fastidium
854 1601 1034 1638 generare
1054 1587 1221 1624 deberet.

369 1654 431 1690 45.
460 1651 550 1698 Sed,
574 1659 615 1687 ut
635 1650 833 1695 existimo,
862 1657 948 1685 ante
976 1648 1191 1698 passionem
1218 1647 1309 1683 cali-

315 1725 394 1749 cem
413 1711 529 1761 ipsius
550 1710 668 1747 Patris
687 1722 707 1745 a
737 1717 772 1745 te
794 1708 989 1744 transferri
1011 1707 1146 1753 orasti,
1168 1720 1245 1743 non
1268 1714 1310 1743 ut

1368 1059 1516 1105 pliciter
1529 1055 1594 1092 tibi
1609 1068 1692 1090 caro
1709 1068 1793 1090 mea
1807 1052 1832 1090 3.

1711 1186 1885 1225 CAPUT
1914 1186 2028 1226 XIV.

1371 1304 1417 1332 De
1430 1305 1519 1331 sexto
1539 1299 1611 1330 solio
1626 1299 1696 1330 vitis
1708 1324 1716 1338 ‚
1739 1299 1768 1330 id
1785 1306 1829 1330 est
1842 1324 1850 1338 ‚
1867 1306 1955 1331 sexto
1968 1298 2062 1330 verbo
2078 1297 2191 1330 Christi
2213 1297 2245 1329 111
2260 1307 2362 1335 cruce,

1493 1354 1746 1383 Consummatum
1766 1359 1822 1383 est.
1838 1356 1930 1384 Joan.
1946 1363 2015 1395 cap.
2033 1363 2092 1382 xix
2104 1376 2112 1390 ,
2131 1350 2170 1389 Ji:
2190 1355 2246 1383 30.

1429 1470 1491 1506 46.
1517 1473 1559 1506 In
1580 1477 1686 1506 sexto
1707 1469 1796 1505 folio
1819 1469 1922 1513 vitis,
1948 1469 2025 1505 sive
2044 1469 2082 1505 in
2100 1477 2203 1506 sexta
2225 1469 2366 1507 chorda

1376 1529 1526 1565 citliarae
1546 1537 1683 1565 nostrae
1701 1527 1810 1565 nobis
1828 1528 1947 1564 virtus
1963 1528 2252 1578 perseverantiae
2267 1541 2366 1565 com-

1376 1587 1587 1625 mendatur.
1612 1588 1673 1624 Ait
1693 1588 1792 1624 enim
1807 1587 2058 1636 evangelista,
2081 1587 2184 1637 quod
2202 1600 2286 1624 cum
2302 1600 2367 1624 ac-

1375 1647 1533 1696 cepisset
1549 1647 1667 1683 dulcis
1684 1651 1792 1684 Jesus
1809 1646 2098 1683 amaritudinem
2117 1646 2234 1693 aceti,
2252 1645 2365 1683 dixit:

1379 1708 1679 1743 Cam-numatam
1699 1715 1760 1741 est.
1783 1705 1880 1753 Quid
1898 1713 1952 1742 est
1969 1704 2041 1741 hoc
2055 1707 2069 1741 ?
2085 1709 2205 1755 Supra
2225 1705 2366 1742 (lictum

318 1772 527 1822 passionem
544 1769 750 1806 declinares
768 1781 838 1818 pro
855 1780 928 1816 qua
949 1778 1104 1803 veneras
1119 1765 1308 1816 patienda,
1328 1771 1355 1806 C
1375 1775 1448 1811 est,
1481 1766 1584 1816 quod
1613 1765 1745 1802 videns
1771 1765 1956 1803 Dominus
1984 1765 2073 1814 quia
2108 1772 2367 1801 consummata

316 1840 352 1868 et
383 1831 461 1867 sine
481 1842 554 1879 qua
576 1830 674 1865 salus
694 1828 860 1864 humano
881 1826 1008 1876 generi
1037 1839 1114 1862 non
1136 1825 1281 1862 adesset
1299 1840 1307 1862 ε

317 1890 382 1928 sed
400 1904 445 1926 ne
463 1897 613 1939 putaret
630 1889 713 1938 quis
735 1897 768 1924 te
792 1900 925 1924 verum
954 1886 1144 1922 hominem
1171 1885 1309 1922 amari-

319 1949 488 1987 tudinem
520 1961 598 1984 non
624 1947 782 1984 sensisse
801 1954 960 1996 propter
990 1944 1169 1981 claritatis
1198 1945 1312 1981 unio-

319 2023 403 2046 nem
419 2037 428 2054 ,
454 2007 580 2044 verbis
604 2005 819 2057 petentibus
845 2004 995 2041 calicem
1017 2017 1038 2040 a
1060 2011 1094 2040 te
1118 2003 1311 2039 transferri

319 2068 455 2112 semel,
488 2075 524 2103 et
553 2066 633 2111 bis,
666 2075 703 2102 et
729 2065 839 2102 tertio
860 2076 1046 2100 summam
1069 2061 1310 2099 acerbitatem

319 2127 502 2178 passionis
521 2135 592 2162 tuae
608 2123 866 2162 dubitantibus
883 2123 1055 2159 indicasti
1068 2137 1077 2168 ;
1090 2121 1198 2158 nobis
1216 2135 1312 2170 quo-

319 2200 393 2237 qne
415 2195 449 2223 te
463 2184 706 2235 sequentibus
723 2183 906 2219 ‹loctrinae
920 2190 957 2218 et
970 2181 1133 2230 exempli
1152 2182 1310 2217 formam

321 2244 583 2296 praescripsisti
602 2273 610 2288 ‚
647 2242 749 2292 quod
783 2239 1067 2278 imminentibus
1105 2240 1281 2289 periculis
1300 2268 1310 2286 ,

320 2306 430 2341 ctiam
465 2316 550 2339 cum
583 2302 629 2338 ad
652 2301 848 2337 utilitatem
877 2308 1041 2336 nostram
1074 2299 1307 2348 pertineant,

321 2376 431 2414 posse
460 2370 496 2398 et
516 2360 654 2397 debere
673 2372 693 2395 a
714 2358 824 2395 nobis
847 2358 1049 2394 Dominum
1079 2357 1311 2406 frequentius

322 2420 493 2464 exorari,
528 2427 569 2455 ut
593 2419 737 2468 flagella
759 2417 964 2453 iracundiae
991 2430 1067 2452 suae
1089 2430 1107 2452 a
1127 2416 1235 2452 nobis
1255 2415 1313 2451 di-

323 2488 459 2530 gnetur
482 2486 670 2522 avertere;
692 2476 934 2512 nihilominus
951 2484 987 2511 et
1005 2475 1033 2511 si
1053 2484 1174 2511 tau‘ien
1192 2474 1313 2510 ablata

1374 1834 1462 1863 sunt
1474 1827 1614 1871 omnia,
1632 1834 1673 1862 ut
1693 1825 1942 1875 implerentur
1957 1824 2342 1874 Scripturae,ait,S1'tio
2355 1838 2366 1858 .-

1377 1893 1414 1921 et
1436 1899 1520 1921 cum
1539 1893 1720 1934 gustasset
1735 1893 1880 1921 acetum
1897 1882 1967 1920 sibi
1980 1892 2195 1934 porrectum
2211 1882 2367 1932 subjun—

1377 1944 1448 1989 xit,
1469 1946 1771 1980 Cmnmnmatmn
1798 1953 1861 1979 cst.
1891 1946 2198 1980 Consummatum
2226 1942 2368 1992 quippe

1378 2012 1452 2050 est,
1484 2003 1521 2040 id
1558 2012 1633 2049 est,
1665 2003 1874 2053 perfectum
1902 2002 1971 2038 suit
1993 2002 2247 2038 testimonium
2269 2001 2368 2039 Scri-

1377 2071 1499 2112 pturae
1509 2091 1518 2109 ,
1532 2076 1616 2112 quae
1632 2062 1722 2099 dicit
1737 2076 1744 2098 :
1761 2063 1952 2097 Detlerum
1970 2065 2008 2096 in
2027 2074 2147 2097 escam
2162 2074 2282 2096 meam
2288 2058 2349 2107 sel
2356 2089 2367 2106 ,

1377 2132 1412 2158 et
1430 2127 1466 2157 iu
1489 2127 1549 2157 sici
1573 2136 1656 2157 mea
1674 2130 1890 2169 potaverunt
1907 2134 1964 2156 me
1985 2129 2086 2155 aceto
2099 2120 2126 2156 ⁶.
2147 2122 2193 2156 Et
2212 2132 2280 2169 per
2296 2119 2368 2155 hoc

1377 2183 1500 2219 onmis
1521 2182 1711 2231 Scriptura
1727 2194 1810 2230 quae
1837 2180 1882 2216 de
1904 2181 1985 2230 ipso
2006 2188 2102 2226 erat,
2123 2191 2365 2216 consumma-

1378 2243 1515 2279 tionem
1539 2242 1692 2291 accepit.
1721 2241 1823 2277 Sicut
1849 2253 1938 2288 ergo
1964 2247 2077 2289 caput
2101 2247 2270 2275 nostrum
2293 2251 2363 2288 pro

1377 2302 1536 2350 peccatis
1559 2301 1696 2337 nostris
1717 2299 1955 2336 acerbitatem
1974 2299 2161 2336 sustinens
2183 2298 2365 2348 passionis

1377 2360 1560 2408 usquead
1582 2359 1965 2403 consummationem,
1997 2357 2034 2393 id
2067 2365 2142 2402 est,
2173 2368 2292 2405 usque
2321 2356 2367 2392 ad

1379 2418 1646 2468 perfectionem
1677 2417 1845 2453 omnium
1878 2416 2175 2465 Scripturarum,
2207 2428 2290 2464 quae
2319 2414 2366 2451 de

1380 2479 1462 2528 ipso
1478 2486 1595 2521 erant,
1613 2476 1866 2526 perseveravit
1886 2476 2092 2525 patienter:
2112 2475 2161 2511 ita
2181 2483 2217 2511 et
2233 2488 2319 2520 nos,
2340 2474 2369 2511 si

324 2551 400 2575 non
421 2536 577 2579 suerint,
599 2535 773 2584 exemplo
803 2534 986 2584 passionis
1009 2542 1080 2569 tuae
1100 2541 1291 2583 gratanter
1304 2561 1313 2578 ‚
1334 2545 1365 2578 D
1382 2537 1494 2586 liujus
1515 2537 1645 2586 capitis
1663 2536 1830 2572 membra
1844 2548 1923 2572 csse
1936 2535 2129 2580 volumus,
2142 2534 2179 2570 in
2192 2533 2369 2570 omnibus

326 2597 512 2647 patienter
534 2603 571 2630 et
601 2594 758 2630 viriliter
789 2605 873 2628 cnm
907 2593 1009 2628 omni
1039 2595 1318 2642 perseverantia

327 2655 520 2693 toleranda
551 2662 648 2690 sunt.
679 2653 839 2701 Quando
867 2661 992 2688 autem
1026 2653 1209 2702 passionis
1228 2654 1317 2690 cali-

328 2729 431 2760 cem,
452 2728 563 2764 quem
596 2721 703 2750 antea
735 2724 932 2761 rogaveras
963 2712 1123 2758 auferri,
1152 2711 1228 2760 jam
1250 2727 1317 2750 ex-

328 2775 498 2821 hausisti,
517 2774 643 2810 dixisti
663 2788 669 2809 ε
690 2775 792 2809 Silio.
812 2773 1030 2810 Dilectionis
1051 2785 1138 2821 erga
1162 2786 1230 2809 nos
1248 2782 1318 2810 tuae

327 2833 621 2884 magnitudinem
643 2831 934 2876 commendasti,
958 2840 1134 2881 tanquam
1156 2832 1313 2869 diceres:

329 2894 508 2942 Quamvis
522 2893 646 2942 passio
661 2905 742 2928 mea
763 2900 835 2928 tam
853 2891 988 2927 acerba
1003 2891 1113 2927 fuerit
1125 2921 1134 2937 ,
1146 2900 1318 2940 utquan-

332 2963 410 2990 tum
445 2953 490 2989 ad
527 2953 766 2988 humanitatis
807 2965 956 2988 sensum
1001 2951 1101 2987 illam
1133 2951 1319 2988 declinare

331 3012 541 3063 potuerim;
576 3020 698 3047 tamen
733 3019 813 3055 tua,
843 3024 866 3045 o
895 3010 1029 3054 liomo,
1055 3023 1114 3046 me
1145 3010 1323 3047 charitate

331 3073 503 3109 vincente
516 3100 524 3116 ,
546 3078 582 3106 et
601 3071 678 3120 ipsa
695 3078 880 3106 tormenta
896 3070 1015 3106 crucis
1031 3078 1244 3119 superante,
1263 3070 1324 3106 ad-

331 3131 404 3168 lmc
422 3131 529 3180 plura
550 3138 585 3165 et
607 3129 769 3178 majora,
789 3129 818 3164 si
839 3141 988 3165 necesse
1009 3129 1079 3174 sit,
1098 3129 1181 3165 sitio
1202 3129 1327 3166 subire

1382 2595 1668 2634 adversitatilms
1700 2596 1836 2632 nostris
1868 2596 2046 2631 virtutem
2080 2594 2370 2643 perseverantiae

1383 2669 1646 2693 conservemus
1660 2684 1669 2697 ,
1695 2663 1736 2691 111
1754 2654 1799 2690 ad
1830 2655 1942 2690 finem
1964 2653 2133 2689 omnium
2154 2653 2370 2703 passionum

1384 2725 1595 2753 nostrarum
1624 2716 1704 2765 ipso
1733 2714 1896 2763 benigno
1926 2718 2015 2750 Jesu
2035 2713 2130 2750 duce
2151 2713 2343 2749 venientes
2360 2740 2370 2759 ‚

1384 2789 1466 2812 cum
1504 2775 1585 2824 ipso
1618 2773 1854 2810 confidenter
1888 2773 2075 2823 possimus
2107 2772 2253 2819 dicere,
2278 2773 2374 2808 Con-

1382 2844 1602 2870 summatum
1619 2844 1680 2870 est,
1704 2838 1783 2871 Hoc
1799 2842 1868 2880 est,
1883 2837 1963 2870 Tuo
1979 2832 2183 2882 adjutoriO,
2202 2844 2278 2868 non
2293 2844 2374 2868 mea

1385 2895 1545 2941 virtute,
1567 2894 1706 2930 bonum
1725 2902 1915 2929 certamen
1937 2892 2096 2938 certavi,
2117 2904 2267 2928 cursum
2284 2903 2375 2928 con-

1387 2954 1569 2991 summavi
1590 2981 1599 2998 ‚
1643 2953 1752 2989 tidem
1793 2953 1951 2990 servavi.
1985 2952 2115 2989 Redde
2148 2964 2236 3000 ergo
2271 2950 2374 3000 quod

1389 3013 1550 3062 legitime
1574 3012 1803 3049 certantibus
1834 3013 1870 3047 in
1895 3024 2013 3060 agone
2029 3040 2038 3057 ,
2061 3019 2096 3047 te
2117 3010 2374 3060 promittente,

1393 3073 1596 3123 repositum
1620 3080 1694 3117 est,
1721 3071 1860 3107 scilicet
1876 3083 2053 3107 coronam
2070 3069 2247 3118 justitiae,
2263 3082 2376 3119 quam

1394 3140 1433 3168 tu
1456 3130 1578 3180 justus
1594 3130 1711 3179 judex
1741 3129 1874 3166 reddes
1905 3130 1940 3165 111
1963 3137 2022 3165 tua
2048 3128 2128 3174 (lie,
2157 3128 2193 3164 in
2216 3128 2277 3165 illa
2296 3128 2378 3175 die,

386 3264 391 3277 ¹
413 3261 482 3287 Luc.
504 3266 573 3285 xxii
588 3279 594 3291 ,
615 3257 667 3285 42.
686 3274 721 3277 -
745 3261 755 3275 ²
776 3256 852 3286 l‘snl.
876 3267 927 3285 xm
943 3280 949 3290 ,
969 3259 998 3286 3.
1018 3274 1056 3277 —-
1077 3255 1089 3277 ³
1110 3258 1292 3296 Ρ5111.1.ι11,
1316 3262 1346 3289 2.
1367 3278 1404 3281 -ν
1423 3261 1435 3284 ·ἱ
1455 3259 1530 3289 l'sal.
1549 3268 1669 3291 1,)(11111,
1690 3260 1745 3287 22.
