2504 3928
334 232 426 268 11-37

323 309 375 343 vit
408 316 446 342 ut
480 307 578 353 gigas
611 305 656 340 ad
690 304 914 340 currendam
947 305 1063 348 viam,
1094 306 1271 353 ‹pioniain
1297 319 1315 340 a

1078 232 1204 265 Ait-:Lu
1217 232 1293 265 tint
1324 232 1382 264 ΤΒ
1393 230 1605 264 ACTATUS

1328 305 1373 321 mu

2271 228 2368 264 llis

1386 304 1560 339 turbatio.
1581 303 1759 339 sedentes
1773 303 1914 352 quippe
1931 303 1965 338 in
1987 302 2168 347 tenebris,
2187 313 2223 338 et
2240 304 2371 340 umbra

322 380 469 401 summo
491 365 583 400 cwlo
604 365 765 411 egressio
786 363 865 411 ejus
882 370 905 403 ¹,
931 371 964 398 et
988 377 1106 411 usque
1129 363 1174 399 ad
1202 364 1313 399 Beth—
1335 369 1363 400 Λ
1383 364 1532 407 mortis,
1552 362 1764 398 laborantes
1785 371 1950 411 experta*
1966 361 2212 410 jucunditatis
2229 363 2370 412 inopia.

323 425 440 459 lehem
463 424 663 458 descensus
682 422 773 469 ejus.
799 422 851 457 lbi
872 422 980 470 plena
1002 422 1206 457 co=lestium
1224 421 1317 456 odo-

324 492 578 519 ramentorum
606 482 820 529 relinquens
849 481 1024 528 vestigia,
1058 481 1181 529 posuit
1212 489 1316 515 tene-

323 542 434 584 bras,
470 540 504 576 id
538 549 592 575 est
624 544 856 588 Jigyptum,
886 539 1080 574 latibulum
1117 552 1238 574 suum.
1274 541 1315 573 Et

323 614 407 636 cuin
429 598 644 635 sedentibus
663 599 699 633 in
723 597 889 633 tenebris
909 605 945 633 ct
964 596 1095 633 umbra
1117 597 1245 632 mortis
1266 597 1318 632 lu-

323 674 402 695 cem
423 671 596 707 superna·
616 657 741 705 gratiae
763 657 978 700 infudisset,
999 657 1109 692 etiam
1138 655 1316 693 Nazareth

323 727 448 754 sancta
471 731 536 752 sua
564 716 760 765 1u·.¹escntia
788 715 1010 751 nobilitavit.
1041 716 1174 764 Sicque
1200 719 1316 750 Naza-

326 791 438 813 renus
454 778 610 812 effectus
625 777 659 811 iu
677 777 857 824 templum
876 775 1084 824 ingreditur
1103 775 1206 823 quasi
1226 787 1318 823 puer

325 837 492 878 discens,
515 848 589 871 nou
618 835 780 878 docens,
810 833 965 869 audiens
993 842 1029 869 et
1058 834 1315 880 interrogans,

324 904 359 931 et
389 896 424 930 in
455 895 510 929 his
536 892 710 928 omnibus
739 906 758 928 a
789 901 986 941 parentum
1017 892 1212 941 disciplina
1243 905 1318 927 non

327 954 516 990 recedens.
539 953 618 994 Sic,
650 952 809 988 Domine
826 979 834 995 ,
860 952 911 986 sic
935 951 1112 1000 pra-cedis
1140 951 1312 994 miseros,

325 1014 374 1049 sic
396 1025 503 1048 sanas
524 1019 706 1059 mgrot053
728 1010 823 1046 hanc
851 1010 947 1045 viam
970 1008 1203 1054 cri-antibus,
1221 1008 1315 1044 hane

327 1138 631 1179 praenionstrans.
649 1129 741 1175 Quis
760 1127 861 1163 dabit
883 1128 992 1172 mihi,
1012 1127 1110 1163 bone
1125 1131 1226 1170 Jesu,
1248 1126 1319 1161 tuis

329 1190 512 1226 inhzerere
539 1188 726 1235 vestigiis,
751 1195 787 1222 et
814 1188 864 1222 sie
891 1199 1042 1222 currere
1072 1194 1156 1235 post
1188 1194 1246 1228 te,
1282 1193 1321 1219 ut

327 1247 554 1296 quandoque
574 1245 857 1294 apprehendam
885 1247 945 1280 te?
966 1248 1043 1293 Ego
1066 1243 1246 1293 prodigus
1262 1243 1322 1278 ille

331 1307 446 1349 lilius,
472 1306 534 1354 qui
557 1305 682 1353 accepi
703 1304 748 1339 ad
766 1317 823 1339 me
839 1303 1083 1339 substantiam
1103 1316 1237 1346 meam,
1253 1315 1322 1337 no-

330 1367 409 1401 lens
432 1364 620 1400 custodire
640 1363 685 1398 ad
715 1371 750 1398 te
772 1362 1032 1397 fortitudinem
1061 1376 1201 1406 meam,
1232 1374 1325 1410 pro-

332 1427 448 1460 fectus
471 1436 551 1458 sum
574 1422 610 1457 in
634 1421 823 1469 regionem
847 1421 1112 1470 longinquam,
1134 1421 1324 1469 regionem

332 1480 663 1523 dissimilitudinis,
685 1487 922 1527 comparatus
947 1478 1124 1527 jumentis
1143 1479 1326 1528 insipien-

335 1542 454 1585 tibus,
475 1549 510 1576 et
532 1539 660 1576 similis
682 1538 849 1574 redditus
867 1539 953 1574 illis.
976 1539 1034 1575 Ibi
1054 1538 1229 1588 dissipavi
1247 1552 1329 1573 om-

333 1601 393 1637 nia
425 1600 524 1636 bona
551 1612 630 1635 mea
652 1597 816 1633 vivendo
849 1598 1039 1634 luxuriose
1066 1612 1072 1633 τ
1097 1607 1133 1634 et
1158 1598 1210 1634 sic
1232 1597 1328 1646 coepi

333 1673 453 1709 egere.
478 1658 613 1695 Infelix
633 1665 799 1706 egestaS,
831 1657 888 1693 cui
919 1665 955 1693 et
983 1657 1089 1706 panis
1117 1657 1261 1701 defuit,
1293 1665 1330 1692 et

335 1732 536 1769 porcorum
560 1716 666 1753 cibus
693 1729 768 1751 non
798 1716 958 1764 profuit!
985 1719 1153 1766 Sequens
1175 1715 1328 1766 quidem

334 1778 508 1814 animalia
539 1774 857 1820 immundissima,
884 1776 1006 1812 erravi
1036 1776 1073 1811 in
1102 1775 1328 1820 solitudine,

1383 421 1497 457 vincti
1519 430 1553 456 et
1577 420 1777 470 compediti
1799 422 1916 466 ferro,
1938 421 2082 469 proprii
2110 421 2280 456 videlicet
2301 422 2373 457 du-

1386 480 1466 515 ritia
1487 479 1630 523 cordis,
1654 492 1802 516 necesse
1821 488 1877 515 est
1898 488 1937 515 ut
1957 480 2158 515 clamemus
2178 479 2223 515 ad
2245 480 2374 516 Domi-

1385 552 1473 574 num
1494 552 1577 574 cum
1605 537 1847 583 tribulamur,
1870 547 1906 574 ct
1926 539 2004 588 ipse
2024 539 2070 574 de
2094 538 2375 575 necessitatibus

1385 598 1520 634 nostris
1540 606 1644 634 eruet
1668 610 1749 633 nos.
1772 601 1869 634 Luce
1892 598 1989 634 enim
2011 598 2278 633 consolationis
2298 610 2375 633 sua»

1385 657 1568 705 dissipans
1591 655 1764 692 tenebras
1793 656 1904 704 hujus
1937 656 2173 701 tentationis,
2201 664 2236 691 et
2257 656 2373 703 gratia

1385 715 1541 750 inu-rum
1568 716 1870 764 compunctionis
1896 727 2074 764 rumpens
2104 715 2250 750 vincula
2278 715 2375 750 inte-

1386 774 1492 809 rioris
1513 773 1684 818 duritiae,
1713 774 1894 809 sereniori
1919 774 2024 809 vultu
2049 786 2118 809 nos
2142 773 2319 822 praeeedit
2339 774 2374 809 in

1386 832 1588 877 Nazareth,
1614 841 1653 868 ut
1677 832 1725 868 ibi
1759 832 1856 869 inter
1886 833 1996 868 flores
2020 833 2322 881 Scripturarum,
2339 840 2374 866 et

1386 892 1566 926 virtutum
1595 892 1736 927 fructus
1762 890 1831 926 sub
1863 892 2053 927 seniorum
2079 891 2273 940 disciplina
2301 903 2374 926 nu-

1381 950 1473 993 triti,
1499 950 1711 985 duodecimi
1738 951 1824 986 anni
1855 950 2005 986 delicias
2037 950 2250 986 sortiamur.
2276 949 2376 985 Sicut

1380 1008 1476 1044 enim
1503 1010 1684 1045 Dominus
1699 1013 1806 1045 Jesus
1830 1009 1865 1044 in
1886 1008 1997 1044 nobis
2018 1008 2182 1044 nascitur
2198 1016 2234 1043 et
2247 1008 2375 1043 conci--

327 1070 614 1108 ascendentibus
634 1070 790 1113 scalam,
818 1069 916 1105 hunc
942 1068 1134 1104 exsulibus
1155 1067 1314 1103 reditum
1335 1072 1362 1105 B
1381 1068 1482 1117 pitin·

1508 1083 1515 1103 :
1542 1069 1591 1104 ita
1622 1069 1792 1118 profecto
1817 1069 1947 1104 crescit
1970 1076 2007 1104 ct
2034 1068 2220 1112 nutritur,
2246 1067 2282 1103 in
2306 1080 2378 1102 no-

1386 1126 1462 1171 bis,
1485 1126 1603 1163 donec
1626 1140 1868 1163 occurramus
1897 1139 2027 1163 omnes
2053 1127 2089 1162 in
2113 1126 2235 1162 virum
2256 1126 2377 1175 perfe-

1387 1194 1500 1231 etum,
1517 1195 1553 1222 et
1573 1199 1784 1222 mensuram
1801 1186 1918 1222 aetatis
1937 1185 2183 1235 plenitudinis
2203 1185 2336 1222 Christi
2349 1185 2375 1219 ⁴.

1446 1246 1459 1253 v

1441 1257 1476 1280 .’).
1521 1247 1610 1280 Cum
1649 1259 1733 1293 ergo
1765 1244 1892 1292 saclas
1929 1253 2023 1279 esset
2059 1245 2164 1279 les-as
2196 1256 2377 1278 sennarum

1389 1304 1604 1348 duodecim,
1626 1304 1906 1339 ascemlemilms
1925 1306 1999 1339 illis
2019 1308 2056 1338 in
2075 1305 2276 1339 Jerusalem
2289 1330 2298 1346 ‚
2321 1317 2379 1337 st·-

1389 1363 1546 1396 cundum
1565 1365 1865 1397 cons{latudinem
1885 1365 1960 1397 diei
1969 1360 2073 1408 sesti,
2096 1375 2177 1397 cam
2195 1363 2357 1397 redirent
2370 1389 2378 1398 .

1391 1424 1568 1455 remansit
1583 1434 1679 1468 Jmer
1694 1423 1803 1456 lesus
1825 1423 1861 1456 ιή
1881 1424 2099 1457 let-malem.
2121 1421 2285 1457 Primum
2312 1420 2381 1455 ita—

1393 1493 1488 1527 que,
1526 1493 1572 1516 ne
1609 1493 1679 1516 nos
1717 1488 1915 1529 praetereat
1946 1479 2058 1528 hujus
2094 1479 2258 1515 historiae
2288 1479 2380 1515 mira

1393 1539 1578 1583 suavitas,
1603 1539 1796 1576 sciendum
1826 1539 1863 1575 id
1885 1539 1998 1575 moris
2027 1539 2137 1575 fuisse
2153 1538 2293 1576 Judaeis
2311 1566 2320 1583 ,
2342 1547 2381 1574 ut

1394 1597 1637 1635 ascendentes
1655 1598 1701 1635 ad
1726 1598 1824 1635 diem
1847 1599 1979 1635 festum
1994 1627 2003 1645 ‚
2021 1598 2178 1636 seorsim
2203 1598 2296 1643 viri,
2320 1610 2382 1634 se-

1394 1657 1507 1694 orsim
1542 1658 1716 1694 mulieres
1749 1658 1997 1705 incederent,
2032 1672 2078 1695 ne
2113 1659 2208 1694 forte
2241 1658 2382 1707 aliquid

1394 1716 1711 1765 coinquinationis
1739 1716 1976 1767 subreperet,
2009 1716 2277 1767 praescribente
2304 1717 2385 1765 lege

1396 1774 1521 1811 divina
1541 1783 1581 1811 ut
1601 1775 1730 1812 mundi
1758 1784 1901 1812 tantum
1920 1777 2032 1813 sacris
2054 1776 2245 1812 solemniis
2271 1776 2385 1811 inter-

336 1837 373 1871 in
394 1836 578 1883 inaquoso
593 1862 602 1879 ,
622 1832 719 1868 viam
751 1832 910 1869 civitatis
937 1832 1138 1869 habitaculi
1169 1847 1244 1870 non
1268 1834 1327 1869 in—
1345 1835 1372 1870 C
1392 1843 1527 1871 essent.
1547 1834 1658 1872 Unde
1683 1835 1862 1871 credibile
1888 1844 1961 1880 est,
1990 1849 2150 1885 puerum
2170 1839 2298 1872 Jesum
2320 1835 2386 1870 illo

336 1894 502 1930 veniens.
522 1893 699 1930 Esuriens
719 1898 755 1927 et
774 1891 903 1927 sitiens
923 1893 1045 1928 anima
1066 1906 1147 1929 mea
1167 1893 1204 1929 in
1224 1893 1330 1929 malis

333 1952 550 1998 contabuit,
569 1961 605 1989 et
626 1951 702 1987 dixi
727 1965 733 1986 :

332 2019 454 2061 patris
477 2018 551 2049 mei
570 2013 762 2048 abundant
787 2011 972 2061 panibus,
999 2021 1033 2048 et
1060 2026 1126 2061 ego
1152 2013 1210 2047 lu'c
1221 2010 1331 2059 same

333 2087 445 2121 pereo
461 2075 493 2108 ²!
516 2076 613 2109 Dum
636 2073 686 2109 sic
710 2074 908 2109 clamarem
935 2072 980 2108 ad
1003 2075 1143 2117 Deum,
1172 2071 1332 2107 exaudi-

338 2132 393 2168 vit
411 2144 488 2177 me,
510 2131 700 2168 deducens
725 2145 783 2168 me
807 2133 845 2168 in
868 2131 967 2167 viam
995 2139 1147 2176 rectam,
1172 2139 1212 2166 ut
1240 2130 1331 2166 irem

338 2193 375 2228 in
403 2191 591 2227 civitatem
620 2190 862 2227 habitationis
883 2205 889 2226 :
912 2203 1049 2239 quam,
1070 2190 1141 2225 nisi
1167 2190 1204 2226 in
1233 2190 1333 2225 illam

337 2264 420 2300 quae
439 2249 635 2286 abundans
662 2250 842 2299 panibus,
871 2254 1016 2286 Domus
1045 2249 1181 2284 dicitur
1202 2248 1330 2297 panis,

338 2310 448 2345 idest
475 2309 716 2345 Bethlehem?
737 2310 995 2346 Confiteantur
1023 2307 1088 2343 tibi
1105 2336 1115 2353 ,
1149 2307 1330 2350 Domine,

341 2369 604 2404 misericordiae
622 2377 713 2412 tute,
732 2369 817 2417 quia
833 2368 971 2404 satiasti
987 2367 1149 2403 animam
1170 2367 1332 2411 inanem,

764 1953 906 1997 Quanti
925 1957 1144 1988 mercenarit'
1164 1957 1202 1987 in
1222 1954 1329 1987 domo

340 2436 376 2463 et
396 2428 555 2462 animam
577 2428 801 2462 esurientem
824 2427 962 2462 satiasti
988 2425 1116 2470 bonis;
1137 2429 1235 2461 Pane
1256 2425 1332 2460 uti-

341 2499 412 2534 que
436 2486 522 2529 illo,
546 2486 609 2534 qui
640 2485 685 2520 de
712 2486 806 2521 coelo
831 2484 1045 2527 deseendit,
1075 2492 1110 2519 et
1130 2485 1274 2532 positus
1294 2484 1330 2519 in

342 2546 543 2595 praesepio,
565 2546 812 2594 spiritualium
835 2544 939 2580 cibus
961 2545 1077 2580 factus
1101 2552 1155 2579 est
1176 2543 1332 2592 jumen-

342 2613 480 2640 torum.

393 2664 427 2699 si.
450 2667 495 2699 Et
516 2663 593 2699 haec
613 2663 763 2711 quidem
786 2662 1066 2706 conversionis,
1089 2661 1194 2710 quasi
1223 2661 1333 2710 spiri-

341 2722 448 2757 tualis
471 2720 664 2769 eujiisdam
689 2722 893 2757 nativitatis
912 2728 1000 2757 sunt
1022 2720 1149 2764 initia,
1178 2728 1218 2755 ut
1241 2732 1332 2755 con—

342 2781 546 2816 formemur
563 2780 722 2827 parvulo
734 2807 742 2822 ‚
767 2780 994 2828 paupertatis
1011 2779 1255 2828 suscipiamus
1275 2778 1331 2814 in-

341 2839 477 2887 signia3
495 2847 531 2874 et
553 2838 634 2873 facti
656 2846 696 2874 ut
712 2837 926 2885 jumentum
945 2837 1045 2886 apud
1067 2846 1101 2874 te
1116 2866 1125 2882 ‚
1149 2837 1329 2882 Domine,

341 2898 548 2946 praesentiae
581 2906 652 2933 tuae
677 2897 818 2934 deliciis
854 2898 1102 2946 perfruamur.
1139 2897 1211 2934 Sed
1245 2897 1332 2946 quia

338 2958 517 3006 scriptum
542 2965 617 3000 est,
642 2959 732 2999 Fili,
755 2962 940 2991 accessisti
959 2959 1231 2992 adservantem
1252 2959 1329 3000 Dei,

338 3026 391 3050 sm
412 3015 571 3062 srmitcr,
590 3025 624 3050 1¹!
646 3029 829 3063 prtepnra
859 3020 1024 3050 animam
1051 3024 1149 3051 mam
1180 3017 1231 3050 ad
1253 3024 1333 3050 ten-

343 3072 577 3117 tatione-'1133
610 3073 807 3109 abscondit
842 3073 1031 3109 modicum
1065 3073 1193 3109 faciem
1228 3086 1333 3109 suam

343 3133 527 3171 Dominus
547 3136 653 3168 Jesus
680 3147 698 3167 a
727 3132 856 3177 nobis,
884 3145 960 3168 non
993 3140 1033 3167 ut
1055 3131 1242 3176 discedat,
1269 3131 1333 3167 sed

341 3194 461 3229 lateat.
493 3195 536 3228 Et
569 3205 654 3227 ecce
684 3194 867 3239 :Egyptus
887 3219 895 3233 ‚
927 3204 1010 3226 ecce
1040 3189 1224 3235 tenebrae,
1249 3204 1334 3226 ecce

392 3319 790 3354 ·1ἐ;ι1.ινιιι,σ;,7.η

1351 2606 1384 2638 D

1396 1903 1566 1944 tempore
1595 1908 1695 1931 nunc
1719 1896 1815 1944 patri
1842 1903 1879 1931 et
1905 1895 1995 1931 viris
2019 1893 2297 1930 adhaerentibus
2325 1894 2388 1937 ei,

1397 1967 1497 1990 nune
1524 1953 1634 1990 Matri
1667 1962 1703 1990 et
1737 1952 1958 1989 mulieribus
1990 1952 2256 1989 comitantibus
2286 1965 2389 1995 eam,

1397 2026 1472 2049 suae
1504 2012 1713 2062 praesentiae
1741 2011 1977 2048 dulcedinem
2008 2010 2216 2047 indulsisse.
2247 2010 2392 2059 Cogite-

1398 2085 1480 2108 mus
1499 2085 1588 2121 ergo
1610 2080 1749 2120 quanta
1769 2084 1901 2108 eorum
1927 2071 2036 2107 fuerit
2055 2070 2207 2107 felicitas
2221 2098 2230 2115 ,
2253 2068 2392 2118 quibus

1398 2131 1526 2167 datum
1559 2139 1614 2167 est
1647 2139 1702 2167 tot
1737 2130 1870 2167 diebus
1901 2130 2028 2166 videre
2059 2129 2187 2165 faciem
2220 2127 2326 2177 ejus,
2354 2138 2390 2164 et

1399 2191 1598 2227 mellifluos
1617 2190 1747 2227 audire
1772 2203 1986 2235 sermones;
2008 2188 2248 2226 considerare
2267 2189 2304 2224 in
2321 2188 2390 2224 ho-

1400 2250 1499 2286 mine
1518 2258 1556 2286 et
1578 2262 1696 2299 puero
1728 2249 1830 2298 signa
1860 2248 2028 2297 quaedam
2061 2247 2219 2283 coelestis
2245 2246 2389 2283 radiare

1401 2309 1569 2354 virtutis,
1587 2317 1623 2345 et
1640 2309 1739 2344 inter
1755 2307 2077 2344 confabulationes
2093 2315 2239 2342 mutuas
2256 2315 2390 2354 myste-

1400 2368 1497 2403 rium
1529 2366 1722 2415 sapientia:
1747 2366 1918 2401 salutaris
1946 2366 2122 2401 inserere.
2149 2368 2308 2413 Stupent
2333 2378 2391 2401 se—

1399 2438 1489 2469 nes,
1513 2424 1748 2460 admirantur
1776 2423 1957 2472 juvenes,
1983 2431 2020 2459 et
2049 2436 2125 2459 suae
2159 2432 2247 2459 tunc
2275 2424 2393 2460 :etatis

1399 2483 1526 2532 pueri,
1563 2496 1709 2518 morum
1743 2482 1945 2531 gravitate,
1977 2490 2013 2517 ct
2043 2494 2258 2517 sermonum
2294 2482 2392 2517 illius

1397 2541 1565 2591 pondere
1600 2541 1850 2577 deterrentur.
1878 2541 1998 2578 Credo
2022 2541 2123 2576 enim
2150 2541 2186 2576 in
2214 2541 2278 2576 illo
2307 2553 2391 2589 spe-

1400 2601 1606 2637 ciosissimo
1628 2602 1732 2637 vultu
1756 2609 1895 2637 tantam
1918 2601 2046 2648 gratiae
2069 2600 2229 2636 coelestis
2248 2600 2394 2649 elegan-

1399 2660 1486 2695 tiam
1517 2660 1723 2704 refulsisse,
1753 2668 1794 2695 ut
1822 2660 1991 2695 omnium
2020 2659 2056 2695 in
2088 2672 2126 2695 se
2155 2667 2393 2694 converteret

1398 2726 1589 2766 aspectum
1609 2745 1619 2760 ‚
1656 2717 1826 2753 auditum
1861 2717 2041 2766 erigeret,
2079 2717 2259 2753 excitaret
2296 2717 2392 2752 affe-

1398 2785 1511 2812 ctum.
1530 2780 1672 2820 Cerne,
1691 2790 1839 2825 qnaeso,
1860 2775 2179 2826 quemadmodum
2201 2788 2220 2811 a
2241 2775 2394 2824 singulis

1398 2835 1554 2883 rapitur,
1575 2849 1594 2871 a
1625 2836 1780 2885 singulis
1812 2835 1983 2871 trahitur.
2013 2837 2126 2871 Senes
2155 2833 2392 2879 osculantur,

1397 2895 1677 2943 amplectuntur
1701 2894 1874 2943 juvenes,
1895 2894 2002 2943 pueri
2018 2893 2290 2942 obsequuntur.
2303 2896 2394 2940 Quae

1399 2953 1571 3001 lacrymze
1589 2954 1715 3002 pueris
1727 2981 1736 2997 ‚
1760 2954 1848 2989 dum
1870 2953 2011 2989 diutius
2028 2967 2048 2989 a
2063 2953 2152 2988 viris
2174 2960 2364 2988 teneretur
2380 2953 2394 2987 ἶ)

1398 3025 1481 3061 quae
1501 3012 1636 3047 sanctis
1658 3011 1879 3048 mulieribus
1894 3011 2158 3060 querimoniae,
2180 3023 2263 3046 cum
2280 3011 2394 3059 paulo

1399 3072 1484 3121 plus
1500 3084 1584 3107 cum
1603 3079 1708 3120 patre
1720 3099 1729 3116 ,
1744 3079 1781 3107 et
1796 3070 1876 3119 ejus
1893 3070 2004 3107 sociis
2019 3069 2256 3106 moraretur?
2273 3068 2394 3104 Credo

1400 3131 1566 3179 singulos
1596 3130 1729 3165 intimo
1753 3129 1988 3178 proclamare
2014 3128 2177 3164 affectu:
2203 3129 2395 3162 Osculum<

1401 3204 1458 3226 me
1476 3193 1596 3225 osculo
1619 3195 1691 3225 oris
1716 3194 1773 3225 sui
1789 3187 1814 3223 ³.
1843 3192 1887 3225 Et
1911 3189 2037 3237 pueris
2056 3187 2137 3236 ejus
2160 3187 2393 3236 praesentiam

814 3323 823 3337 ²
842 3321 912 3347 Luc.
937 3328 990 3351 xv,
1016 3319 1130 3346 12-17.
1151 3334 1185 3337 —
1212 3315 1225 3337 3
1243 3315 1335 3346 Ι·ἶ(τςΙί.
1359 3327 1401 3353 ιι,
1424 3320 1506 3346 1.—
1533 3315 1740 3356 ⁴1iphvsuv,
1766 3318 1814 3344 115.
1839 3333 1876 3336 —-
1903 3312 2158 3347 ¹³(Iautic.1‚·l.
