2504 3928
337 187 382 221 (i.-
398 190 405 223 l
1053 194 1084 226 Μ
1094 194 1408 227 EDt't'ATtOMiS
1441 193 1607 227 l‘llSSIM
1619 193 1668 225 L.
2304 193 2378 229 (372

1330 268 1379 287 ³²¹⁴
1394 268 1601 317 tyrannidis
1626 252 1721 301 ferre
1744 265 1971 309 dominium;
1990 274 2026 301 et
2052 278 2128 301 non
2153 267 2266 316 magis
2286 282 2378 304 con—

1344 330 1369 360 A
1392 330 1517 364 xolare
1538 327 1582 363 ad
1603 334 1816 361 sanctorum
1841 325 2068 370 felicitatem,
2086 325 2131 361 ad
2148 328 2377 375 Angelorum

691 323 863 361 CAPUT
895 324 964 362 lv.

591 446 636 473 Dc
659 444 785 484 pra‘mio
803 444 908 485 patria·
927 444 1067 474 emimus.

394 562 450 596 11.
486 561 682 597 Pia-mium
704 570 758 598 est
782 562 908 598 videre
933 566 1070 608 Deum,
1094 565 1218 601 vivere
1242 578 1326 601 etun

336 623 429 663 Deo,
451 620 577 656 vivere
598 620 643 655 de
664 625 848 662 θυαμ-556
865 635 948 657 cum
970 626 1060 666 Deo,
1076 637 1153 659 csse
1171 625 1206 660 in
1229 627 1321 669 Deo,

335 680 483 727 quierit
506 680 630 715 omnia
650 681 685 715 in
704 680 901 724 omnibus3
924 681 1060 717 hahere
1090 687 1205 719 Deum
1222 711 1230 727 ,
1258 683 1321 731 qui

335 746 389 773 cst
411 750 598 774 summum
629 738 782 775 bouum.
810 743 849 776 tit
872 740 935 775 ubi
957 749 1011 776 est
1035 755 1221 777 summum
1253 741 1321 776 bo-

335 810 424 833 num
439 826 448 842 ,
467 797 516 833 ibi
541 807 595 834 cst
615 811 759 834 sumina
785 799 938 835 felicitas
953 829 961 844 ,
980 813 1123 836 summa
1137 801 1321 849 jucundi-—

336 864 402 901 tas,
422 870 507 894 vera
523 857 685 901 libertas,
702 859 863 907 perfecta
878 858 1050 904 charitas,
1064 868 1202 896 {eterna
1220 873 1322 895 secu-

337 917 424 952 ritas
439 945 447 961 ,
468 925 503 951 et
525 930 652 953 secura
670 918 881 962 anei-nitas,
905 917 954 953 ihi
977 927 1031 953 est
1061 932 1147 954 vcra
1172 920 1295 955 laetitia
1311 947 1320 964 ,

334 975 446 1023 plena
476 976 656 1020 scientia,
685 976 807 1012 omnis
839 976 1102 1025 pulchritudo,
1132 986 1167 1013 et
1199 978 1320 1013 omnis

335 1033 541 1071 beatitudo.

379 1131 430 1160 list
447 1129 487 1159 ibi
505 1140 561 1171 pax
573 1154 579 1165 ,
593 1130 689 1171 pietas
704 1154 712 1166 ‚
728 1129 849 1159 bonitas
862 1153 868 1164 ,
886 1129 949 1164 lux,
970 1129 1076 1165 xii-tus,
1094 1129 1248 1167 honestas,

380 1183 516 1219 Gaudia,
538 1183 649 1213 tat-titia·
663 1207 669 1219 ‚
689 1182 838 1221 dulcedo,
855 1182 915 1212 xita
934 1181 1075 1223 perennis
1090 1206 1096 1218 ,

378 1237 504 1273 Gloria,
525 1237 607 1274 laus,
626 1236 767 1276 requies,
790 1246 876 1265 amor
892 1259 899 1272 ‚
921 1241 949 1265 ct
969 1235 1132 1265 concordia
1151 1235 1258 1265 dulcis.

331 1330 389 1366 Sic
416 1344 499 1366 cum
530 1334 608 1366 Deo
638 1330 751 1364 homo
773 1328 904 1364 beatus
931 1328 1021 1372 erit,
1044 1329 1082 1364 in
1104 1328 1208 1377 cujus
1226 1342 1321 1365 con-

331 1389 486 1425 scicntia
509 1396 701 1437 peccatum
726 1388 918 1422 inventum
938 1400 1013 1422 non
1032 1387 1152 1422 fuerit.
1172 1388 1323 1424 Videbit

330 1452 451 1484 Deum
475 1447 519 1483 ad
551 1448 781 1482 voluntatem
798 1473 807 1490 ,
825 1445 976 1481 habebit
995 1445 1040 1481 ad
1066 1447 1295 1495 voluptatem
1311 1475 1320 1492 ,

333 1508 478 1543 fruetur
497 1506 542 1542 ad
559 1505 846 1554 jucunditatem.
869 1508 911 1540 In
936 1506 1140 1541 aeternitate
1162 1506 1321 1554 vigebit,

331 1566 367 1601 in
389 1567 544 1602 veritate
567 1564 742 1614 fulgebit,
768 1565 806 1600 in
829 1563 995 1600 bonitate
1015 1564 1202 1613 gaudebit.
1225 1565 1326 1602 Sicut

330 1624 482 1661 habebit
514 1623 759 1674 permanendi
790 1623 1058 1668 aeternitatem,
1092 1623 1143 1659 sic
1180 1636 1324 1673 cogno—

332 1685 459 1721 scendi
490 1685 722 1728 facilitatem,
746 1692 782 1719 et
809 1683 1066 1731 requiescendi
1097 1683 1321 1719 felicitatem.

333 1744 432 1780 Civis
452 1743 636 1792 siquidem
657 1743 726 1779 erit
743 1742 841 1778 illius
861 1750 997 1777 sanctae
1015 1741 1187 1786 civitatis,
1218 1741 1323 1790 cujus

1393 388 1629 428 societatem,
1649 383 1693 419 ad
1724 383 1996 418 solemnitatem
2027 397 2197 433 supernae
2224 386 2378 430 taetitiae,

1393 454 1429 480 ct
1470 445 1514 480 ad
1546 442 1818 492 jucunditatem
1855 442 2156 490 contemplativae
2197 444 2304 490 vitae3
2339 453 2379 480 ut

1393 506 1577 554 possimus
1604 504 1741 538 intrare
1772 501 1807 536 in
1839 501 2025 549 potentias
2054 503 2223 548 Domini,
2255 511 2293 539 et
2319 504 2378 540 vi·

1393 564 1480 599 dere
1507 560 1855 611 superabundantes
1886 560 2032 597 divitias
2061 561 2140 597 illas
2177 561 2378 599 bonitatis?

1391 624 1446 660 Ibi
1483 622 1711 664 xacahimus,
1741 629 1777 656 et
1808 619 2018 656 videbimus
2040 635 2150 669 quam
2183 622 2303 659 dulcis
2324 630 2380 659 est

1391 682 1572 718 Dominus
1586 710 1594 725 ,
1612 689 1647 715 et
1665 692 1774 727 quam
1794 692 1926 727 magna
1946 680 2146 715 multitudo
2171 680 2379 717 dulcedinis

1387 740 1481 788 ejus.
1520 739 1738 775 Yidebimus
1771 739 1898 787 gloriae
1933 738 2129 784 decorem,
2163 747 2378 776 sanctorum

1387 799 1644 848 splendorem,
1669 806 1705 833 ct
1733 798 1842 846 regim
1868 798 2062 846 potestatis
2091 798 2288 835 honorem.
2309 802 2379 836 Co-

1387 872 1609 907 gnoscemus
1635 857 1754 894 Patris
1782 858 2007 906 potentiam,
2030 857 2112 894 Filii
2138 858 2376 907 sapientiam,

1387 918 1546 966 Spiritus
1574 917 1690 952 sancti
1724 915 2024 964 benignissimam
2057 917 2311 963 clementiam3
2342 926 2378 954 et

1388 977 1434 1012 ita
1455 976 1675 1012 habebimus
1697 976 1866 1011 notitiam
1890 976 1986 1011 illius
2003 988 2157 1011 summae
2174 977 2376 1012 Trinitatis.

1339 1037 1366 1070 B
1386 1039 1492 1072 Nunc
1523 1048 1681 1084 corpora
1713 1048 1779 1084 per
1809 1046 1946 1083 corpus
1973 1033 2167 1078 videmus,
2198 1035 2378 1083 imagines

1386 1096 1495 1131 ctiam
1528 1108 1730 1144 corporum
1762 1094 1894 1144 spiritu
1923 1094 2112 1129 cernimus
2136 1107 2143 1129 :
2171 1101 2259 1130 tunc
2285 1107 2376 1130 vero

1387 1155 1502 1203 ipsam
1531 1155 1747 1190 'l'rinitatem
1777 1166 1874 1201 puro
1905 1152 2038 1188 mentis
2066 1152 2203 1188 intuitu
2234 1152 2378 1189 videbi-

1387 1227 1481 1249 mus.
1515 1217 1545 1250 Ο
1578 1213 1684 1249 beata
1710 1213 1820 1248 visio!
1849 1211 1976 1247 videre
2004 1215 2121 1248 Deum
2150 1212 2186 1247 in
2210 1225 2248 1249 se
2275 1212 2378 1261 ipso,

1387 1273 1516 1308 videre
1537 1273 1574 1308 in
1598 1272 1728 1317 nobis,
1746 1280 1782 1307 et
1807 1285 1874 1307 nos
1895 1273 1930 1307 in
1949 1285 1993 1307 eo
2017 1271 2376 1319 felicijucunditate,

1388 1340 1424 1367 et
1443 1331 1609 1379 jucunda
1632 1331 1821 1366 felicitate!
1852 1330 2042 1378 Quidquid
2064 1329 2377 1375 desiderabimus,

1389 1399 1506 1426 totum
1537 1389 1776 1434 habebimus,
1797 1389 1887 1424 nihil
1909 1389 2069 1438 amplius
2095 1389 2348 1426 desiderantes
2369 1404 2376 1426 ε

1387 1455 1423 1483 ct
1445 1446 1628 1495 quidquid
1652 1445 1883 1490 videbimus,
1906 1445 2131 1490 amabimus,
2152 1447 2232 1495 ipso
2250 1459 2378 1483 amore

1389 1505 1486 1542 beati
1502 1521 1510 1551 ;
1529 1505 1626 1541 beati
1644 1504 1841 1540 dulcedine
1859 1504 2014 1550 amoris,
2035 1513 2071 1540 et
2090 1506 2271 1541 suavitate
2289 1519 2377 1542 con-

1392 1564 1653 1613 templationis.
1677 1567 1762 1599 Haec
1779 1563 1850 1599 erit
1869 1576 2014 1599 summa
2033 1563 2132 1600 illius
2151 1564 2379 1613 contempla-

1391 1625 1515 1669 tionis,
1532 1624 1609 1659 hrec
1625 1623 1695 1659 erit
1712 1636 1855 1658 summa
1871 1623 1968 1658 illius
1987 1623 2180 1669 felicitatis,
2199 1624 2378 1672 quoniam

1390 1684 1617 1732 intelligetur
1640 1683 1676 1718 in
1705 1696 1772 1719 suo
1796 1696 1892 1732 puro
1913 1695 1992 1718 esse
2017 1683 2163 1719 sincera
2180 1683 2376 1729 divinitas,

1389 1743 1731 1792 comprehendetur
1757 1743 1793 1777 in
1820 1755 1861 1777 ea
1888 1741 2276 1792 incomprehensibilis
2296 1742 2379 1779 Tri-

331 1804 464 1852 Angeli
486 1804 585 1839 cives
607 1811 715 1847 sunt,
735 1805 836 1838 Deus
857 1804 964 1837 Pater
989 1801 1188 1849 templum,
1207 1801 1320 1837 Filius
1344 1803 1370 1839 C
1390 1802 1497 1838 nitas.
1519 1801 1702 1838 Patebunt
1726 1813 1861 1837 arcana
1881 1800 2105 1845 divinitatis;
2126 1800 2316 1837 videbitur
2342 1810 2378 1838 et

329 1862 410 1911 ejus
440 1861 636 1911 splendor,
663 1861 822 1910 Spiritus
843 1868 993 1896 sanctus
1021 1859 1191 1895 charitas.
1213 1863 1243 1897 O
1265 1860 1321 1895 ci-

330 1921 424 1957 vitas
445 1921 623 1956 coelestis!
647 1919 791 1955 mansio
813 1931 962 1963 secura,
985 1918 1104 1967 patria
1130 1918 1260 1953 fertilis
1287 1926 1324 1954 et

332 1981 474 2031 ampla,
498 1989 616 2016 totum
638 1979 836 2015 continens
859 1977 959 2026 quod
989 1977 1147 2013 delectat
1169 1992 1175 2013 :
1198 1990 1324 2026 popu-

333 2042 390 2077 lus
410 2041 488 2077 sine
511 2053 701 2076 murmure
715 2068 724 2085 ,
748 2039 879 2075 incolae
899 2038 1035 2087 quieti,
1055 2037 1226 2073 homines
1243 2038 1324 2073 nul-

332 2101 404 2136 lam
421 2099 663 2149 indigentiam
681 2098 880 2134 habentes!
908 2098 1029 2142 Quam
1047 2099 1208 2144 gloriosa
1224 2098 1324 2131 (licta

332 2168 418 2193 sunt
433 2159 479 2192 de
501 2167 548 2202 te,
570 2162 698 2192 civilas
714 2159 784 2191 Dei
796 2158 809 2190 !
824 2160 918 2190 sicut
935 2157 1138 2189 ltelmztinm
1160 2159 1322 2189 munitam

334 2217 516 2253 habitatio
534 2222 637 2251 estin
656 2223 724 2252 ιε’.
745 2220 885 2253 Omnes
901 2215 1076 2250 laetantur
1094 2214 1129 2249 in
1152 2214 1275 2250 laetitia
1288 2222 1325 2250 et

333 2277 581 2313 exsultatione
603 2291 610 2311 :
635 2289 766 2312 omnes
788 2275 1019 2310 delectantur
1035 2273 1080 2308 de
1096 2277 1196 2318 Deo,
1218 2273 1324 2321 cnjus

334 2344 506 2384 aspectus
524 2335 690 2384 pulcher,
705 2335 813 2370 facies
831 2334 978 2378 decora,
994 2333 1185 2381 eloquium
1201 2332 1321 2368 dulce.

333 2394 570 2430 Delectabilis
594 2402 649 2429 est
667 2393 711 2428 ad
734 2392 937 2428 videndum
952 2420 961 2438 ,
978 2391 1100 2427 suavis
1121 2390 1165 2425 ad
1183 2390 1323 2426 haben-

335 2453 448 2499 dum,
473 2453 590 2489 dulcis
615 2452 660 2488 ad
683 2451 965 2501 perfruendum.
988 2454 1072 2498 Ipse
1097 2463 1163 2498 pcr
1183 2462 1221 2485 se
1243 2449 1324 2498 pla—

334 2521 412 2558 cet,
437 2521 472 2548 et
498 2526 565 2561 per
593 2525 630 2548 se
656 2511 794 2547 suflicit
816 2510 861 2546 ad
893 2510 1084 2553 meritum,
1112 2509 1248 2544 suflicit
1276 2509 1321 2544 ad

1387 1860 1571 1897 amabitur
1588 1864 1711 1896 Deus:
1731 1868 1767 1896 et
1786 1859 1863 1895 haec
1881 1859 1974 1894 visio
1992 1867 2028 1894 et
2045 1858 2240 1894 delectatio
2258 1867 2377 1896 totum

1388 1934 1454 1957 cor
1479 1920 1642 1956 hominis
1662 1920 1822 1969 implens
1841 1927 1878 1955 et
1897 1918 2056 1962 satians,
2080 1926 2158 1954 tota
2183 1918 2255 1954 erit
2280 1919 2378 1956 illius

1389 1969 1630 2015 beatitudinis
1663 1978 1950 2014 consummatio,
1988 1980 2073 2014 Una
2106 1977 2177 2013 erit
2208 1978 2377 2014 omnium

1390 2040 1513 2088 lingua
1528 2068 1536 2084 ,
1551 2038 1726 2087 jubilatio
1747 2037 1948 2082 indefessa,
1967 2049 2064 2072 unus
2080 2037 2255 2083 affectus,
2273 2050 2379 2074 amor

1390 2107 1562 2135 aeternus.
1596 2097 1739 2135 Patebit
1768 2097 1923 2141 veritas,
1955 2095 2174 2145 implebitur
2201 2097 2377 2142 charitas;

1389 2165 1426 2193 et
1456 2158 1527 2193 erit
1562 2157 1703 2205 integra
1733 2156 1904 2205 corporis
1934 2164 1971 2192 et
2001 2156 2134 2191 animae
2171 2156 2326 2192 societas
2344 2162 2374 2191 ὓ.

1390 2216 1561 2265 Fulgebit
1582 2216 1675 2252 sicut
1693 2216 1747 2251 sol
1769 2215 1979 2251 humanitas
2003 2215 2207 2263 glorificata
2225 2229 2232 2250 :
2254 2215 2379 2263 quieta

1389 2277 1459 2312 erit
1475 2285 1510 2312 et
1524 2288 1680 2311 concors
1697 2275 1817 2311 carnis
1832 2283 1867 2310 et
1885 2275 2038 2323 spiritus
2053 2275 2210 2310 societas
2228 2289 2235 2310 :
2257 2279 2378 2322 Ange-

1389 2335 1509 2370 lorum
1535 2343 1571 2370 ct
1593 2335 1788 2370 hominum
1810 2334 1879 2370 erit
1900 2333 2077 2382 gaudium
2103 2346 2218 2369 unum
2234 2362 2242 2378 ,
2261 2346 2376 2369 unum

1389 2395 1638 2442 colloquium,
1665 2407 1781 2429 unum
1811 2394 2040 2429 convivium.
2076 2396 2157 2429 Non
2189 2392 2379 2441 languebit

1389 2466 1516 2497 amor,
1541 2466 1608 2488 nec
1635 2453 1800 2501 liquefiet
1827 2452 1990 2487 dilectio.
2020 2451 2269 2488 Praesentibus
2293 2464 2378 2487 om-

1390 2512 1499 2548 nibus
1520 2511 1629 2547 bonis
1644 2540 1652 2555 ,
1679 2512 1779 2547 nulla
1800 2511 1869 2547 erit
1890 2511 2078 2546 dilationis
2095 2510 2266 2555 afflictio,
2283 2523 2378 2558 quo-

336 2571 550 2619 PPaemil¹¹¹¹3
582 2583 649 2606 ”CC
677 2578 780 2605 extra
811 2569 913 2604 illum
944 2567 1148 2616 (11¹l<l‘l¹¹ss¹¹¹
1179 2568 1319 2616 quaeri-
1339 2576 1370 2609 D
1391 2572 1487 2607 niam
1513 2570 1680 2607 beatifica
1703 2570 1838 2605 dii-inre
1859 2569 2059 2618 majestatis
2080 2570 2277 2618 praesentia
2295 2582 2378 2605 om-

336 2638 418 2676 tur,
437 2631 524 2678 quia
548 2638 666 2665 totum
692 2629 729 2663 in
756 2628 818 2663 illo
839 2627 1028 2663 invenitur
1046 2626 1229 2675 quidquid
1256 2627 1323 2663 de—

335 2689 532 2726 sideratur.
555 2691 710 2737 Semper
740 2687 830 2723 libet
857 2700 941 2722 eum
968 2687 1149 2735 aspicere,
1177 2698 1324 2735 semper

336 2748 493 2794 habere,
513 2761 660 2796 semper
679 2747 716 2782 in
735 2747 799 2782 illo
817 2745 1014 2791 delectari,
1033 2754 1069 2781 et
1090 2745 1152 2781 illo
1167 2745 1321 2794 perfrui.

334 2812 375 2844 In
399 2809 462 2843 illo
486 2808 709 2844 clarificatur
730 2807 955 2849 intellecttis,
977 2813 1012 2841 et
1034 2805 1253 2853 purificatur
1270 2804 1324 2840 af-

335 2868 451 2903 fectus
476 2867 521 2903 ad
550 2866 848 2916 cognoscendam
876 2874 911 2901 et
940 2864 1164 2913 diligendam
1184 2864 1324 2899 verita-

336 2935 421 2963 tem.
443 2931 484 2963 Et
502 2927 570 2963 hoc
592 2935 647 2962 est
669 2934 787 2961 totum
810 2925 949 2961 bonum
971 2925 1167 2960 hominum
1183 2952 1192 2969 ‚
1212 2936 1321 2960 nosse

334 2987 472 3022 scilicet
487 2994 523 3021 et
541 2999 664 3021 amare
680 2988 892 3021 Creatorem
909 2997 1030 3020 suum.

392 3046 447 3081 12.
491 3049 581 3093 Qua}
616 3058 704 3091 ergo
737 3058 804 3080 nos
834 3045 907 3092 agit
938 3044 1086 3080 vesania
1101 3072 1109 3088 ,
1142 3043 1319 3078 vitiorum

334 3106 436 3141 sitire
458 3104 685 3140 absinthium
704 3131 713 3147 ‚
743 3102 852 3151 hujus
880 3102 1009 3139 mundi
1038 3102 1143 3150 sequi
1174 3101 1322 3137 naufra-

333 3166 455 3214 gium,
482 3165 565 3200 vitae
593 3162 751 3198 labentis
781 3163 856 3211 pati
890 3162 1136 3198 infortunium
1155 3189 1164 3206 ,
1197 3160 1321 3208 impiae

386 3298 392 3311 ¹
415 3291 494 3322 l‘sal.
517 3301 636 3320 [xxxvi
653 3314 659 3324 ,
682 3293 713 3324 3,
737 3292 765 3319 7.

1391 2629 1501 2666 nibus
1532 2630 1601 2665 erit
1630 2629 1777 2673 omnia,
1807 2637 1843 2664 et
1870 2629 1940 2664 erit
1969 2628 2178 2663 communis
2209 2628 2377 2664 omnium

1390 2689 1685 2738 omnipotentia,
1718 2687 1916 2736 sapientia,
1945 2700 2037 2736 pax,
2064 2686 2229 2735 justitia,
2253 2695 2289 2723 et
2315 2686 2376 2722 in-

1391 2748 1604 2795 telligentia.
1630 2750 1710 2783 Non
1733 2747 1803 2782 erit
1831 2747 1867 2782 in
1897 2747 1957 2782 illa
1980 2759 2070 2794 pace
2093 2745 2286 2781 diversitas
2306 2744 2387 2793 lin-7

1389 2820 1544 2855 guarum
1557 2835 1565 2851 ,
1584 2806 1647 2841 sed
1669 2806 1819 2854 pacifica
1837 2814 1872 2841 et
1891 2818 2048 2841 concors
2071 2804 2271 2841 concordia
2295 2817 2377 2839 mo—

1391 2879 1472 2901 rum
1502 2873 1538 2900 et
1559 2865 1774 2900 affectuum.
1795 2868 1837 2900 In
1858 2872 2024 2899 torrente
2051 2864 2149 2900 illius
2174 2863 2378 2911 voluptatis

1391 2924 1481 2959 nihil
1508 2924 1604 2960 ultra
1623 2931 1773 2971 appetet
1792 2923 1979 2959 cumulata
2000 2922 2166 2967 satietas,
2187 2930 2288 2958 tanta
2308 2922 2378 2958 erit

1389 2983 1554 3018 felicitas.
1576 2982 1631 3018 Ibi
1664 2982 1847 3030 siquidem
1875 2982 1945 3017 erit
1972 2982 2145 3017 cumulus
2176 2981 2373 3025 felicitatis,

1388 3039 1669 3090 supereminens
1689 3040 1827 3087 gloria,
1847 3048 1883 3074 et
1904 3038 2216 3087 superabundans
2237 3039 2374 3075 laetitia.

1444 3100 1501 3135 13.
1520 3098 1591 3135 Sed
1609 3097 1654 3134 ad
1673 3098 1751 3134 hzec
1769 3098 1852 3146 quis
1870 3098 2056 3133 idoneus?
2075 3098 2246 3134 Profecto
2266 3111 2377 3134 verus

1387 3159 1593 3208 poenitens,
1632 3157 1754 3193 bonus
1793 3156 1994 3202 obediens,
2029 3156 2197 3193 amabilis
2231 3158 2374 3201 socius,

1460 3291 1471 3304 ’¹
1492 3291 1654 3324 Fortasse,
1679 3285 1817 3316 satietas.
