2504 3928
322 192 368 225 65)
374 191 396 224 2)

734 188 885 222 SCALA
914 186 1314 229 CLAUSTRALIUM,
1346 190 1408 223 Sl&
1426 189 1450 222 li
1480 189 1543 222 nti
1575 188 1711 222 MODO
1740 188 1938 222 ORANDI.

319 279 440 308 scere,
454 275 564 312 quam
585 270 667 310 post
683 262 843 309 agnitam
860 261 1026 297 retroire.
1043 266 1161 309 Quam
1178 262 1326 311 utique³

2279 188 2356 223 660

1336 263 1360 279 '¹¹
1376 262 1654 311 epithalamium
1670 261 1953 305 decantaverat,
1972 274 2055 309 quae
2076 261 2197 310 ignitis
2216 271 2252 298 et
2270 275 2357 312 per—

318 324 595 360 excusationem
618 319 768 356 liabebit
800 320 865 355 iste
891 320 936 355 de
963 323 1137 368 peccato?
1174 325 1304 357 Nonne
1325 325 1352 357 Λ
1371 322 1545 358 suasoriis
1575 321 1733 370 eloquiis
1760 321 1834 356 suis
1858 333 1942 356 eum
1970 333 2109 369 sponso
2139 322 2356 358 reconcilia-

319 385 350 418 ci
369 383 468 430 juste
489 389 611 430 potest
627 379 751 415 dicere
776 380 971 423 Dominus,
997 380 1217 424 Quiddrlmi
1239 380 1304 416 tibi

310 441 464 488 ιΙίιιϊιψ,
494 449 527 474 c!
557 437 780 485 111111fi·‹·i¹?
804 442 884 474 Non
911 451 1010 483 erm,
1037 447 1073 474 et
1101 440 1221 475 creavi
1244 448 1302 475 te:

321 499 501 549 peccasti,
523 507 557 533 et
585 496 722 533 diaboli
741 510 890 533 servum
917 506 951 533 te
970 499 1128 543 l'eceras,
1159 507 1196 534 et
1219 499 1305 534 red-

319 559 391 594 emi
413 567 446 594 te.
464 573 471 594 :
492 559 527 593 in
547 556 676 592 mundi
699 557 854 592 circuitu
869 570 953 592 cum
972 557 1096 605 impiis
1109 557 1304 602 currebas,

319 627 353 654 et
383 618 475 665 elegi
499 625 544 652 tc.
564 615 746 652 Dederam
773 615 837 650 tibi
864 615 1018 663 gratiam
1041 616 1077 651 in
1102 625 1305 664 conspectu

323 691 406 713 meo
419 705 428 721 ,
443 685 479 711 et
495 674 666 710 volebam
687 675 804 710 facere
822 674 921 723 apud
941 683 975 709 te
994 675 1224 710 mansionem
1241 689 1248 710 :
1269 683 1307 710 tu

321 750 410 772 vero
440 734 642 783 despexisti
677 747 752 778 me;
786 741 823 769 et
856 747 931 768 non
965 734 1085 769 solum
1116 746 1308 770 sermones

322 808 445 838 meos,
478 793 541 829 sed
575 806 632 829 me
660 794 780 842 ipsum
804 792 992 841 projecisti
1024 801 1251 836 retrorsum,
1274 801 1309 829 et

319 853 514 890 ambulasti
532 861 615 901 post
629 852 947 901 concupiscentias
963 859 1054 887 tuas.
1071 851 1160 896 Sed,
1175 866 1197 886 o
1211 855 1309 887 Deus

318 913 438 957 bone,
462 912 584 949 suavis
605 920 642 948 et
668 911 786 956 mitis,
807 910 948 946 amicus
966 909 1107 954 duleis,
1131 910 1305 946 consilia-

317 976 393 1011 rius
415 973 600 1023 prudens,
622 971 772 1021 adjutor
792 972 914 1016 sortis,
932 985 1043 1020 quam
1065 971 1305 1014 inhumanus,

1371 389 1473 417 verat
1493 394 1690 429 sponsam,
1711 388 1747 415 et
1773 379 2031 415 introduxerat
2058 392 2137 414 cam
2168 379 2203 415 in
2226 381 2355 416 cellam

1370 440 1572 482 vinariam,
1595 439 1728 474 iterum
1750 438 1916 474 converti
1940 437 1984 473 ad
2007 451 2101 473 vana
2122 438 2291 487 eloquia,
2311 439 2356 475 ad

1371 499 1632 543 scurrilitates,
1650 497 1695 533 ad
1711 496 2010 533 concinnandum
2029 496 2136 532 dolos
2148 525 2157 542 ,
2173 497 2219 533 ad
2235 497 2357 534 detra-

1372 558 1527 593 ctiones.
1551 557 1653 593 Absit
1673 570 1692 592 a
1714 555 1841 601 nobis,
1864 555 2036 592 Domine.
2062 555 2133 592 Sed
2150 556 2179 591 si
2201 556 2295 592 sorte
2312 569 2357 592 ex

1372 617 1531 652 lmmana
1550 616 1764 652 infirmitate
1779 615 1824 650 ad
1846 615 1928 650 talia
1946 614 2163 659 dilabimur,
2181 627 2256 650 non
2275 614 2359 650 ideo

1374 675 1633 725 desperemus,
1654 674 1717 711 sed
1734 675 1868 709 iterum
1887 686 2123 709 recurramus
2140 672 2185 708 ad
2201 673 2361 709 clemen-

1376 743 1447 770 tem
1469 734 1674 779 Medieum,
1695 733 1758 782 qui
1777 733 1928 768 suscitat
1951 731 1995 767 de
2019 739 2115 767 terra
2136 732 2306 780 inopem,
2324 739 2362 767 et

1377 793 1484 841 erigit
1505 793 1550 828 de
1570 801 1734 828 stercore
1756 796 1983 840 pauperem²
2005 805 2011 826 :
2033 798 2069 826 et
2096 790 2160 838 qui
2183 803 2260 826 non
2281 790 2362 826 vult

1376 862 1534 889 mortem
1567 852 1796 901 peccatoris,
1827 852 1960 887 iterum
1988 848 2134 886 curabit
2162 857 2199 885 et
2219 849 2363 886 sanabit

1376 926 1455 948 nos.

1432 974 1489 1007 16.
1512 975 1593 1007 Jam
1617 979 1764 1018 tempus
1779 978 1833 1005 est
1856 976 1897 1004 ut
1916 968 2083 1016 epistolae
2104 968 2215 1003 finem
2233 967 2359 1016 impo—

318 1045 429 1081 quam
461 1031 679 1067 temerarius
704 1040 759 1066 cst
788 1030 851 1079 qui
884 1039 917 1066 te
950 1029 1100 1077 abjicit,
1133 1030 1197 1078 qui
1229 1038 1300 1065 tam
1323 1035 1349 1067 B
1368 1042 1509 1065 namus.
1544 1032 1703 1066 Oremus
1731 1040 1819 1076 ergo
1847 1030 1989 1070 Deum,
2022 1033 2063 1061 ut
2093 1025 2360 1074 impedimenta

321 1092 499 1127 liumilem
514 1120 522 1133 ,
537 1100 609 1126 tam
626 1098 859 1126 mansuetum
878 1090 1061 1138 hospitem
1077 1102 1097 1124 a
1113 1102 1180 1125 suo
1195 1089 1307 1125 corde

320 1151 486 1199 repellit!
508 1154 538 1187 O
559 1163 670 1198 quam
693 1149 820 1184 infelix
842 1157 879 1184 et
899 1148 1076 1184 damnosa
1094 1157 1306 1184 commuta-

320 1210 390 1246 tio!
407 1212 620 1246 Creatorem
640 1221 748 1244 suum
763 1207 945 1255 abjicere,
961 1216 996 1242 et
1011 1219 1144 1255 pravas
1162 1207 1309 1242 noxias—

321 1282 393 1317 que
413 1267 657 1315 cogitationes
675 1267 860 1315 recipere!
878 1265 970 1301 illud
991 1265 1101 1301 etiam
1121 1273 1306 1301 secretum

318 1326 441 1362 cubile
462 1326 620 1374 Spiritus
645 1326 784 1369 sancti,
814 1332 998 1359 secretum
1027 1323 1174 1366 cordis,
1205 1323 1307 1371 quod

322 1384 434 1432 paulo
458 1391 542 1418 ante
571 1381 784 1418 coelestibus
805 1381 947 1429 gaudiis
969 1380 1211 1425 intendebat,
1234 1389 1307 1417 tam

321 1440 446 1476 subito
466 1440 669 1476 immundis
695 1438 985 1487 cogitationibus
1003 1447 1038 1474 et
1055 1438 1214 1486 peccatis
1235 1446 1310 1474 tra-

327 1498 416 1534 dere
450 1497 770 1534 conculcandum!
801 1497 934 1534 Adhuc
972 1497 1009 1532 in
1041 1496 1154 1532 corde
1188 1497 1312 1532 calent

321 1558 448 1606 sponsi
463 1557 634 1605 vestigia3
650 1556 771 1605 etjam
788 1556 1090 1592 intromittuntur
1103 1554 1312 1591 adulterina

322 1616 534 1652 desideria?
554 1616 650 1652 Male
671 1615 900 1651 conveniens
920 1623 957 1651 et
980 1614 1200 1650 indecorum
1231 1622 1310 1659 est,

323 1687 432 1710 aures
451 1687 533 1722 quse
551 1673 664 1709 modo
685 1673 886 1709 audierunt
900 1671 1015 1708 verba
1031 1685 1114 1721 quae
1132 1685 1206 1707 non
1226 1672 1310 1707 licet

323 1734 466 1770 homini
487 1732 611 1781 loqui,
637 1741 708 1768 tam
739 1733 814 1768 cito
843 1732 1014 1767 inclinari
1039 1731 1086 1767 ad
1107 1729 1249 1766 fabulas
1276 1739 1313 1766 et

324 1792 574 1828 detractiones
591 1790 976 1836 audiendas;oculos,
992 1790 1055 1838 qui
1070 1789 1183 1825 sacris
1197 1789 1315 1837 lacry-
1336 1794 1363 1828 C
1382 1791 1455 1827 mei
1479 1805 1486 1826 :

324 1852 393 1887 mis
421 1851 533 1887 modo
552 1850 729 1900 baptizati
748 1859 873 1894 erant,
897 1858 1053 1899 repente
1073 1849 1244 1885 converti
1267 1848 1314 1884 ad

324 1910 505 1946 videndas
526 1911 726 1956 vanitates;
748 1910 933 1959 linguam,
955 1922 1038 1958 quae
1059 1907 1172 1944 modo
1205 1908 1314 1944 dulce

375 2041 383 2055 ¹
401 2034 474 2066 lsai.
492 2046 524 2073 v,
545 2038 577 2066 4.
596 2024 639 2058 ——
658 2040 671 2055 ²
690 2034 769 2065 Psal.
790 2045 882 2072 cxix,
900 2036 930 2065 7.

1373 1102 1456 1137 quae
1475 1101 1542 1124 nos
1559 1087 1605 1123 al)
1631 1086 1711 1135 ejus
1731 1085 2052 1134 contemplatione
2081 1084 2275 1120 retrahunt
2290 1112 2300 1128 ,
2323 1084 2361 1119 in

1374 1148 1551 1198 praesenti
1570 1147 1678 1182 nobis
1698 1146 1862 1194 mitiget,
1883 1145 1919 1180 in
1942 1145 2067 1180 futuro
2089 1142 2197 1179 nobis
2214 1143 2363 1192 penitus

1373 1209 1517 1244 auferat
1536 1222 1543 1243 :
1567 1206 1630 1255 qui
1648 1219 1716 1255 per
1735 1205 1934 1254 praedictos
1951 1203 2087 1251 gradus
2105 1202 2151 1238 de
2172 1202 2310 1238 virtute
2325 1201 2363 1237 in

1374 1266 1550 1300 virtutem
1572 1277 1640 1299 nos
1657 1264 1862 1312 perducat,
1886 1262 2006 1298 donec
2028 1260 2222 1297 videamus
2243 1263 2361 1297 Deum

1376 1324 1532 1359 deorum
1554 1323 1590 1357 in
1621 1323 1733 1367 Sion;
1758 1310 1825 1357 ubi
1845 1322 1952 1357 electi
1977 1334 2051 1356 non
2073 1320 2264 1368 guttatim,
2286 1332 2361 1355 non

1374 1381 1629 1429 interpolatim
1665 1380 1875 1428 percipient
1910 1379 2044 1414 divinae
2075 1378 2361 1427 contemplatio—

1375 1439 1432 1475 nis
1453 1438 1690 1474 dulcedinem
1703 1467 1711 1483 ,
1731 1437 1796 1474 sed
1818 1445 1983 1472 torrente
2000 1436 2203 1484 voluptatis
2221 1436 2363 1472 indesi-

1377 1504 1510 1532 nenter
1537 1495 1688 1544 repleti,
1710 1494 1904 1539 habebunt
1930 1493 2105 1542 gaudium
2133 1493 2236 1542 quod
2257 1507 2367 1530 nemo

1380 1556 1485 1592 tollet
1508 1554 1554 1591 ab
1576 1555 1652 1600 eis,
1682 1562 1718 1590 et
1748 1567 1874 1603 pacem
1903 1552 2249 1588 incommutabilem
2265 1581 2274 1598 ,
2301 1565 2370 1602 pa-

1378 1628 1457 1651 cem
1476 1614 1512 1650 in
1529 1613 1566 1649 id
1587 1614 1724 1662 ipsum.
1739 1617 1793 1650 Tu
1807 1626 1898 1661 ergo
1911 1641 1920 1657 ,
1936 1612 2050 1648 frater
2064 1612 2114 1647 mi
2132 1612 2325 1657 Gervasi³‚
2342 1611 2372 1647 si

1375 1671 1528 1722 quando
1549 1671 1677 1708 datum
1702 1671 1768 1707 tibi
1791 1671 1903 1707 fuerit
1922 1670 2085 1718 desuper
2103 1669 2369 1719 praedictorum

1378 1732 1560 1781 graduum
1582 1731 1838 1768 celsitudinem
1871 1729 2147 1775 conscendere,
2180 1737 2370 1766 memento

1518 1798 1555 1826 et
1574 1802 1639 1826 ora
1664 1802 1736 1839 pro
1759 1803 1838 1834 me,
1865 1802 1949 1825 cum
1970 1787 2066 1824 bene
2088 1787 2199 1824 fuerit
2226 1787 2311 1832 tibi,
2331 1796 2373 1824 ut

1380 1850 1431 1886 sic
1449 1849 1592 1885 cortina
1609 1849 1792 1886 cortinam
1812 1848 1954 1894 trahat3
1974 1855 2011 1884 et
2030 1847 2094 1896 qui
2111 1846 2234 1892 audit,
2252 1847 2371 1893 dicat,

1379 1907 1486 1945 Veni.

371 2096 383 2109 ³
398 2093 447 2124 Sic
464 2093 558 2124 habet
574 2093 819 2135 nianuscriptus;
837 2103 900 2123 non
917 2091 1070 2134 Gofiede,
1092 2092 1135 2123 uti
1157 2091 1304 2122 hactenus
1322 2090 1447 2121 lectum.
