<?xml version="1.0" encoding="UTF-8"?>
<!DOCTYPE html PUBLIC "-//W3C//DTD XHTML 1.0 Transitional//EN"
    "http://www.w3.org/TR/xhtml1/DTD/xhtml1-transitional.dtd">
<html xmlns="http://www.w3.org/1999/xhtml" xml:lang="en" lang="en">
 <head>
  <title>
</title>
<meta http-equiv="Content-Type" content="text/html;charset=utf-8" />
  <meta name='ocr-system' content='tesseract 3.04.00' />
  <meta name='ocr-capabilities' content='ocr_page ocr_carea ocr_par ocr_line ocrx_word'/>
</head>
<body>
  <div class='ocr_page' id='page_1' title='image "./operaomniapostho05bern/operaomniapostho05bern_0284.png"; bbox 0 0 2504 3928; ppageno 0'>
   <div class='ocr_carea' id='block_1_1' title="bbox 624 213 2054 305">
    <p class='ocr_par' dir='ltr' id='par_1_1' title="bbox 624 213 2054 305">
     <span class='ocr_line' id='line_1_1' title="bbox 624 213 2054 305; baseline -0.001 -3"><span class='ocrx_word' id='word_1_1' title='bbox 624 215 736 303; x_wconf 88' lang='lat' dir='ltr'>IN</span> <span class='ocrx_word' id='word_1_2' title='bbox 805 213 1253 305; x_wconf 82' lang='lat' dir='ltr'><strong>CANTICI</strong></span> <span class='ocrx_word' id='word_1_3' title='bbox 1322 213 2054 304; x_wconf 74' lang='lat' dir='ltr'><strong>CANTICORUM</strong></span> 
     </span>
    </p>
   </div>
   <div class='ocr_carea' id='block_1_2' title="bbox 939 422 1720 478">
    <p class='ocr_par' dir='ltr' id='par_1_2' title="bbox 939 422 1720 478">
     <span class='ocr_line' id='line_1_2' title="bbox 939 422 1720 478; baseline -0.003 -2"><span class='ocrx_word' id='word_1_4' title='bbox 939 423 1206 478; x_wconf 74' lang='lat' dir='ltr'><strong>PRIORA</strong></span> <span class='ocrx_word' id='word_1_5' title='bbox 1252 423 1405 478; x_wconf 88' lang='lat' dir='ltr'>DUO</span> <span class='ocrx_word' id='word_1_6' title='bbox 1449 422 1720 478; x_wconf 73' lang='lat' dir='ltr'><strong>CAPITA</strong></span> 
     </span>
    </p>
   </div>
   <div class='ocr_carea' id='block_1_3' title="bbox 330 587 2340 770">
    <p class='ocr_par' dir='ltr' id='par_1_3' title="bbox 330 587 2340 770">
     <span class='ocr_line' id='line_1_3' title="bbox 330 587 2340 770; baseline -0.001 -69"><span class='ocrx_word' id='word_1_7' title='bbox 330 592 932 705; x_wconf 83' lang='lat' dir='ltr'><strong>BREVIS</strong></span> <span class='ocrx_word' id='word_1_8' title='bbox 1069 587 2340 770; x_wconf 82' lang='lat' dir='ltr'><strong>COMMENTATIO</strong></span> 
     </span>
    </p>
   </div>
   <div class='ocr_carea' id='block_1_4' title="bbox 663 809 2006 865">
    <p class='ocr_par' dir='ltr' id='par_1_4' title="bbox 663 809 2006 865">
     <span class='ocr_line' id='line_1_4' title="bbox 663 809 2006 865; baseline -0.003 -7"><span class='ocrx_word' id='word_1_9' title='bbox 663 814 753 858; x_wconf 79' lang='lat' dir='ltr'>EX</span> <span class='ocrx_word' id='word_1_10' title='bbox 786 815 833 860; x_wconf 90' lang='lat' dir='ltr'>S.</span> <span class='ocrx_word' id='word_1_11' title='bbox 871 814 1183 860; x_wconf 85' lang='lat' dir='ltr'><strong>BERNARDI</strong></span> <span class='ocrx_word' id='word_1_12' title='bbox 1218 812 1607 858; x_wconf 82' lang='lat' dir='ltr'>SERMONIBUS</span> <span class='ocrx_word' id='word_1_13' title='bbox 1641 809 2006 865; x_wconf 74' lang='lat' dir='ltr'><strong>CONTEXTA‚</strong></span> 
     </span>
    </p>
   </div>
   <div class='ocr_carea' id='block_1_5' title="bbox 926 953 1745 992">
    <p class='ocr_par' dir='ltr' id='par_1_5' title="bbox 926 953 1745 992">
     <span class='ocr_line' id='line_1_5' title="bbox 926 953 1745 992; baseline -0.007 0"><span class='ocrx_word' id='word_1_14' title='bbox 926 958 1004 992; x_wconf 78' lang='lat' dir='ltr'>UBI</span> <span class='ocrx_word' id='word_1_15' title='bbox 1035 959 1098 991; x_wconf 60' lang='lat'><strong>1³1⁴:</strong></span> <span class='ocrx_word' id='word_1_16' title='bbox 1128 957 1336 992; x_wconf 74' lang='lat' dir='ltr'>&#39;l‘Rll‘IJCI</span> <span class='ocrx_word' id='word_1_17' title='bbox 1368 956 1520 990; x_wconf 71' lang='lat' dir='ltr'>STATU</span> <span class='ocrx_word' id='word_1_18' title='bbox 1551 953 1745 988; x_wconf 76' lang='lat' dir='ltr'>AMORIS.</span> 
     </span>
    </p>
   </div>
   <div class='ocr_carea' id='block_1_6' title="bbox 1419 1126 2001 1147">
    <p class='ocr_par' dir='ltr' id='par_1_6' title="bbox 1419 1126 2001 1147">
     <span class='ocr_line' id='line_1_6' title="bbox 1419 1126 2001 1147; baseline 0 2781"><span class='ocrx_word' id='word_1_19' title='bbox 1419 1126 2001 1147; x_wconf 95' lang='lat' dir='ltr'> </span> 
     </span>
    </p>
   </div>
   <div class='ocr_carea' id='block_1_7' title="bbox 1110 1308 1566 1364">
    <p class='ocr_par' dir='ltr' id='par_1_7' title="bbox 1110 1308 1566 1364">
     <span class='ocr_line' id='line_1_7' title="bbox 1110 1308 1566 1364; baseline -0.007 -1"><span class='ocrx_word' id='word_1_20' title='bbox 1110 1308 1566 1364; x_wconf 82' lang='lat' dir='ltr'><strong>ADMONITIO.</strong></span> 
     </span>
    </p>
   </div>
   <div class='ocr_carea' id='block_1_8' title="bbox 313 1509 2362 2789">
    <p class='ocr_par' dir='ltr' id='par_1_8' title="bbox 313 1509 2362 2789">
     <span class='ocr_line' id='line_1_8' title="bbox 362 1509 2355 1564; baseline -0.001 -13"><span class='ocrx_word' id='word_1_21' title='bbox 362 1514 540 1564; x_wconf 88' lang='lat' dir='ltr'>Sequens</span> <span class='ocrx_word' id='word_1_22' title='bbox 564 1513 754 1562; x_wconf 83' lang='lat' dir='ltr'>expositio</span> <span class='ocrx_word' id='word_1_23' title='bbox 774 1513 814 1548; x_wconf 91' lang='lat' dir='ltr'>in</span> <span class='ocrx_word' id='word_1_24' title='bbox 841 1512 971 1561; x_wconf 86' lang='lat' dir='ltr'>priora</span> <span class='ocrx_word' id='word_1_25' title='bbox 991 1511 1071 1548; x_wconf 91' lang='lat' dir='ltr'>duo</span> <span class='ocrx_word' id='word_1_26' title='bbox 1095 1512 1222 1561; x_wconf 87' lang='lat' dir='ltr'>capita</span> <span class='ocrx_word' id='word_1_27' title='bbox 1241 1510 1388 1549; x_wconf 82' lang='lat' dir='ltr'>Cantici</span> <span class='ocrx_word' id='word_1_28' title='bbox 1410 1511 1651 1549; x_wconf 89' lang='lat' dir='ltr'>canticorum</span> <span class='ocrx_word' id='word_1_29' title='bbox 1673 1523 1717 1547; x_wconf 81' lang='lat' dir='ltr'>cx</span> <span class='ocrx_word' id='word_1_30' title='bbox 1739 1509 1868 1548; x_wconf 91' lang='lat' dir='ltr'>codice</span> <span class='ocrx_word' id='word_1_31' title='bbox 1889 1510 2065 1549; x_wconf 86' lang='lat' dir='ltr'>Dunensi</span> <span class='ocrx_word' id='word_1_32' title='bbox 2085 1525 2106 1549; x_wconf 92' lang='lat' dir='ltr'>a</span> <span class='ocrx_word' id='word_1_33' title='bbox 2128 1512 2239 1550; x_wconf 90' lang='lat' dir='ltr'>nobis</span> <span class='ocrx_word' id='word_1_34' title='bbox 2260 1512 2355 1550; x_wconf 82' lang='lat' dir='ltr'>vul-</span> 
     </span>
     <span class='ocr_line' id='line_1_9' title="bbox 313 1573 2357 1630; baseline -0.001 -15"><span class='ocrx_word' id='word_1_35' title='bbox 313 1586 398 1630; x_wconf 84' lang='lat' dir='ltr'>gata</span> <span class='ocrx_word' id='word_1_36' title='bbox 413 1587 470 1615; x_wconf 88' lang='lat' dir='ltr'>est</span> <span class='ocrx_word' id='word_1_37' title='bbox 487 1578 527 1614; x_wconf 90' lang='lat' dir='ltr'>in</span> <span class='ocrx_word' id='word_1_38' title='bbox 547 1576 738 1627; x_wconf 85' lang='lat' dir='ltr'>superiori</span> <span class='ocrx_word' id='word_1_39' title='bbox 760 1575 954 1623; x_wconf 84' lang='lat' dir='ltr'>editione,</span> <span class='ocrx_word' id='word_1_40' title='bbox 975 1584 1013 1612; x_wconf 90' lang='lat' dir='ltr'>et</span> <span class='ocrx_word' id='word_1_41' title='bbox 1033 1574 1223 1613; x_wconf 89' lang='lat' dir='ltr'>Bernardi</span> <span class='ocrx_word' id='word_1_42' title='bbox 1241 1576 1279 1612; x_wconf 93' lang='lat' dir='ltr'>in</span> <span class='ocrx_word' id='word_1_43' title='bbox 1294 1573 1449 1612; x_wconf 83' lang='lat' dir='ltr'>Cantica</span> <span class='ocrx_word' id='word_1_44' title='bbox 1467 1574 1722 1612; x_wconf 69' lang='lat' dir='ltr'>Sei-monibus</span> <span class='ocrx_word' id='word_1_45' title='bbox 1738 1574 1946 1624; x_wconf 88' lang='lat' dir='ltr'>subjuncta</span> <span class='ocrx_word' id='word_1_46' title='bbox 1960 1584 2146 1626; x_wconf 88' lang='lat' dir='ltr'>tanquam</span> <span class='ocrx_word' id='word_1_47' title='bbox 2164 1577 2357 1628; x_wconf 79' lang='lat' dir='ltr'>genuinus</span> 
     </span>
     <span class='ocr_line' id='line_1_10' title="bbox 314 1638 2356 1692; baseline -0.001 -12"><span class='ocrx_word' id='word_1_48' title='bbox 314 1643 398 1692; x_wconf 88' lang='lat' dir='ltr'>ejus</span> <span class='ocrx_word' id='word_1_49' title='bbox 425 1642 551 1686; x_wconf 80' lang='lat' dir='ltr'>fetus,</span> <span class='ocrx_word' id='word_1_50' title='bbox 579 1654 701 1692; x_wconf 89' lang='lat' dir='ltr'>quem</span> <span class='ocrx_word' id='word_1_51' title='bbox 730 1639 971 1678; x_wconf 89' lang='lat' dir='ltr'>Guillelmus</span> <span class='ocrx_word' id='word_1_52' title='bbox 997 1638 1384 1677; x_wconf 70' lang='lat' dir='ltr'>Sancti-Theoderici</span> <span class='ocrx_word' id='word_1_53' title='bbox 1418 1639 1536 1677; x_wconf 86' lang='lat' dir='ltr'>abbas</span> <span class='ocrx_word' id='word_1_54' title='bbox 1562 1639 1822 1691; x_wconf 78' lang='lat' dir='ltr'>designaverit</span> <span class='ocrx_word' id='word_1_55' title='bbox 1855 1641 1894 1677; x_wconf 89' lang='lat' dir='ltr'>in</span> <span class='ocrx_word' id='word_1_56' title='bbox 1915 1639 1983 1678; x_wconf 91' lang='lat' dir='ltr'>lib.</span> <span class='ocrx_word' id='word_1_57' title='bbox 2016 1644 2033 1678; x_wconf 96' lang='lat'>1</span> <span class='ocrx_word' id='word_1_58' title='bbox 2068 1640 2116 1679; x_wconf 92' lang='lat' dir='ltr'>de</span> <span class='ocrx_word' id='word_1_59' title='bbox 2148 1642 2231 1691; x_wconf 87' lang='lat' dir='ltr'>ejus</span> <span class='ocrx_word' id='word_1_60' title='bbox 2266 1641 2356 1679; x_wconf 65' lang='lat' dir='ltr'>Vita</span> 
     </span>
     <span class='ocr_line' id='line_1_11' title="bbox 315 1704 2356 1757; baseline -0.001 -13"><span class='ocrx_word' id='word_1_61' title='bbox 315 1720 399 1757; x_wconf 89' lang='lat' dir='ltr'>cap.</span> <span class='ocrx_word' id='word_1_62' title='bbox 427 1709 495 1753; x_wconf 76' lang='lat'>12,</span> <span class='ocrx_word' id='word_1_63' title='bbox 526 1705 587 1743; x_wconf 85' lang='lat' dir='ltr'>his</span> <span class='ocrx_word' id='word_1_64' title='bbox 613 1705 740 1743; x_wconf 83' lang='lat' dir='ltr'>verbis</span> <span class='ocrx_word' id='word_1_65' title='bbox 764 1722 772 1742; x_wconf 75' lang='grc' dir='ltr'>ε</span> <span class='ocrx_word' id='word_1_66' title='bbox 801 1723 817 1738; x_wconf 91' lang='lat'>«</span> <span class='ocrx_word' id='word_1_67' title='bbox 842 1705 978 1755; x_wconf 89' lang='lat' dir='ltr'>Itaque</span> <span class='ocrx_word' id='word_1_68' title='bbox 1007 1713 1100 1742; x_wconf 89' lang='lat' dir='ltr'>tunc</span> <span class='ocrx_word' id='word_1_69' title='bbox 1123 1704 1306 1742; x_wconf 80' lang='lat' dir='ltr'>disseruit</span> <span class='ocrx_word' id='word_1_70' title='bbox 1330 1704 1427 1742; x_wconf 91' lang='lat' dir='ltr'>mihi</span> <span class='ocrx_word' id='word_1_71' title='bbox 1453 1704 1500 1742; x_wconf 90' lang='lat' dir='ltr'>de</span> <span class='ocrx_word' id='word_1_72' title='bbox 1521 1704 1676 1742; x_wconf 84' lang='lat' dir='ltr'>Cantico</span> <span class='ocrx_word' id='word_1_73' title='bbox 1697 1706 1957 1752; x_wconf 87' lang='lat' dir='ltr'>canticorum,</span> <span class='ocrx_word' id='word_1_74' title='bbox 1986 1715 2180 1755; x_wconf 89' lang='lat' dir='ltr'>quantum</span> <span class='ocrx_word' id='word_1_75' title='bbox 2202 1714 2356 1756; x_wconf 75' lang='lat' dir='ltr'>tempus</span> 
     </span>
     <span class='ocr_line' id='line_1_12' title="bbox 317 1769 2355 1821; baseline -0 -13"><span class='ocrx_word' id='word_1_76' title='bbox 317 1788 333 1803; x_wconf 65' lang='grc' dir='ltr'>»ι</span> <span class='ocrx_word' id='word_1_77' title='bbox 361 1770 460 1809; x_wconf 87' lang='lat' dir='ltr'>illud</span> <span class='ocrx_word' id='word_1_78' title='bbox 491 1771 726 1808; x_wconf 82' lang='lat' dir='ltr'>infirmitatis</span> <span class='ocrx_word' id='word_1_79' title='bbox 752 1783 847 1807; x_wconf 83' lang='lat' dir='ltr'>meae</span> <span class='ocrx_word' id='word_1_80' title='bbox 877 1769 977 1807; x_wconf 85' lang='lat' dir='ltr'>milii</span> <span class='ocrx_word' id='word_1_81' title='bbox 1007 1770 1206 1819; x_wconf 82' lang='lat' dir='ltr'>permisit,</span> <span class='ocrx_word' id='word_1_82' title='bbox 1233 1769 1435 1807; x_wconf 80' lang='lat' dir='ltr'>moraliter</span> <span class='ocrx_word' id='word_1_83' title='bbox 1466 1778 1644 1816; x_wconf 90' lang='lat' dir='ltr'>tantum,</span> <span class='ocrx_word' id='word_1_84' title='bbox 1669 1770 1897 1807; x_wconf 85' lang='lat' dir='ltr'>intermissis</span> <span class='ocrx_word' id='word_1_85' title='bbox 1926 1771 2119 1821; x_wconf 67' lang='lat' dir='ltr'>mysteriis</span> <span class='ocrx_word' id='word_1_86' title='bbox 2148 1769 2355 1820; x_wconf 55' lang='lat' dir='ltr'>Scriptura*</span> 
     </span>
     <span class='ocr_line' id='line_1_13' title="bbox 316 1833 2355 1886; baseline -0.001 -13"><span class='ocrx_word' id='word_1_87' title='bbox 316 1854 332 1869; x_wconf 71' lang='lat' dir='ltr'>n</span> <span class='ocrx_word' id='word_1_88' title='bbox 358 1836 483 1883; x_wconf 90' lang='lat' dir='ltr'>illius,</span> <span class='ocrx_word' id='word_1_89' title='bbox 502 1837 594 1886; x_wconf 86' lang='lat' dir='ltr'>quia</span> <span class='ocrx_word' id='word_1_90' title='bbox 615 1837 665 1873; x_wconf 87' lang='lat' dir='ltr'>sic</span> <span class='ocrx_word' id='word_1_91' title='bbox 686 1835 888 1882; x_wconf 86' lang='lat' dir='ltr'>volebam,</span> <span class='ocrx_word' id='word_1_92' title='bbox 913 1843 951 1873; x_wconf 91' lang='lat' dir='ltr'>et</span> <span class='ocrx_word' id='word_1_93' title='bbox 972 1836 1024 1871; x_wconf 87' lang='lat' dir='ltr'>sic</span> <span class='ocrx_word' id='word_1_94' title='bbox 1045 1836 1236 1885; x_wconf 89' lang='lat' dir='ltr'>petieram</span> <span class='ocrx_word' id='word_1_95' title='bbox 1260 1834 1309 1871; x_wconf 79' lang='lat' dir='ltr'>al)</span> <span class='ocrx_word' id='word_1_96' title='bbox 1330 1849 1375 1871; x_wconf 89' lang='lat' dir='ltr'>eo</span> <span class='ocrx_word' id='word_1_97' title='bbox 1399 1851 1407 1870; x_wconf 89' lang='lat'>:</span> <span class='ocrx_word' id='word_1_98' title='bbox 1430 1833 1670 1885; x_wconf 73' lang='lat' dir='ltr'>singulisque</span> <span class='ocrx_word' id='word_1_99' title='bbox 1696 1834 1835 1872; x_wconf 87' lang='lat' dir='ltr'>diebus</span> <span class='ocrx_word' id='word_1_100' title='bbox 1858 1847 2117 1884; x_wconf 58' lang='lat' dir='ltr'>quaecumque</span> <span class='ocrx_word' id='word_1_101' title='bbox 2144 1848 2261 1884; x_wconf 89' lang='lat' dir='ltr'>super</span> <span class='ocrx_word' id='word_1_102' title='bbox 2282 1834 2355 1871; x_wconf 82' lang='lat' dir='ltr'>lioc</span> 
     </span>
     <span class='ocr_line' id='line_1_14' title="bbox 319 1897 2357 1950; baseline -0.001 -13"><span class='ocrx_word' id='word_1_103' title='bbox 319 1920 331 1931; x_wconf 66' lang='grc' dir='ltr'>ιι</span> <span class='ocrx_word' id='word_1_104' title='bbox 359 1900 567 1937; x_wconf 84' lang='lat' dir='ltr'>audiebam</span> <span class='ocrx_word' id='word_1_105' title='bbox 583 1930 592 1947; x_wconf 91' lang='lat'>,</span> <span class='ocrx_word' id='word_1_106' title='bbox 623 1914 672 1937; x_wconf 91' lang='lat' dir='ltr'>nc</span> <span class='ocrx_word' id='word_1_107' title='bbox 698 1899 796 1937; x_wconf 80' lang='lat' dir='ltr'>mihi</span> <span class='ocrx_word' id='word_1_108' title='bbox 818 1899 1056 1950; x_wconf 78' lang='lat' dir='ltr'>effugerent,</span> <span class='ocrx_word' id='word_1_109' title='bbox 1078 1900 1219 1949; x_wconf 89' lang='lat' dir='ltr'>scripto</span> <span class='ocrx_word' id='word_1_110' title='bbox 1238 1899 1444 1950; x_wconf 70' lang='lat' dir='ltr'>alligabam</span> <span class='ocrx_word' id='word_1_111' title='bbox 1463 1929 1471 1945; x_wconf 87' lang='lat'>,</span> <span class='ocrx_word' id='word_1_112' title='bbox 1495 1899 1533 1934; x_wconf 92' lang='lat' dir='ltr'>in</span> <span class='ocrx_word' id='word_1_113' title='bbox 1558 1907 1753 1948; x_wconf 90' lang='lat' dir='ltr'>quantum</span> <span class='ocrx_word' id='word_1_114' title='bbox 1775 1898 1873 1936; x_wconf 83' lang='lat' dir='ltr'>milii</span> <span class='ocrx_word' id='word_1_115' title='bbox 1896 1897 2002 1936; x_wconf 89' lang='lat' dir='ltr'>Deus</span> <span class='ocrx_word' id='word_1_116' title='bbox 2021 1897 2191 1936; x_wconf 84' lang='lat' dir='ltr'>donabat</span> <span class='ocrx_word' id='word_1_117' title='bbox 2212 1908 2250 1936; x_wconf 90' lang='lat' dir='ltr'>et</span> <span class='ocrx_word' id='word_1_118' title='bbox 2270 1912 2357 1935; x_wconf 91' lang='lat' dir='ltr'>me-</span> 
     </span>
     <span class='ocr_line' id='line_1_15' title="bbox 320 1962 2358 2014; baseline -0.001 -11"><span class='ocrx_word' id='word_1_119' title='bbox 320 1988 332 1998; x_wconf 61' lang='lat' dir='ltr'>n</span> <span class='ocrx_word' id='word_1_120' title='bbox 359 1967 483 2003; x_wconf 89' lang='lat' dir='ltr'>moria</span> <span class='ocrx_word' id='word_1_121' title='bbox 499 1965 675 2014; x_wconf 83' lang='lat' dir='ltr'>juvabat.</span> <span class='ocrx_word' id='word_1_122' title='bbox 709 1983 724 1997; x_wconf 87' lang='lat'>»</span> <span class='ocrx_word' id='word_1_123' title='bbox 749 1964 904 2013; x_wconf 85' lang='lat' dir='ltr'>Quibus</span> <span class='ocrx_word' id='word_1_124' title='bbox 919 1964 1049 2002; x_wconf 82' lang='lat' dir='ltr'>verbis</span> <span class='ocrx_word' id='word_1_125' title='bbox 1071 1965 1277 2014; x_wconf 87' lang='lat' dir='ltr'>ipsammet</span> <span class='ocrx_word' id='word_1_126' title='bbox 1301 1964 1582 2014; x_wconf 82' lang='lat' dir='ltr'>expositionem</span> <span class='ocrx_word' id='word_1_127' title='bbox 1609 1962 1769 2000; x_wconf 87' lang='lat' dir='ltr'>indicari</span> <span class='ocrx_word' id='word_1_128' title='bbox 1788 1972 1882 2000; x_wconf 88' lang='lat' dir='ltr'>tunc</span> <span class='ocrx_word' id='word_1_129' title='bbox 1902 1963 2013 2000; x_wconf 89' lang='lat' dir='ltr'>nobis</span> <span class='ocrx_word' id='word_1_130' title='bbox 2032 1963 2162 2000; x_wconf 84' lang='lat' dir='ltr'>visum</span> <span class='ocrx_word' id='word_1_131' title='bbox 2183 1972 2252 2000; x_wconf 91' lang='lat' dir='ltr'>est.</span> <span class='ocrx_word' id='word_1_132' title='bbox 2277 1962 2358 2000; x_wconf 76' lang='lat' dir='ltr'>Ve—</span> 
     </span>
     <span class='ocr_line' id='line_1_16' title="bbox 317 2027 2351 2078; baseline -0.001 -11"><span class='ocrx_word' id='word_1_133' title='bbox 317 2043 407 2067; x_wconf 88' lang='lat' dir='ltr'>rum</span> <span class='ocrx_word' id='word_1_134' title='bbox 425 2043 465 2066; x_wconf 91' lang='lat' dir='ltr'>re</span> <span class='ocrx_word' id='word_1_135' title='bbox 485 2030 673 2066; x_wconf 86' lang='lat' dir='ltr'>attentius</span> <span class='ocrx_word' id='word_1_136' title='bbox 689 2041 856 2078; x_wconf 76' lang='lat' dir='ltr'>expensa</span> <span class='ocrx_word' id='word_1_137' title='bbox 869 2057 878 2075; x_wconf 90' lang='lat'>,</span> <span class='ocrx_word' id='word_1_138' title='bbox 896 2027 998 2065; x_wconf 80' lang='lat' dir='ltr'>nihil</span> <span class='ocrx_word' id='word_1_139' title='bbox 1017 2027 1124 2065; x_wconf 88' lang='lat' dir='ltr'>aliud</span> <span class='ocrx_word' id='word_1_140' title='bbox 1136 2041 1215 2065; x_wconf 88' lang='lat' dir='ltr'>esse</span> <span class='ocrx_word' id='word_1_141' title='bbox 1237 2028 1523 2075; x_wconf 82' lang='lat' dir='ltr'>existimamus,</span> <span class='ocrx_word' id='word_1_142' title='bbox 1541 2042 1661 2077; x_wconf 84' lang='lat' dir='ltr'>quam</span> <span class='ocrx_word' id='word_1_143' title='bbox 1682 2028 1800 2066; x_wconf 80' lang='lat' dir='ltr'>breve</span> <span class='ocrx_word' id='word_1_144' title='bbox 1816 2027 2094 2078; x_wconf 82' lang='lat' dir='ltr'>compendium</span> <span class='ocrx_word' id='word_1_145' title='bbox 2111 2028 2290 2078; x_wconf 87' lang='lat' dir='ltr'>priorum</span> <span class='ocrx_word' id='word_1_146' title='bbox 2309 2031 2351 2066; x_wconf 83' lang='lat'>51</span> 
     </span>
     <span class='ocr_line' id='line_1_17' title="bbox 314 2091 2357 2142; baseline -0.001 -11"><span class='ocrx_word' id='word_1_147' title='bbox 314 2094 504 2132; x_wconf 77' lang='lat' dir='ltr'>Ber-nardi</span> <span class='ocrx_word' id='word_1_148' title='bbox 526 2107 755 2132; x_wconf 86' lang='lat' dir='ltr'>sermonum</span> <span class='ocrx_word' id='word_1_149' title='bbox 781 2095 819 2130; x_wconf 91' lang='lat' dir='ltr'>in</span> <span class='ocrx_word' id='word_1_150' title='bbox 841 2092 1017 2140; x_wconf 83' lang='lat' dir='ltr'>Cantica,</span> <span class='ocrx_word' id='word_1_151' title='bbox 1042 2107 1064 2130; x_wconf 86' lang='lat' dir='ltr'>a</span> <span class='ocrx_word' id='word_1_152' title='bbox 1078 2091 1251 2142; x_wconf 88' lang='lat' dir='ltr'>quodam</span> <span class='ocrx_word' id='word_1_153' title='bbox 1274 2092 1436 2130; x_wconf 86' lang='lat' dir='ltr'>homine</span> <span class='ocrx_word' id='word_1_154' title='bbox 1460 2092 1632 2130; x_wconf 85' lang='lat' dir='ltr'>studioso</span> <span class='ocrx_word' id='word_1_155' title='bbox 1653 2102 1691 2130; x_wconf 91' lang='lat' dir='ltr'>et</span> <span class='ocrx_word' id='word_1_156' title='bbox 1713 2094 1777 2142; x_wconf 93' lang='lat' dir='ltr'>pio</span> <span class='ocrx_word' id='word_1_157' title='bbox 1799 2094 2090 2130; x_wconf 89' lang='lat' dir='ltr'>concinnatum.</span> <span class='ocrx_word' id='word_1_158' title='bbox 2115 2091 2243 2140; x_wconf 86' lang='lat' dir='ltr'>Quam</span> <span class='ocrx_word' id='word_1_159' title='bbox 2264 2106 2357 2130; x_wconf 85' lang='lat' dir='ltr'>vcro</span> 
     </span>
     <span class='ocr_line' id='line_1_18' title="bbox 315 2157 2357 2210; baseline -0.001 -13"><span class='ocrx_word' id='word_1_160' title='bbox 315 2159 491 2210; x_wconf 71' lang='lat' dir='ltr'>designat</span> <span class='ocrx_word' id='word_1_161' title='bbox 516 2158 755 2198; x_wconf 82' lang='lat' dir='ltr'>Guillelmus</span> <span class='ocrx_word' id='word_1_162' title='bbox 771 2189 779 2205; x_wconf 94' lang='lat'>,</span> <span class='ocrx_word' id='word_1_163' title='bbox 802 2160 883 2208; x_wconf 87' lang='lat' dir='ltr'>ipsa</span> <span class='ocrx_word' id='word_1_164' title='bbox 900 2172 980 2196; x_wconf 88' lang='lat' dir='ltr'>esse</span> <span class='ocrx_word' id='word_1_165' title='bbox 1002 2158 1159 2195; x_wconf 85' lang='lat' dir='ltr'>videtur</span> <span class='ocrx_word' id='word_1_166' title='bbox 1178 2172 1264 2207; x_wconf 78' lang='lat' dir='ltr'>quae</span> <span class='ocrx_word' id='word_1_167' title='bbox 1289 2158 1362 2195; x_wconf 83' lang='lat' dir='ltr'>snb</span> <span class='ocrx_word' id='word_1_168' title='bbox 1386 2160 1471 2207; x_wconf 85' lang='lat' dir='ltr'>ejus</span> <span class='ocrx_word' id='word_1_169' title='bbox 1493 2159 1651 2194; x_wconf 89' lang='lat' dir='ltr'>nomine</span> <span class='ocrx_word' id='word_1_170' title='bbox 1670 2157 1772 2194; x_wconf 89' lang='lat' dir='ltr'>edita</span> <span class='ocrx_word' id='word_1_171' title='bbox 1793 2159 1904 2195; x_wconf 86' lang='lat' dir='ltr'>estin</span> <span class='ocrx_word' id='word_1_172' title='bbox 1935 2167 2041 2195; x_wconf 91' lang='lat' dir='ltr'>tomo</span> <span class='ocrx_word' id='word_1_173' title='bbox 2062 2157 2084 2195; x_wconf 79' lang='lat'><em>4</em></span> <span class='ocrx_word' id='word_1_174' title='bbox 2110 2157 2357 2194; x_wconf 73' lang='lat' dir='ltr'>Bibliothecae</span> 
     </span>
     <span class='ocr_line' id='line_1_19' title="bbox 315 2221 2359 2272; baseline -0.001 -11"><span class='ocrx_word' id='word_1_175' title='bbox 315 2225 576 2263; x_wconf 81' lang='lat' dir='ltr'>Cisterciensis</span> <span class='ocrx_word' id='word_1_176' title='bbox 607 2241 615 2261; x_wconf 70' lang='grc' dir='ltr'><strong>ι</strong></span> <span class='ocrx_word' id='word_1_177' title='bbox 648 2224 714 2261; x_wconf 88' lang='lat' dir='ltr'>ubi</span> <span class='ocrx_word' id='word_1_178' title='bbox 743 2223 981 2261; x_wconf 89' lang='lat' dir='ltr'>attendenda</span> <span class='ocrx_word' id='word_1_179' title='bbox 1006 2232 1097 2260; x_wconf 85' lang='lat' dir='ltr'>sunt</span> <span class='ocrx_word' id='word_1_180' title='bbox 1132 2223 1374 2260; x_wconf 72' lang='lat' dir='ltr'>Praesationis</span> <span class='ocrx_word' id='word_1_181' title='bbox 1395 2221 1475 2259; x_wconf 69' lang='lat' dir='ltr'>lucc</span> <span class='ocrx_word' id='word_1_182' title='bbox 1507 2222 1625 2259; x_wconf 76' lang='lat' dir='ltr'>verba</span> <span class='ocrx_word' id='word_1_183' title='bbox 1659 2238 1667 2258; x_wconf 79' lang='lat' dir='ltr'><em>z</em></span> <span class='ocrx_word' id='word_1_184' title='bbox 1697 2240 1712 2254; x_wconf 77' lang='grc' dir='ltr'>«ι</span> <span class='ocrx_word' id='word_1_185' title='bbox 1742 2221 1830 2259; x_wconf 75' lang='lat' dir='ltr'>Non</span> <span class='ocrx_word' id='word_1_186' title='bbox 1852 2232 1986 2260; x_wconf 88' lang='lat' dir='ltr'>autem</span> <span class='ocrx_word' id='word_1_187' title='bbox 2016 2221 2272 2272; x_wconf 85' lang='lat' dir='ltr'>profundiora</span> <span class='ocrx_word' id='word_1_188' title='bbox 2295 2221 2359 2259; x_wconf 82' lang='lat' dir='ltr'>illa</span> 
     </span>
     <span class='ocr_line' id='line_1_20' title="bbox 320 2285 2359 2340; baseline -0.001 -15"><span class='ocrx_word' id='word_1_189' title='bbox 320 2308 336 2321; x_wconf 73' lang='grc' dir='ltr'><strong>υ</strong></span> <span class='ocrx_word' id='word_1_190' title='bbox 361 2291 568 2340; x_wconf 76' lang='lat' dir='ltr'>mysteria,</span> <span class='ocrx_word' id='word_1_191' title='bbox 590 2302 676 2338; x_wconf 78' lang='lat' dir='ltr'>quae</span> <span class='ocrx_word' id='word_1_192' title='bbox 698 2289 737 2324; x_wconf 89' lang='lat' dir='ltr'>in</span> <span class='ocrx_word' id='word_1_193' title='bbox 763 2302 808 2326; x_wconf 89' lang='lat' dir='ltr'>eo</span> <span class='ocrx_word' id='word_1_194' title='bbox 838 2289 1105 2333; x_wconf 81' lang='lat' dir='ltr'>continentur,</span> <span class='ocrx_word' id='word_1_195' title='bbox 1137 2297 1375 2325; x_wconf 85' lang='lat' dir='ltr'>attentamus</span> <span class='ocrx_word' id='word_1_196' title='bbox 1403 2285 1451 2323; x_wconf 89' lang='lat' dir='ltr'>de</span> <span class='ocrx_word' id='word_1_197' title='bbox 1480 2286 1633 2324; x_wconf 79' lang='lat' dir='ltr'>Clu-isto</span> <span class='ocrx_word' id='word_1_198' title='bbox 1656 2296 1693 2324; x_wconf 82' lang='lat' dir='ltr'>ct</span> <span class='ocrx_word' id='word_1_199' title='bbox 1714 2286 1905 2332; x_wconf 70' lang='lat' dir='ltr'>E‹·clt·sia;</span> <span class='ocrx_word' id='word_1_200' title='bbox 1933 2287 2001 2324; x_wconf 89' lang='lat' dir='ltr'>sed</span> <span class='ocrx_word' id='word_1_201' title='bbox 2032 2286 2259 2324; x_wconf 82' lang='lat' dir='ltr'>cohibentes</span> <span class='ocrx_word' id='word_1_202' title='bbox 2291 2301 2359 2323; x_wconf 90' lang='lat' dir='ltr'>nos</span> 
     </span>
     <span class='ocr_line' id='line_1_21' title="bbox 321 2350 2358 2401; baseline -0 -11"><span class='ocrx_word' id='word_1_203' title='bbox 321 2371 336 2384; x_wconf 73' lang='grc' dir='ltr'>ι·</span> <span class='ocrx_word' id='word_1_204' title='bbox 362 2354 463 2390; x_wconf 84' lang='lat' dir='ltr'>intra</span> <span class='ocrx_word' id='word_1_205' title='bbox 496 2366 631 2390; x_wconf 90' lang='lat' dir='ltr'>nos....</span> <span class='ocrx_word' id='word_1_206' title='bbox 670 2366 829 2389; x_wconf 90' lang='lat' dir='ltr'>sensum</span> <span class='ocrx_word' id='word_1_207' title='bbox 861 2351 1138 2389; x_wconf 88' lang='lat' dir='ltr'>tantummodo</span> <span class='ocrx_word' id='word_1_208' title='bbox 1167 2350 1357 2388; x_wconf 85' lang='lat' dir='ltr'>moralem</span> <span class='ocrx_word' id='word_1_209' title='bbox 1393 2350 1564 2400; x_wconf 82' lang='lat' dir='ltr'>aliquem</span> <span class='ocrx_word' id='word_1_210' title='bbox 1590 2351 1901 2401; x_wconf 65' lang='lat' dir='ltr'>perstringinuis.</span> <span class='ocrx_word' id='word_1_211' title='bbox 1932 2369 1948 2383; x_wconf 71' lang='lat' dir='ltr'>n</span> <span class='ocrx_word' id='word_1_212' title='bbox 1984 2351 2079 2399; x_wconf 84' lang='lat' dir='ltr'>Quae</span> <span class='ocrx_word' id='word_1_213' title='bbox 2106 2351 2224 2389; x_wconf 85' lang='lat' dir='ltr'>verba</span> <span class='ocrx_word' id='word_1_214' title='bbox 2258 2360 2358 2389; x_wconf 83' lang='lat' dir='ltr'>recte</span> 
     </span>
     <span class='ocr_line' id='line_1_22' title="bbox 317 2414 2358 2466; baseline 0 -13"><span class='ocrx_word' id='word_1_215' title='bbox 317 2417 521 2466; x_wconf 70' lang='lat' dir='ltr'>praemissis</span> <span class='ocrx_word' id='word_1_216' title='bbox 544 2430 589 2453; x_wconf 85' lang='lat' dir='ltr'>ex</span> <span class='ocrx_word' id='word_1_217' title='bbox 606 2416 627 2452; x_wconf 54' lang='lat' dir='ltr'>W</span> <span class='ocrx_word' id='word_1_218' title='bbox 644 2417 695 2452; x_wconf 88' lang='lat' dir='ltr'>ita</span> <span class='ocrx_word' id='word_1_219' title='bbox 725 2414 910 2452; x_wconf 84' lang='lat' dir='ltr'>Bernardi</span> <span class='ocrx_word' id='word_1_220' title='bbox 935 2416 1199 2459; x_wconf 78' lang='lat' dir='ltr'>conveniunt,</span> <span class='ocrx_word' id='word_1_221' title='bbox 1222 2428 1311 2450; x_wconf 82' lang='lat' dir='ltr'>cum</span> <span class='ocrx_word' id='word_1_222' title='bbox 1333 2415 1386 2450; x_wconf 90' lang='lat' dir='ltr'>ait</span> <span class='ocrx_word' id='word_1_223' title='bbox 1409 2414 1647 2452; x_wconf 81' lang='lat' dir='ltr'>Guillclmus</span> <span class='ocrx_word' id='word_1_224' title='bbox 1674 2429 1713 2452; x_wconf 89' lang='lat' dir='ltr'>se</span> <span class='ocrx_word' id='word_1_225' title='bbox 1742 2429 1762 2452; x_wconf 88' lang='lat' dir='ltr'>a</span> <span class='ocrx_word' id='word_1_226' title='bbox 1791 2415 1989 2453; x_wconf 86' lang='lat' dir='ltr'>Bernardo</span> <span class='ocrx_word' id='word_1_227' title='bbox 2017 2417 2296 2465; x_wconf 79' lang='lat' dir='ltr'>expositionem</span> <span class='ocrx_word' id='word_1_228' title='bbox 2319 2418 2358 2454; x_wconf 92' lang='lat' dir='ltr'>in</span> 
     </span>
     <span class='ocr_line' id='line_1_23' title="bbox 317 2478 2360 2531; baseline 0 -14"><span class='ocrx_word' id='word_1_229' title='bbox 317 2482 473 2518; x_wconf 85' lang='lat' dir='ltr'>Cantica</span> <span class='ocrx_word' id='word_1_230' title='bbox 502 2482 656 2531; x_wconf 83' lang='lat' dir='ltr'>petiisse</span> <span class='ocrx_word' id='word_1_231' title='bbox 687 2498 702 2512; x_wconf 75' lang='lat' dir='ltr'><em>u</em></span> <span class='ocrx_word' id='word_1_232' title='bbox 730 2479 928 2517; x_wconf 82' lang='lat' dir='ltr'>moraliter</span> <span class='ocrx_word' id='word_1_233' title='bbox 952 2488 1134 2525; x_wconf 86' lang='lat' dir='ltr'>tantum,</span> <span class='ocrx_word' id='word_1_234' title='bbox 1158 2479 1385 2515; x_wconf 74' lang='lat' dir='ltr'>intermissis</span> <span class='ocrx_word' id='word_1_235' title='bbox 1412 2480 1604 2529; x_wconf 72' lang='lat' dir='ltr'>mysteriis</span> <span class='ocrx_word' id='word_1_236' title='bbox 1633 2478 1839 2529; x_wconf 65' lang='lat' dir='ltr'>Scriptura!</span> <span class='ocrx_word' id='word_1_237' title='bbox 1862 2479 1978 2517; x_wconf 85' lang='lat' dir='ltr'>illius.</span> <span class='ocrx_word' id='word_1_238' title='bbox 2010 2500 2023 2513; x_wconf 75' lang='grc' dir='ltr'>υ</span> <span class='ocrx_word' id='word_1_239' title='bbox 2049 2481 2137 2518; x_wconf 75' lang='lat' dir='ltr'>Haec</span> <span class='ocrx_word' id='word_1_240' title='bbox 2167 2482 2264 2518; x_wconf 90' lang='lat' dir='ltr'>ratio</span> <span class='ocrx_word' id='word_1_241' title='bbox 2290 2494 2360 2518; x_wconf 87' lang='lat' dir='ltr'>uos</span> 
     </span>
     <span class='ocr_line' id='line_1_24' title="bbox 317 2542 2358 2594; baseline -0 -11"><span class='ocrx_word' id='word_1_242' title='bbox 317 2547 460 2591; x_wconf 83' lang='lat' dir='ltr'>movit,</span> <span class='ocrx_word' id='word_1_243' title='bbox 483 2555 527 2582; x_wconf 88' lang='lat' dir='ltr'>ut</span> <span class='ocrx_word' id='word_1_244' title='bbox 545 2554 774 2594; x_wconf 80' lang='lat' dir='ltr'>sequentem</span> <span class='ocrx_word' id='word_1_245' title='bbox 797 2544 1079 2593; x_wconf 75' lang='lat' dir='ltr'>expositionem</span> <span class='ocrx_word' id='word_1_246' title='bbox 1106 2545 1204 2580; x_wconf 78' lang='lat' dir='ltr'>inter</span> <span class='ocrx_word' id='word_1_247' title='bbox 1225 2542 1468 2580; x_wconf 81' lang='lat' dir='ltr'>Collectanca</span> <span class='ocrx_word' id='word_1_248' title='bbox 1489 2558 1533 2580; x_wconf 74' lang='lat' dir='ltr'>ex</span> <span class='ocrx_word' id='word_1_249' title='bbox 1556 2544 1741 2581; x_wconf 74' lang='lat' dir='ltr'>Bel-nardi</span> <span class='ocrx_word' id='word_1_250' title='bbox 1771 2544 1956 2594; x_wconf 85' lang='lat' dir='ltr'>operibus</span> <span class='ocrx_word' id='word_1_251' title='bbox 1976 2546 2074 2583; x_wconf 84' lang='lat' dir='ltr'>sacta</span> <span class='ocrx_word' id='word_1_252' title='bbox 2095 2546 2333 2583; x_wconf 87' lang='lat' dir='ltr'>referremus</span> <span class='ocrx_word' id='word_1_253' title='bbox 2349 2575 2358 2592; x_wconf 90' lang='lat'><strong>‚</strong></span> 
     </span>
     <span class='ocr_line' id='line_1_25' title="bbox 317 2607 2362 2660; baseline -0 -12"><span class='ocrx_word' id='word_1_254' title='bbox 317 2619 355 2648; x_wconf 90' lang='lat' dir='ltr'>et</span> <span class='ocrx_word' id='word_1_255' title='bbox 382 2609 543 2660; x_wconf 88' lang='lat' dir='ltr'>quidem</span> <span class='ocrx_word' id='word_1_256' title='bbox 564 2618 650 2658; x_wconf 83' lang='lat' dir='ltr'>post</span> <span class='ocrx_word' id='word_1_257' title='bbox 676 2609 894 2658; x_wconf 81' lang='lat' dir='ltr'>superiores</span> <span class='ocrx_word' id='word_1_258' title='bbox 920 2607 1019 2645; x_wconf 86' lang='lat' dir='ltr'>duos</span> <span class='ocrx_word' id='word_1_259' title='bbox 1047 2607 1249 2645; x_wconf 88' lang='lat' dir='ltr'>Guillelmi</span> <span class='ocrx_word' id='word_1_260' title='bbox 1280 2607 1420 2655; x_wconf 82' lang='lat' dir='ltr'>libros,</span> <span class='ocrx_word' id='word_1_261' title='bbox 1443 2608 1586 2658; x_wconf 76' lang='lat' dir='ltr'>quilius</span> <span class='ocrx_word' id='word_1_262' title='bbox 1608 2608 1813 2658; x_wconf 81' lang='lat' dir='ltr'>subjicitur</span> <span class='ocrx_word' id='word_1_263' title='bbox 1843 2609 1916 2646; x_wconf 90' lang='lat' dir='ltr'>sub</span> <span class='ocrx_word' id='word_1_264' title='bbox 1939 2611 2098 2647; x_wconf 89' lang='lat' dir='ltr'>nomine</span> <span class='ocrx_word' id='word_1_265' title='bbox 2119 2610 2238 2647; x_wconf 85' lang='lat' dir='ltr'>sancti</span> <span class='ocrx_word' id='word_1_266' title='bbox 2265 2609 2362 2647; x_wconf 90' lang='lat' dir='ltr'>Ber-</span> 
     </span>
     <span class='ocr_line' id='line_1_26' title="bbox 318 2672 2360 2722; baseline -0 -11"><span class='ocrx_word' id='word_1_267' title='bbox 318 2674 428 2712; x_wconf 87' lang='lat' dir='ltr'>nardi</span> <span class='ocrx_word' id='word_1_268' title='bbox 453 2675 490 2711; x_wconf 91' lang='lat' dir='ltr'>in</span> <span class='ocrx_word' id='word_1_269' title='bbox 515 2673 642 2711; x_wconf 84' lang='lat' dir='ltr'>codice</span> <span class='ocrx_word' id='word_1_270' title='bbox 665 2673 840 2710; x_wconf 84' lang='lat' dir='ltr'>Dunensi</span> <span class='ocrx_word' id='word_1_271' title='bbox 864 2691 871 2710; x_wconf 90' lang='lat'><strong>:</strong></span> <span class='ocrx_word' id='word_1_272' title='bbox 896 2674 956 2710; x_wconf 86' lang='lat' dir='ltr'>cui</span> <span class='ocrx_word' id='word_1_273' title='bbox 987 2672 1203 2710; x_wconf 84' lang='lat' dir='ltr'>Guillelmo</span> <span class='ocrx_word' id='word_1_274' title='bbox 1224 2674 1251 2709; x_wconf 93' lang='lat' dir='ltr'>si</span> <span class='ocrx_word' id='word_1_275' title='bbox 1273 2674 1361 2722; x_wconf 84' lang='lat' dir='ltr'>quis</span> <span class='ocrx_word' id='word_1_276' title='bbox 1393 2673 1509 2709; x_wconf 82' lang='lat' dir='ltr'>ctiam</span> <span class='ocrx_word' id='word_1_277' title='bbox 1531 2682 1761 2722; x_wconf 81' lang='lat' dir='ltr'>sequentem</span> <span class='ocrx_word' id='word_1_278' title='bbox 1786 2675 2158 2711; x_wconf 84' lang='lat' dir='ltr'>commentationem</span> <span class='ocrx_word' id='word_1_279' title='bbox 2187 2673 2360 2712; x_wconf 81' lang='lat' dir='ltr'>tribuere</span> 
     </span>
     <span class='ocr_line' id='line_1_27' title="bbox 318 2735 2212 2789; baseline -0.001 -13"><span class='ocrx_word' id='word_1_280' title='bbox 318 2738 411 2776; x_wconf 74' lang='lat' dir='ltr'>velit</span> <span class='ocrx_word' id='word_1_281' title='bbox 425 2769 433 2785; x_wconf 94' lang='lat'>,</span> <span class='ocrx_word' id='word_1_282' title='bbox 452 2752 530 2776; x_wconf 90' lang='lat' dir='ltr'>non</span> <span class='ocrx_word' id='word_1_283' title='bbox 555 2738 888 2789; x_wconf 69' lang='lat' dir='ltr'>repugnabimus3</span> <span class='ocrx_word' id='word_1_284' title='bbox 912 2738 1083 2775; x_wconf 79' lang='lat' dir='ltr'>maxime</span> <span class='ocrx_word' id='word_1_285' title='bbox 1097 2768 1105 2784; x_wconf 90' lang='lat'>,</span> <span class='ocrx_word' id='word_1_286' title='bbox 1133 2751 1224 2775; x_wconf 83' lang='lat' dir='ltr'>cum</span> <span class='ocrx_word' id='word_1_287' title='bbox 1250 2736 1360 2774; x_wconf 84' lang='lat' dir='ltr'>stilus</span> <span class='ocrx_word' id='word_1_288' title='bbox 1385 2737 1468 2785; x_wconf 86' lang='lat' dir='ltr'>ejus</span> <span class='ocrx_word' id='word_1_289' title='bbox 1485 2737 1574 2773; x_wconf 82' lang='lat' dir='ltr'>satis</span> <span class='ocrx_word' id='word_1_290' title='bbox 1591 2735 1638 2772; x_wconf 84' lang='lat' dir='ltr'>ad</span> <span class='ocrx_word' id='word_1_291' title='bbox 1660 2736 1864 2774; x_wconf 79' lang='lat' dir='ltr'>Guillelmi</span> <span class='ocrx_word' id='word_1_292' title='bbox 1885 2736 2020 2775; x_wconf 89' lang='lat' dir='ltr'>stilum</span> <span class='ocrx_word' id='word_1_293' title='bbox 2045 2736 2212 2776; x_wconf 87' lang='lat' dir='ltr'>accedat.</span> 
     </span>
    </p>
   </div>
   <div class='ocr_carea' id='block_1_9' title="bbox 1099 2895 1594 2916">
    <p class='ocr_par' dir='ltr' id='par_1_9' title="bbox 1099 2895 1594 2916">
     <span class='ocr_line' id='line_1_28' title="bbox 1099 2895 1594 2916; baseline -0.006 -1"><span class='ocrx_word' id='word_1_294' title='bbox 1099 2896 1289 2915; x_wconf 48' lang='lat' dir='ltr'>——do</span> <span class='ocrx_word' id='word_1_295' title='bbox 1302 2895 1594 2916; x_wconf 34' lang='lat' dir='ltr'>&amp;vhe—W»—</span> 
     </span>
    </p>
   </div>
   <div class='ocr_carea' id='block_1_10' title="bbox 315 3050 2360 3218">
    <p class='ocr_par' dir='ltr' id='par_1_10' title="bbox 315 3050 2360 3218">
     <span class='ocr_line' id='line_1_29' title="bbox 371 3050 2360 3100; baseline -0.001 -12"><span class='ocrx_word' id='word_1_296' title='bbox 371 3055 401 3088; x_wconf 81' lang='grc'>1.</span> <span class='ocrx_word' id='word_1_297' title='bbox 421 3057 510 3089; x_wconf 65' lang='grc' dir='ltr'>ΤΠ-5</span> <span class='ocrx_word' id='word_1_298' title='bbox 533 3060 619 3087; x_wconf 82' lang='lat' dir='ltr'>sunt</span> <span class='ocrx_word' id='word_1_299' title='bbox 639 3059 756 3087; x_wconf 76' lang='lat' dir='ltr'>status</span> <span class='ocrx_word' id='word_1_300' title='bbox 773 3053 909 3087; x_wconf 72' lang='lat' dir='ltr'>amoris</span> <span class='ocrx_word' id='word_1_301' title='bbox 930 3054 992 3089; x_wconf 70' lang='lat' dir='ltr'>nei</span> <span class='ocrx_word' id='word_1_302' title='bbox 1012 3054 1047 3088; x_wconf 86' lang='lat' dir='ltr'>in</span> <span class='ocrx_word' id='word_1_303' title='bbox 1067 3054 1189 3089; x_wconf 81' lang='lat' dir='ltr'>anima</span> <span class='ocrx_word' id='word_1_304' title='bbox 1210 3052 1362 3089; x_wconf 72' lang='lat' dir='ltr'>chri-‘²⁰³</span> <span class='ocrx_word' id='word_1_305' title='bbox 1374 3053 1516 3088; x_wconf 78' lang='lat' dir='ltr'>etualis.</span> <span class='ocrx_word' id='word_1_306' title='bbox 1559 3056 1611 3088; x_wconf 81' lang='lat' dir='ltr'>Dc</span> <span class='ocrx_word' id='word_1_307' title='bbox 1644 3050 1780 3099; x_wconf 77' lang='lat' dir='ltr'>quibus</span> <span class='ocrx_word' id='word_1_308' title='bbox 1822 3052 2006 3087; x_wconf 80' lang='lat' dir='ltr'>Dominus</span> <span class='ocrx_word' id='word_1_309' title='bbox 2045 3052 2078 3087; x_wconf 86' lang='lat' dir='ltr'>in</span> <span class='ocrx_word' id='word_1_310' title='bbox 2117 3053 2317 3100; x_wconf 68' lang='lat' dir='ltr'>Evangelio</span> <span class='ocrx_word' id='word_1_311' title='bbox 2354 3060 2360 3080; x_wconf 92' lang='lat'>:</span> 
     </span>
     <span class='ocr_line' id='line_1_30' title="bbox 315 3112 2360 3159; baseline -0.001 -12"><span class='ocrx_word' id='word_1_312' title='bbox 315 3113 444 3147; x_wconf 39' lang='lat' dir='ltr'>aniana.</span> <span class='ocrx_word' id='word_1_313' title='bbox 477 3112 638 3154; x_wconf 84' lang='lat' dir='ltr'>Primus,</span> <span class='ocrx_word' id='word_1_314' title='bbox 663 3112 842 3147; x_wconf 67' lang='lat' dir='ltr'>sensualis</span> <span class='ocrx_word' id='word_1_315' title='bbox 862 3113 917 3146; x_wconf 62' lang='lat' dir='ltr'>vel</span> <span class='ocrx_word' id='word_1_316' title='bbox 945 3112 1131 3155; x_wconf 39' lang='lat' dir='ltr'>animali„</span> <span class='ocrx_word' id='word_1_317' title='bbox 1164 3125 1300 3147; x_wconf 76' lang='lat' dir='ltr'>secun-</span> <span class='ocrx_word' id='word_1_318' title='bbox 1324 3115 1351 3148; x_wconf 87' lang='grc' dir='ltr'>Α</span> <span class='ocrx_word' id='word_1_319' title='bbox 1375 3114 1512 3159; x_wconf 72' lang='lat' dir='ltr'>Diliges</span> <span class='ocrx_word' id='word_1_320' title='bbox 1535 3114 1734 3146; x_wconf 76' lang='lat' dir='ltr'>Dominum</span> <span class='ocrx_word' id='word_1_321' title='bbox 1753 3113 1867 3144; x_wconf 71' lang='lat' dir='ltr'>Deum</span> <span class='ocrx_word' id='word_1_322' title='bbox 1889 3120 1987 3144; x_wconf 79' lang='lat' dir='ltr'>mum</span> <span class='ocrx_word' id='word_1_323' title='bbox 2006 3125 2053 3145; x_wconf 63' lang='lat' dir='ltr'>(ze</span> <span class='ocrx_word' id='word_1_324' title='bbox 2070 3120 2142 3145; x_wconf 71' lang='lat' dir='ltr'>tuto</span> <span class='ocrx_word' id='word_1_325' title='bbox 2165 3114 2273 3145; x_wconf 62' lang='lat' dir='ltr'>corde</span> <span class='ocrx_word' id='word_1_326' title='bbox 2288 3122 2360 3154; x_wconf 75' lang='lat' dir='ltr'>mo,</span> 
     </span>
     <span class='ocr_line' id='line_1_31' title="bbox 316 3170 2358 3218; baseline 0 -13"><span class='ocrx_word' id='word_1_327' title='bbox 316 3170 404 3215; x_wconf 81' lang='lat' dir='ltr'>(lus,</span> <span class='ocrx_word' id='word_1_328' title='bbox 427 3170 639 3213; x_wconf 77' lang='lat' dir='ltr'>rationalis3</span> <span class='ocrx_word' id='word_1_329' title='bbox 681 3170 828 3213; x_wconf 69' lang='lat' dir='ltr'>tvi-tius,</span> <span class='ocrx_word' id='word_1_330' title='bbox 857 3170 1058 3218; x_wconf 77' lang='lat' dir='ltr'>spiritualis</span> <span class='ocrx_word' id='word_1_331' title='bbox 1082 3172 1135 3206; x_wconf 66' lang='lat' dir='ltr'>w!</span> <span class='ocrx_word' id='word_1_332' title='bbox 1161 3171 1305 3206; x_wconf 75' lang='lat' dir='ltr'>intelle·</span> <span class='ocrx_word' id='word_1_333' title='bbox 1374 3180 1407 3206; x_wconf 74' lang='grc' dir='ltr'>ι’(</span> <span class='ocrx_word' id='word_1_334' title='bbox 1424 3185 1471 3205; x_wconf 63' lang='lat' dir='ltr'>cnr</span> <span class='ocrx_word' id='word_1_335' title='bbox 1493 3180 1566 3205; x_wconf 71' lang='lat' dir='ltr'>lom</span> <span class='ocrx_word' id='word_1_336' title='bbox 1593 3175 1722 3204; x_wconf 71' lang='lat' dir='ltr'>anima</span> <span class='ocrx_word' id='word_1_337' title='bbox 1744 3178 1827 3209; x_wconf 77' lang='lat' dir='ltr'>tua,</span> <span class='ocrx_word' id='word_1_338' title='bbox 1851 3180 1886 3205; x_wconf 67' lang='lat' dir='ltr'>r!</span> <span class='ocrx_word' id='word_1_339' title='bbox 1915 3184 1962 3204; x_wconf 62' lang='lat' dir='ltr'>(nr</span> <span class='ocrx_word' id='word_1_340' title='bbox 1992 3179 2067 3205; x_wconf 74' lang='lat' dir='ltr'>tota</span> <span class='ocrx_word' id='word_1_341' title='bbox 2095 3174 2227 3205; x_wconf 74' lang='lat' dir='ltr'>virum.-</span> <span class='ocrx_word' id='word_1_342' title='bbox 2256 3179 2318 3205; x_wconf 72' lang='lat' dir='ltr'>ltm</span> <span class='ocrx_word' id='word_1_343' title='bbox 2335 3178 2358 3206; x_wconf 90' lang='lat'>¹.</span> 
     </span>
    </p>
   </div>
   <div class='ocr_carea' id='block_1_11' title="bbox 368 3295 691 3325">
    <p class='ocr_par' dir='ltr' id='par_1_11' title="bbox 368 3295 691 3325">
     <span class='ocr_line' id='line_1_32' title="bbox 368 3295 691 3325; baseline -0.019 1"><span class='ocrx_word' id='word_1_344' title='bbox 368 3302 373 3315; x_wconf 93' lang='lat'>&#39;</span> <span class='ocrx_word' id='word_1_345' title='bbox 407 3295 505 3325; x_wconf 50' lang='lat' dir='ltr'>&amp;lauh</span> <span class='ocrx_word' id='word_1_346' title='bbox 545 3306 626 3325; x_wconf 73' lang='lat' dir='ltr'>xxii.</span> <span class='ocrx_word' id='word_1_347' title='bbox 658 3298 691 3321; x_wconf 67' lang='grc'>.’,’</span> 
     </span>
    </p>
   </div>
  </div>
 </body>
</html>
