2418 3949
183 235 257 270 957
938 239 1002 273 DE
1031 239 1262 275 PASSIOhE
1291 241 1479 276 DOMIM.
2159 244 2235 282 958

184 320 280 349 tator
305 313 457 350 Domini
489 317 576 350 Jesu
594 341 603 359 ,
622 313 686 362 qui
714 326 827 363 super
856 314 1043 352 civitatem
1075 315 1234 352 ssevit⁴⁷⁷
1250 325 1330 363 tur,
1358 318 1410 353 sic
1431 326 1534 367 aget3
1557 318 1626 354 erit
1646 319 1852 368 perfectum
1871 319 2011 366 lilium,
2033 328 2069 357 et
2087 321 2237 360 florebit

183 373 446 422 peccatricem,
461 386 533 423 pro
552 372 786 410 occisoribus
800 373 876 410 suis
891 374 1029 420 oravit,
1046 383 1088 411 ut
1103 388 1178 411 non
1195 376 1225 409 A
1244 375 1282 410 in
1299 383 1480 411 aeternum
1499 385 1584 412 ante
1604 378 1809 414 Dominum
1822 406 1830 422 ,
1854 386 1890 414 et
1910 379 1946 414 in
1967 381 2132 417 Domino
2149 395 2235 427 suo,

180 433 358 481 perirent.

237 493 323 529 119.
352 493 423 529 Sed
441 492 517 541 jam
544 493 590 529 ad
614 493 728 528 finem
751 492 856 529 floris
876 492 988 541 hujus
1015 493 1177 543 attinga-

182 564 275 589 mus.
297 553 490 590 Flosculus
507 552 546 587 in
567 551 691 588 medio
712 551 954 588 flosculorum
977 565 1177 588 aureorum

180 612 444 660 praeeminens,
459 611 601 647 caeteris
621 610 796 646 omnibus
810 611 979 659 longior,
998 611 1178 647 Divinita-

181 679 252 707 tem
271 671 412 720 signat,
436 683 519 719 quae
539 678 594 706 est
610 683 723 719 super
745 669 872 706 omnia
897 673 998 706 Deus
1019 669 1177 706 benedi-

178 739 260 767 ctus
275 731 312 766 in
329 730 474 767 saecula.
497 734 626 766 Amen.
643 728 765 766 Habet
779 737 904 764 autem
919 728 979 764 hic
999 728 1176 765 flosculus

177 799 290 840 capnt
307 802 425 825 unum
442 789 683 837 triangulum,
703 801 771 838 per
791 787 894 837 quod
915 788 1076 824 Trinitas
1092 788 1173 837 ipsa

177 849 406 898 designatur.
433 850 562 884 Unum
580 847 679 882 enim
703 855 817 895 caput
837 846 975 883 divinae
994 845 1172 883 substan-

178 909 237 944 tiae
262 908 444 944 unitatem
461 908 595 956 figurat
619 919 627 940 :
656 914 730 942 tres
744 919 835 943 vero
852 906 977 955 anguli
999 906 1171 943 eminen-

177 975 244 1012 tes,
262 975 300 1003 et
312 980 332 1003 a
346 979 385 1003 se
399 965 585 1010 distincti,
606 965 755 1014 signant
770 965 959 1001 Trinitatis
976 978 1170 1015 personas.

176 1028 352 1063 Summus
374 1033 430 1062 est
441 1025 502 1060 hic
515 1024 692 1061 flosculus
708 1024 747 1060 in
761 1024 840 1060 lilio
863 1025 1058 1074 virginali,
1084 1026 1174 1073 quia

1242 442 1279 470 et
1303 434 1341 470 in
1369 448 1510 484 sponso
1534 449 1601 473 suo
1623 450 1630 472 :
1653 445 1690 473 et
1706 438 1890 474 Dominus
1912 451 2000 475 suus
2022 448 2058 476 et
2075 454 2238 491 sponsus

1242 506 1332 529 suus
1361 494 1509 530 florebit
1534 495 1572 530 in
1597 495 1697 544 ipso,
1725 497 1789 545 qui
1816 498 1854 533 in
1880 498 2030 535 hortum
2063 503 2236 539 Ecclesiae

1242 565 1318 588 suae
1337 552 1528 588 descendit
1542 581 1551 597 ,
1574 562 1615 589 ut
1633 555 1719 590 talia
1734 556 1809 592 lilia
1829 557 2031 605 colligeret.

1301 612 1382 647 120.
1406 615 1492 647 Haec
1511 620 1633 648 autem
1662 627 1729 662 per
1749 615 1948 662 quemdam
1970 630 2162 656 excessum
2185 622 2233 658 de

1241 669 1333 705 flore
1357 671 1425 705 lilii
1448 671 1676 719 spiritualis,
1697 686 1773 721 quo
1797 675 1987 723 praecipue
2017 677 2125 714 floret
2150 681 2236 718 vitis

1241 737 1278 764 et
1295 729 1372 765 vita
1391 730 1575 766 Dominus
1591 734 1718 777 Jesus,
1737 732 1774 768 in
1793 734 1947 781 gratiam
1964 735 2148 783 virginum
2161 768 2170 784 ,
2188 741 2236 777 ad

1240 801 1399 836 quarum
1417 789 1588 825 notitiam
1605 790 1706 826 hunc
1725 799 1920 828 tractatum
1942 794 2129 832 credimus
2142 811 2236 835 ven—

1241 855 1386 892 turum,
1413 848 1629 898 diligentius
1660 857 1819 886 tractare
1845 852 2079 900 studuimus;
2110 864 2151 892 ut
2175 857 2235 894 hic

1237 907 1434 943 inveniant
1446 908 1713 957 compendiose
1726 917 1762 944 et
1776 909 1918 946 facilins
1932 913 2122 950 memoriae
2134 928 2235 952 com-

1239 966 1436 1010 mendent,
1460 975 1564 1002 tanto
1584 967 1729 1003 avidius
1757 968 1939 1017 legendo,
1969 980 2112 1018 quanto
2141 973 2235 1011 bre-

1238 1025 1321 1061 vius
1341 1025 1444 1074 quod
1464 1025 1511 1061 ab
1531 1026 1612 1062 aliis
1632 1026 1768 1062 sanctis
1788 1026 1962 1064 Patribus
1980 1029 2152 1068 diffusius
2175 1043 2232 1069 est

175 1086 282 1134 virgo
308 1085 453 1121 domini
473 1097 604 1120 omnes
624 1083 867 1134 cogitationes
885 1097 969 1120 suas
983 1111 993 1131 ‚
1014 1097 1170 1121 omnem
1188 1079 1216 1113 Β
1238 1091 1435 1120 tractatum
1449 1113 1458 1129 ,
1488 1093 1525 1120 et
1547 1085 1675 1121 multis
1703 1085 1881 1132 gravibus
1911 1086 2235 1135 disputationibus

175 1145 408 1180 voluntatem
429 1156 553 1189 suam,
575 1143 701 1179 omnia
722 1142 836 1179 verba
855 1156 940 1189 sua,
961 1143 1089 1179 omnia
1112 1143 1172 1180 fa-

174 1213 231 1240 cta
258 1217 343 1250 sua,
375 1215 525 1240 omnem
555 1202 777 1239 munditiam
804 1215 909 1239 suam
935 1203 1108 1252 corporis
1136 1211 1173 1239 et

173 1263 297 1300 cordis
315 1263 370 1299 sui
387 1263 433 1299 ad
453 1263 637 1299 honorem
654 1262 789 1312 Sponsi
805 1261 966 1298 coelestis
983 1261 1096 1298 debet
1113 1275 1173 1298 re-

174 1324 271 1360 ferre
290 1336 297 1358 :
316 1322 404 1371 quia
419 1321 449 1358 si
469 1321 624 1371 gloriam
642 1321 836 1371 propriam
853 1321 1058 1370 quaesierit,
1077 1321 1167 1357 lam-

173 1382 307 1432 padem
322 1409 331 1426 ‚
349 1381 387 1417 id
405 1389 460 1418 est
477 1394 615 1430 purum
633 1394 792 1431 corpus,
814 1394 891 1417 non
908 1380 1082 1425 habebit3
1102 1381 1167 1417 sed

173 1442 258 1477 oleo
276 1440 412 1476 laetitiae
429 1439 635 1489 spiritualis
652 1448 689 1475 et
704 1440 789 1489 igne
805 1439 996 1476 charitatis
1013 1438 1165 1475 carebit.

173 1500 316 1537 Scimus
332 1508 456 1536 autem
471 1527 480 1544 ,
501 1498 604 1547 quod
621 1499 694 1535 illis
711 1498 921 1548 virginibus
941 1498 1107 1535 dicturus
1121 1499 1169 1535 sit

172 1572 333 1608 sponsus
346 1586 356 1604 ‚
389 1571 473 1607 quae
501 1557 691 1607 lampades
722 1557 918 1594 habebunt
947 1558 1028 1594 sine
1057 1558 1142 1594 oleo
1156 1587 1165 1604 ,

172 1617 331 1654 verbum
346 1616 545 1661 horribile,
566 1629 643 1652 non
661 1617 783 1653 solum
800 1616 931 1653 auditu
946 1644 955 1661 ,
972 1616 1037 1653 sed
1053 1625 1090 1653 et
1105 1629 1169 1652 co-

172 1677 302 1726 gitatu,
323 1678 451 1712 Nescio
467 1690 531 1712 vos
550 1678 577 1711 ¹!
593 1679 623 1713 Ο
639 1675 798 1712 verbum
815 1689 987 1726 asperum
1003 1679 1010 1712 Ξ
1032 1675 1166 1713 Libera

173 1750 242 1774 nos
254 1766 263 1782 ,
284 1736 444 1774 Domine
463 1739 570 1781 Jesu,
587 1735 677 1771 dum
693 1735 814 1771 adhuc
833 1743 981 1784 tempus
1001 1743 1056 1772 est
1072 1735 1168 1772 libe-

171 1795 278 1832 randi
311 1808 379 1831 nos
407 1807 592 1844 pauperes
618 1803 856 1843 peccatores,
882 1808 903 1830 a
933 1795 1068 1843 laqueo
1098 1808 1165 1831 ve-

1237 1151 1498 1192 aggravatum,
1519 1143 1622 1192 quod
1646 1152 1805 1193 propter
1826 1144 2083 1183 difficultatem
2103 1163 2123 1184 a
2142 1151 2235 1186 sim—

1237 1202 1392 1251 plicium
1413 1202 1603 1251 virginum
1620 1202 1781 1251 simplici
1800 1202 1992 1240 intellectu
2013 1218 2087 1241 non
2109 1216 2235 1256 potest

1237 1262 1519 1313 comprehendi.
1547 1265 1623 1299 Nec
1651 1262 1826 1299 timemus
1864 1263 2011 1313 linguas
2041 1265 2233 1304 detracto-

1234 1335 1332 1367 rum,
1353 1322 1557 1358 dicentium
1574 1334 1643 1358 nos
1657 1322 1955 1359 uniformitatem
1971 1326 2138 1364 materiae
2155 1341 2234 1365 non

1233 1394 1421 1428 servasse,
1447 1382 1512 1431 qui
1533 1395 1553 1418 a
1573 1390 1730 1418 tractatu
1751 1382 1845 1419 Vitis
1869 1383 1906 1419 in
1930 1392 2126 1423 tractatum
2147 1389 2233 1425 Lilii

1233 1441 1480 1477 ceciderimus
1511 1456 1518 1477 :
1547 1442 1612 1490 qui
1637 1448 1650 1463 ³
1674 1454 1746 1490 pro
1775 1451 1878 1478 certo
1901 1443 2062 1481 sciamus
2079 1474 2088 1490 ‚
2123 1459 2192 1483 nos
2212 1462 2233 1483 a

1234 1500 1412 1536 charitate
1434 1509 1470 1536 et
1489 1499 1719 1549 benignitate
1738 1500 1873 1536 Christi
1888 1530 1896 1546 ‚
1918 1502 2094 1539 nimirum
2118 1505 2232 1554 virgi-

1235 1573 1323 1595 num
1344 1560 1497 1609 sponsi,
1527 1559 1785 1604 excusandos,
1811 1560 1871 1595 cui
1905 1562 1942 1596 in
1972 1561 2043 1597 hoc
2071 1571 2230 1600 tractatu

1235 1619 1485 1664 confitemur,
1509 1619 1604 1655 sicut
1622 1619 1865 1668 intelligimus
1881 1647 1889 1663 ,
1917 1619 2169 1669 subservisse,
2192 1624 2230 1660 in

1232 1676 1339 1726 cujus
1360 1691 1473 1714 manu
1493 1690 1622 1713 sumus
1643 1686 1680 1713 et
1700 1690 1769 1713 nos
1783 1706 1792 1723 ‚
1813 1686 1850 1713 et
1872 1690 2064 1716 sermones
2086 1683 2229 1727 nostri,

1232 1749 1343 1785 quein
1368 1745 1409 1772 ut
1437 1737 1594 1773 firmiter
1620 1749 1834 1786 speramus,
1864 1737 1902 1772 in
1928 1737 2040 1786 hujus
2067 1742 2230 1777 materise

1234 1802 1394 1831 tractatu
1412 1794 1530 1831 secuti
1556 1807 1706 1838 sumus,
1728 1808 1804 1831 non
1825 1796 1981 1844 gloriam
2001 1796 2200 1835 doctorum
2218 1828 2227 1844 ‚

171 1855 364 1898 nantium,
384 1865 431 1888 ne
449 1852 689 1901 postmodum
706 1852 800 1888 illud
817 1851 976 1889 verbum
992 1866 1167 1904 asperum
1188 1855 1214 1890 C
1234 1854 1300 1890 sed
1322 1854 1485 1890 fructum
1507 1854 1732 1890 discentium
1758 1856 2006 1904 requirentes
2030 1860 2231 1894 Verumta-

170 1913 378 1950 audiamus.
396 1912 560 1957 Scimus,
579 1912 683 1961 quod
697 1912 935 1949 adversarius
952 1922 1080 1950 noster
1093 1927 1170 1951 ser-

171 1985 265 2023 pens
286 1973 348 2008 ille
368 1972 616 2008 astutissimus
637 1971 933 2008 innumerabiles
950 1981 986 2008 et
1004 1972 1168 2009 subtilis-

171 2034 286 2070 simos
306 2033 460 2081 laqueos
480 2031 590 2068 nobis
611 2031 807 2077 obtendit3
839 2040 879 2068 ut
901 2045 998 2080 quos
1019 2046 1038 2068 a
1058 2031 1169 2069 bonis

172 2092 351 2142 operibus
371 2105 444 2127 non
463 2100 588 2141 potest
604 2100 774 2128 avertere
786 2121 795 2138 ‚
813 2092 940 2141 pravis
957 2093 1169 2141 suggestio—

172 2151 283 2188 nibus
307 2151 354 2188 de
382 2150 492 2188 bonis
513 2152 642 2188 saltem
665 2151 772 2187 saciat
792 2150 970 2200 operibus
997 2151 1163 2201 gloriari.

172 2216 218 2248 Et
237 2210 430 2260 quomodo
452 2220 560 2260 putas
578 2224 662 2247 eum
683 2211 858 2256 fremere,
875 2211 1069 2259 quomodo
1085 2213 1166 2247 stri-

171 2271 260 2307 dere
281 2270 459 2307 dentibus
472 2271 548 2307 suis
560 2300 568 2314 ,
584 2284 668 2307 cum
684 2271 786 2307 videt
803 2271 1042 2319 virgunculas
1061 2280 1168 2308 tene-

171 2343 229 2367 ras
259 2343 279 2366 a
308 2330 441 2379 primis
461 2331 629 2366 insantiae
655 2344 732 2367 snae
759 2330 984 2367 rudimentis
1010 2345 1168 2381 regnum

171 2389 323 2435 mundi,
339 2397 375 2425 ct
395 2402 545 2425 omnem
568 2397 743 2426 ornatum
765 2390 892 2426 saeculi
909 2398 1164 2435 contemnere,

169 2457 206 2486 et
238 2458 311 2486 tam
337 2448 449 2484 altam
478 2448 647 2484 semitam
674 2448 902 2498 virginitatis
933 2448 1162 2486 ascendere?

169 2512 336 2556 Quantas
358 2507 462 2544 illum
484 2516 594 2557 putas
618 2507 770 2544 insidias
796 2507 950 2544 tendere
979 2521 1078 2545 nunc
1100 2522 1162 2544 ra-

169 2567 263 2612 dici,
289 2581 390 2603 nunc
414 2575 570 2611 trunco,
594 2579 695 2602 nunc
716 2567 812 2603 foliis
829 2566 944 2612 albis,
969 2581 1068 2604 nunc
1091 2568 1163 2604 sso-

1235 1926 1320 1949 men
1336 1942 1345 1959 ,
1374 1922 1556 1962 quantum
1578 1914 1765 1963 intelligO,
1788 1927 1863 1950 non
1885 1916 2003 1965 magis
2025 1916 2133 1953 floret
2156 1919 2232 1955 ullo

1235 1972 1362 2021 aliquo
1392 1973 1483 2008 ssore
1507 1972 1601 2009 Vitis
1626 1980 1772 2018 nostra,
1794 1986 1870 2009 non
1892 1974 2045 2010 alterius
2075 1976 2234 2026 alicujus

1235 2031 1338 2068 floris
1355 2040 1428 2067 tam
1445 2031 1596 2067 attrahit
1612 2031 1871 2080 fragrantiam,
1889 2046 2002 2081 quam
2022 2034 2134 2083 hujus
2153 2037 2233 2083 lilii,

1233 2090 1270 2127 id
1295 2099 1349 2127 est
1373 2091 1521 2127 virtutis
1544 2091 1737 2140 virginalis
1751 2119 1760 2137 ,
1784 2092 1890 2140 cujus
1911 2105 2039 2129 amore
2059 2102 2113 2130 tot
2134 2096 2230 2131 ado-

1234 2150 1448 2187 lescentulae
1473 2159 1640 2187 attractae
1656 2179 1664 2195 ‚
1687 2159 1759 2187 tam
1787 2151 1991 2188 liberaliter
2009 2163 2167 2190 currunt
2192 2156 2230 2192 in

1233 2209 1349 2246 odore
1366 2218 1644 2259 unguentorum
1660 2211 1812 2259 sponsi,
1830 2224 1921 2247 voce
1937 2212 2046 2248 simul
2065 2222 2100 2249 et
2117 2228 2232 2264 opere

1235 2271 1437 2306 clamantes
1457 2285 1464 2306 :
1490 2271 1604 2306 Tralze
1623 2284 1687 2304 nos
1701 2280 1792 2318 post
1811 2279 1862 2314 te,
1884 2276 1920 2306 ιή
1939 2274 2050 2308 adore
2071 2286 2235 2322 unguen-

1236 2338 1353 2364 torum
1374 2338 1521 2364 tuorum
1540 2343 1727 2365 curremus
1746 2327 1771 2365 3.
1794 2330 1895 2377 Quid
1912 2331 2011 2366 enim
2030 2342 2158 2368 amant
2178 2342 2234 2370 tot

1234 2388 1423 2437 virginum
1457 2388 1570 2423 millia
1600 2388 1730 2424 mundi
1760 2388 1955 2425 illecebras
1985 2393 2233 2439 spernentia?

1231 2447 1322 2496 quid
1337 2475 1346 2492 ‚
1369 2448 1543 2495 inquam,
1565 2455 1639 2483 tam
1658 2456 1785 2483 amant
1803 2448 1839 2483 in
1860 2461 2000 2497 sponso
2020 2463 2106 2495 stu),
2124 2452 2231 2501 cujus

1232 2507 1380 2542 virtutis
1398 2506 1646 2542 delectatione
1660 2506 1903 2542 attrahuntur
1917 2535 1925 2551 ,
1942 2521 2054 2556 quam
2073 2509 2229 2547 odorem

1230 2566 1318 2611 lilii,
1341 2565 1375 2601 id
1404 2574 1460 2602 est
1479 2578 1646 2601 amorem
1675 2566 1921 2614 virginitatis?
1948 2567 2113 2603 Licuerit
2141 2582 2230 2618 ergo

167 2626 280 2662 scutis
300 2626 422 2662 aureis
443 2625 510 2660 lilii
533 2626 775 2674 virginitatis,
799 2634 840 2662 ut
863 2626 1018 2663 inducat
1037 2640 1098 2664 cas
1124 2627 1162 2663 in
1178 2633 1211 2666 D
1230 2623 1339 2661 nobis
1368 2625 1469 2660 hunc
1497 2625 1627 2661 ssorem
1654 2625 1891 2673 potissimum
1923 2626 1958 2660 in
1990 2627 2072 2662 vite
2103 2637 2231 2664 nostra

167 2687 294 2735 aliquo
312 2685 500 2722 bonorum
521 2697 679 2734 operum
700 2697 869 2733 quaerere
890 2686 1046 2733 gloriam
1070 2699 1163 2734 pro-

168 2745 313 2794 priam,
342 2757 389 2780 ne
408 2743 455 2780 ad
484 2743 706 2793 virginitatis
727 2757 882 2780 summa:
908 2745 1051 2794 apicem
1077 2759 1165 2795 per-

168 2805 341 2853 tingant?
361 2803 432 2841 Sed
461 2803 567 2853 virgo
587 2803 722 2840 Christi
744 2816 893 2853 semper
920 2804 1097 2853 respiciat
1126 2805 1165 2840 in

166 2864 295 2900 faeiem
309 2863 437 2913 sponsi
452 2863 523 2908 sui,
541 2871 582 2899 ut
594 2863 720 2899 omnia
737 2863 843 2899 faciat
861 2867 1164 2913 propteripstun‚

165 2925 292 2960 onmia
318 2923 364 2960 ad
400 2924 521 2972 ipsum
557 2923 718 2969 reserat,
749 2924 786 2959 in
816 2923 995 2961 omnibus
1022 2932 1168 2974 quaerat

165 2983 312 3032 ipsum,
342 2983 471 3019 dicens
498 2995 582 3018 cum
611 2982 692 3031 ipso
721 2997 728 3018 :
758 2985 837 3030 Ego
859 2986 1019 3031 gloriam
1046 2997 1165 3019 meam

166 3057 239 3078 ηυη
261 3057 387 3091 qawm
410 3049 442 3087 ²;
465 3042 529 3078 sed
553 3042 763 3079 honorifico
788 3043 990 3080 Dominum
1015 3057 1159 3087 meum,

166 3110 203 3137 et
230 3103 308 3151 ipse
334 3102 599 3138 honorificabit
625 3116 710 3148 mc3
740 3103 827 3151 quia
853 3104 931 3153 ipse
951 3104 1053 3139 solus
1079 3116 1159 3138 sus-

166 3169 297 3209 ceptor
319 3175 422 3197 meus
439 3170 474 3197 et
494 3162 612 3209 gloria
635 3175 716 3198 men
733 3190 742 3205 ,
765 3163 830 3210 qui
851 3162 1030 3197 exaltabit.
1048 3169 1160 3209 caput

166 3232 312 3264 meum,
331 3220 449 3257 duleis
462 3224 581 3257 Jesus.
600 3222 635 3259 Si
655 3221 739 3270 quis
755 3221 944 3270 virginum
963 3221 1014 3257 sie
1030 3221 1159 3269 loque—

218 3353 223 3365 ¹
246 3346 356 3377 Mauh.
375 3359 452 3385 xxv,
476 3351 524 3378 12.
548 3366 582 3369 —
607 3355 617 3369 ²
636 3351 727 3379 Joan.
749 3360 833 3385 viii,
858 3352 909 3378 50.
929 3366 968 3371 »μ

996 3346 1008 3367 3
1023 3347 1240 3383 (tannc.1‚:3.

1231 2684 1520 2728 commendare,
1551 2697 1627 2732 quo
1652 2684 1776 2719 nullus
1798 2684 2019 2732 prctioshir,
2046 2699 2112 2722 nec
2142 2701 2230 2735 spe—

1233 2744 1373 2780 ciosior
1399 2752 1453 2779 est
1477 2743 1512 2778 in
1544 2744 1621 2792 ipsa
1648 2743 1734 2778 rite.
1762 2746 1871 2779 lN'une
1908 2753 2031 2779 autem
2061 2745 2106 2780 ad
2137 2747 2228 2782 alios

1233 2803 1541 2852 compendiosius
1563 2801 1777 2838 tractandos
1798 2810 2040 2838 transeanmS.

1532 2933 1708 2971 CAPl'T
1738 2934 1935 2973 XXXIII.

1301 3052 1345 3079 no
1363 3048 1436 3077 {lore
1450 3046 1609 3077 eharitatis
1623 3071 1631 3085 ,
1654 3059 1706 3078 seu
1725 3059 1791 3079 rosa
1813 3048 1947 3080 rubente
1964 3057 1992 3080 et
2013 3051 2152 3084 ardente.

1288 3159 1369 3194 121.
1395 3159 1514 3194 Floret
1535 3159 1571 3194 in
1590 3160 1671 3195 x'ite
1687 3169 1834 3204 nostra,
1857 3160 2020 3210 benigno
2036 3167 2121 3199 Jesu
2138 3193 2146 3209 ,
2166 3166 2224 3200 ni-

1229 3219 1431 3255 hilominus
1457 3232 1539 3256 rosa
1561 3218 1702 3256 rubens
1722 3229 1757 3256 et
1779 3221 1915 3257 ardens
1938 3237 1943 3257 :
1972 3222 2110 3260 rubens
2138 3238 2222 3260 san-

1644 3350 1654 3363 ³
1676 3350 1780 3377 ltorst.
1802 3359 1879 3377 clun.
1912 3372 1915 3385 Ι
