2418 3949
219 237 292 274 833

216 313 359 360 suavis,
382 326 405 349 o
425 313 564 358 dulcis,
590 327 612 349 o
639 326 745 350 amor
775 317 898 359 Deus,
933 315 1023 364 quid
1055 315 1200 352 dulcius

887 239 1168 275 TRACTATUS
1196 240 1259 274 DE
1289 240 1577 275 CtlARITATE,

2183 236 2254 271 834

1267 316 1450 349 charitate
1469 319 1563 359 Dei,
1583 329 1669 362 (μα’
1683 324 1734 350 est
1748 321 1786 351 iti
1810 316 1947 352 Christo
1967 314 2090 351 Jestffl'⁸
2109 316 2258 361 Moyses

215 372 308 422 quid
326 373 494 420 suavius,
514 373 605 422 quid
626 373 844 419 amabilius,
866 388 978 423 quam
995 388 1145 421 vacare,
1166 382 1203 411 et
1222 376 1250 408 A
1268 374 1420 409 innixus
1441 381 1513 408 tam
1530 374 1656 409 solidae
1673 374 1866 419 charitati,
1895 373 2087 424 praeelegit
2101 372 2146 408 de
2162 370 2258 406 libro

216 432 342 470 videre
353 441 534 482 quantum
553 446 622 470 nos
637 434 843 470 amaveris?
859 437 978 481 Quam
992 435 1052 484 pie
1064 463 1073 481 ,
1090 447 1203 483 quam

215 493 509 530 misericorditer
533 493 570 529 in
594 494 841 543 conceptione
872 503 909 531 et
928 495 1121 531 nativitate
1143 503 1204 530 tua

216 560 252 588 te
271 552 446 602 dignatus
462 553 510 589 sis
527 553 743 599 exinanire,
764 566 883 603 usque
903 554 948 590 ad
969 553 1204 590 infirmitates

214 612 392 649 infantilis
423 614 590 649 naturae?
618 616 738 661 Quam
767 612 953 662 benigne,
977 625 1088 661 quam
1116 612 1204 648 dili—

213 680 346 719 genter
367 685 436 709 nos
452 672 550 708 viam
572 672 658 708 vitae
674 671 793 709 verbo
808 680 845 708 et
864 672 1039 721 exemplo
1063 672 1204 707 docue-

214 730 288 766 ris?
311 734 459 778 Quanta
477 730 694 779 dignatione
722 739 756 767 te
776 744 846 780 pro
870 731 979 767 nobis
1001 731 1112 767 morti
1137 730 1205 766 ob-

215 789 368 825 tuleris?
393 789 593 836 Quomodo
622 803 821 839 resurgens
840 790 878 826 in
899 791 1056 839 gloriam
1078 798 1178 826 tuam
1192 819 1201 835 ,

212 856 382 884 naturam
401 849 634 897 reparaveris
651 849 872 896 humanam,
891 858 928 886 et
946 849 1149 887 ascendens
1164 850 1202 885 in

212 906 368 951 coelum,
391 919 472 943 eam
494 907 533 943 in
557 907 695 944 throno
716 908 918 956 majestatis
947 917 1018 946 tuae
1044 909 1202 945 colloca-

210 966 310 1002 veris
330 966 557 1015 gloriosam?
577 966 675 1014 Quid
698 967 840 1003 felicius
857 996 867 1014 ,
889 968 978 1017 quid
996 968 1202 1017 jucundius

211 1022 366 1061 sabbato
383 1025 480 1061 illius
497 1025 643 1070 animae,
660 1038 744 1074 quae
761 1027 1078 1076 contemplatione
1095 1035 1131 1063 et
1147 1026 1202 1062 di-

1269 445 1381 481 quem
1402 432 1549 481 scripsit
1566 433 1770 476 Dominus,
1795 433 1927 478 deleri,
1953 446 2065 482 quam
2080 430 2259 467 sustineat

1269 490 1338 527 sibi
1357 491 1540 528 creditum
1567 492 1694 528 divina
1710 492 1965 541 indignatione
1987 491 2170 542 populum
2190 488 2258 524 de-

1268 549 1370 586 leri⁵.
1391 554 1466 587 Hac
1481 550 1761 599 inexpugnabili
1789 564 1872 587 arce
1898 552 2064 587 munitus
2090 549 2258 587 Ezechiel

1270 610 1306 646 in
1340 611 1548 648 Chaldaeam
1578 625 1585 646 z
1622 612 1800 647 Jeremias
1828 612 1865 647 in
1902 615 2104 660 AEgyptum
2143 610 2259 646 fretus

1269 670 1374 706 istius
1408 670 1566 706 tuitione
1593 669 1799 706 descendit.
1834 670 1906 706 Job
1928 672 2039 706 frater
2055 670 2257 706 draconum

1270 742 1338 778 per
1366 729 1462 764 hanc
1493 729 1572 764 sine
1602 729 1757 777 periculi
1789 730 2002 778 suspicione
2029 730 2145 765 factus
2166 728 2257 765 esst.

1269 788 1390 824 David
1418 786 1487 823 sub
1516 787 1622 823 istius
1649 787 1783 823 umbra
1812 801 1964 824 securus
1993 801 2060 837 per
2088 787 2258 823 umbram

1269 847 1400 883 mortis
1419 846 1592 882 incedere
1613 859 1690 881 non
1720 853 1884 881 veretur.
1919 848 2010 883 Cum
2037 845 2137 881 enim
2157 848 2258 881 Deus

1267 907 1314 943 sit
1328 906 1525 951 charita57,
1550 906 1620 942 scit
1639 905 1740 954 quod
1764 904 1828 941 ubi
1848 906 1895 941 sit
1920 906 2100 950 charitas,
2132 903 2183 940 ibi
2203 912 2259 939 est

1266 970 1380 1003 Deus.
1399 968 1440 1002 Si
1453 965 1705 1008 ambulavero,
1730 964 1877 1013 inquit,
1911 969 1947 999 in
1970 966 2088 999 medio
2115 963 2259 998 unzbrae

1267 1030 1413 1069 mortis,
1446 1038 1518 1060 uon
1539 1024 1672 1060 timebo
1692 1027 1794 1059 nzalu
1808 1051 1819 1068 ,
1848 1028 2025 1070 qnoniam
2054 1032 2091 1058 tu
2116 1035 2257 1057 mecum

211 1083 370 1120 lectione
385 1085 592 1122 Dominum
610 1086 947 1135 comprehendens,
967 1095 1004 1123 et
1019 1087 1199 1136 quasdam
1220 1080 1247 1114 Β
1267 1085 1342 1122 638.

211 1141 348 1179 divinae
379 1143 571 1180 suavitatis
599 1144 850 1194 experientias
881 1146 918 1181 in
948 1158 986 1182 se
1012 1146 1199 1192 formans,

209 1200 462 1238 inaestimabili
487 1202 623 1252 gaudio
652 1212 789 1240 sanctae
815 1204 1003 1241 fruitionis
1026 1205 1200 1250 aflicitur,

209 1259 298 1296 dum
319 1273 340 1296 a
356 1273 394 1297 se
411 1261 654 1311 peregrinans
666 1261 744 1311 jam
760 1263 797 1299 in
811 1264 911 1300 coelis
924 1263 1067 1301 habitat
1081 1293 1090 1308 ,
1111 1273 1145 1300 et
1163 1265 1201 1300 in

208 1320 390 1356 memoria
415 1319 656 1357 abundantiae
682 1322 874 1359 suavitatis
898 1323 966 1359 Dei
987 1324 1147 1360 exsultat
1166 1331 1203 1360 et

202 1377 368 1428 jubilat?
384 1382 415 1417 O
432 1380 538 1429 quies
552 1381 720 1430 pacifica,
735 1394 757 1417 ο
771 1380 968 1418 sabbatum
983 1382 1197 1427 delicatum,

208 1451 232 1474 ο
262 1437 423 1475 dulcedo
453 1439 662 1487 charitatis,
683 1454 767 1490 quae
789 1441 951 1478 animam
984 1442 1199 1492 diligentem

207 1501 350 1544 Deum,
370 1511 489 1548 usque
505 1499 541 1535 in
561 1500 739 1537 altissima
759 1499 840 1549 ejus
860 1501 1044 1550 magnalia
1063 1515 1200 1551 prove—

207 1556 292 1603 hit,
324 1567 620 1608 provectamque
657 1560 755 1596 inter
791 1561 1006 1609 voluptates
1040 1569 1199 1597 aeternas

208 1617 444 1666 requiescere
467 1618 574 1655 facit!
599 1620 809 1657 Feriatione
833 1619 945 1668 hujus
969 1618 1114 1657 sabbati
1139 1629 1198 1656 to-

208 1683 267 1712 tus
287 1676 402 1713 hoino
426 1678 585 1715 interior
611 1679 819 1726 hilarescit,
845 1679 927 1728 ejus
955 1680 1201 1729 intelligentia

207 1744 425 1782 serenatur,
451 1738 670 1775 affectiones
708 1738 950 1785 dulcescunt,
984 1748 1021 1775 et
1069 1748 1198 1776 sancta

206 1794 391 1833 desideria
418 1797 457 1833 in
482 1801 563 1834 Deo
588 1799 750 1847 quadam
779 1799 956 1835 fruitione
990 1799 1200 1836 felicissima

1320 1146 1383 1181 61.
1406 1144 1541 1180 Infelix
1575 1156 1664 1193 ego,
1700 1142 1814 1178 dilexi
1846 1142 2024 1178 haetenus
2046 1141 2256 1185 mundum;

1267 1204 1506 1241 dilectionem
1525 1212 1625 1240 tuam
1639 1232 1648 1248 ‚
1663 1206 1765 1240 Deus
1778 1231 1787 1247 ,
1811 1203 1930 1238 amori
1953 1201 2144 1237 mundano
2156 1210 2259 1250 post-

1268 1263 1395 1301 habui.
1416 1266 1524 1299 Nunc
1541 1276 1561 1299 e
1583 1263 1733 1299 diverso
1750 1262 1858 1307 facis,
1879 1260 2086 1298 secundum
2111 1260 2261 1296 divitias

1268 1322 1535 1360 misericordiae
1558 1330 1629 1358 tuae
1644 1350 1653 1366 ‚
1676 1329 1715 1357 ut
1735 1329 1770 1357 te
1798 1320 1967 1369 diligam,
2000 1319 2261 1368 mundumque

1265 1391 1302 1420 et
1329 1381 1455 1418 omnia
1475 1394 1558 1430 quae
1588 1381 1624 1416 in
1655 1393 1700 1416 eo
1731 1388 1841 1425 sunt,
1869 1392 1947 1429 prae
1970 1387 2033 1414 tua
2060 1378 2260 1415 dilectione

1264 1449 1524 1486 contemnam3
1562 1438 1723 1475 fastidiat
1750 1439 1874 1475 anima
1902 1450 1985 1474 mea
2014 1438 2051 1473 in
2073 1436 2260 1473 desiderio

1266 1502 1338 1546 tui,
1366 1504 1487 1544 Deus,
1519 1499 1655 1535 coelum
1681 1506 1718 1534 et
1737 1506 1893 1542 terram,
1919 1505 1956 1532 et
1977 1496 2102 1532 omnia
2122 1496 2259 1545 quaein

1265 1574 1310 1597 eo
1325 1568 1424 1597 sunt.
1441 1558 1539 1606 Quid
1557 1558 1658 1594 enim
1676 1557 1768 1593 mihi
1781 1557 1882 1594 estin
1902 1556 2017 1600 coelo,
2038 1564 2074 1591 et
2089 1569 2110 1592 a
2123 1564 2157 1592 te
2168 1556 2258 1604 quid

1266 1620 1368 1657 volui
1397 1632 1510 1669 super
1530 1626 1665 1654 terram
1685 1619 1699 1653 Ρ
1724 1620 1826 1653 Deus
1850 1615 1973 1652 cordis
2000 1615 2095 1659 mei,
2117 1623 2154 1651 et
2174 1628 2260 1664 pars

1268 1692 1349 1716 mea
1374 1683 1475 1716 Deus
1492 1678 1529 1714 in
1551 1683 1773 1713 aeternum‘J.
1806 1676 1962 1712 Deliciat
1986 1674 2024 1710 in
2044 1686 2172 1710 amore
2194 1682 2259 1709 tuo

1265 1748 1301 1776 et
1318 1740 1498 1788 liquescat
1516 1737 1639 1773 anima
1657 1748 1755 1780 mea,
1780 1743 1821 1770 ut
1841 1735 1878 1770 in
1900 1732 2109 1769 deficiendo
2133 1746 2179 1768 ex
2200 1745 2259 1768 me

1265 1799 1437 1848 spiritum
1457 1809 1580 1832 meum
1594 1802 1634 1841 ¹⁰,
1649 1795 1803 1844 psallam
1819 1802 1856 1830 et
1873 1801 2018 1829 cantem
2041 1791 2107 1828 tibi
2121 1793 2260 1828 amoris

204 1855 460 1892 resolvuntur.
490 1859 522 1895 Ο
546 1871 672 1904 mane,
695 1872 717 1894 ο
747 1858 847 1905 dies,
881 1871 965 1908 quae
1001 1859 1133 1894 melior
1162 1872 1201 1895 es
1219 1861 1245 1896 C
1266 1858 1416 1894 delicias
1438 1864 1474 1892 et
1501 1855 1650 1891 divitias
1671 1853 1860 1890 charitatis
1884 1852 2025 1902 ipsius,
2055 1865 2123 1901 per
2145 1865 2256 1900 quam

202 1912 240 1949 in
261 1915 365 1952 atriis
382 1916 554 1962 Domini,
573 1930 686 1967 super
706 1918 841 1954 millia¹
861 1920 867 1953 !
889 1921 920 1955 Ο
938 1917 1118 1968 splendor
1142 1919 1195 1955 lu-

204 1971 255 2007 cis
276 1981 313 2008 et
330 1973 444 2010 ardor
463 1975 653 2012 charitatis
665 2005 675 2022 ,
692 1989 776 2026 quae
794 1977 1001 2013 inflammat
1016 1978 1196 2026 Angelos,

203 2039 240 2067 et
275 2032 438 2070 illustrat
468 2034 648 2072 interiora
677 2044 892 2073 sanctorum
916 2039 923 2072 !
958 2039 989 2074 Ο
1023 2038 1198 2086 praeclara

203 2090 419 2129 solemnitas
447 2101 484 2129 et
508 2093 677 2143 jucunda
711 2096 900 2145 pausatiO,
933 2104 969 2132 et
1001 2094 1196 2133 sabbatum

203 2147 404 2187 delicatum
422 2154 429 2187 !
450 2155 482 2190 Ο
507 2152 705 2191 sabbatum
726 2156 931 2205 gloriosum
951 2159 958 2192 l

257 2209 319 2246 60.
346 2213 392 2246 Et
415 2224 499 2260 quae
528 2214 646 2262 gloria
676 2214 869 2252 delicatior
885 2224 947 2252 aut
963 2215 1196 2252 desiderabi-

201 2266 274 2304 lior
288 2277 411 2318 potest
425 2284 505 2308 csse
516 2301 526 2318 ,
542 2286 652 2322 quam
670 2277 750 2310 Deo
762 2274 978 2311 medullitus
998 2275 1195 2321 inhaerere,

201 2334 238 2362 et
259 2325 400 2376 jactare
421 2330 458 2366 in
491 2344 577 2367 eum
606 2346 738 2369 omnes
764 2334 948 2382 cogitatus
978 2343 1015 2370 et
1042 2335 1196 2372 affectus

200 2398 288 2423 suos
301 2415 310 2430 ,
340 2396 453 2437 atque
471 2389 509 2426 in
528 2390 730 2429 dilectione
749 2393 868 2442 ipsius
888 2393 1062 2444 colligere
1085 2403 1196 2430 tantae

199 2446 435 2485 certitudinis
455 2449 615 2497 fructus,
630 2459 672 2487 ut
689 2451 734 2488 de
752 2452 870 2488 salute
885 2453 1018 2488 animae
1034 2466 1110 2489 suae
1123 2482 1132 2498 ,
1149 2453 1195 2489 de

199 2506 390 2543 consortio
412 2509 639 2557 Angelorum
658 2539 667 2556 ,
688 2519 800 2559 atque
825 2511 872 2547 de
892 2512 953 2547 illa
973 2512 1195 2548 intermina—

198 2561 264 2598 bili
288 2565 538 2604 exsultatione
552 2597 561 2613 ,
584 2582 668 2618 quae
697 2569 940 2620 diligentibus
960 2575 1080 2608 Deum
1101 2584 1194 2621 prae-

1263 1925 1430 1954 torrente
1445 1914 1653 1964 voluptatis
1668 1921 1846 1964 potantur
1866 1920 2016 1948 aeternae
2031 1918 2074 1957 ¹¹,
2093 1925 2257 1960 quorum

1262 1976 1410 2013 affectio
1443 1986 1595 2024 prorsus
1623 1986 1644 2009 a
1671 1981 1734 2009 tua
1763 1972 1965 2008 dilectione
1992 1970 2169 2021 absorpta
2189 1981 2255 2008 est.

1263 2036 1365 2072 Sicut
1393 2034 1492 2070 enim
1512 2033 1651 2069 ferrum
1678 2031 1839 2081 ignitum
1866 2031 1904 2066 in
1929 2029 2131 2079 quamdam
2163 2030 2258 2078 ignis

1264 2095 1462 2133 essentiam
1498 2091 1653 2137 transit;
1682 2100 1719 2128 et
1749 2091 1845 2127 sicut
1863 2090 2008 2140 guttula
2040 2102 2148 2139 aquae
2178 2089 2255 2124 vini

1263 2155 1367 2192 dolio
1390 2154 1531 2197 infusa,
1567 2165 1633 2189 sua
1666 2150 1896 2200 insipiditate
1925 2148 2096 2199 deposita
2125 2161 2255 2185 essen—

1266 2215 1354 2251 tiam
1385 2213 1551 2250 melioris
1578 2210 1796 2247 substantiae
1815 2209 1990 2253 assumit,
2015 2217 2051 2244 et
2071 2208 2167 2244 sieut
2193 2221 2257 2244 aer

1262 2274 1375 2311 solari
1399 2271 1600 2322 splendore
1619 2270 1816 2319 perfusus,
1843 2276 1944 2304 totus
1970 2276 2025 2304 est
2047 2267 2253 2317 splendor:

1262 2334 1314 2371 sic
1331 2334 1486 2383 spiritus
1501 2330 1664 2367 hominis
1685 2329 1816 2365 divino
1834 2340 1962 2364 amore
1989 2327 2145 2364 affectus
2158 2355 2168 2372 ‚
2196 2336 2254 2363 to-

1263 2401 1322 2430 tus
1349 2401 1406 2429 est
1422 2404 1539 2428 amor.
1573 2389 1756 2436 Quocirca
1772 2388 1837 2437 qni
1865 2391 1986 2424 Deum
2014 2386 2158 2436 diligit,
2184 2387 2253 2423 sibi

1262 2461 1434 2488 mortuus
1452 2459 1527 2495 est,
1547 2457 1584 2485 et
1603 2449 1671 2485 soli
1685 2451 1766 2484 Deo
1783 2447 1938 2491 vivens,
1959 2445 2254 2495 quodammodo,

1262 2519 1302 2548 ut
1335 2511 1384 2547 ita
1411 2509 1591 2552 dixerim,
1630 2506 1929 2544 consubstantiat
1963 2518 2002 2541 se
2031 2505 2182 2541 dilecto.
2218 2506 2254 2543 si

1261 2571 1361 2607 enim
1385 2570 1520 2607 animae
1543 2567 1665 2604 David
1688 2565 1947 2615 conglutinata
1973 2573 2028 2601 est
2046 2564 2169 2600 anima
2186 2567 2254 2600 Jo-

200 2631 328 2670 parata
356 2633 432 2670 est,
453 2627 667 2665 nullatenus
691 2638 864 2678 oporteat
885 2630 1079 2667 haesitare?
1100 2634 1194 2667 Pro·
1211 2640 1244 2673 D
1261 2630 1384 2667 nathae
1399 2635 1442 2674 ¹²,
1458 2637 1522 2664 aut
1537 2628 1566 2663 si
1581 2628 1609 2663 is
1626 2626 1691 2675 qui
1706 2625 1871 2661 adiiceret
1890 2628 1968 2660 Deo
1984 2636 2082 2659 unus
2098 2623 2253 2672 spiritus

199 2688 325 2729 pterea
360 2682 463 2720 ibant
497 2687 670 2734 Apostoli
703 2688 909 2736 gaudentes
936 2702 957 2725 a
988 2699 1191 2739 conspectu

197 2741 347 2777 concilii
358 2747 383 2787 ²,
400 2743 567 2781 Andreas
583 2745 747 2794 glorians
762 2755 799 2782 et
815 2748 1006 2784 exsultans
1018 2748 1192 2785 currebat

199 2798 244 2834 ad
262 2812 410 2837 erucem
431 2817 439 2838 :
458 2804 592 2840 Paulus
612 2805 784 2854 perfusus
806 2807 896 2842 tanti
921 2807 1045 2855 gaudii
1066 2809 1190 2844 suavi-

198 2865 273 2894 tate
301 2858 467 2906 dicebat,
500 2865 601 2899 Mihi
626 2874 748 2901 autem
768 2866 865 2902 absit
881 2871 1035 2916 gloriari
1057 2873 1128 2903 nisi
1151 2874 1190 2904 in

200 2929 303 2952 cruce
316 2921 469 2956 Domini
485 2927 595 2958 nostri
611 2926 700 2960 lesu
715 2925 849 2962 Christi
859 2925 891 2972 ³3
905 2939 1070 2972 securus,
1091 2929 1187 2969 Scio,

201 2973 323 3023 inquit
337 3005 346 3021 ,
363 2983 419 3013 cm·
429 2982 568 3016 credidi
579 3009 589 3025 ‚
608 2991 644 3018 ct
663 2993 779 3019 certus
791 2998 871 3020 sitm
889 2990 979 3032 quia
996 2999 1061 3020 m’c
1077 2999 1187 3030 nwrs,

200 3047 265 3069 nec
280 3038 429 3083 gladius
443 3067 454 3081 ,
472 3054 538 3075 nee
553 3045 725 3089 angelus,
748 3053 1078 3093 tii-qnepotentiales
1121 3059 1188 3079 ue-

1091 3074 1099 3090 9

200 3106 269 3140 que
293 3098 370 3132 alia
391 3097 515 3147 aliqua
535 3111 702 3138 ‹tre-atum
726 3108 861 3150 poterit
887 3117 944 3139 me
963 3118 1141 3151 separare
1166 3118 1189 3139 a

251 3244 259 3259 ⁸
283 3240 363 3271 l'sal.
386 3252 538 3281 mxxxiii,
562 3251 614 3278 11,
634 3267 673 3270 »-
697 3255 707 3269 ²
729 3254 795 3280 Aet.
812 3262 842 3284 v,
862 3254 915 3281 sil.

206 3304 319 3327 xxxii,
335 3297 388 3324 13¹2.
415 3314 452 3316 —
469 3295 560 3328 “Joln
577 3311 641 3330 xxx
657 3326 664 3335 .
683 3307 735 3333 Ἡ).
811 3311 821 3332 7
851 3307 857 3333 l
878 3307 968 3334 Jssilss·
989 3315 1032 3339 ¹V·
1056 3307 1106 3333 ¹⁴3·

202 3348 290 3374 ·'1.—⁷
315 3351 338 3365 ¹¹
366 3347 620 3385 1‘sat.xxxv‚=.›.
650 3373 655 3375 -
702 3359 752 3385 ¹²1
781 3359 853 3396 lte-5.
877 3367 976 3389 xviii.
1012 3360 1035 3384 1.
1071 3375 1075 3377 ἡ

331 3418 417 3439 ium.
451 3419 482 3441 V.

1144 3322 1152 3323 ff
1178 3302 1389 3333 ⁸t‘sail.n11‚
1414 3303 1442 3330 fi.

1120 3354 1146 3375 ¹³
1167 3357 1177 3383 ῐ
1197 3358 1267 3383 (ἴων.
1289 3365 1338 3386 xi.
1365 3355 1415 3382 17.

1257 2703 1341 2727 cum
1361 2703 1405 2724 eo
1421 2687 1583 2724 efficitur
1598 2684 1646 2731 ¹⁵;
1668 2698 1744 2720 non
1762 2683 1923 2720 absimili
1939 2682 2090 2718 unionis
2106 2681 2253 2730 judicio

1257 2749 1422 2799 quodam
1444 2758 1580 2795 genere
1596 2742 1792 2780 coessendi
1815 2751 1888 2778 tota
1914 2742 1951 2777 in
1978 2745 2096 2777 Deum
2120 2742 2251 2777 transit

1256 2808 1428 2851 affectio,
1457 2807 1495 2842 in
1529 2817 1605 2852 quo
1632 2802 1712 2838 sine
1746 2801 1899 2837 alterius
1929 2800 2105 2836 desiderii
2140 2813 2250 2835 exee—

1257 2868 1406 2918 ptifflie,
1426 2874 1502 2901 tota
1520 2865 1556 2899 iu
1578 2875 1616 2898 se
1639 2862 1792 2897 collecta
1814 2860 2037 2896 transfertur
2058 2859 2093 2894 iu
2114 2861 2249 2902 Deum,

1255 2927 1319 2976 qui
1334 2934 1389 2962 est
1409 2923 1578 2960 omnium
1598 2918 1904 2957 desiderabilium
1925 2916 2134 2967 plenitudo.
2157 2917 2251 2952 Dili-

1255 2994 1315 3034 get
1341 2993 1463 3020 tamen
1486 2982 1607 3018 anima
1630 2978 1852 3028 perfectius,
1878 2990 1960 3012 cum
1992 2975 2253 3011 introducetur

1257 3046 1293 3080 in
1323 3041 1500 3092 gaudium
1530 3037 1679 3075 Domini
1712 3036 1828 3080 sui¹··,
1852 3036 1888 3071 in
1911 3035 2106 3083 amplexus
2138 3047 2252 3084 spou-

1257 3102 1283 3137 si
1301 3129 1309 3144 ,
1332 3100 1579 3147 omniumque
1611 3096 1801 3145 justorum
1839 3093 2110 3130 beatitudinem
2147 3107 2251 3129 suam

962 3269 974 3272 Α
991 3249 1004 3270 3
1025 3250 1126 3280 Galat.
1147 3261 1175 3279 vi
1192 3274 1198 3284 ,
1226 3246 1551 3279 i-t.--·it'1·im.·.
1573 3247 1633 3277 1’).,
1650 3248 1678 3272 et
1701 3246 1791 3273 Rom.
1809 3252 1884 3272 xiii,
1903 3243 1965 3272 ῥὶς,
1988 3243 2040 3269 Lm.
2059 3257 2099 3261 μ’
2122 3239 2134 3260 5
2153 3240 2247 3268 [xant.

1525 3306 1539 3326 ἱ)
1563 3298 1641 3327 Psoi.
1663 3307 1771 3327 ixxii.
1794 3299 1855 3325 ⁰5..
1878 3298 1927 3321 ''⁴3,
2014 3292 2248 3325 ¹·*l‘s.il.1x11‚

1505 3348 1922 3383 ¹·x1aiiti.xm‚·‘i,·v.;‚

2050 3403 2093 3421 .,-

2052 3424 2087 3438 ...l
