2504 3928
317 169 387 204 715»
915 174 1195 210 TRAC‘sA‘Hs
1226 178 1287 210 DF.
1317 178 1563 212 lNslfilthltl
1592 179 1742 213 DOMO.
2270 180 2342 217 71ss

1306 250 1354 268 ³⁴²¹
1369 266 1434 287 nec
1451 266 1525 288 non
1546 262 1578 289 et
1599 252 1746 289 mentis.
1769 252 1877 289 Aliud
1895 261 2021 298 canto,
2039 262 2074 288 ct
2087 254 2188 290 aliud
2205 256 2340 305 cogito.

641 303 816 341 (JAPt'T
847 304 956 342 xlx.
1316 318 1343 349 Λ
1365 313 1578 348 l’salmodia·
1595 311 1708 348 verba
1726 313 1875 361 profero
1888 340 1897 357 ,
1913 320 1950 348 ct
1965 312 2180 361 psalmodiae
2196 326 2345 351 sensum

311 425 419 454 Adhuc
441 425 529 464 gcnnt
550 430 579 454 et
601 425 714 465 plangit
736 436 840 456 coram
856 428 920 456 Deo
937 427 1073 457 niiscrias
1089 438 1123 458 ae
1142 428 1213 459 vitia
1227 440 1293 459 sua.

360 542 422 576 33.
449 544 576 577 'l'crret
609 554 666 577 me
692 551 768 578 tota
799 544 872 579 vita
901 557 1004 588 mea,
1032 549 1133 582 Deus
1171 560 1292 591 meus,

306 601 482 647 quoniam
507 601 705 649 diligenter
732 602 895 640 discussa
925 614 1081 654 apparet
1110 606 1197 642 mihi
1230 615 1293 642 aut

306 668 518 707 peccatum,
544 669 608 697 aut
632 662 804 699 sterilitas
834 679 841 700 :
866 672 903 700 et
925 664 953 699 si
977 665 1067 713 quid
1094 666 1234 701 fruetus
1256 666 1291 701 in

304 731 344 753 ea
367 718 537 764 videtur,
560 720 611 755 sie
627 729 682 756 est
697 729 760 756 aut
781 722 1015 767 simulatum,
1038 732 1100 760 aut
1117 725 1291 773 imperfe-

304 786 424 823 ctum,
454 787 517 814 aut
544 779 670 828 aliquo
703 781 816 816 modo
844 790 1087 831 corruptum,
1113 792 1151 819 ut
1171 784 1289 832 possit

303 843 365 870 aut
384 849 458 872 non
479 838 648 886 placere,
668 848 731 875 aut
748 840 943 889 displicere
963 841 1043 877 tibi.
1066 846 1208 878 Etcum
1229 855 1288 878 ve—

306 908 343 929 re
371 894 419 930 ita
447 908 504 931 res
532 897 596 941 sit,
625 899 674 932 sic
701 907 755 934 est
782 899 869 935 mihi
900 901 1004 948 quasi
1033 914 1108 936 non
1137 902 1184 937 ita
1211 902 1285 937 sit:

303 953 404 1001 quod
430 963 484 990 cst
503 955 650 991 miseria
673 969 787 1006 super
808 958 1004 994 miseriam.
1028 961 1086 997 Sic
1105 961 1287 1004 comedo,

305 1012 416 1057 bibo,
439 1022 474 1049 et
496 1014 642 1050 dormio
661 1029 834 1060 securim,
859 1018 962 1066 quasi
980 1018 1057 1066 jam
1078 1021 1285 1055 transierim
1308 1021 1332 1054 B
1353 1019 1500 1064 rebam,
1523 1020 1613 1055 milii
1632 1020 1754 1056 oblata
1783 1020 1922 1068 placuit
1950 1035 1957 1054 :

301 1072 398 1108 diem
427 1073 580 1119 mortis,
600 1083 636 1110 et
663 1077 842 1112 evaserim
865 1077 961 1113 diem
985 1077 1116 1126 judicii
1141 1088 1177 1115 et
1205 1088 1285 1115 ton-u

302 1140 425 1168 menta
448 1132 597 1169 inferni.
619 1135 677 1170 Sic
698 1135 786 1171 ludo
807 1145 843 1171 ct
866 1136 987 1180 rideo,
1008 1139 1112 1186 quasi
1128 1137 1203 1187 jam
1226 1153 1285 1175 re—

298 1204 407 1239 gnem
426 1200 545 1228 tccun]
562 1193 597 1228 in
614 1206 729 1242 regno
749 1203 826 1230 tuo.
849 1196 991 1232 Idcirco
1010 1197 1286 1233 multitudinem

300 1251 537 1299 iniquitatum
569 1265 734 1289 mearum
762 1267 1036 1303 expavescens,
1063 1257 1127 1292 sed
1147 1256 1193 1292 de
1225 1266 1284 1292 tna

298 1309 434 1358 pietate
455 1311 647 1347 conlidens
662 1339 671 1355 ,
704 1311 769 1347 tibi
791 1314 956 1349 Creatori
977 1322 1014 1349 et
1042 1315 1284 1363 Redemptori

297 1381 402 1413 mco,
433 1369 497 1416 qui
524 1370 670 1405 veniam
691 1379 728 1405 et
753 1371 1021 1421 indulgentiam
1040 1382 1123 1421 post
1142 1383 1284 1409 reatum

298 1438 366 1474 per
386 1439 518 1474 puram
540 1435 577 1462 et
596 1427 874 1475 lacrymabilem
890 1429 1160 1467 confessionem
1183 1445 1282 1468 asse-

293 1484 357 1532 qui
395 1485 616 1533 promisisti,
651 1487 858 1532 confiteor,
880 1488 1058 1536 quoniam
1086 1490 1121 1525 in
1150 1504 1282 1540 pecca—

296 1544 342 1577 tis
369 1552 573 1593 conceptus
595 1557 700 1587 suni,
727 1553 764 1581 et
793 1545 830 1581 in
859 1547 1019 1595 peccatis
1040 1549 1225 1595 nutritus;
1248 1560 1284 1587 et

296 1614 362 1649 per
389 1615 501 1638 omne
537 1611 685 1652 tempus
715 1604 800 1640 vitae
832 1617 923 1641 meae
957 1618 1076 1655 usque
1109 1607 1152 1644 ad
1188 1609 1284 1645 lianc

294 1659 392 1695 diem
416 1660 453 1696 in
484 1662 643 1710 peccatis
668 1675 750 1698 sum
781 1672 1022 1700 conversatus
1057 1666 1209 1703 Nullum
1228 1668 1286 1703 in-

295 1720 406 1755 venio
431 1729 648 1769 peccatum,
675 1735 695 1758 a
722 1736 798 1771 quo
826 1736 898 1759 non
927 1725 994 1760 sim
1023 1726 1148 1774 aliquo
1173 1728 1286 1764 modo

1366 383 1440 406 non
1460 370 1610 406 attendo
1633 385 1640 406 ε
1661 370 1724 406 sed
1744 378 1868 406 mente
1885 383 2020 420 vagus,
2038 370 2167 407 habitu
2184 372 2346 409 dissolu-

1365 438 1442 472 tus,
1467 430 1583 465 oculis
1604 429 1802 474 attonitus,
1830 429 1903 465 huc
1926 437 1962 465 et,
1982 430 2067 465 illuc
2096 431 2344 480 prospiciens;

1361 501 1606 536 quwcumcpie
1632 487 1682 523 ibi
1710 495 1910 535 geruntur,
1933 488 2120 537 perlustro
2142 496 2177 524 et
2196 489 2343 538 perspi-

1360 547 1430 582 cio.
1457 551 1518 583 Vae
1543 547 1654 583 mihi!
1685 547 1862 595 quoniam
1883 546 1933 582 ibi
1959 560 2092 595 pecco,
2114 547 2176 583 ubi
2194 557 2343 596 peccata

1360 606 1561 641 emendare
1590 604 1722 641 debeo.
1760 608 2036 653 Nonnunquam
2065 618 2156 642 vero
2185 607 2220 642 in
2254 607 2343 656 ipsis

1361 664 1468 700 bonis
1495 678 1577 713 quse
1604 677 1697 714 ago,
1727 664 1772 699 ad
1798 664 1961 700 deterius
1989 665 2226 714 propinqu03
2255 666 2342 715 quia

1359 723 1446 759 dum
1465 723 1577 759 menti
1600 724 1760 760 laetitiam
1779 723 1949 772 pariunt,
1970 733 2007 760 ct
2023 725 2221 772 quamdam
2238 739 2342 762 secu-

1359 783 1501 818 ritatem
1531 783 1710 830 gignunt,
1743 795 1846 818 mens
1876 795 1958 819 mea
1988 796 2115 820 secura
2152 783 2340 828 redditur,

1356 850 1391 876 et
1414 841 1449 876 in
1474 850 1624 890 torpore
1642 842 1799 877 laxatur.
1823 844 1928 890 Saepe
1952 842 2062 878 etiam
2086 856 2144 879 me
2164 843 2286 892 ipsum
2306 851 2342 879 et

1356 915 1469 950 opera
1496 915 1579 950 qua*
1607 902 1760 937 feceram
1787 901 1958 946 laudavi,
1986 910 2023 937 et
2040 901 2086 937 ab
2103 902 2184 938 aliis
2200 902 2339 938 laudari

1355 961 1469 996 volui.
1492 961 1713 1009 Plerumque
1731 961 1810 997 laus
1827 960 2001 1005 humana,
2019 974 2129 1009 quam
2150 973 2225 997 non
2241 974 2340 1010 qua:-

1984 1028 2020 1056 et
2039 1033 2122 1056 cum
2143 1032 2189 1056 ex
2211 1032 2254 1056 ea
2281 1032 2338 1055 in—

1353 1088 1458 1115 caute
1486 1081 1698 1126 extollerer,
1724 1079 1850 1117 subito
1876 1081 1990 1116 multa
2013 1093 2096 1128 quae
2119 1080 2275 1116 feceram
2293 1080 2339 1116 ad

1354 1140 1568 1176 memoriam
1599 1148 1808 1184 venerunt,
1842 1148 1883 1175 ut
1913 1140 2073 1189 amplius
2104 1140 2142 1175 in
2179 1139 2340 1176 elatione

1352 1199 1553 1235 attollerer.
1586 1202 1677 1246 Quae
1706 1198 1893 1235 subtiliter
1922 1199 2127 1248 replicans,
2156 1206 2268 1247 atque
2299 1199 2337 1235 in

1353 1271 1467 1293 imum
1487 1266 1618 1294 cuncta
1634 1270 1858 1294 coacervans
1875 1286 1884 1302 ,
1904 1258 1999 1306 coepi
2018 1257 2133 1305 magis
2148 1257 2338 1306 magisque

1352 1315 1528 1365 deceptus
1554 1317 1812 1353 intumescere.
1838 1320 2011 1364 Dumque
2028 1316 2064 1351 in
2082 1315 2154 1352 mei
2172 1315 2337 1351 admira—

1353 1375 1453 1410 tione
1479 1383 1684 1423 occupatus
1711 1375 1912 1423 defigerer,
1940 1374 2031 1410 mihi
2047 1374 2140 1410 dans
2156 1375 2312 1424 gloriam
2327 1403 2337 1420 ‚

1350 1441 1385 1467 et
1413 1446 1488 1468 non
1519 1436 1598 1469 Deo
1625 1447 1645 1469 a
1663 1446 1739 1482 qno
1759 1433 1885 1469 omnia
1903 1445 2137 1482 acceperam,
2166 1434 2337 1470 omnium

1350 1492 1509 1528 fructum
1527 1492 1632 1528 amisi
1651 1508 1658 1529 :
1679 1500 1790 1541 atquc
1807 1492 1858 1528 ita
1877 1491 1989 1528 didici
2007 1492 2186 1540 quoniam
2202 1493 2266 1542 qui
2279 1506 2338 1530 me

1350 1550 1572 1596 laudabant,
1618 1551 1818 1588 adversum
1861 1563 1920 1586 me
1956 1550 2148 1599 jurabant.
2186 1555 2337 1599 Quanto

1350 1609 1449 1645 enim
1475 1610 1634 1659 quisque
1657 1611 1692 1646 in
1720 1610 1919 1659 semetipso
1948 1610 2151 1659 gloriatur,
2183 1618 2286 1648 tanto
2317 1625 2338 1648 a
2378 1604 2381 1607 ‚

1351 1669 1418 1704 Dei
1439 1682 1566 1705 amore
1586 1668 1825 1718 disjungitur.

1405 1728 1468 1763 35.
1492 1731 1545 1764 Ita
1560 1755 1570 1772 ,
1594 1730 1695 1764 Deus
1724 1740 1849 1773 meus,
1878 1727 2026 1764 inferno
2050 1729 2335 1778 appropinqua-

296 1779 523 1827 inquinatus.
559 1783 628 1817 Per
661 1780 874 1830 superbiam
906 1795 1067 1831 namque
1099 1795 1283 1836 pra’eepta
1305 1789 1332 1824 C
1352 1785 1406 1821 vit
1425 1786 1500 1822 vita
1520 1799 1612 1822 mea.
1631 1786 1668 1822 Si
1688 1799 1745 1822 me
1762 1786 1957 1831 liberabis,
1978 1785 2125 1823 habebo
2153 1787 2252 1824 unde
2270 1788 2334 1824 tibi

296 1845 356 1872 tua
376 1846 412 1873 et
432 1838 622 1874 seniorum
645 1852 814 1876 meorum
840 1849 1089 1890 transgressus
1112 1858 1205 1881 sum.
1225 1846 1283 1883 Si-

293 1896 449 1931 lentium
469 1905 505 1932 et
529 1898 818 1935 taciturnitatem
836 1928 844 1943 ,
866 1901 961 1936 sicut
988 1903 1132 1952 Regula
1151 1903 1256 1939 docet
1273 1934 1282 1950 ,

296 1968 368 1989 non
391 1956 504 1991 tenui.
534 1957 642 2003 Quod
662 1957 751 1994 mihi
778 1958 918 1994 licitum
937 1972 1012 1995 non
1042 1961 1129 2007 fuit,
1149 1961 1281 2009 habui,

293 2014 401 2059 dedi,
424 2023 458 2050 et
491 2017 628 2065 accepi.
661 2017 848 2054 Clamores
869 2032 1078 2068 pauperum
1107 2030 1143 2057 et
1169 2022 1281 2058 mise-

295 2087 419 2108 rorum
445 2087 521 2110 non
546 2074 707 2112 libenter
732 2086 795 2113 aut
817 2079 1103 2116 misericorditer
1128 2082 1279 2127 audivi,

298 2146 364 2167 nce
380 2145 444 2168 eos
468 2133 504 2168 in
528 2134 809 2171 infirmitatibus
827 2137 903 2172 suis
922 2138 1083 2175 visitavi.
1106 2141 1282 2177 Suaden-

297 2190 394 2226 tibus
424 2191 512 2226 mihi
540 2192 577 2227 in
602 2194 739 2229 malum
763 2197 948 2232 consensi.
981 2198 1139 2234 Facilius
1167 2201 1282 2236 multa

295 2251 330 2282 in
362 2248 462 2293 imo,
493 2263 605 2298 quam
635 2265 749 2287 unum
780 2254 817 2288 in
850 2267 996 2291 summo
1017 2257 1139 2305 cogito
1161 2273 1168 2294 :
1190 2259 1283 2294 faei-

298 2309 366 2343 lius
393 2310 629 2358 reprehendo
654 2313 812 2349 aliorum
839 2315 930 2351 vitia
956 2329 1067 2364 quam
1093 2331 1172 2353 mea
1206 2333 1213 2354 :
1245 2328 1281 2354 et

297 2367 398 2415 qnod
422 2367 458 2403 in
475 2369 556 2404 aliis
576 2371 833 2418 reprehendo,
854 2374 970 2410 facere
990 2388 1064 2410 non
1085 2376 1276 2412 erubesco.

299 2427 454 2462 Facilius
482 2427 777 2478 uniuscujusque
802 2432 890 2468 vitia
905 2446 1022 2481 quam
1044 2434 1201 2470 virtutes
1219 2435 1277 2471 in-

295 2486 419 2521 tendo.
451 2491 543 2523 Cum
575 2488 734 2525 aliorum
763 2490 895 2527 delicta
924 2506 1058 2538 cerno,
1092 2507 1170 2530 mea
1204 2508 1278 2531 non

1348 1846 1483 1894 gratias
1502 1858 1605 1895 agam
1623 1860 1630 1881 :
1650 1845 1679 1881 si
1696 1846 1784 1881 inde
1804 1859 1880 1881 non
1901 1845 2098 1891 liberabis,
2118 1859 2195 1882 non
2215 1846 2336 1884 liabeo

1350 1904 1448 1941 unde
1468 1914 1502 1941 te
1516 1905 1806 1954 reprehendam,
1837 1905 2014 1953 quoniam
2029 1904 2153 1953 justus
2171 1918 2224 1941 es.
2255 1910 2335 1943 Heu

1350 1964 1438 1999 mihi
1459 1966 1466 2000 ἔ
1486 1964 1607 2013 qualis
1632 1964 1736 2000 vixi!
1759 1972 1898 2012 quanta
1926 1964 2021 1999 mala
2041 1963 2130 2009 seci,
2160 1972 2197 2000 et
2221 1964 2299 2000 disi
2324 1963 2333 2001 l

1351 2023 1468 2059 Pudet
1494 2024 1559 2072 qui
1580 2024 1630 2059 sic
1650 2023 1828 2067 vixerim,
1863 2031 1899 2059 et
1926 2023 2028 2071 quod
2050 2031 2158 2060 natus
2186 2024 2332 2060 fuerim.

1348 2083 1493 2118 Mallem
1514 2095 1589 2118 non
1607 2095 1709 2127 esse,
1727 2096 1838 2131 quam
1858 2083 1938 2118 talis
1955 2095 2046 2118 esse.
2064 2086 2192 2120 Bonus
2208 2096 2307 2120 eram
2324 2112 2334 2128 ,

1348 2149 1383 2176 et
1409 2142 1547 2177 malum
1580 2153 1638 2177 me
1666 2141 1900 2190 feeizutique
1927 2141 1991 2190 qui
2018 2150 2153 2190 sponte
2182 2155 2240 2178 me
2268 2142 2334 2179 seci

1349 2201 1546 2245 miserum,
1580 2200 1724 2249 justum
1764 2209 1819 2237 est
1854 2213 2002 2250 semper
2033 2213 2113 2238 csse
2145 2202 2332 2238 miserum.

1348 2259 1579 2296 Conscientia
1598 2272 1678 2295 mea
1696 2268 1861 2295 meretur
1885 2259 2161 2296 damnationem
2177 2275 2186 2305 ;
2208 2262 2331 2310 poeni-

1349 2318 1462 2353 tentia
1489 2331 1568 2354 mea
1590 2331 1663 2354 non
1693 2319 1829 2355 suflicit
1862 2318 1907 2354 ad
1939 2319 2224 2356 satisfactionem
2246 2321 2333 2356 :sed

1346 2384 1488 2411 certum
1506 2384 1561 2412 est
1579 2377 1754 2424 quoniam
1779 2377 2029 2412 misericordia
2053 2386 2114 2413 tua
2133 2378 2231 2414 delet
2252 2392 2332 2414 om-

1348 2446 1430 2469 nem
1451 2434 1711 2470 offensionem.
1734 2435 1825 2471 Dele
1845 2447 1956 2484 ergo,
1980 2435 2039 2484 pie
2056 2436 2236 2482 Domine,
2257 2437 2331 2473 ini—

1345 2493 1523 2541 quitatem
1543 2507 1661 2530 meam
1685 2494 1923 2530 multitudine
1944 2495 2222 2531 miserationum
2249 2505 2331 2532 tua—

291 2545 444 2594 aspicio.
468 2548 509 2582 In
532 2547 622 2583 meis
635 2547 779 2585 delictis
796 2563 876 2585 snm
891 2551 1071 2596 clemens,
1093 2552 1128 2588 in
1147 2554 1276 2591 alienis
1299 2559 1328 2592 D
1346 2565 1438 2588 rum.
1470 2556 1546 2602 Ego
1572 2566 1661 2589 vero
1689 2554 1753 2601 qui
1782 2566 1900 2602 usque
1929 2554 1975 2589 ad
2004 2554 2097 2590 lianc
2126 2555 2222 2591 diem
2252 2556 2332 2593 sine

295 2604 451 2652 rigorem
481 2613 607 2641 tenere
633 2608 732 2643 volo.
760 2608 814 2644 Ad
848 2610 1064 2658 irrogandas
1084 2621 1278 2649 contume-

294 2664 358 2698 lias
388 2677 467 2699 sum
499 2664 665 2711 validus,
700 2667 744 2702 ad
775 2669 982 2705 tolerandas
1012 2671 1202 2716 inlirmus;
1234 2673 1279 2708 ad

293 2722 546 2758 obediendum
580 2724 702 2772 piger,
735 2725 780 2761 ad
813 2727 1043 2764 lacessendos
1069 2743 1160 2765 vero
1189 2730 1280 2767 alios

294 2782 553 2830 inmortnnus;
579 2783 624 2818 ad
645 2797 687 2820 ea
709 2798 792 2833 qua:
811 2786 930 2822 facere
950 2796 986 2822 ct
1015 2787 1134 2824 debeo
1154 2797 1189 2824 et
1212 2803 1278 2825 va-

295 2842 366 2882 leo,
389 2849 563 2889 torpens,
586 2842 630 2877 ad
649 2857 691 2878 ea
709 2857 798 2880 vero
818 2858 900 2893 quae
920 2847 1036 2882 lacere
1056 2861 1124 2883 nec
1140 2848 1278 2893 debeo,

294 2911 361 2933 nec
382 2899 506 2942 xaleo,
532 2909 692 2947 paratus.
721 2906 773 2937 lta
800 2904 939 2951 repleta
958 2914 1013 2941 est
1031 2907 1136 2942 malis
1155 2907 1276 2943 anima

294 2970 385 3000 mea,
406 2958 563 3005 peccatis
585 2959 675 2994 meis
697 2960 944 3008 exigentibus.

346 3015 407 3050 ΞΗ.
434 3018 473 3050 Ιιι
495 3017 645 3052 ecclesia
668 3032 725 3053 me
746 3019 967 3057 deteriorem
992 3023 1137 3071 reperio
1166 3039 1172 3059 ι
1194 3033 1278 3061 ante

291 3074 420 3109 altaria
440 3087 539 3110 sacra
567 3075 702 3113 devote
735 3092 808 3114 non
832 3081 1001 3129 supplico
1027 3096 1033 3117 ε
1063 3096 1147 3118 xasa
1178 3097 1278 3120 sacra

295 3147 367 3168 non
395 3143 608 3170 reverenter
629 3145 742 3173 tracto
763 3152 769 3173 :
793 3139 827 3173 in
857 3140 971 3176 elioro
997 3154 1077 3176 sum
1100 3156 1276 3191 corpore,

289 3201 323 3226 rt
347 3192 380 3227 in
405 3192 530 3239 aliquo
549 3195 696 3241 negotio
716 3205 852 3231 mente.
872 3201 977 3234 Nunc
1001 3199 1101 3235 intus
1118 3215 1248 3237 maneo
1265 3230 1273 3246 ‚

292 3263 388 3285 nnnc
419 3250 514 3285 foras
545 3266 637 3287 exeo
669 3269 674 3287 ι
708 3262 804 3290 tanta
837 3265 888 3291 cst
923 3257 1051 3293 lvx-itas
1082 3260 1272 3307 corporis,

1347 2624 1455 2647 causa
1471 2612 1568 2656 vixi;
1587 2611 1723 2647 amodo
1742 2612 1820 2648 sine
1838 2626 1947 2649 causa
1968 2613 2094 2650 vivere
2115 2615 2215 2651 nolo.

1400 2672 1460 2706 36.
1483 2671 1554 2707 Sed
1570 2671 1640 2707 lieu
1659 2672 1769 2707 miser
1787 2674 1793 2707 l
1816 2672 1890 2707 lnec
1912 2681 1983 2707 tam
2001 2685 2100 2721 stepe
2114 2673 2165 2709 sic
2185 2674 2331 2711 confes-

1347 2744 1428 2775 sus;
1450 2744 1622 2779 surgens,
1642 2731 1778 2767 cadens
1795 2744 1875 2767 sum
1896 2731 2061 2768 defessus
2077 2746 2085 2767 ε
2103 2734 2331 2782 rcpeecando

1349 2790 1473 2835 toties,
1492 2791 1707 2826 confitendo
1731 2791 1851 2827 toties.
1882 2791 2072 2826 Multotics
2096 2792 2248 2840 promisi
2272 2806 2332 2829 me

1346 2849 1567 2894 emendare,
1599 2858 1633 2885 et
1664 2863 1853 2898 nunquam
1885 2850 2008 2894 tenui,
2036 2850 2099 2886 sed
2122 2863 2269 2900 semper
2285 2852 2330 2888 ad

1347 2917 1535 2956 peccatum
1558 2909 1671 2953 redii3
1694 2917 1730 2944 et
1747 2908 1934 2957 prioribus
1955 2908 2158 2946 sceleribus
2178 2923 2275 2946 nova
2295 2920 2331 2947 et

1345 2966 1531 3003 deteriora
1544 2968 1737 3015 conjunxi.
1757 2972 1974 3016 Nunquam,
1993 2977 2029 3003 ut
2049 2968 2182 3014 debui,
2211 2982 2331 3006 mores

1347 3040 1447 3063 meos
1473 3028 1507 3062 in
1539 3027 1669 3063 melius
1698 3028 1860 3071 mutavi3
1888 3040 1954 3063 nec
1984 3041 2004 3063 a
2032 3028 2236 3064 malefactis
2267 3042 2330 3065 re—

1346 3087 1447 3121 cessi.
1490 3087 1672 3123 Plurimos
1704 3085 1812 3121 ctiam
1827 3115 1835 3131 ,
1871 3099 1928 3121 me
1962 3085 2143 3134 perdens,
2180 3100 2331 3136 peccare

1347 3146 1436 3189 feci,
1463 3154 1499 3181 et
1521 3146 1643 3181 multis
1664 3158 1773 3181 causa
1799 3145 1883 3180 mali
1909 3145 2033 3180 exstiti
2056 3159 2062 3179 ι
2087 3154 2123 3181 et
2148 3146 2330 3195 exemplis

1346 3204 1428 3239 xitsc
1448 3217 1537 3239 meat
1558 3204 1726 3240 nonnulli
1753 3202 1919 3239 subversi
1941 3212 2038 3239 sunt.
2069 3207 2157 3239 Ecce
2182 3214 2329 3253 peccata

1346 3276 1439 3307 int-a,
1460 3263 1797 3299 misericordissimc
1821 3266 1930 3307 Deus,
1951 3276 2022 3297 uon
2045 3263 2247 3310 abscondo,
2266 3265 2328 3300 scd
