<?xml version="1.0" encoding="UTF-8"?>
<!DOCTYPE html PUBLIC "-//W3C//DTD XHTML 1.0 Transitional//EN"
    "http://www.w3.org/TR/xhtml1/DTD/xhtml1-transitional.dtd">
<html xmlns="http://www.w3.org/1999/xhtml" xml:lang="en" lang="en">
 <head>
  <title>
</title>
<meta http-equiv="Content-Type" content="text/html;charset=utf-8" />
  <meta name='ocr-system' content='tesseract 3.04.00' />
  <meta name='ocr-capabilities' content='ocr_page ocr_carea ocr_par ocr_line ocrx_word'/>
</head>
<body>
  <div class='ocr_page' id='page_1' title='image "./operaomniapostho05bern/operaomniapostho05bern_0181.png"; bbox 0 0 2418 3949; ppageno 0'>
   <div class='ocr_carea' id='block_1_1' title="bbox 52 207 128 244">
    <p class='ocr_par' dir='ltr' id='par_1_1' title="bbox 52 207 128 244">
     <span class='ocr_line' id='line_1_1' title="bbox 52 207 128 244; baseline 0.013 -1"><span class='ocrx_word' id='word_1_1' title='bbox 52 207 128 244; x_wconf 70' lang='lat'>349</span> 
     </span>
    </p>
   </div>
   <div class='ocr_carea' id='block_1_2' title="bbox 52 277 1088 332">
    <p class='ocr_par' dir='ltr' id='par_1_2' title="bbox 52 277 1088 332">
     <span class='ocr_line' id='line_1_2' title="bbox 52 277 1088 332; baseline -0.005 -12"><span class='ocrx_word' id='word_1_2' title='bbox 52 283 253 332; x_wconf 76' lang='lat' dir='ltr'>Babylonis</span> <span class='ocrx_word' id='word_1_3' title='bbox 269 282 401 320; x_wconf 89' lang='lat' dir='ltr'>sedent</span> <span class='ocrx_word' id='word_1_4' title='bbox 416 290 453 319; x_wconf 91' lang='lat' dir='ltr'>et</span> <span class='ocrx_word' id='word_1_5' title='bbox 473 289 691 325; x_wconf 88' lang='lat' dir='ltr'>morantur,</span> <span class='ocrx_word' id='word_1_6' title='bbox 721 281 872 330; x_wconf 86' lang='lat' dir='ltr'>plorant</span> <span class='ocrx_word' id='word_1_7' title='bbox 894 296 902 317; x_wconf 86' lang='lat'>:</span> <span class='ocrx_word' id='word_1_8' title='bbox 919 289 957 316; x_wconf 91' lang='lat' dir='ltr'>et</span> <span class='ocrx_word' id='word_1_9' title='bbox 975 277 1088 328; x_wconf 86' lang='lat' dir='ltr'>qui&#39;⁷&#39;</span> 
     </span>
    </p>
   </div>
   <div class='ocr_carea' id='block_1_3' title="bbox 811 204 1347 242">
    <p class='ocr_par' dir='ltr' id='par_1_3' title="bbox 811 204 1347 242">
     <span class='ocr_line' id='line_1_3' title="bbox 811 204 1347 242; baseline -0.006 0"><span class='ocrx_word' id='word_1_10' title='bbox 811 205 1093 242; x_wconf 85' lang='lat' dir='ltr'>TRACTATUS</span> <span class='ocrx_word' id='word_1_11' title='bbox 1120 204 1347 240; x_wconf 86' lang='lat' dir='ltr'>ASCETICI.</span> 
     </span>
    </p>
   </div>
   <div class='ocr_carea' id='block_1_4' title="bbox 2023 206 2100 241">
    <p class='ocr_par' dir='ltr' id='par_1_4' title="bbox 2023 206 2100 241">
     <span class='ocr_line' id='line_1_4' title="bbox 2023 206 2100 241; baseline 0 0"><span class='ocrx_word' id='word_1_12' title='bbox 2023 206 2100 241; x_wconf 81' lang='lat'>350</span> 
     </span>
    </p>
   </div>
   <div class='ocr_carea' id='block_1_5' title="bbox 1164 278 2102 328">
    <p class='ocr_par' dir='ltr' id='par_1_5' title="bbox 1164 278 2102 328">
     <span class='ocr_line' id='line_1_5' title="bbox 1164 278 2102 328; baseline 0.004 -14"><span class='ocrx_word' id='word_1_13' title='bbox 1164 278 1200 314; x_wconf 88' lang='grc'>4.</span> <span class='ocrx_word' id='word_1_14' title='bbox 1232 281 1263 315; x_wconf 95' lang='lat' dir='ltr'>O</span> <span class='ocrx_word' id='word_1_15' title='bbox 1292 278 1572 328; x_wconf 82' lang='lat' dir='ltr'>beatispiritus</span> <span class='ocrx_word' id='word_1_16' title='bbox 1603 287 1641 315; x_wconf 89' lang='lat' dir='ltr'>et</span> <span class='ocrx_word' id='word_1_17' title='bbox 1668 279 1802 315; x_wconf 85' lang='lat' dir='ltr'>animae</span> <span class='ocrx_word' id='word_1_18' title='bbox 1824 278 2038 328; x_wconf 87' lang='lat' dir='ltr'>justorum!</span> <span class='ocrx_word' id='word_1_19' title='bbox 2079 295 2102 318; x_wconf 93' lang='lat' dir='ltr'>o</span> 
     </span>
    </p>
   </div>
   <div class='ocr_carea' id='block_1_6' title="bbox 52 338 2102 392">
    <p class='ocr_par' dir='ltr' id='par_1_6' title="bbox 52 338 2102 392">
     <span class='ocr_line' id='line_1_6' title="bbox 52 338 2102 392; baseline -0.001 -13"><span class='ocrx_word' id='word_1_20' title='bbox 52 342 297 392; x_wconf 84' lang='lat' dir='ltr'>egrediuntur</span> <span class='ocrx_word' id='word_1_21' title='bbox 310 369 320 387; x_wconf 92' lang='lat'>,</span> <span class='ocrx_word' id='word_1_22' title='bbox 338 342 537 378; x_wconf 86' lang='lat' dir='ltr'>exsultant.</span> <span class='ocrx_word' id='word_1_23' title='bbox 559 343 605 377; x_wconf 87' lang='lat' dir='ltr'>Et</span> <span class='ocrx_word' id='word_1_24' title='bbox 620 339 685 389; x_wconf 88' lang='lat' dir='ltr'>qui</span> <span class='ocrx_word' id='word_1_25' title='bbox 705 340 871 376; x_wconf 85' lang='lat' dir='ltr'>ascendit</span> <span class='ocrx_word' id='word_1_26' title='bbox 889 339 928 375; x_wconf 90' lang='lat' dir='ltr'>in</span> <span class='ocrx_word' id='word_1_27' title='bbox 948 339 1046 374; x_wconf 89' lang='lat' dir='ltr'>valle</span> <span class='ocrx_word' id='word_1_28' title='bbox 1064 343 1097 376; x_wconf 90' lang='lat' dir='ltr'><strong>A</strong></span> <span class='ocrx_word' id='word_1_29' title='bbox 1112 338 1277 374; x_wconf 85' lang='lat' dir='ltr'>Ecclesia</span> <span class='ocrx_word' id='word_1_30' title='bbox 1298 339 1576 387; x_wconf 79' lang='lat' dir='ltr'>primitivorum</span> <span class='ocrx_word' id='word_1_31' title='bbox 1590 366 1600 383; x_wconf 91' lang='lat'>,</span> <span class='ocrx_word' id='word_1_32' title='bbox 1627 338 1693 386; x_wconf 91' lang='lat' dir='ltr'>qui</span> <span class='ocrx_word' id='word_1_33' title='bbox 1719 338 1922 388; x_wconf 81' lang='lat' dir='ltr'>conscripti</span> <span class='ocrx_word' id='word_1_34' title='bbox 1952 340 2040 376; x_wconf 89' lang='lat' dir='ltr'>estis</span> <span class='ocrx_word' id='word_1_35' title='bbox 2065 340 2102 376; x_wconf 93' lang='lat' dir='ltr'>in</span> 
     </span>
    </p>
   </div>
   <div class='ocr_carea' id='block_1_7' title="bbox 50 399 1046 1035">
    <p class='ocr_par' dir='ltr' id='par_1_7' title="bbox 50 399 1046 1035">
     <span class='ocr_line' id='line_1_7' title="bbox 51 399 1042 450; baseline -0.005 -12"><span class='ocrx_word' id='word_1_36' title='bbox 51 401 314 450; x_wconf 85' lang='lat' dir='ltr'>lacrymarum,</span> <span class='ocrx_word' id='word_1_37' title='bbox 330 400 496 437; x_wconf 89' lang='lat' dir='ltr'>ascendit</span> <span class='ocrx_word' id='word_1_38' title='bbox 509 408 547 436; x_wconf 89' lang='lat' dir='ltr'>et</span> <span class='ocrx_word' id='word_1_39' title='bbox 562 399 608 436; x_wconf 92' lang='lat' dir='ltr'>de</span> <span class='ocrx_word' id='word_1_40' title='bbox 628 399 724 435; x_wconf 89' lang='lat' dir='ltr'>valle</span> <span class='ocrx_word' id='word_1_41' title='bbox 737 399 966 448; x_wconf 88' lang='lat' dir='ltr'>lacymarum</span> <span class='ocrx_word' id='word_1_42' title='bbox 980 411 988 434; x_wconf 90' lang='lat'>:</span> <span class='ocrx_word' id='word_1_43' title='bbox 1004 405 1042 433; x_wconf 88' lang='lat' dir='ltr'>et</span> 
     </span>
     <span class='ocr_line' id='line_1_8' title="bbox 52 457 1040 508; baseline -0.004 -12"><span class='ocrx_word' id='word_1_44' title='bbox 52 460 136 496; x_wconf 90' lang='lat' dir='ltr'>licet</span> <span class='ocrx_word' id='word_1_45' title='bbox 153 460 199 496; x_wconf 93' lang='lat' dir='ltr'>de</span> <span class='ocrx_word' id='word_1_46' title='bbox 211 460 398 508; x_wconf 78' lang='lat' dir='ltr'>lacrymis,</span> <span class='ocrx_word' id='word_1_47' title='bbox 411 471 487 494; x_wconf 89' lang='lat' dir='ltr'>non</span> <span class='ocrx_word' id='word_1_48' title='bbox 503 466 626 494; x_wconf 89' lang='lat' dir='ltr'>tamen</span> <span class='ocrx_word' id='word_1_49' title='bbox 639 470 723 494; x_wconf 93' lang='lat' dir='ltr'>cum</span> <span class='ocrx_word' id='word_1_50' title='bbox 739 457 924 506; x_wconf 86' lang='lat' dir='ltr'>lacrymis.</span> <span class='ocrx_word' id='word_1_51' title='bbox 942 458 1040 493; x_wconf 87' lang='lat' dir='ltr'>Sua-</span> 
     </span>
     <span class='ocr_line' id='line_1_9' title="bbox 54 515 1040 566; baseline -0.004 -11"><span class='ocrx_word' id='word_1_52' title='bbox 54 519 135 555; x_wconf 83' lang='lat' dir='ltr'>vius</span> <span class='ocrx_word' id='word_1_53' title='bbox 151 519 250 554; x_wconf 86' lang='lat' dir='ltr'>enim</span> <span class='ocrx_word' id='word_1_54' title='bbox 266 527 322 554; x_wconf 87' lang='lat' dir='ltr'>est</span> <span class='ocrx_word' id='word_1_55' title='bbox 342 519 379 554; x_wconf 92' lang='lat' dir='ltr'>in</span> <span class='ocrx_word' id='word_1_56' title='bbox 392 526 519 554; x_wconf 90' lang='lat' dir='ltr'>monte</span> <span class='ocrx_word' id='word_1_57' title='bbox 532 516 754 566; x_wconf 77' lang='lat' dir='ltr'>gaudiorum</span> <span class='ocrx_word' id='word_1_58' title='bbox 765 529 865 562; x_wconf 89' lang='lat' dir='ltr'>esse,</span> <span class='ocrx_word' id='word_1_59' title='bbox 878 528 990 564; x_wconf 90' lang='lat' dir='ltr'>quam</span> <span class='ocrx_word' id='word_1_60' title='bbox 1002 515 1040 551; x_wconf 90' lang='lat' dir='ltr'>in</span> 
     </span>
     <span class='ocr_line' id='line_1_10' title="bbox 51 573 1042 624; baseline -0.005 -10"><span class='ocrx_word' id='word_1_61' title='bbox 51 578 148 614; x_wconf 81' lang='lat' dir='ltr'>valle</span> <span class='ocrx_word' id='word_1_62' title='bbox 165 577 317 614; x_wconf 91' lang='lat' dir='ltr'>doloris.</span> <span class='ocrx_word' id='word_1_63' title='bbox 334 576 444 624; x_wconf 89' lang='lat' dir='ltr'>Quod</span> <span class='ocrx_word' id='word_1_64' title='bbox 462 576 492 612; x_wconf 94' lang='lat' dir='ltr'>si</span> <span class='ocrx_word' id='word_1_65' title='bbox 508 589 593 612; x_wconf 92' lang='lat' dir='ltr'>cum</span> <span class='ocrx_word' id='word_1_66' title='bbox 611 575 784 623; x_wconf 79' lang='lat' dir='ltr'><strong>lacrymis</strong></span> <span class='ocrx_word' id='word_1_67' title='bbox 797 603 807 620; x_wconf 92' lang='lat'>,</span> <span class='ocrx_word' id='word_1_68' title='bbox 824 575 940 624; x_wconf 88' lang='lat' dir='ltr'>magis</span> <span class='ocrx_word' id='word_1_69' title='bbox 953 573 1042 622; x_wconf 90' lang='lat' dir='ltr'>quia</span> 
     </span>
     <span class='ocr_line' id='line_1_11' title="bbox 52 632 1039 685; baseline -0.005 -13"><span class='ocrx_word' id='word_1_70' title='bbox 52 635 159 685; x_wconf 85' lang='lat' dir='ltr'>pigre</span> <span class='ocrx_word' id='word_1_71' title='bbox 189 635 402 672; x_wconf 88' lang='lat' dir='ltr'>ascenditur</span> <span class='ocrx_word' id='word_1_72' title='bbox 420 663 430 680; x_wconf 91' lang='lat'>‚</span> <span class='ocrx_word' id='word_1_73' title='bbox 453 643 490 671; x_wconf 91' lang='lat' dir='ltr'>et</span> <span class='ocrx_word' id='word_1_74' title='bbox 508 634 676 671; x_wconf 91' lang='lat' dir='ltr'>nondum</span> <span class='ocrx_word' id='word_1_75' title='bbox 700 646 820 683; x_wconf 86' lang='lat' dir='ltr'>prope</span> <span class='ocrx_word' id='word_1_76' title='bbox 841 632 1039 669; x_wconf 77' lang='lat' dir='ltr'>acceditur.</span> 
     </span>
     <span class='ocr_line' id='line_1_12' title="bbox 53 692 1041 743; baseline -0.004 -12"><span class='ocrx_word' id='word_1_77' title='bbox 53 697 136 731; x_wconf 77' lang='lat' dir='ltr'>Non</span> <span class='ocrx_word' id='word_1_78' title='bbox 151 695 248 731; x_wconf 88' lang='lat' dir='ltr'>enim</span> <span class='ocrx_word' id='word_1_79' title='bbox 261 695 348 743; x_wconf 91' lang='lat' dir='ltr'>quia</span> <span class='ocrx_word' id='word_1_80' title='bbox 357 694 592 730; x_wconf 85' lang='lat' dir='ltr'>ascensiones</span> <span class='ocrx_word' id='word_1_81' title='bbox 606 694 643 729; x_wconf 94' lang='lat' dir='ltr'>in</span> <span class='ocrx_word' id='word_1_82' title='bbox 656 692 769 729; x_wconf 89' lang='lat' dir='ltr'>corde</span> <span class='ocrx_word' id='word_1_83' title='bbox 781 705 849 729; x_wconf 89' lang='lat' dir='ltr'>suo</span> <span class='ocrx_word' id='word_1_84' title='bbox 861 692 1041 741; x_wconf 74' lang='lat' dir='ltr'>disponit,</span> 
     </span>
     <span class='ocr_line' id='line_1_13' title="bbox 53 749 1045 802; baseline -0.003 -13"><span class='ocrx_word' id='word_1_85' title='bbox 53 753 174 789; x_wconf 81' lang='lat' dir='ltr'>statim</span> <span class='ocrx_word' id='word_1_86' title='bbox 187 761 223 789; x_wconf 90' lang='lat' dir='ltr'>et</span> <span class='ocrx_word' id='word_1_87' title='bbox 239 753 406 802; x_wconf 86' lang='lat' dir='ltr'>perficit:</span> <span class='ocrx_word' id='word_1_88' title='bbox 425 751 489 787; x_wconf 90' lang='lat' dir='ltr'>sed</span> <span class='ocrx_word' id='word_1_89' title='bbox 509 764 593 787; x_wconf 92' lang='lat' dir='ltr'>cum</span> <span class='ocrx_word' id='word_1_90' title='bbox 613 750 916 788; x_wconf 87' lang='lat' dir='ltr'>benedictionem</span> <span class='ocrx_word' id='word_1_91' title='bbox 935 749 1045 786; x_wconf 90' lang='lat' dir='ltr'>dede-</span> 
     </span>
     <span class='ocr_line' id='line_1_14' title="bbox 53 810 1044 860; baseline -0.004 -12"><span class='ocrx_word' id='word_1_92' title='bbox 53 812 100 848; x_wconf 88' lang='lat' dir='ltr'>rit</span> <span class='ocrx_word' id='word_1_93' title='bbox 120 811 329 860; x_wconf 86' lang='lat' dir='ltr'>legislator,</span> <span class='ocrx_word' id='word_1_94' title='bbox 349 819 437 846; x_wconf 89' lang='lat' dir='ltr'>tunc</span> <span class='ocrx_word' id='word_1_95' title='bbox 457 810 558 845; x_wconf 80' lang='lat' dir='ltr'>ibunt</span> <span class='ocrx_word' id='word_1_96' title='bbox 577 812 621 845; x_wconf 84' lang='lat' dir='ltr'>de</span> <span class='ocrx_word' id='word_1_97' title='bbox 636 815 773 845; x_wconf 74' lang='lat' dir='ltr'>virtute</span> <span class='ocrx_word' id='word_1_98' title='bbox 791 815 830 845; x_wconf 80' lang='lat' dir='ltr'>in</span> <span class='ocrx_word' id='word_1_99' title='bbox 849 814 1016 846; x_wconf 77' lang='lat' dir='ltr'>virtutem</span> <span class='ocrx_word' id='word_1_100' title='bbox 1032 837 1044 853; x_wconf 95' lang='lat'>,</span> 
     </span>
     <span class='ocr_line' id='line_1_15' title="bbox 51 869 1044 918; baseline 0 -14"><span class='ocrx_word' id='word_1_101' title='bbox 51 877 92 904; x_wconf 83' lang='lat' dir='ltr'>ue</span> <span class='ocrx_word' id='word_1_102' title='bbox 108 871 281 905; x_wconf 77' lang='lat' dir='ltr'>videatur</span> <span class='ocrx_word' id='word_1_103' title='bbox 297 871 396 904; x_wconf 79' lang='lat' dir='ltr'>Dens</span> <span class='ocrx_word' id='word_1_104' title='bbox 420 870 569 903; x_wconf 59' lang='lat' dir='ltr'>(luorum</span> <span class='ocrx_word' id='word_1_105' title='bbox 596 873 635 903; x_wconf 81' lang='lat' dir='ltr'>in</span> <span class='ocrx_word' id='word_1_106' title='bbox 655 869 742 903; x_wconf 80' lang='lat' dir='ltr'>Sion</span> <span class='ocrx_word' id='word_1_107' title='bbox 762 874 772 889; x_wconf 87' lang='lat'><em>¹</em></span> <span class='ocrx_word' id='word_1_108' title='bbox 797 882 804 904; x_wconf 74' lang='grc' dir='ltr'>ε</span> <span class='ocrx_word' id='word_1_109' title='bbox 829 881 988 918; x_wconf 84' lang='lat' dir='ltr'>pergens</span> <span class='ocrx_word' id='word_1_110' title='bbox 1007 876 1044 905; x_wconf 90' lang='lat' dir='ltr'>et</span> 
     </span>
     <span class='ocr_line' id='line_1_16' title="bbox 51 925 1046 976; baseline -0.002 -12"><span class='ocrx_word' id='word_1_111' title='bbox 51 939 261 976; x_wconf 87' lang='lat' dir='ltr'>properans</span> <span class='ocrx_word' id='word_1_112' title='bbox 280 927 318 962; x_wconf 92' lang='lat' dir='ltr'>in</span> <span class='ocrx_word' id='word_1_113' title='bbox 342 927 468 963; x_wconf 83' lang='lat' dir='ltr'>laetitia</span> <span class='ocrx_word' id='word_1_114' title='bbox 499 926 623 962; x_wconf 85' lang='lat' dir='ltr'>cordis</span> <span class='ocrx_word' id='word_1_115' title='bbox 644 926 690 962; x_wconf 91' lang='lat' dir='ltr'>ad</span> <span class='ocrx_word' id='word_1_116' title='bbox 719 925 891 963; x_wconf 81' lang='lat' dir='ltr'>bravium</span> <span class='ocrx_word' id='word_1_117' title='bbox 906 955 916 972; x_wconf 96' lang='lat'>,</span> <span class='ocrx_word' id='word_1_118' title='bbox 950 926 1046 963; x_wconf 92' lang='lat' dir='ltr'>sicut</span> 
     </span>
     <span class='ocr_line' id='line_1_17' title="bbox 50 986 1042 1035; baseline -0.001 -13"><span class='ocrx_word' id='word_1_119' title='bbox 50 987 116 1035; x_wconf 91' lang='lat' dir='ltr'>qui</span> <span class='ocrx_word' id='word_1_120' title='bbox 130 987 246 1023; x_wconf 84' lang='lat' dir='ltr'>intrat</span> <span class='ocrx_word' id='word_1_121' title='bbox 259 999 344 1022; x_wconf 91' lang='lat' dir='ltr'>cum</span> <span class='ocrx_word' id='word_1_122' title='bbox 360 986 450 1022; x_wconf 91' lang='lat' dir='ltr'>tibia</span> <span class='ocrx_word' id='word_1_123' title='bbox 464 987 501 1022; x_wconf 90' lang='lat' dir='ltr'>in</span> <span class='ocrx_word' id='word_1_124' title='bbox 519 994 684 1022; x_wconf 90' lang='lat' dir='ltr'>montem</span> <span class='ocrx_word' id='word_1_125' title='bbox 698 986 864 1032; x_wconf 84' lang='lat' dir='ltr'>Domini,</span> <span class='ocrx_word' id='word_1_126' title='bbox 878 994 1042 1022; x_wconf 90' lang='lat' dir='ltr'>montem</span> 
     </span>
    </p>
   </div>
   <div class='ocr_carea' id='block_1_8' title="bbox 1107 396 2105 1035">
    <p class='ocr_par' dir='ltr' id='par_1_8' title="bbox 1107 396 2105 1035">
     <span class='ocr_line' id='line_1_18' title="bbox 1109 396 2104 449; baseline 0.004 -17"><span class='ocrx_word' id='word_1_127' title='bbox 1109 396 1344 433; x_wconf 84' lang='lat' dir='ltr'>coelestibus!</span> <span class='ocrx_word' id='word_1_128' title='bbox 1378 410 1446 434; x_wconf 77' lang='lat' dir='ltr'>vos</span> <span class='ocrx_word' id='word_1_129' title='bbox 1478 411 1567 434; x_wconf 75' lang='lat' dir='ltr'>vere</span> <span class='ocrx_word' id='word_1_130' title='bbox 1591 398 1771 447; x_wconf 81' lang='lat' dir='ltr'>primitivi</span> <span class='ocrx_word' id='word_1_131' title='bbox 1802 399 1866 447; x_wconf 88' lang='lat' dir='ltr'>qui</span> <span class='ocrx_word' id='word_1_132' title='bbox 1900 399 2104 449; x_wconf 88' lang='lat' dir='ltr'>praelibatis</span> 
     </span>
     <span class='ocr_line' id='line_1_19' title="bbox 1108 454 2104 505; baseline 0.002 -14"><span class='ocrx_word' id='word_1_133' title='bbox 1108 454 1381 491; x_wconf 86' lang='lat' dir='ltr'>benedictionis</span> <span class='ocrx_word' id='word_1_134' title='bbox 1402 456 1535 492; x_wconf 85' lang='lat' dir='ltr'>futurae</span> <span class='ocrx_word' id='word_1_135' title='bbox 1551 456 1747 505; x_wconf 85' lang='lat' dir='ltr'>primitias.</span> <span class='ocrx_word' id='word_1_136' title='bbox 1773 457 1980 502; x_wconf 68' lang='lat' dir='ltr'>comedite,</span> <span class='ocrx_word' id='word_1_137' title='bbox 2005 463 2104 493; x_wconf 78' lang='lat' dir='ltr'>ami-</span> 
     </span>
     <span class='ocr_line' id='line_1_20' title="bbox 1107 514 2103 560; baseline 0.004 -11"><span class='ocrx_word' id='word_1_138' title='bbox 1107 519 1155 560; x_wconf 81' lang='lat' dir='ltr'>ci,</span> <span class='ocrx_word' id='word_1_139' title='bbox 1178 524 1216 550; x_wconf 84' lang='lat' dir='ltr'>et</span> <span class='ocrx_word' id='word_1_140' title='bbox 1231 514 1364 559; x_wconf 73' lang='lat' dir='ltr'>bibite‚·</span> <span class='ocrx_word' id='word_1_141' title='bbox 1387 524 1423 550; x_wconf 81' lang='lat' dir='ltr'>et</span> <span class='ocrx_word' id='word_1_142' title='bbox 1441 515 1696 559; x_wconf 78' lang='lat' dir='ltr'>inebriamini,</span> <span class='ocrx_word' id='word_1_143' title='bbox 1715 516 1923 552; x_wconf 79' lang='lat' dir='ltr'>charissimi</span> <span class='ocrx_word' id='word_1_144' title='bbox 1942 523 1968 552; x_wconf 81' lang='lat'>7.</span> <span class='ocrx_word' id='word_1_145' title='bbox 1982 516 2103 553; x_wconf 87' lang='lat' dir='ltr'>Bibite</span> 
     </span>
     <span class='ocr_line' id='line_1_21' title="bbox 1108 573 2104 623; baseline 0.003 -13"><span class='ocrx_word' id='word_1_146' title='bbox 1108 573 1155 610; x_wconf 88' lang='lat' dir='ltr'>de</span> <span class='ocrx_word' id='word_1_147' title='bbox 1178 574 1338 609; x_wconf 88' lang='lat' dir='ltr'>cisterna</span> <span class='ocrx_word' id='word_1_148' title='bbox 1361 582 1485 609; x_wconf 75' lang='lat' dir='ltr'>vestra</span> <span class='ocrx_word' id='word_1_149' title='bbox 1507 588 1514 610; x_wconf 92' lang='lat'>:</span> <span class='ocrx_word' id='word_1_150' title='bbox 1540 582 1576 610; x_wconf 92' lang='lat' dir='ltr'>et</span> <span class='ocrx_word' id='word_1_151' title='bbox 1600 574 1740 610; x_wconf 88' lang='lat' dir='ltr'>fluenta</span> <span class='ocrx_word' id='word_1_152' title='bbox 1765 576 1868 623; x_wconf 90' lang='lat' dir='ltr'>putei</span> <span class='ocrx_word' id='word_1_153' title='bbox 1893 576 2008 611; x_wconf 83' lang='lat' dir='ltr'>vestri</span> <span class='ocrx_word' id='word_1_154' title='bbox 2035 590 2104 613; x_wconf 84' lang='lat' dir='ltr'>ex-</span> 
     </span>
     <span class='ocr_line' id='line_1_22' title="bbox 1111 631 2103 677; baseline 0.005 -10"><span class='ocrx_word' id='word_1_155' title='bbox 1111 640 1281 668; x_wconf 86' lang='lat' dir='ltr'>crescant</span> <span class='ocrx_word' id='word_1_156' title='bbox 1297 640 1334 667; x_wconf 92' lang='lat' dir='ltr'>et</span> <span class='ocrx_word' id='word_1_157' title='bbox 1355 631 1586 677; x_wconf 82' lang='lat' dir='ltr'>exuberent3</span> <span class='ocrx_word' id='word_1_158' title='bbox 1604 633 1760 668; x_wconf 85' lang='lat' dir='ltr'>affluant</span> <span class='ocrx_word' id='word_1_159' title='bbox 1782 642 1819 669; x_wconf 91' lang='lat' dir='ltr'>et</span> <span class='ocrx_word' id='word_1_160' title='bbox 1835 634 2048 671; x_wconf 87' lang='lat' dir='ltr'>discurrant</span> <span class='ocrx_word' id='word_1_161' title='bbox 2064 636 2103 672; x_wconf 90' lang='lat' dir='ltr'>in</span> 
     </span>
     <span class='ocr_line' id='line_1_23' title="bbox 1108 689 2103 739; baseline 0.006 -14"><span class='ocrx_word' id='word_1_162' title='bbox 1108 690 1242 739; x_wconf 86' lang='lat' dir='ltr'>plateis</span> <span class='ocrx_word' id='word_1_163' title='bbox 1255 689 1381 726; x_wconf 89' lang='lat' dir='ltr'>cordis</span> <span class='ocrx_word' id='word_1_164' title='bbox 1394 691 1508 726; x_wconf 83' lang='lat' dir='ltr'>vestri</span> <span class='ocrx_word' id='word_1_165' title='bbox 1524 704 1630 738; x_wconf 86' lang='lat' dir='ltr'>aquae</span> <span class='ocrx_word' id='word_1_166' title='bbox 1643 690 1860 727; x_wconf 89' lang='lat' dir='ltr'>deliciarum</span> <span class='ocrx_word' id='word_1_167' title='bbox 1877 702 2103 732; x_wconf 82' lang='lat' dir='ltr'>vestrarum.</span> 
     </span>
     <span class='ocr_line' id='line_1_24' title="bbox 1111 748 2104 798; baseline 0.003 -12"><span class='ocrx_word' id='word_1_168' title='bbox 1111 752 1196 786; x_wconf 69' lang='lat' dir='ltr'>Non</span> <span class='ocrx_word' id='word_1_169' title='bbox 1216 749 1443 798; x_wconf 88' lang='lat' dir='ltr'>participent</span> <span class='ocrx_word' id='word_1_170' title='bbox 1463 748 1658 784; x_wconf 78' lang='lat' dir='ltr'>vobiscum</span> <span class='ocrx_word' id='word_1_171' title='bbox 1679 749 1791 785; x_wconf 89' lang='lat' dir='ltr'>alieni</span> <span class='ocrx_word' id='word_1_172' title='bbox 1810 764 1818 785; x_wconf 89' lang='lat'>:</span> <span class='ocrx_word' id='word_1_173' title='bbox 1837 750 1901 786; x_wconf 91' lang='lat' dir='ltr'>sed</span> <span class='ocrx_word' id='word_1_174' title='bbox 1926 764 1995 787; x_wconf 87' lang='lat' dir='ltr'>nec</span> <span class='ocrx_word' id='word_1_175' title='bbox 2018 766 2104 789; x_wconf 89' lang='lat' dir='ltr'>om-</span> 
     </span>
     <span class='ocr_line' id='line_1_25' title="bbox 1110 807 2103 848; baseline 0.004 -4"><span class='ocrx_word' id='word_1_176' title='bbox 1110 821 1176 844; x_wconf 88' lang='lat' dir='ltr'>nes</span> <span class='ocrx_word' id='word_1_177' title='bbox 1219 807 1467 843; x_wconf 83' lang='lat' dir='ltr'>admittantur</span> <span class='ocrx_word' id='word_1_178' title='bbox 1505 807 1714 843; x_wconf 85' lang='lat' dir='ltr'>domestici.</span> <span class='ocrx_word' id='word_1_179' title='bbox 1757 811 1831 844; x_wconf 70' lang='lat' dir='ltr'>Nos</span> <span class='ocrx_word' id='word_1_180' title='bbox 1865 809 1965 844; x_wconf 92' lang='lat' dir='ltr'>enim</span> <span class='ocrx_word' id='word_1_181' title='bbox 2004 813 2103 848; x_wconf 82' lang='lat' dir='ltr'>cives</span> 
     </span>
     <span class='ocr_line' id='line_1_26' title="bbox 1113 866 2103 918; baseline 0.002 -15"><span class='ocrx_word' id='word_1_182' title='bbox 1113 875 1326 904; x_wconf 89' lang='lat' dir='ltr'>sanctorum</span> <span class='ocrx_word' id='word_1_183' title='bbox 1341 895 1351 912; x_wconf 93' lang='lat'>,</span> <span class='ocrx_word' id='word_1_184' title='bbox 1373 875 1411 902; x_wconf 93' lang='lat' dir='ltr'>et</span> <span class='ocrx_word' id='word_1_185' title='bbox 1437 866 1633 902; x_wconf 85' lang='lat' dir='ltr'>domestici</span> <span class='ocrx_word' id='word_1_186' title='bbox 1649 866 1737 912; x_wconf 87' lang='lat' dir='ltr'>Dei;</span> <span class='ocrx_word' id='word_1_187' title='bbox 1761 866 1860 902; x_wconf 78' lang='lat' dir='ltr'>cives</span> <span class='ocrx_word' id='word_1_188' title='bbox 1879 869 2103 918; x_wconf 84' lang='lat' dir='ltr'>conscripti,</span> 
     </span>
     <span class='ocr_line' id='line_1_27' title="bbox 1110 925 2105 974; baseline 0.002 -11"><span class='ocrx_word' id='word_1_189' title='bbox 1110 927 1174 963; x_wconf 90' lang='lat' dir='ltr'>sed</span> <span class='ocrx_word' id='word_1_190' title='bbox 1198 926 1367 963; x_wconf 87' lang='lat' dir='ltr'>nondum</span> <span class='ocrx_word' id='word_1_191' title='bbox 1394 926 1575 974; x_wconf 72' lang='lat' dir='ltr'>suscepti,</span> <span class='ocrx_word' id='word_1_192' title='bbox 1599 925 1699 961; x_wconf 79' lang='lat' dir='ltr'>cives</span> <span class='ocrx_word' id='word_1_193' title='bbox 1725 926 1952 963; x_wconf 83' lang='lat' dir='ltr'>exsultantes</span> <span class='ocrx_word' id='word_1_194' title='bbox 1967 956 1976 974; x_wconf 85' lang='lat'>,</span> <span class='ocrx_word' id='word_1_195' title='bbox 2005 929 2105 965; x_wconf 80' lang='lat' dir='ltr'>cives</span> 
     </span>
     <span class='ocr_line' id='line_1_28' title="bbox 1110 985 2102 1035; baseline 0.002 -14"><span class='ocrx_word' id='word_1_196' title='bbox 1110 986 1412 1035; x_wconf 82' lang='lat' dir='ltr'>peregrinantes,</span> <span class='ocrx_word' id='word_1_197' title='bbox 1433 985 1533 1021; x_wconf 83' lang='lat' dir='ltr'>cives</span> <span class='ocrx_word' id='word_1_198' title='bbox 1550 985 1633 1033; x_wconf 69' lang='lat' dir='ltr'>vagi</span> <span class='ocrx_word' id='word_1_199' title='bbox 1651 993 1688 1020; x_wconf 93' lang='lat' dir='ltr'>et</span> <span class='ocrx_word' id='word_1_200' title='bbox 1706 985 1885 1033; x_wconf 88' lang='lat' dir='ltr'>palantes.</span> <span class='ocrx_word' id='word_1_201' title='bbox 1910 986 2102 1034; x_wconf 88' lang='lat' dir='ltr'>Siquidem</span> 
     </span>
    </p>
   </div>
   <div class='ocr_carea' id='block_1_9' title="bbox 51 1042 2104 1094">
    <p class='ocr_par' dir='ltr' id='par_1_9' title="bbox 51 1042 2104 1094">
     <span class='ocr_line' id='line_1_29' title="bbox 51 1042 2104 1094; baseline 0.001 -13"><span class='ocrx_word' id='word_1_202' title='bbox 51 1044 97 1080; x_wconf 88' lang='lat' dir='ltr'>de</span> <span class='ocrx_word' id='word_1_203' title='bbox 117 1057 194 1094; x_wconf 89' lang='lat' dir='ltr'>quo</span> <span class='ocrx_word' id='word_1_204' title='bbox 216 1045 424 1094; x_wconf 88' lang='lat' dir='ltr'>propheta,</span> <span class='ocrx_word' id='word_1_205' title='bbox 455 1047 505 1080; x_wconf 87' lang='lat' dir='ltr'>Et</span> <span class='ocrx_word' id='word_1_206' title='bbox 517 1042 640 1091; x_wconf 84' lang='lat' dir='ltr'>saciet</span> <span class='ocrx_word' id='word_1_207' title='bbox 659 1047 839 1080; x_wconf 78' lang='lat' dir='ltr'>Dominus</span> <span class='ocrx_word' id='word_1_208' title='bbox 862 1049 899 1080; x_wconf 82' lang='lat' dir='ltr'>in</span> <span class='ocrx_word' id='word_1_209' title='bbox 922 1054 1044 1080; x_wconf 80' lang='lat' dir='ltr'>monte</span> <span class='ocrx_word' id='word_1_210' title='bbox 1061 1046 1089 1080; x_wconf 92' lang='lat' dir='ltr'><strong>B</strong></span> <span class='ocrx_word' id='word_1_211' title='bbox 1110 1045 1325 1094; x_wconf 85' lang='lat' dir='ltr'>iniquitates</span> <span class='ocrx_word' id='word_1_212' title='bbox 1365 1052 1503 1080; x_wconf 87' lang='lat' dir='ltr'>nostrae</span> <span class='ocrx_word' id='word_1_213' title='bbox 1545 1044 1652 1093; x_wconf 86' lang='lat' dir='ltr'>quasi</span> <span class='ocrx_word' id='word_1_214' title='bbox 1694 1052 1832 1080; x_wconf 73' lang='lat' dir='ltr'>ventus</span> <span class='ocrx_word' id='word_1_215' title='bbox 1866 1044 2104 1084; x_wconf 88' lang='lat' dir='ltr'>abstulerunt</span> 
     </span>
    </p>
   </div>
   <div class='ocr_carea' id='block_1_10' title="bbox 45 1105 1043 2555">
    <p class='ocr_par' dir='ltr' id='par_1_10' title="bbox 45 1105 1043 1844">
     <span class='ocr_line' id='line_1_30' title="bbox 50 1105 1042 1153; baseline 0 -13"><span class='ocrx_word' id='word_1_216' title='bbox 50 1105 117 1140; x_wconf 82' lang='lat' dir='ltr'>hoc</span> <span class='ocrx_word' id='word_1_217' title='bbox 135 1109 333 1140; x_wconf 77' lang='lat' dir='ltr'>convivium</span> <span class='ocrx_word' id='word_1_218' title='bbox 353 1109 547 1153; x_wconf 80' lang='lat' dir='ltr'>pinguium</span> <span class='ocrx_word' id='word_1_219' title='bbox 560 1132 571 1148; x_wconf 90' lang='lat'><em>‚</em></span> <span class='ocrx_word' id='word_1_220' title='bbox 597 1109 796 1140; x_wconf 78' lang='lat' dir='ltr'>convivium</span> <span class='ocrx_word' id='word_1_221' title='bbox 821 1107 1042 1150; x_wconf 79' lang='lat' dir='ltr'>vimlemioe,</span> 
     </span>
     <span class='ocr_line' id='line_1_31' title="bbox 45 1162 1041 1212; baseline 0.002 -14"><span class='ocrx_word' id='word_1_222' title='bbox 45 1168 244 1212; x_wconf 74' lang='lat' dir='ltr'>pitzguium</span> <span class='ocrx_word' id='word_1_223' title='bbox 265 1165 566 1208; x_wconf 80' lang='lat' dir='ltr'>medullatorum,</span> <span class='ocrx_word' id='word_1_224' title='bbox 582 1166 789 1200; x_wconf 71' lang='lat' dir='ltr'>vindemia&gt;</span> <span class='ocrx_word' id='word_1_225' title='bbox 805 1162 1041 1211; x_wconf 46' lang='lat' dir='ltr'>defaecatae&amp;</span> 
     </span>
     <span class='ocr_line' id='line_1_32' title="bbox 50 1223 1043 1272; baseline 0.002 -14"><span class='ocrx_word' id='word_1_226' title='bbox 50 1225 271 1272; x_wconf 86' lang='lat' dir='ltr'>Temperata</span> <span class='ocrx_word' id='word_1_227' title='bbox 300 1232 356 1260; x_wconf 89' lang='lat' dir='ltr'>est</span> <span class='ocrx_word' id='word_1_228' title='bbox 375 1223 520 1268; x_wconf 87' lang='lat' dir='ltr'>adhuc,</span> <span class='ocrx_word' id='word_1_229' title='bbox 545 1231 583 1260; x_wconf 89' lang='lat' dir='ltr'>et</span> <span class='ocrx_word' id='word_1_230' title='bbox 610 1236 686 1260; x_wconf 92' lang='lat' dir='ltr'>non</span> <span class='ocrx_word' id='word_1_231' title='bbox 715 1223 891 1260; x_wconf 81' lang='lat' dir='ltr'>defaecata</span> <span class='ocrx_word' id='word_1_232' title='bbox 918 1236 1043 1260; x_wconf 91' lang='lat' dir='ltr'>ascen-</span> 
     </span>
     <span class='ocr_line' id='line_1_33' title="bbox 50 1281 1043 1331; baseline 0.002 -14"><span class='ocrx_word' id='word_1_233' title='bbox 50 1281 174 1318; x_wconf 90' lang='lat' dir='ltr'>dentis</span> <span class='ocrx_word' id='word_1_234' title='bbox 195 1282 345 1328; x_wconf 84' lang='lat' dir='ltr'>laetitia,</span> <span class='ocrx_word' id='word_1_235' title='bbox 373 1290 410 1318; x_wconf 89' lang='lat' dir='ltr'>et</span> <span class='ocrx_word' id='word_1_236' title='bbox 437 1282 553 1318; x_wconf 84' lang='lat' dir='ltr'>mixta</span> <span class='ocrx_word' id='word_1_237' title='bbox 583 1295 667 1318; x_wconf 88' lang='lat' dir='ltr'>cum</span> <span class='ocrx_word' id='word_1_238' title='bbox 690 1283 863 1331; x_wconf 81' lang='lat' dir='ltr'>lacrymis</span> <span class='ocrx_word' id='word_1_239' title='bbox 895 1297 902 1317; x_wconf 94' lang='lat'>:</span> <span class='ocrx_word' id='word_1_240' title='bbox 931 1283 1043 1319; x_wconf 70' lang='lat' dir='ltr'>Caliz</span> 
     </span>
     <span class='ocr_line' id='line_1_34' title="bbox 48 1340 1037 1390; baseline 0.002 -14"><span class='ocrx_word' id='word_1_241' title='bbox 48 1340 148 1376; x_wconf 83' lang='lat' dir='ltr'>enim</span> <span class='ocrx_word' id='word_1_242' title='bbox 169 1345 206 1376; x_wconf 80' lang='lat' dir='ltr'>in</span> <span class='ocrx_word' id='word_1_243' title='bbox 223 1354 338 1377; x_wconf 79' lang='lat' dir='ltr'>manu</span> <span class='ocrx_word' id='word_1_244' title='bbox 356 1343 509 1376; x_wconf 76' lang='lat' dir='ltr'>Domini</span> <span class='ocrx_word' id='word_1_245' title='bbox 523 1346 604 1377; x_wconf 79' lang='lat' dir='ltr'>vim&#39;</span> <span class='ocrx_word' id='word_1_246' title='bbox 619 1347 710 1377; x_wconf 80' lang='lat' dir='ltr'>meri</span> <span class='ocrx_word' id='word_1_247' title='bbox 724 1346 861 1390; x_wconf 78' lang='lat' dir='ltr'>plenus</span> <span class='ocrx_word' id='word_1_248' title='bbox 874 1347 993 1378; x_wconf 72' lang='lat' dir='ltr'>mixto</span> <span class='ocrx_word' id='word_1_249' title='bbox 1012 1342 1037 1378; x_wconf 81' lang='lat'>³.</span> 
     </span>
     <span class='ocr_line' id='line_1_35' title="bbox 48 1396 1035 1450; baseline 0.001 -14"><span class='ocrx_word' id='word_1_250' title='bbox 48 1399 207 1436; x_wconf 85' lang='lat' dir='ltr'>Mixtum</span> <span class='ocrx_word' id='word_1_251' title='bbox 223 1408 279 1437; x_wconf 86' lang='lat' dir='ltr'>est</span> <span class='ocrx_word' id='word_1_252' title='bbox 293 1399 550 1450; x_wconf 84' lang='lat' dir='ltr'>pergentibus,</span> <span class='ocrx_word' id='word_1_253' title='bbox 563 1413 706 1436; x_wconf 90' lang='lat' dir='ltr'>merum</span> <span class='ocrx_word' id='word_1_254' title='bbox 720 1396 1035 1450; x_wconf 80' lang='lat' dir='ltr'>pertingentibus,</span> 
     </span>
     <span class='ocr_line' id='line_1_36' title="bbox 50 1459 1040 1509; baseline 0.003 -15"><span class='ocrx_word' id='word_1_255' title='bbox 50 1467 269 1495; x_wconf 85' lang='lat' dir='ltr'>remanente</span> <span class='ocrx_word' id='word_1_256' title='bbox 295 1459 396 1508; x_wconf 90' lang='lat' dir='ltr'>apud</span> <span class='ocrx_word' id='word_1_257' title='bbox 420 1460 548 1509; x_wconf 87' lang='lat' dir='ltr'>pigros</span> <span class='ocrx_word' id='word_1_258' title='bbox 571 1460 670 1496; x_wconf 82' lang='lat' dir='ltr'>faece.</span> <span class='ocrx_word' id='word_1_259' title='bbox 695 1460 844 1496; x_wconf 87' lang='lat' dir='ltr'>Miscuit</span> <span class='ocrx_word' id='word_1_260' title='bbox 876 1461 935 1496; x_wconf 89' lang='lat' dir='ltr'>hic</span> <span class='ocrx_word' id='word_1_261' title='bbox 966 1463 1040 1497; x_wconf 62' lang='lat' dir='ltr'>Sa—</span> 
     </span>
     <span class='ocr_line' id='line_1_37' title="bbox 50 1515 1040 1564; baseline 0.004 -13"><span class='ocrx_word' id='word_1_262' title='bbox 50 1515 191 1564; x_wconf 89' lang='lat' dir='ltr'>pientia</span> <span class='ocrx_word' id='word_1_263' title='bbox 209 1518 248 1553; x_wconf 90' lang='lat' dir='ltr'>in</span> <span class='ocrx_word' id='word_1_264' title='bbox 268 1526 413 1554; x_wconf 86' lang='lat' dir='ltr'>cratere</span> <span class='ocrx_word' id='word_1_265' title='bbox 426 1519 555 1553; x_wconf 89' lang='lat' dir='ltr'>vinum</span> <span class='ocrx_word' id='word_1_266' title='bbox 569 1547 579 1563; x_wconf 93' lang='lat'>,</span> <span class='ocrx_word' id='word_1_267' title='bbox 600 1517 666 1554; x_wconf 86' lang='lat' dir='ltr'>ubi</span> <span class='ocrx_word' id='word_1_268' title='bbox 684 1532 820 1554; x_wconf 81' lang='lat' dir='ltr'>novam</span> <span class='ocrx_word' id='word_1_269' title='bbox 844 1518 1040 1555; x_wconf 79' lang='lat' dir='ltr'>defaecabit</span> 
     </span>
     <span class='ocr_line' id='line_1_38' title="bbox 51 1574 1038 1627; baseline 0.004 -17"><span class='ocrx_word' id='word_1_270' title='bbox 51 1574 288 1612; x_wconf 87' lang='lat' dir='ltr'>vindemiam.</span> <span class='ocrx_word' id='word_1_271' title='bbox 310 1579 438 1614; x_wconf 91' lang='lat' dir='ltr'>Unum</span> <span class='ocrx_word' id='word_1_272' title='bbox 466 1577 517 1613; x_wconf 91' lang='lat' dir='ltr'>ibi</span> <span class='ocrx_word' id='word_1_273' title='bbox 541 1587 597 1613; x_wconf 89' lang='lat' dir='ltr'>est</span> <span class='ocrx_word' id='word_1_274' title='bbox 619 1576 815 1613; x_wconf 87' lang='lat' dir='ltr'>beatorum</span> <span class='ocrx_word' id='word_1_275' title='bbox 846 1579 1038 1627; x_wconf 85' lang='lat' dir='ltr'>negotium</span> 
     </span>
     <span class='ocr_line' id='line_1_39' title="bbox 49 1632 1041 1683; baseline 0.004 -14"><span class='ocrx_word' id='word_1_276' title='bbox 49 1632 250 1682; x_wconf 84' lang='lat' dir='ltr'>spirituum</span> <span class='ocrx_word' id='word_1_277' title='bbox 267 1663 277 1680; x_wconf 92' lang='lat'>‚</span> <span class='ocrx_word' id='word_1_278' title='bbox 313 1648 388 1671; x_wconf 89' lang='lat' dir='ltr'>una</span> <span class='ocrx_word' id='word_1_279' title='bbox 423 1635 511 1671; x_wconf 89' lang='lat' dir='ltr'>anni</span> <span class='ocrx_word' id='word_1_280' title='bbox 542 1635 687 1683; x_wconf 83' lang='lat' dir='ltr'>jubilaei</span> <span class='ocrx_word' id='word_1_281' title='bbox 721 1636 890 1682; x_wconf 84' lang='lat' dir='ltr'>feriati03</span> <span class='ocrx_word' id='word_1_282' title='bbox 925 1637 1041 1673; x_wconf 88' lang='lat' dir='ltr'>laetari</span> 
     </span>
     <span class='ocr_line' id='line_1_40' title="bbox 50 1692 1038 1742; baseline 0.006 -17"><span class='ocrx_word' id='word_1_283' title='bbox 50 1702 133 1726; x_wconf 89' lang='lat' dir='ltr'>cum</span> <span class='ocrx_word' id='word_1_284' title='bbox 155 1693 344 1738; x_wconf 88' lang='lat' dir='ltr'>Domino,</span> <span class='ocrx_word' id='word_1_285' title='bbox 367 1701 403 1729; x_wconf 90' lang='lat' dir='ltr'>et</span> <span class='ocrx_word' id='word_1_286' title='bbox 419 1692 571 1729; x_wconf 88' lang='lat' dir='ltr'>laudare</span> <span class='ocrx_word' id='word_1_287' title='bbox 593 1694 714 1742; x_wconf 90' lang='lat' dir='ltr'>ipsum</span> <span class='ocrx_word' id='word_1_288' title='bbox 737 1708 744 1729; x_wconf 75' lang='grc' dir='ltr'>ε</span> <span class='ocrx_word' id='word_1_289' title='bbox 772 1697 958 1731; x_wconf 76' lang='lat' dir='ltr'>Gaudium</span> <span class='ocrx_word' id='word_1_290' title='bbox 979 1704 1038 1731; x_wconf 90' lang='lat' dir='ltr'>et-</span> 
     </span>
     <span class='ocr_line' id='line_1_41' title="bbox 49 1749 1041 1799; baseline 0.005 -15"><span class='ocrx_word' id='word_1_291' title='bbox 49 1749 147 1785; x_wconf 85' lang='lat' dir='ltr'>enim</span> <span class='ocrx_word' id='word_1_292' title='bbox 175 1755 378 1786; x_wconf 76' lang='lat' dir='ltr'>invenielur</span> <span class='ocrx_word' id='word_1_293' title='bbox 393 1756 431 1787; x_wconf 82' lang='lat' dir='ltr'>in</span> <span class='ocrx_word' id='word_1_294' title='bbox 452 1765 516 1795; x_wconf 84' lang='lat' dir='ltr'>ea,</span> <span class='ocrx_word' id='word_1_295' title='bbox 531 1754 734 1799; x_wconf 79' lang='lat' dir='ltr'>gratiarum</span> <span class='ocrx_word' id='word_1_296' title='bbox 765 1758 883 1798; x_wconf 80' lang='lat' dir='ltr'>actio,</span> <span class='ocrx_word' id='word_1_297' title='bbox 905 1763 939 1789; x_wconf 79' lang='lat' dir='ltr'>et</span> <span class='ocrx_word' id='word_1_298' title='bbox 964 1767 1041 1789; x_wconf 69' lang='lat' dir='ltr'>vox</span> 
     </span>
     <span class='ocr_line' id='line_1_42' title="bbox 49 1808 215 1844; baseline 0.018 -3"><span class='ocrx_word' id='word_1_299' title='bbox 49 1808 169 1842; x_wconf 70' lang='lat' dir='ltr'>laudis</span> <span class='ocrx_word' id='word_1_300' title='bbox 185 1809 215 1844; x_wconf 61' lang='lat'>4.</span> 
     </span>
    </p>

    <p class='ocr_par' dir='ltr' id='par_1_11' title="bbox 45 1866 1042 2555">
     <span class='ocr_line' id='line_1_43' title="bbox 101 1866 1036 1918; baseline 0.003 -15"><span class='ocrx_word' id='word_1_301' title='bbox 101 1866 137 1902; x_wconf 89' lang='grc'>3.</span> <span class='ocrx_word' id='word_1_302' title='bbox 171 1871 333 1914; x_wconf 86' lang='lat' dir='ltr'>Laetare,</span> <span class='ocrx_word' id='word_1_303' title='bbox 371 1869 602 1914; x_wconf 79' lang='lat' dir='ltr'>Jerusalem,</span> <span class='ocrx_word' id='word_1_304' title='bbox 638 1882 796 1918; x_wconf 88' lang='lat' dir='ltr'>erumpe</span> <span class='ocrx_word' id='word_1_305' title='bbox 828 1878 865 1905; x_wconf 88' lang='lat' dir='ltr'>et</span> <span class='ocrx_word' id='word_1_306' title='bbox 895 1870 1036 1906; x_wconf 86' lang='lat' dir='ltr'>lauda:</span> 
     </span>
     <span class='ocr_line' id='line_1_44' title="bbox 47 1924 1042 1977; baseline 0.005 -17"><span class='ocrx_word' id='word_1_307' title='bbox 47 1924 159 1961; x_wconf 82' lang='lat' dir='ltr'>lauda</span> <span class='ocrx_word' id='word_1_308' title='bbox 172 1926 400 1974; x_wconf 82' lang='lat' dir='ltr'>majestatem</span> <span class='ocrx_word' id='word_1_309' title='bbox 414 1956 423 1972; x_wconf 93' lang='lat'>‚</span> <span class='ocrx_word' id='word_1_310' title='bbox 446 1928 624 1963; x_wconf 85' lang='lat' dir='ltr'>munifico</span> <span class='ocrx_word' id='word_1_311' title='bbox 645 1929 742 1964; x_wconf 85' lang='lat' dir='ltr'>refer</span> <span class='ocrx_word' id='word_1_312' title='bbox 762 1929 932 1977; x_wconf 85' lang='lat' dir='ltr'>gratiam.</span> <span class='ocrx_word' id='word_1_313' title='bbox 961 1933 1042 1966; x_wconf 84' lang='lat' dir='ltr'>Hoc</span> 
     </span>
     <span class='ocr_line' id='line_1_45' title="bbox 48 1981 1042 2037; baseline 0.006 -19"><span class='ocrx_word' id='word_1_314' title='bbox 48 1995 69 2019; x_wconf 86' lang='lat' dir='ltr'>a</span> <span class='ocrx_word' id='word_1_315' title='bbox 96 1991 131 2019; x_wconf 88' lang='lat' dir='ltr'>te</span> <span class='ocrx_word' id='word_1_316' title='bbox 158 1993 287 2021; x_wconf 78' lang='lat' dir='ltr'>votum</span> <span class='ocrx_word' id='word_1_317' title='bbox 308 1999 456 2035; x_wconf 86' lang='lat' dir='ltr'>semper</span> <span class='ocrx_word' id='word_1_318' title='bbox 481 1981 700 2033; x_wconf 70' lang='lat' dir='ltr'>exsolvitur,</span> <span class='ocrx_word' id='word_1_319' title='bbox 725 1996 761 2023; x_wconf 80' lang='lat' dir='ltr'>et</span> <span class='ocrx_word' id='word_1_320' title='bbox 787 2001 935 2037; x_wconf 87' lang='lat' dir='ltr'>semper</span> <span class='ocrx_word' id='word_1_321' title='bbox 961 1989 1042 2024; x_wconf 84' lang='lat' dir='ltr'>exi-</span> 
     </span>
     <span class='ocr_line' id='line_1_46' title="bbox 52 2042 1042 2096; baseline 0.006 -19"><span class='ocrx_word' id='word_1_322' title='bbox 52 2042 178 2090; x_wconf 83' lang='lat' dir='ltr'>gitur:</span> <span class='ocrx_word' id='word_1_323' title='bbox 199 2054 375 2094; x_wconf 87' lang='lat' dir='ltr'>prompte</span> <span class='ocrx_word' id='word_1_324' title='bbox 392 2047 610 2092; x_wconf 79' lang='lat' dir='ltr'>exsolvitur,</span> <span class='ocrx_word' id='word_1_325' title='bbox 628 2055 663 2082; x_wconf 86' lang='lat' dir='ltr'>et</span> <span class='ocrx_word' id='word_1_326' title='bbox 680 2047 739 2096; x_wconf 90' lang='lat' dir='ltr'>pie</span> <span class='ocrx_word' id='word_1_327' title='bbox 756 2047 929 2095; x_wconf 74' lang='lat' dir='ltr'>exigitur.</span> <span class='ocrx_word' id='word_1_328' title='bbox 949 2050 1042 2083; x_wconf 82' lang='lat' dir='ltr'>Exa-</span> 
     </span>
     <span class='ocr_line' id='line_1_47' title="bbox 51 2101 1040 2155; baseline 0.007 -20"><span class='ocrx_word' id='word_1_329' title='bbox 51 2101 125 2136; x_wconf 87' lang='lat' dir='ltr'>ctio</span> <span class='ocrx_word' id='word_1_330' title='bbox 160 2102 239 2151; x_wconf 88' lang='lat' dir='ltr'>ipsa</span> <span class='ocrx_word' id='word_1_331' title='bbox 269 2103 467 2140; x_wconf 86' lang='lat' dir='ltr'>delectatio</span> <span class='ocrx_word' id='word_1_332' title='bbox 503 2114 568 2140; x_wconf 87' lang='lat' dir='ltr'>est.</span> <span class='ocrx_word' id='word_1_333' title='bbox 600 2105 846 2142; x_wconf 82' lang='lat' dir='ltr'>Commendat</span> <span class='ocrx_word' id='word_1_334' title='bbox 866 2119 903 2142; x_wconf 82' lang='lat' dir='ltr'>se</span> <span class='ocrx_word' id='word_1_335' title='bbox 923 2107 1040 2155; x_wconf 86' lang='lat' dir='ltr'>ipsam</span> 
     </span>
     <span class='ocr_line' id='line_1_48' title="bbox 50 2157 1042 2210; baseline 0.003 -16"><span class='ocrx_word' id='word_1_336' title='bbox 50 2157 168 2196; x_wconf 84' lang='lat' dir='ltr'>beatae</span> <span class='ocrx_word' id='word_1_337' title='bbox 198 2163 364 2199; x_wconf 84' lang='lat' dir='ltr'>veritatis</span> <span class='ocrx_word' id='word_1_338' title='bbox 392 2164 519 2199; x_wconf 75' lang='lat' dir='ltr'>votiva</span> <span class='ocrx_word' id='word_1_339' title='bbox 546 2165 759 2210; x_wconf 73' lang='lat' dir='ltr'>perceptio,</span> <span class='ocrx_word' id='word_1_340' title='bbox 792 2173 829 2197; x_wconf 85' lang='lat' dir='ltr'>et</span> <span class='ocrx_word' id='word_1_341' title='bbox 861 2165 1042 2198; x_wconf 78' lang='lat' dir='ltr'>serenitas</span> 
     </span>
     <span class='ocr_line' id='line_1_49' title="bbox 49 2217 1042 2265; baseline 0.003 -13"><span class='ocrx_word' id='word_1_342' title='bbox 49 2217 172 2255; x_wconf 86' lang='lat' dir='ltr'>afflata</span> <span class='ocrx_word' id='word_1_343' title='bbox 187 2221 376 2265; x_wconf 86' lang='lat' dir='ltr'>sensibus,</span> <span class='ocrx_word' id='word_1_344' title='bbox 399 2221 509 2257; x_wconf 92' lang='lat' dir='ltr'>simul</span> <span class='ocrx_word' id='word_1_345' title='bbox 529 2233 612 2256; x_wconf 93' lang='lat' dir='ltr'>cum</span> <span class='ocrx_word' id='word_1_346' title='bbox 633 2220 714 2256; x_wconf 90' lang='lat' dir='ltr'>luce</span> <span class='ocrx_word' id='word_1_347' title='bbox 736 2220 901 2256; x_wconf 87' lang='lat' dir='ltr'>laetitiam</span> <span class='ocrx_word' id='word_1_348' title='bbox 918 2220 1042 2256; x_wconf 86' lang='lat' dir='ltr'>insun-</span> 
     </span>
     <span class='ocr_line' id='line_1_50' title="bbox 48 2274 1039 2324; baseline 0.003 -13"><span class='ocrx_word' id='word_1_349' title='bbox 48 2274 102 2311; x_wconf 89' lang='lat' dir='ltr'>dit</span> <span class='ocrx_word' id='word_1_350' title='bbox 127 2289 135 2310; x_wconf 91' lang='lat'><strong>:</strong></span> <span class='ocrx_word' id='word_1_351' title='bbox 162 2279 244 2313; x_wconf 73' lang='lat' dir='ltr'>Lux</span> <span class='ocrx_word' id='word_1_352' title='bbox 266 2288 346 2314; x_wconf 84' lang='lat' dir='ltr'>orta</span> <span class='ocrx_word' id='word_1_353' title='bbox 373 2289 423 2314; x_wconf 79' lang='lat' dir='ltr'>est</span> <span class='ocrx_word' id='word_1_354' title='bbox 431 2281 553 2324; x_wconf 76' lang='lat' dir='ltr'>justo,</span> <span class='ocrx_word' id='word_1_355' title='bbox 578 2288 612 2314; x_wconf 79' lang='lat' dir='ltr'>et</span> <span class='ocrx_word' id='word_1_356' title='bbox 633 2283 737 2314; x_wconf 78' lang='lat' dir='ltr'>rectis</span> <span class='ocrx_word' id='word_1_357' title='bbox 760 2281 870 2314; x_wconf 82' lang='lat' dir='ltr'>corde</span> <span class='ocrx_word' id='word_1_358' title='bbox 895 2282 1039 2314; x_wconf 78' lang='lat' dir='ltr'>laetitia.</span> 
     </span>
     <span class='ocr_line' id='line_1_51' title="bbox 47 2335 1040 2386; baseline 0.004 -18"><span class='ocrx_word' id='word_1_359' title='bbox 47 2335 249 2372; x_wconf 81' lang='lat' dir='ltr'>Loetamim&#39;</span> <span class='ocrx_word' id='word_1_360' title='bbox 269 2342 362 2383; x_wconf 74' lang='lat' dir='ltr'>justi</span> <span class='ocrx_word' id='word_1_361' title='bbox 383 2343 421 2374; x_wconf 81' lang='lat' dir='ltr'>in</span> <span class='ocrx_word' id='word_1_362' title='bbox 452 2341 624 2374; x_wconf 80' lang='lat' dir='ltr'>Domino,</span> <span class='ocrx_word' id='word_1_363' title='bbox 658 2341 776 2385; x_wconf 90' lang='lat' dir='ltr'>Quam</span> <span class='ocrx_word' id='word_1_364' title='bbox 807 2351 878 2386; x_wconf 88' lang='lat' dir='ltr'>pro</span> <span class='ocrx_word' id='word_1_365' title='bbox 914 2338 1040 2373; x_wconf 76' lang='lat' dir='ltr'>laetitia</span> 
     </span>
     <span class='ocr_line' id='line_1_52' title="bbox 46 2392 1039 2445; baseline 0.003 -18"><span class='ocrx_word' id='word_1_366' title='bbox 46 2392 164 2430; x_wconf 87' lang='lat' dir='ltr'>vicem</span> <span class='ocrx_word' id='word_1_367' title='bbox 191 2396 424 2445; x_wconf 82' lang='lat' dir='ltr'>rependent?</span> <span class='ocrx_word' id='word_1_368' title='bbox 451 2399 500 2432; x_wconf 86' lang='lat' dir='ltr'>Et</span> <span class='ocrx_word' id='word_1_369' title='bbox 519 2398 766 2444; x_wconf 80' lang='lat' dir='ltr'>confitemini,</span> <span class='ocrx_word' id='word_1_370' title='bbox 797 2396 941 2445; x_wconf 90' lang='lat' dir='ltr'>inquit,</span> <span class='ocrx_word' id='word_1_371' title='bbox 962 2409 1039 2431; x_wconf 83' lang='lat' dir='ltr'>me·</span> 
     </span>
     <span class='ocr_line' id='line_1_53' title="bbox 45 2454 1040 2504; baseline 0.005 -19"><span class='ocrx_word' id='word_1_372' title='bbox 45 2456 177 2487; x_wconf 81' lang='lat' dir='ltr'>morioe</span> <span class='ocrx_word' id='word_1_373' title='bbox 208 2458 510 2502; x_wconf 56' lang='lat' dir='ltr'>sanctificationis</span> <span class='ocrx_word' id='word_1_374' title='bbox 544 2457 622 2500; x_wconf 73' lang='lat' dir='ltr'>ejas</span> <span class='ocrx_word' id='word_1_375' title='bbox 647 2455 673 2491; x_wconf 85' lang='lat'>⁵.</span> <span class='ocrx_word' id='word_1_376' title='bbox 702 2458 799 2504; x_wconf 84' lang='lat' dir='ltr'>Ergo</span> <span class='ocrx_word' id='word_1_377' title='bbox 832 2455 958 2491; x_wconf 86' lang='lat' dir='ltr'>laetitia</span> <span class='ocrx_word' id='word_1_378' title='bbox 993 2454 1040 2490; x_wconf 89' lang='lat' dir='ltr'>de</span> 
     </span>
     <span class='ocr_line' id='line_1_54' title="bbox 45 2507 1038 2555; baseline 0.007 -12"><span class='ocrx_word' id='word_1_379' title='bbox 45 2507 128 2544; x_wconf 87' lang='lat' dir='ltr'>luce</span> <span class='ocrx_word' id='word_1_380' title='bbox 141 2537 151 2555; x_wconf 93' lang='lat'>,</span> <span class='ocrx_word' id='word_1_381' title='bbox 181 2511 260 2547; x_wconf 90' lang='lat' dir='ltr'>laus</span> <span class='ocrx_word' id='word_1_382' title='bbox 281 2511 328 2548; x_wconf 90' lang='lat' dir='ltr'>de</span> <span class='ocrx_word' id='word_1_383' title='bbox 347 2515 471 2548; x_wconf 81' lang='lat' dir='ltr'>laetitia</span> <span class='ocrx_word' id='word_1_384' title='bbox 495 2529 503 2548; x_wconf 87' lang='grc'>;</span> <span class='ocrx_word' id='word_1_385' title='bbox 525 2514 651 2550; x_wconf 84' lang='lat' dir='ltr'>laetitia</span> <span class='ocrx_word' id='word_1_386' title='bbox 670 2526 890 2550; x_wconf 82' lang='lat' dir='ltr'>excrescens</span> <span class='ocrx_word' id='word_1_387' title='bbox 909 2526 1038 2550; x_wconf 89' lang='lat' dir='ltr'>erum—</span> 
     </span>
    </p>
   </div>
   <div class='ocr_carea' id='block_1_11' title="bbox 1105 1103 2106 1799">
    <p class='ocr_par' dir='ltr' id='par_1_12' title="bbox 1105 1103 2106 1799">
     <span class='ocr_line' id='line_1_55' title="bbox 1109 1103 2101 1154; baseline 0.003 -14"><span class='ocrx_word' id='word_1_388' title='bbox 1109 1117 1179 1141; x_wconf 89' lang='lat' dir='ltr'>nos</span> <span class='ocrx_word' id='word_1_389' title='bbox 1195 1103 1221 1140; x_wconf 77' lang='grc'>8.</span> <span class='ocrx_word' id='word_1_390' title='bbox 1242 1107 1318 1141; x_wconf 93' lang='lat' dir='ltr'>Vos</span> <span class='ocrx_word' id='word_1_391' title='bbox 1332 1112 1456 1140; x_wconf 91' lang='lat' dir='ltr'>autem</span> <span class='ocrx_word' id='word_1_392' title='bbox 1474 1103 1610 1140; x_wconf 89' lang='lat' dir='ltr'>sedetis</span> <span class='ocrx_word' id='word_1_393' title='bbox 1621 1103 1659 1139; x_wconf 90' lang='lat' dir='ltr'>in</span> <span class='ocrx_word' id='word_1_394' title='bbox 1676 1103 1959 1152; x_wconf 90' lang='lat' dir='ltr'>pulchritudine</span> <span class='ocrx_word' id='word_1_395' title='bbox 1979 1107 2101 1154; x_wconf 89' lang='lat' dir='ltr'>pacis,</span> 
     </span>
     <span class='ocr_line' id='line_1_56' title="bbox 1110 1163 2103 1214; baseline 0.002 -14"><span class='ocrx_word' id='word_1_396' title='bbox 1110 1172 1146 1200; x_wconf 88' lang='lat' dir='ltr'>et</span> <span class='ocrx_word' id='word_1_397' title='bbox 1166 1164 1203 1200; x_wconf 85' lang='lat' dir='ltr'>iu</span> <span class='ocrx_word' id='word_1_398' title='bbox 1223 1163 1473 1200; x_wconf 89' lang='lat' dir='ltr'>tabernaculis</span> <span class='ocrx_word' id='word_1_399' title='bbox 1496 1163 1659 1208; x_wconf 84' lang='lat' dir='ltr'>fiduciae,</span> <span class='ocrx_word' id='word_1_400' title='bbox 1681 1171 1719 1198; x_wconf 87' lang='lat' dir='ltr'>et</span> <span class='ocrx_word' id='word_1_401' title='bbox 1739 1163 1777 1198; x_wconf 91' lang='lat' dir='ltr'>in</span> <span class='ocrx_word' id='word_1_402' title='bbox 1798 1164 1926 1212; x_wconf 89' lang='lat' dir='ltr'>requie</span> <span class='ocrx_word' id='word_1_403' title='bbox 1943 1166 2103 1214; x_wconf 91' lang='lat' dir='ltr'>opulen-</span> 
     </span>
     <span class='ocr_line' id='line_1_57' title="bbox 1109 1222 2104 1273; baseline 0.002 -15"><span class='ocrx_word' id='word_1_404' title='bbox 1109 1223 1169 1259; x_wconf 80' lang='lat' dir='ltr'>tiae</span> <span class='ocrx_word' id='word_1_405' title='bbox 1192 1230 1220 1259; x_wconf 79' lang='lat'>9.</span> <span class='ocrx_word' id='word_1_406' title='bbox 1246 1227 1310 1259; x_wconf 84' lang='lat' dir='ltr'>Vae</span> <span class='ocrx_word' id='word_1_407' title='bbox 1329 1222 1606 1259; x_wconf 88' lang='lat' dir='ltr'>habitatoribus</span> <span class='ocrx_word' id='word_1_408' title='bbox 1638 1230 1763 1267; x_wconf 65' lang='lat' dir='ltr'>terrae,</span> <span class='ocrx_word' id='word_1_409' title='bbox 1798 1222 1864 1258; x_wconf 89' lang='lat' dir='ltr'>ubi</span> <span class='ocrx_word' id='word_1_410' title='bbox 1892 1236 1975 1259; x_wconf 85' lang='lat' dir='ltr'>rara</span> <span class='ocrx_word' id='word_1_411' title='bbox 2006 1237 2104 1273; x_wconf 81' lang='lat' dir='ltr'>pax,</span> 
     </span>
     <span class='ocr_line' id='line_1_58' title="bbox 1109 1280 2104 1331; baseline 0.001 -13"><span class='ocrx_word' id='word_1_412' title='bbox 1109 1282 1288 1318; x_wconf 84' lang='lat' dir='ltr'>securitas</span> <span class='ocrx_word' id='word_1_413' title='bbox 1321 1282 1447 1327; x_wconf 91' lang='lat' dir='ltr'>nulla,</span> <span class='ocrx_word' id='word_1_414' title='bbox 1482 1281 1584 1331; x_wconf 85' lang='lat' dir='ltr'>jugis</span> <span class='ocrx_word' id='word_1_415' title='bbox 1620 1280 1747 1326; x_wconf 88' lang='lat' dir='ltr'>labor,</span> <span class='ocrx_word' id='word_1_416' title='bbox 1781 1290 1817 1317; x_wconf 90' lang='lat' dir='ltr'>et</span> <span class='ocrx_word' id='word_1_417' title='bbox 1845 1282 1875 1318; x_wconf 88' lang='lat' dir='ltr'>is</span> <span class='ocrx_word' id='word_1_418' title='bbox 1904 1291 2104 1331; x_wconf 86' lang='lat' dir='ltr'>egestatem</span> 
     </span>
     <span class='ocr_line' id='line_1_59' title="bbox 1107 1338 2104 1389; baseline 0.002 -13"><span class='ocrx_word' id='word_1_419' title='bbox 1107 1341 1334 1389; x_wconf 82' lang='lat' dir='ltr'>parturiens.</span> <span class='ocrx_word' id='word_1_420' title='bbox 1358 1338 1451 1377; x_wconf 65' lang='lat' dir='ltr'>Nam</span> <span class='ocrx_word' id='word_1_421' title='bbox 1471 1348 1509 1375; x_wconf 89' lang='lat' dir='ltr'>et</span> <span class='ocrx_word' id='word_1_422' title='bbox 1532 1340 1661 1376; x_wconf 92' lang='lat' dir='ltr'>militia</span> <span class='ocrx_word' id='word_1_423' title='bbox 1683 1348 1740 1376; x_wconf 90' lang='lat' dir='ltr'>est</span> <span class='ocrx_word' id='word_1_424' title='bbox 1758 1340 1835 1376; x_wconf 76' lang='lat' dir='ltr'>vita</span> <span class='ocrx_word' id='word_1_425' title='bbox 1854 1340 2016 1378; x_wconf 89' lang='lat' dir='ltr'>hominis</span> <span class='ocrx_word' id='word_1_426' title='bbox 2037 1355 2104 1378; x_wconf 91' lang='lat' dir='ltr'>su—</span> 
     </span>
     <span class='ocr_line' id='line_1_60' title="bbox 1106 1399 2106 1448; baseline 0.003 -14"><span class='ocrx_word' id='word_1_427' title='bbox 1106 1412 1174 1448; x_wconf 90' lang='lat' dir='ltr'>per</span> <span class='ocrx_word' id='word_1_428' title='bbox 1201 1407 1338 1435; x_wconf 89' lang='lat' dir='ltr'>terram</span> <span class='ocrx_word' id='word_1_429' title='bbox 1363 1405 1412 1444; x_wconf 89' lang='lat'>¹⁰,</span> <span class='ocrx_word' id='word_1_430' title='bbox 1442 1399 1622 1447; x_wconf 86' lang='lat' dir='ltr'>quamdiu</span> <span class='ocrx_word' id='word_1_431' title='bbox 1647 1411 1735 1434; x_wconf 92' lang='lat' dir='ltr'>caro</span> <span class='ocrx_word' id='word_1_432' title='bbox 1769 1400 2002 1448; x_wconf 87' lang='lat' dir='ltr'>concupiscit</span> <span class='ocrx_word' id='word_1_433' title='bbox 2031 1400 2106 1436; x_wconf 89' lang='lat' dir='ltr'>ad·—</span> 
     </span>
     <span class='ocr_line' id='line_1_61' title="bbox 1105 1457 2104 1507; baseline 0.004 -14"><span class='ocrx_word' id='word_1_434' title='bbox 1105 1469 1238 1494; x_wconf 71' lang='lat' dir='ltr'>versus</span> <span class='ocrx_word' id='word_1_435' title='bbox 1264 1458 1458 1507; x_wconf 85' lang='lat' dir='ltr'>spiritum3</span> <span class='ocrx_word' id='word_1_436' title='bbox 1488 1466 1525 1493; x_wconf 91' lang='lat' dir='ltr'>et</span> <span class='ocrx_word' id='word_1_437' title='bbox 1552 1457 1792 1494; x_wconf 82' lang='lat' dir='ltr'>adversarius</span> <span class='ocrx_word' id='word_1_438' title='bbox 1825 1468 1954 1496; x_wconf 91' lang='lat' dir='ltr'>noster</span> <span class='ocrx_word' id='word_1_439' title='bbox 1972 1460 2104 1497; x_wconf 89' lang='lat' dir='ltr'>circuit</span> 
     </span>
     <span class='ocr_line' id='line_1_62' title="bbox 1105 1517 2103 1566; baseline 0.004 -13"><span class='ocrx_word' id='word_1_440' title='bbox 1105 1518 1210 1566; x_wconf 89' lang='lat' dir='ltr'>quasi</span> <span class='ocrx_word' id='word_1_441' title='bbox 1230 1517 1288 1553; x_wconf 92' lang='lat' dir='ltr'>leo</span> <span class='ocrx_word' id='word_1_442' title='bbox 1302 1544 1312 1561; x_wconf 87' lang='lat'>‚</span> <span class='ocrx_word' id='word_1_443' title='bbox 1335 1529 1507 1566; x_wconf 71' lang='lat' dir='ltr'>quaerens</span> <span class='ocrx_word' id='word_1_444' title='bbox 1525 1530 1639 1566; x_wconf 92' lang='lat' dir='ltr'>quem</span> <span class='ocrx_word' id='word_1_445' title='bbox 1659 1517 1819 1554; x_wconf 87' lang='lat' dir='ltr'>devoret</span> <span class='ocrx_word' id='word_1_446' title='bbox 1845 1524 1872 1540; x_wconf 85' lang='lat'>¹¹</span> <span class='ocrx_word' id='word_1_447' title='bbox 1896 1534 1903 1556; x_wconf 92' lang='lat'><strong>:</strong></span> <span class='ocrx_word' id='word_1_448' title='bbox 1925 1528 1963 1556; x_wconf 85' lang='lat' dir='ltr'>et</span> <span class='ocrx_word' id='word_1_449' title='bbox 1984 1521 2021 1556; x_wconf 93' lang='lat' dir='ltr'>in</span> <span class='ocrx_word' id='word_1_450' title='bbox 2043 1533 2103 1557; x_wconf 93' lang='lat' dir='ltr'>su-</span> 
     </span>
     <span class='ocr_line' id='line_1_63' title="bbox 1107 1576 2105 1626; baseline 0.005 -15"><span class='ocrx_word' id='word_1_451' title='bbox 1107 1576 1200 1612; x_wconf 90' lang='lat' dir='ltr'>dore</span> <span class='ocrx_word' id='word_1_452' title='bbox 1230 1577 1358 1612; x_wconf 84' lang='lat' dir='ltr'>vultus</span> <span class='ocrx_word' id='word_1_453' title='bbox 1384 1576 1503 1612; x_wconf 88' lang='lat' dir='ltr'>nostri</span> <span class='ocrx_word' id='word_1_454' title='bbox 1535 1577 1725 1613; x_wconf 83' lang='lat' dir='ltr'>vescimur</span> <span class='ocrx_word' id='word_1_455' title='bbox 1753 1590 1850 1626; x_wconf 88' lang='lat' dir='ltr'>pane</span> <span class='ocrx_word' id='word_1_456' title='bbox 1881 1587 2036 1626; x_wconf 88' lang='lat' dir='ltr'>nostro,</span> <span class='ocrx_word' id='word_1_457' title='bbox 2067 1588 2105 1616; x_wconf 87' lang='lat' dir='ltr'>et</span> 
     </span>
     <span class='ocr_line' id='line_1_64' title="bbox 1108 1635 2105 1687; baseline 0.005 -16"><span class='ocrx_word' id='word_1_458' title='bbox 1108 1644 1205 1671; x_wconf 90' lang='lat' dir='ltr'>terra</span> <span class='ocrx_word' id='word_1_459' title='bbox 1227 1635 1350 1671; x_wconf 89' lang='lat' dir='ltr'>cordis</span> <span class='ocrx_word' id='word_1_460' title='bbox 1367 1635 1487 1671; x_wconf 90' lang='lat' dir='ltr'>nostri</span> <span class='ocrx_word' id='word_1_461' title='bbox 1507 1636 1632 1685; x_wconf 90' lang='lat' dir='ltr'>spinas</span> <span class='ocrx_word' id='word_1_462' title='bbox 1657 1645 1695 1672; x_wconf 92' lang='lat' dir='ltr'>et</span> <span class='ocrx_word' id='word_1_463' title='bbox 1728 1636 1888 1674; x_wconf 90' lang='lat' dir='ltr'>tribulos</span> <span class='ocrx_word' id='word_1_464' title='bbox 1918 1639 2105 1687; x_wconf 85' lang='lat' dir='ltr'>germinat</span> 
     </span>
     <span class='ocr_line' id='line_1_65' title="bbox 1109 1695 2104 1745; baseline 0.005 -15"><span class='ocrx_word' id='word_1_465' title='bbox 1109 1695 1294 1744; x_wconf 88' lang='lat' dir='ltr'>operanti.</span> <span class='ocrx_word' id='word_1_466' title='bbox 1322 1699 1528 1744; x_wconf 88' lang='lat' dir='ltr'>Propterea</span> <span class='ocrx_word' id='word_1_467' title='bbox 1554 1695 1742 1745; x_wconf 89' lang='lat' dir='ltr'>dissipati,</span> <span class='ocrx_word' id='word_1_468' title='bbox 1771 1705 1807 1732; x_wconf 90' lang='lat' dir='ltr'>et</span> <span class='ocrx_word' id='word_1_469' title='bbox 1834 1696 2045 1744; x_wconf 89' lang='lat' dir='ltr'>dilacerati,</span> <span class='ocrx_word' id='word_1_470' title='bbox 2066 1707 2104 1734; x_wconf 91' lang='lat' dir='ltr'>et</span> 
     </span>
     <span class='ocr_line' id='line_1_66' title="bbox 1108 1753 2100 1799; baseline 0.004 -10"><span class='ocrx_word' id='word_1_471' title='bbox 1108 1754 1221 1790; x_wconf 87' lang='lat' dir='ltr'>corde</span> <span class='ocrx_word' id='word_1_472' title='bbox 1268 1753 1520 1799; x_wconf 83' lang='lat' dir='ltr'>tabescentes,</span> <span class='ocrx_word' id='word_1_473' title='bbox 1553 1753 1810 1791; x_wconf 88' lang='lat' dir='ltr'>abundantius</span> <span class='ocrx_word' id='word_1_474' title='bbox 1851 1755 2033 1793; x_wconf 85' lang='lat' dir='ltr'>habemus</span> <span class='ocrx_word' id='word_1_475' title='bbox 2062 1757 2100 1793; x_wconf 94' lang='lat' dir='ltr'>in</span> 
     </span>
    </p>
   </div>
   <div class='ocr_carea' id='block_1_12' title="bbox 1058 1812 2098 1864">
    <p class='ocr_par' dir='ltr' id='par_1_13' title="bbox 1058 1812 2098 1864">
     <span class='ocr_line' id='line_1_67' title="bbox 1058 1812 2098 1864; baseline 0.002 -15"><span class='ocrx_word' id='word_1_476' title='bbox 1058 1815 1085 1849; x_wconf 92' lang='lat' dir='ltr'>C</span> <span class='ocrx_word' id='word_1_477' title='bbox 1106 1812 1278 1849; x_wconf 86' lang='lat' dir='ltr'>manibus</span> <span class='ocrx_word' id='word_1_478' title='bbox 1295 1813 1454 1849; x_wconf 90' lang='lat' dir='ltr'>sollicite</span> <span class='ocrx_word' id='word_1_479' title='bbox 1471 1812 1517 1849; x_wconf 87' lang='lat' dir='ltr'>de</span> <span class='ocrx_word' id='word_1_480' title='bbox 1532 1813 1642 1849; x_wconf 89' lang='lat' dir='ltr'>nobis</span> <span class='ocrx_word' id='word_1_481' title='bbox 1658 1813 1778 1849; x_wconf 82' lang='lat' dir='ltr'>adhuc</span> <span class='ocrx_word' id='word_1_482' title='bbox 1795 1827 1963 1862; x_wconf 83' lang='lat' dir='ltr'>gemere,</span> <span class='ocrx_word' id='word_1_483' title='bbox 1985 1828 2098 1864; x_wconf 88' lang='lat' dir='ltr'>quam</span> 
     </span>
    </p>
   </div>
   <div class='ocr_carea' id='block_1_13' title="bbox 1106 1872 2104 2562">
    <p class='ocr_par' dir='ltr' id='par_1_14' title="bbox 1106 1872 2104 2562">
     <span class='ocr_line' id='line_1_68' title="bbox 1106 1872 2101 1923; baseline 0.003 -16"><span class='ocrx_word' id='word_1_484' title='bbox 1106 1885 1236 1908; x_wconf 89' lang='lat' dir='ltr'>secure</span> <span class='ocrx_word' id='word_1_485' title='bbox 1271 1872 1433 1921; x_wconf 80' lang='lat' dir='ltr'>gaudere</span> <span class='ocrx_word' id='word_1_486' title='bbox 1467 1872 1503 1907; x_wconf 91' lang='lat' dir='ltr'>in</span> <span class='ocrx_word' id='word_1_487' title='bbox 1537 1872 1704 1908; x_wconf 86' lang='lat' dir='ltr'>Domino</span> <span class='ocrx_word' id='word_1_488' title='bbox 1739 1886 1747 1907; x_wconf 75' lang='grc' dir='ltr'>ε</span> <span class='ocrx_word' id='word_1_489' title='bbox 1776 1874 1848 1909; x_wconf 91' lang='lat' dir='ltr'>nisi</span> <span class='ocrx_word' id='word_1_490' title='bbox 1880 1873 1983 1922; x_wconf 90' lang='lat' dir='ltr'>quod</span> <span class='ocrx_word' id='word_1_491' title='bbox 2015 1887 2101 1923; x_wconf 88' lang='lat' dir='ltr'>spes</span> 
     </span>
     <span class='ocr_line' id='line_1_69' title="bbox 1106 1929 2100 1979; baseline 0.001 -14"><span class='ocrx_word' id='word_1_492' title='bbox 1106 1929 1206 1965; x_wconf 88' lang='lat' dir='ltr'>bona</span> <span class='ocrx_word' id='word_1_493' title='bbox 1222 1956 1230 1972; x_wconf 92' lang='lat'>‚</span> <span class='ocrx_word' id='word_1_494' title='bbox 1261 1930 1512 1978; x_wconf 85' lang='lat' dir='ltr'>primitiarum</span> <span class='ocrx_word' id='word_1_495' title='bbox 1543 1938 1766 1978; x_wconf 88' lang='lat' dir='ltr'>argumento</span> <span class='ocrx_word' id='word_1_496' title='bbox 1791 1939 2037 1979; x_wconf 86' lang='lat' dir='ltr'>prospectans</span> <span class='ocrx_word' id='word_1_497' title='bbox 2062 1931 2100 1966; x_wconf 90' lang='lat' dir='ltr'>in</span> 
     </span>
     <span class='ocr_line' id='line_1_70' title="bbox 1108 1987 2104 2033; baseline 0.003 -11"><span class='ocrx_word' id='word_1_498' title='bbox 1108 1988 1219 2023; x_wconf 80' lang='lat' dir='ltr'>{inem</span> <span class='ocrx_word' id='word_1_499' title='bbox 1233 2016 1242 2033; x_wconf 88' lang='lat'>,</span> <span class='ocrx_word' id='word_1_500' title='bbox 1265 1987 1311 2023; x_wconf 86' lang='lat' dir='ltr'>de</span> <span class='ocrx_word' id='word_1_501' title='bbox 1333 1987 1620 2024; x_wconf 77' lang='lat' dir='ltr'>tribulationum</span> <span class='ocrx_word' id='word_1_502' title='bbox 1655 1988 1906 2024; x_wconf 86' lang='lat' dir='ltr'>torcularibus</span> <span class='ocrx_word' id='word_1_503' title='bbox 1928 1989 2104 2025; x_wconf 88' lang='lat' dir='ltr'>consola-</span> 
     </span>
     <span class='ocr_line' id='line_1_71' title="bbox 1110 2046 2103 2095; baseline 0.002 -14"><span class='ocrx_word' id='word_1_504' title='bbox 1110 2046 1220 2081; x_wconf 88' lang='lat' dir='ltr'>tionis</span> <span class='ocrx_word' id='word_1_505' title='bbox 1244 2046 1423 2095; x_wconf 86' lang='lat' dir='ltr'>exprimit</span> <span class='ocrx_word' id='word_1_506' title='bbox 1447 2046 1571 2082; x_wconf 84' lang='lat' dir='ltr'>oleum</span> <span class='ocrx_word' id='word_1_507' title='bbox 1587 2075 1597 2092; x_wconf 95' lang='lat'>,</span> <span class='ocrx_word' id='word_1_508' title='bbox 1616 2060 1692 2095; x_wconf 90' lang='lat' dir='ltr'>quo</span> <span class='ocrx_word' id='word_1_509' title='bbox 1722 2047 1814 2082; x_wconf 83' lang='lat' dir='ltr'>facie</span> <span class='ocrx_word' id='word_1_510' title='bbox 1834 2047 2040 2083; x_wconf 86' lang='lat' dir='ltr'>exhilarata</span> <span class='ocrx_word' id='word_1_511' title='bbox 2065 2056 2103 2083; x_wconf 86' lang='lat' dir='ltr'>et</span> 
     </span>
     <span class='ocr_line' id='line_1_72' title="bbox 1114 2104 2101 2154; baseline 0.003 -15"><span class='ocrx_word' id='word_1_512' title='bbox 1114 2104 1347 2152; x_wconf 84' lang='lat' dir='ltr'>impinguato</span> <span class='ocrx_word' id='word_1_513' title='bbox 1375 2105 1518 2154; x_wconf 87' lang='lat' dir='ltr'>capite,</span> <span class='ocrx_word' id='word_1_514' title='bbox 1552 2118 1638 2141; x_wconf 89' lang='lat' dir='ltr'>cum</span> <span class='ocrx_word' id='word_1_515' title='bbox 1669 2105 1853 2154; x_wconf 84' lang='lat' dir='ltr'>Apostolo</span> <span class='ocrx_word' id='word_1_516' title='bbox 1882 2106 1920 2141; x_wconf 90' lang='lat' dir='ltr'>in</span> <span class='ocrx_word' id='word_1_517' title='bbox 1942 2105 2101 2142; x_wconf 84' lang='lat' dir='ltr'>tribula-</span> 
     </span>
     <span class='ocr_line' id='line_1_73' title="bbox 1109 2162 2103 2211; baseline 0.006 -18"><span class='ocrx_word' id='word_1_518' title='bbox 1109 2162 1274 2194; x_wconf 78' lang='lat' dir='ltr'>tionibus</span> <span class='ocrx_word' id='word_1_519' title='bbox 1289 2163 1508 2208; x_wconf 73' lang='lat' dir='ltr'>gloriamur,</span> <span class='ocrx_word' id='word_1_520' title='bbox 1526 2165 1561 2196; x_wconf 90' lang='lat' dir='ltr'>in</span> <span class='ocrx_word' id='word_1_521' title='bbox 1575 2164 1812 2199; x_wconf 86' lang='lat' dir='ltr'>contumeliis</span> <span class='ocrx_word' id='word_1_522' title='bbox 1825 2164 2103 2211; x_wconf 83' lang='lat' dir='ltr'>complacemus</span> 
     </span>
     <span class='ocr_line' id='line_1_74' title="bbox 1108 2217 2100 2269; baseline 0.003 -17"><span class='ocrx_word' id='word_1_523' title='bbox 1108 2217 1237 2262; x_wconf 88' lang='lat' dir='ltr'>nobis,</span> <span class='ocrx_word' id='word_1_524' title='bbox 1259 2220 1420 2253; x_wconf 64' lang='lat' dir='ltr'>scientes</span> <span class='ocrx_word' id='word_1_525' title='bbox 1443 2223 1534 2266; x_wconf 79' lang='lat' dir='ltr'>quia</span> <span class='ocrx_word' id='word_1_526' title='bbox 1558 2218 1746 2254; x_wconf 63' lang='lat' dir='ltr'>tribulacio</span> <span class='ocrx_word' id='word_1_527' title='bbox 1765 2225 1990 2267; x_wconf 63' lang='lat' dir='ltr'>patiendam</span> <span class='ocrx_word' id='word_1_528' title='bbox 2009 2234 2100 2269; x_wconf 80' lang='lat' dir='ltr'>ope-</span> 
     </span>
     <span class='ocr_line' id='line_1_75' title="bbox 1107 2277 2103 2326; baseline 0.002 -15"><span class='ocrx_word' id='word_1_529' title='bbox 1107 2286 1224 2319; x_wconf 78' lang='lat' dir='ltr'>ratur,</span> <span class='ocrx_word' id='word_1_530' title='bbox 1257 2281 1444 2324; x_wconf 73' lang='lat' dir='ltr'>patientitz</span> <span class='ocrx_word' id='word_1_531' title='bbox 1478 2277 1763 2325; x_wconf 70' lang='lat' dir='ltr'>probationem,</span> <span class='ocrx_word' id='word_1_532' title='bbox 1805 2279 1978 2326; x_wconf 79' lang='lat' dir='ltr'>probatio</span> <span class='ocrx_word' id='word_1_533' title='bbox 2014 2294 2103 2315; x_wconf 77' lang='lat' dir='ltr'>vera</span> 
     </span>
     <span class='ocr_line' id='line_1_76' title="bbox 1280 2335 2100 2385; baseline 0.005 -14"><span class='ocrx_word' id='word_1_534' title='bbox 1280 2351 1287 2371; x_wconf 91' lang='lat'>:</span> <span class='ocrx_word' id='word_1_535' title='bbox 1310 2335 1400 2383; x_wconf 88' lang='lat' dir='ltr'>quid</span> <span class='ocrx_word' id='word_1_536' title='bbox 1422 2348 1512 2372; x_wconf 75' lang='lat' dir='ltr'>vero</span> <span class='ocrx_word' id='word_1_537' title='bbox 1537 2349 1642 2383; x_wconf 87' lang='lat' dir='ltr'>spes,</span> <span class='ocrx_word' id='word_1_538' title='bbox 1663 2337 1735 2373; x_wconf 86' lang='lat' dir='ltr'>nisi</span> <span class='ocrx_word' id='word_1_539' title='bbox 1755 2347 2042 2385; x_wconf 81' lang='lat' dir='ltr'>superventurae</span> <span class='ocrx_word' id='word_1_540' title='bbox 2062 2339 2100 2375; x_wconf 87' lang='lat' dir='ltr'>in</span> 
     </span>
     <span class='ocr_line' id='line_1_77' title="bbox 1108 2392 2096 2443; baseline 0.003 -14"><span class='ocrx_word' id='word_1_541' title='bbox 1108 2406 1176 2429; x_wconf 91' lang='lat' dir='ltr'>nos</span> <span class='ocrx_word' id='word_1_542' title='bbox 1193 2393 1321 2442; x_wconf 83' lang='lat' dir='ltr'>gloriae</span> <span class='ocrx_word' id='word_1_543' title='bbox 1342 2393 1532 2442; x_wconf 75' lang='lat' dir='ltr'>primitiva</span> <span class='ocrx_word' id='word_1_544' title='bbox 1549 2393 1720 2442; x_wconf 85' lang='lat' dir='ltr'>quaedam</span> <span class='ocrx_word' id='word_1_545' title='bbox 1735 2392 1813 2441; x_wconf 91' lang='lat' dir='ltr'>jam</span> <span class='ocrx_word' id='word_1_546' title='bbox 1832 2395 2030 2443; x_wconf 87' lang='lat' dir='ltr'>praelibare</span> <span class='ocrx_word' id='word_1_547' title='bbox 2044 2398 2096 2432; x_wconf 78' lang='lat' dir='ltr'>vi-</span> 
     </span>
     <span class='ocr_line' id='line_1_78' title="bbox 1108 2451 2100 2501; baseline 0.002 -14"><span class='ocrx_word' id='word_1_548' title='bbox 1108 2452 1219 2488; x_wconf 80' lang='lat' dir='ltr'>detur</span> <span class='ocrx_word' id='word_1_549' title='bbox 1238 2451 1399 2501; x_wconf 84' lang='lat' dir='ltr'>gaudia?</span> <span class='ocrx_word' id='word_1_550' title='bbox 1424 2455 1519 2500; x_wconf 80' lang='lat' dir='ltr'>Spe,</span> <span class='ocrx_word' id='word_1_551' title='bbox 1542 2452 1686 2501; x_wconf 90' lang='lat' dir='ltr'>inquit,</span> <span class='ocrx_word' id='word_1_552' title='bbox 1701 2452 2035 2499; x_wconf 68' lang='lat' dir='ltr'>sc1lvisacti.s·un1us</span> <span class='ocrx_word' id='word_1_553' title='bbox 2051 2453 2100 2499; x_wconf 85' lang='lat'>¹³;</span> 
     </span>
     <span class='ocr_line' id='line_1_79' title="bbox 1106 2512 2101 2562; baseline 0.003 -16"><span class='ocrx_word' id='word_1_554' title='bbox 1106 2519 1172 2556; x_wconf 88' lang='lat' dir='ltr'>et,</span> <span class='ocrx_word' id='word_1_555' title='bbox 1210 2513 1283 2558; x_wconf 60' lang='lat' dir='ltr'>kSpe</span> <span class='ocrx_word' id='word_1_556' title='bbox 1309 2512 1512 2559; x_wconf 72' lang='lat' dir='ltr'>gaudentes</span> <span class='ocrx_word' id='word_1_557' title='bbox 1544 2512 1586 2546; x_wconf 60' lang='lat'>¹⁴.</span> <span class='ocrx_word' id='word_1_558' title='bbox 1624 2512 1737 2548; x_wconf 66' lang='lat' dir='ltr'>ix‘ovit</span> <span class='ocrx_word' id='word_1_559' title='bbox 1772 2512 1873 2548; x_wconf 85' lang='lat' dir='ltr'>enim</span> <span class='ocrx_word' id='word_1_560' title='bbox 1911 2515 1972 2562; x_wconf 89' lang='lat' dir='ltr'>pia</span> <span class='ocrx_word' id='word_1_561' title='bbox 2008 2513 2101 2549; x_wconf 85' lang='lat' dir='ltr'>fides</span> 
     </span>
    </p>
   </div>
   <div class='ocr_carea' id='block_1_14' title="bbox 1106 2342 1254 2382">
    <p class='ocr_par' dir='ltr' id='par_1_15' title="bbox 1106 2342 1254 2382">
     <span class='ocr_line' id='line_1_80' title="bbox 1106 2342 1254 2382; baseline 0.007 -14"><span class='ocrx_word' id='word_1_562' title='bbox 1106 2348 1209 2382; x_wconf 80' lang='lat' dir='ltr'>spem</span> <span class='ocrx_word' id='word_1_563' title='bbox 1228 2342 1234 2355; x_wconf 93' lang='lat'><strong>¹</strong></span> <span class='ocrx_word' id='word_1_564' title='bbox 1243 2342 1254 2355; x_wconf 76' lang='lat'>⁷</span> 
     </span>
    </p>
   </div>
   <div class='ocr_carea' id='block_1_15' title="bbox 46 2566 2103 2623">
    <p class='ocr_par' dir='ltr' id='par_1_16' title="bbox 46 2566 2103 2623">
     <span class='ocr_line' id='line_1_81' title="bbox 46 2566 2103 2623; baseline 0.004 -21"><span class='ocrx_word' id='word_1_565' title='bbox 46 2566 102 2615; x_wconf 89' lang='lat' dir='ltr'>pit</span> <span class='ocrx_word' id='word_1_566' title='bbox 120 2568 158 2604; x_wconf 90' lang='lat' dir='ltr'>in</span> <span class='ocrx_word' id='word_1_567' title='bbox 179 2569 346 2615; x_wconf 73' lang='lat' dir='ltr'>laudem,</span> <span class='ocrx_word' id='word_1_568' title='bbox 366 2579 403 2606; x_wconf 88' lang='lat' dir='ltr'>et</span> <span class='ocrx_word' id='word_1_569' title='bbox 419 2571 591 2607; x_wconf 90' lang='lat' dir='ltr'>nesciunt</span> <span class='ocrx_word' id='word_1_570' title='bbox 607 2573 757 2619; x_wconf 80' lang='lat' dir='ltr'>perfusa</span> <span class='ocrx_word' id='word_1_571' title='bbox 774 2573 914 2608; x_wconf 85' lang='lat' dir='ltr'>viscera</span> <span class='ocrx_word' id='word_1_572' title='bbox 930 2572 1040 2608; x_wconf 87' lang='lat' dir='ltr'>lumi·</span> <span class='ocrx_word' id='word_1_573' title='bbox 1060 2573 1093 2607; x_wconf 92' lang='lat' dir='ltr'>D</span> <span class='ocrx_word' id='word_1_574' title='bbox 1110 2571 1214 2620; x_wconf 89' lang='lat' dir='ltr'>pigra</span> <span class='ocrx_word' id='word_1_575' title='bbox 1235 2571 1444 2619; x_wconf 73' lang='lat' dir='ltr'>praevolare</span> <span class='ocrx_word' id='word_1_576' title='bbox 1465 2579 1657 2620; x_wconf 86' lang='lat' dir='ltr'>tempora,</span> <span class='ocrx_word' id='word_1_577' title='bbox 1678 2580 1714 2607; x_wconf 87' lang='lat' dir='ltr'>et</span> <span class='ocrx_word' id='word_1_578' title='bbox 1737 2580 1912 2620; x_wconf 85' lang='lat' dir='ltr'>tanquam</span> <span class='ocrx_word' id='word_1_579' title='bbox 1935 2573 1981 2610; x_wconf 89' lang='lat' dir='ltr'>de</span> <span class='ocrx_word' id='word_1_580' title='bbox 2002 2587 2103 2623; x_wconf 79' lang='lat' dir='ltr'>prae-</span> 
     </span>
    </p>
   </div>
   <div class='ocr_carea' id='block_1_16' title="bbox 45 2628 1046 3077">
    <p class='ocr_par' dir='ltr' id='par_1_17' title="bbox 45 2628 1046 3077">
     <span class='ocr_line' id='line_1_82' title="bbox 47 2628 1041 2678; baseline 0.006 -19"><span class='ocrx_word' id='word_1_581' title='bbox 47 2636 148 2661; x_wconf 78' lang='lat' dir='ltr'>nosae</span> <span class='ocrx_word' id='word_1_582' title='bbox 173 2628 338 2665; x_wconf 81' lang='lat' dir='ltr'>veritatis</span> <span class='ocrx_word' id='word_1_583' title='bbox 367 2629 510 2665; x_wconf 79' lang='lat' dir='ltr'>felicem</span> <span class='ocrx_word' id='word_1_584' title='bbox 542 2641 617 2664; x_wconf 90' lang='lat' dir='ltr'>non</span> <span class='ocrx_word' id='word_1_585' title='bbox 639 2637 808 2665; x_wconf 87' lang='lat' dir='ltr'>eructare</span> <span class='ocrx_word' id='word_1_586' title='bbox 828 2631 1041 2678; x_wconf 91' lang='lat' dir='ltr'>crapulam,</span> 
     </span>
     <span class='ocr_line' id='line_1_83' title="bbox 46 2686 1043 2735; baseline 0.002 -14"><span class='ocrx_word' id='word_1_587' title='bbox 46 2689 83 2719; x_wconf 72' lang='lat' dir='ltr'>et</span> <span class='ocrx_word' id='word_1_588' title='bbox 107 2694 315 2735; x_wconf 79' lang='lat' dir='ltr'>temperare</span> <span class='ocrx_word' id='word_1_589' title='bbox 337 2700 359 2722; x_wconf 89' lang='lat' dir='ltr'>a</span> <span class='ocrx_word' id='word_1_590' title='bbox 380 2687 546 2731; x_wconf 89' lang='lat' dir='ltr'>cantico,</span> <span class='ocrx_word' id='word_1_591' title='bbox 568 2694 734 2724; x_wconf 88' lang='lat' dir='ltr'>torrente</span> <span class='ocrx_word' id='word_1_592' title='bbox 756 2686 939 2723; x_wconf 86' lang='lat' dir='ltr'>inebriata</span> <span class='ocrx_word' id='word_1_593' title='bbox 958 2687 1043 2723; x_wconf 91' lang='lat' dir='ltr'>dul-</span> 
     </span>
     <span class='ocr_line' id='line_1_84' title="bbox 47 2743 1043 2796; baseline 0.004 -17"><span class='ocrx_word' id='word_1_594' title='bbox 47 2743 199 2780; x_wconf 86' lang='lat' dir='ltr'>cedinis.</span> <span class='ocrx_word' id='word_1_595' title='bbox 232 2744 423 2794; x_wconf 83' lang='lat' dir='ltr'>Siquidem</span> <span class='ocrx_word' id='word_1_596' title='bbox 453 2753 489 2781; x_wconf 88' lang='lat' dir='ltr'>et</span> <span class='ocrx_word' id='word_1_597' title='bbox 523 2745 685 2782; x_wconf 79' lang='lat' dir='ltr'>suavitas</span> <span class='ocrx_word' id='word_1_598' title='bbox 718 2754 899 2794; x_wconf 78' lang='lat' dir='ltr'>provocat</span> <span class='ocrx_word' id='word_1_599' title='bbox 923 2759 1043 2796; x_wconf 89' lang='lat' dir='ltr'>appe-</span> 
     </span>
     <span class='ocr_line' id='line_1_85' title="bbox 47 2802 1041 2851; baseline 0.003 -13"><span class='ocrx_word' id='word_1_600' title='bbox 47 2803 222 2847; x_wconf 87' lang='lat' dir='ltr'>tentiam,</span> <span class='ocrx_word' id='word_1_601' title='bbox 245 2811 281 2839; x_wconf 88' lang='lat' dir='ltr'>et</span> <span class='ocrx_word' id='word_1_602' title='bbox 307 2802 458 2839; x_wconf 86' lang='lat' dir='ltr'>ubertas</span> <span class='ocrx_word' id='word_1_603' title='bbox 488 2804 674 2840; x_wconf 90' lang='lat' dir='ltr'>ministrat</span> <span class='ocrx_word' id='word_1_604' title='bbox 699 2805 981 2851; x_wconf 81' lang='lat' dir='ltr'>suflicientiam;</span> <span class='ocrx_word' id='word_1_605' title='bbox 1005 2814 1041 2842; x_wconf 91' lang='lat' dir='ltr'>et</span> 
     </span>
     <span class='ocr_line' id='line_1_86' title="bbox 47 2861 1042 2914; baseline 0.003 -17"><span class='ocrx_word' id='word_1_606' title='bbox 47 2861 257 2898; x_wconf 86' lang='lat' dir='ltr'>instantiam</span> <span class='ocrx_word' id='word_1_607' title='bbox 279 2871 462 2911; x_wconf 84' lang='lat' dir='ltr'>perennat</span> <span class='ocrx_word' id='word_1_608' title='bbox 482 2863 680 2900; x_wconf 84' lang='lat' dir='ltr'>aetcrnitas.</span> <span class='ocrx_word' id='word_1_609' title='bbox 704 2863 872 2912; x_wconf 88' lang='lat' dir='ltr'>Denique</span> <span class='ocrx_word' id='word_1_610' title='bbox 888 2865 940 2901; x_wconf 84' lang='lat' dir='ltr'>sie</span> <span class='ocrx_word' id='word_1_611' title='bbox 963 2865 1042 2914; x_wconf 86' lang='lat' dir='ltr'>ipsa</span> 
     </span>
     <span class='ocr_line' id='line_1_87' title="bbox 45 2921 1046 2969; baseline 0.003 -13"><span class='ocrx_word' id='word_1_612' title='bbox 45 2927 240 2956; x_wconf 86' lang='lat' dir='ltr'>attestatur</span> <span class='ocrx_word' id='word_1_613' title='bbox 272 2921 433 2957; x_wconf 87' lang='lat' dir='ltr'>suavitas</span> <span class='ocrx_word' id='word_1_614' title='bbox 454 2949 464 2966; x_wconf 94' lang='lat'>‚</span> <span class='ocrx_word' id='word_1_615' title='bbox 504 2921 672 2968; x_wconf 86' lang='lat' dir='ltr'>ubertas,</span> <span class='ocrx_word' id='word_1_616' title='bbox 710 2923 898 2959; x_wconf 85' lang='lat' dir='ltr'>aeternitas</span> <span class='ocrx_word' id='word_1_617' title='bbox 928 2938 936 2959; x_wconf 91' lang='lat'><strong>:</strong></span> <span class='ocrx_word' id='word_1_618' title='bbox 971 2926 1046 2969; x_wconf 79' lang='lat' dir='ltr'>Qui</span> 
     </span>
     <span class='ocr_line' id='line_1_88' title="bbox 46 2978 1043 3030; baseline 0.005 -17"><span class='ocrx_word' id='word_1_619' title='bbox 46 2978 175 3014; x_wconf 79' lang='lat' dir='ltr'>biberit</span> <span class='ocrx_word' id='word_1_620' title='bbox 191 2992 330 3027; x_wconf 82' lang='lat' dir='ltr'>aquam</span> <span class='ocrx_word' id='word_1_621' title='bbox 345 2994 456 3027; x_wconf 78' lang='lat' dir='ltr'>quam</span> <span class='ocrx_word' id='word_1_622' title='bbox 471 2994 535 3029; x_wconf 78' lang='lat' dir='ltr'>ego</span> <span class='ocrx_word' id='word_1_623' title='bbox 551 2983 696 3028; x_wconf 81' lang='lat' dir='ltr'>d0‚fiet</span> <span class='ocrx_word' id='word_1_624' title='bbox 713 2987 752 3018; x_wconf 80' lang='lat' dir='ltr'>in</span> <span class='ocrx_word' id='word_1_625' title='bbox 774 2996 816 3018; x_wconf 86' lang='lat' dir='ltr'>eo</span> <span class='ocrx_word' id='word_1_626' title='bbox 827 2980 917 3029; x_wconf 81' lang='lat' dir='ltr'>sons</span> <span class='ocrx_word' id='word_1_627' title='bbox 931 2996 1043 3030; x_wconf 69' lang='lat' dir='ltr'>aqua?</span> 
     </span>
     <span class='ocr_line' id='line_1_89' title="bbox 45 3039 639 3077; baseline 0.007 -6"><span class='ocrx_word' id='word_1_628' title='bbox 45 3039 210 3073; x_wconf 79' lang='lat' dir='ltr'>salientis</span> <span class='ocrx_word' id='word_1_629' title='bbox 230 3042 268 3072; x_wconf 79' lang='lat' dir='ltr'>in</span> <span class='ocrx_word' id='word_1_630' title='bbox 281 3041 398 3074; x_wconf 79' lang='lat' dir='ltr'>vitum</span> <span class='ocrx_word' id='word_1_631' title='bbox 417 3048 594 3077; x_wconf 67' lang='lat' dir='ltr'>(eternam</span> <span class='ocrx_word' id='word_1_632' title='bbox 612 3039 639 3075; x_wconf 81' lang='lat'>⁶.</span> 
     </span>
    </p>
   </div>
   <div class='ocr_carea' id='block_1_17' title="bbox 1107 2629 2104 3095">
    <p class='ocr_par' dir='ltr' id='par_1_18' title="bbox 1107 2629 2104 2797">
     <span class='ocr_line' id='line_1_90' title="bbox 1108 2629 2104 2679; baseline 0.002 -14"><span class='ocrx_word' id='word_1_633' title='bbox 1108 2629 1203 2666; x_wconf 88' lang='lat' dir='ltr'>senti</span> <span class='ocrx_word' id='word_1_634' title='bbox 1223 2629 1320 2666; x_wconf 80' lang='lat' dir='ltr'>allici</span> <span class='ocrx_word' id='word_1_635' title='bbox 1335 2658 1344 2672; x_wconf 96' lang='lat'>,</span> <span class='ocrx_word' id='word_1_636' title='bbox 1364 2629 1467 2678; x_wconf 88' lang='lat' dir='ltr'>quod</span> <span class='ocrx_word' id='word_1_637' title='bbox 1485 2630 1705 2666; x_wconf 87' lang='lat' dir='ltr'>inconcussa</span> <span class='ocrx_word' id='word_1_638' title='bbox 1728 2629 1796 2666; x_wconf 90' lang='lat' dir='ltr'>sibi</span> <span class='ocrx_word' id='word_1_639' title='bbox 1818 2630 1986 2679; x_wconf 80' lang='lat' dir='ltr'>depingit</span> <span class='ocrx_word' id='word_1_640' title='bbox 2007 2631 2104 2667; x_wconf 75' lang='lat' dir='ltr'>fidu-</span> 
     </span>
     <span class='ocr_line' id='line_1_91' title="bbox 1108 2688 2101 2737; baseline 0.003 -14"><span class='ocrx_word' id='word_1_641' title='bbox 1108 2689 1163 2724; x_wconf 88' lang='lat' dir='ltr'>cia</span> <span class='ocrx_word' id='word_1_642' title='bbox 1183 2703 1190 2724; x_wconf 93' lang='lat'>:</span> <span class='ocrx_word' id='word_1_643' title='bbox 1212 2688 1276 2724; x_wconf 85' lang='lat' dir='ltr'>sed</span> <span class='ocrx_word' id='word_1_644' title='bbox 1297 2702 1341 2724; x_wconf 87' lang='lat' dir='ltr'>ea</span> <span class='ocrx_word' id='word_1_645' title='bbox 1368 2701 1452 2737; x_wconf 89' lang='lat' dir='ltr'>spes</span> <span class='ocrx_word' id='word_1_646' title='bbox 1479 2702 1590 2737; x_wconf 91' lang='lat' dir='ltr'>quam</span> <span class='ocrx_word' id='word_1_647' title='bbox 1620 2689 1842 2725; x_wconf 69' lang='lat' dir='ltr'>examinata-e</span> <span class='ocrx_word' id='word_1_648' title='bbox 1862 2690 2101 2726; x_wconf 71' lang='lat' dir='ltr'>conscientia:</span> 
     </span>
     <span class='ocr_line' id='line_1_92' title="bbox 1107 2748 1822 2797; baseline 0.001 -14"><span class='ocrx_word' id='word_1_649' title='bbox 1107 2748 1269 2796; x_wconf 84' lang='lat' dir='ltr'>puritas,</span> <span class='ocrx_word' id='word_1_650' title='bbox 1291 2760 1366 2783; x_wconf 86' lang='lat' dir='ltr'>nou</span> <span class='ocrx_word' id='word_1_651' title='bbox 1387 2748 1632 2796; x_wconf 67' lang='lat' dir='ltr'>prfesumptio</span> <span class='ocrx_word' id='word_1_652' title='bbox 1649 2749 1822 2797; x_wconf 82' lang='lat' dir='ltr'>parturit.</span> 
     </span>
    </p>

    <p class='ocr_par' dir='ltr' id='par_1_19' title="bbox 1107 2806 2101 3095">
     <span class='ocr_line' id='line_1_93' title="bbox 1160 2806 2101 2852; baseline 0 -9"><span class='ocrx_word' id='word_1_653' title='bbox 1160 2808 1196 2843; x_wconf 85' lang='lat'>5.</span> <span class='ocrx_word' id='word_1_654' title='bbox 1226 2806 1442 2849; x_wconf 67' lang='lat' dir='ltr'>Lavamini,</span> <span class='ocrx_word' id='word_1_655' title='bbox 1474 2806 1604 2842; x_wconf 88' lang='lat' dir='ltr'>mundi</span> <span class='ocrx_word' id='word_1_656' title='bbox 1637 2816 1756 2843; x_wconf 83' lang='lat' dir='ltr'>estote</span> <span class='ocrx_word' id='word_1_657' title='bbox 1787 2821 1795 2843; x_wconf 91' lang='lat'>:</span> <span class='ocrx_word' id='word_1_658' title='bbox 1828 2807 2031 2852; x_wconf 79' lang='lat' dir='ltr'>lavamini,</span> <span class='ocrx_word' id='word_1_659' title='bbox 2065 2816 2101 2843; x_wconf 83' lang='lat' dir='ltr'>ct</span> 
     </span>
     <span class='ocr_line' id='line_1_94' title="bbox 1108 2866 2100 2916; baseline 0.001 -14"><span class='ocrx_word' id='word_1_660' title='bbox 1108 2867 1192 2914; x_wconf 79' lang='lat' dir='ltr'>igne</span> <span class='ocrx_word' id='word_1_661' title='bbox 1222 2866 1507 2911; x_wconf 82' lang='lat' dir='ltr'>examinamini,</span> <span class='ocrx_word' id='word_1_662' title='bbox 1537 2874 1578 2902; x_wconf 86' lang='lat' dir='ltr'>ut</span> <span class='ocrx_word' id='word_1_663' title='bbox 1606 2866 1837 2915; x_wconf 64' lang='lat' dir='ltr'>poenitentia*</span> <span class='ocrx_word' id='word_1_664' title='bbox 1854 2875 1890 2902; x_wconf 84' lang='lat' dir='ltr'>et</span> <span class='ocrx_word' id='word_1_665' title='bbox 1911 2867 2100 2916; x_wconf 68' lang='lat' dir='ltr'>patienti-”e</span> 
     </span>
     <span class='ocr_line' id='line_1_95' title="bbox 1107 2925 2098 2975; baseline 0.003 -15"><span class='ocrx_word' id='word_1_666' title='bbox 1107 2925 1288 2961; x_wconf 79' lang='lat' dir='ltr'>exercitio</span> <span class='ocrx_word' id='word_1_667' title='bbox 1315 2925 1420 2973; x_wconf 83' lang='lat' dir='ltr'>quasi</span> <span class='ocrx_word' id='word_1_668' title='bbox 1446 2925 1596 2973; x_wconf 81' lang='lat' dir='ltr'>gemino</span> <span class='ocrx_word' id='word_1_669' title='bbox 1623 2926 1850 2962; x_wconf 81' lang='lat' dir='ltr'>conflatorio</span> <span class='ocrx_word' id='word_1_670' title='bbox 1881 2926 1927 2962; x_wconf 85' lang='lat' dir='ltr'>ad</span> <span class='ocrx_word' id='word_1_671' title='bbox 1960 2939 2098 2975; x_wconf 84' lang='lat' dir='ltr'>purum</span> 
     </span>
     <span class='ocr_line' id='line_1_96' title="bbox 1108 2985 2101 3034; baseline 0.003 -14"><span class='ocrx_word' id='word_1_672' title='bbox 1108 2993 1283 3021; x_wconf 83' lang='lat' dir='ltr'>excoctos</span> <span class='ocrx_word' id='word_1_673' title='bbox 1303 2997 1490 3033; x_wconf 87' lang='lat' dir='ltr'>supernus</span> <span class='ocrx_word' id='word_1_674' title='bbox 1505 2997 1572 3020; x_wconf 79' lang='lat' dir='ltr'>vos</span> <span class='ocrx_word' id='word_1_675' title='bbox 1589 2994 1781 3034; x_wconf 82' lang='lat' dir='ltr'>respectus</span> <span class='ocrx_word' id='word_1_676' title='bbox 1793 3013 1802 3029; x_wconf 91' lang='lat'>‚</span> <span class='ocrx_word' id='word_1_677' title='bbox 1820 2994 1857 3021; x_wconf 85' lang='lat' dir='ltr'>ct</span> <span class='ocrx_word' id='word_1_678' title='bbox 1873 2985 1968 3022; x_wconf 84' lang='lat' dir='ltr'>roris</span> <span class='ocrx_word' id='word_1_679' title='bbox 1981 2986 2101 3023; x_wconf 85' lang='lat' dir='ltr'>instar</span> 
     </span>
     <span class='ocr_line' id='line_1_97' title="bbox 1108 3043 2099 3095; baseline 0.003 -16"><span class='ocrx_word' id='word_1_680' title='bbox 1108 3043 1315 3093; x_wconf 74' lang='lat' dir='ltr'>voluptatis</span> <span class='ocrx_word' id='word_1_681' title='bbox 1340 3057 1416 3080; x_wconf 86' lang='lat' dir='ltr'>suae</span> <span class='ocrx_word' id='word_1_682' title='bbox 1445 3045 1640 3094; x_wconf 82' lang='lat' dir='ltr'>aspergine</span> <span class='ocrx_word' id='word_1_683' title='bbox 1673 3045 1887 3095; x_wconf 77' lang='lat' dir='ltr'>refrigeret,</span> <span class='ocrx_word' id='word_1_684' title='bbox 1908 3054 2099 3094; x_wconf 78' lang='lat' dir='ltr'>gratanter</span> 
     </span>
    </p>
   </div>
   <div class='ocr_carea' id='block_1_18' title="bbox 45 3182 2099 3277">
    <p class='ocr_par' dir='ltr' id='par_1_20' title="bbox 45 3182 2099 3277">
     <span class='ocr_line' id='line_1_98' title="bbox 95 3182 2094 3224; baseline 0.005 -13"><span class='ocrx_word' id='word_1_685' title='bbox 95 3186 103 3201; x_wconf 81' lang='lat'>¹</span> <span class='ocrx_word' id='word_1_686' title='bbox 124 3182 204 3212; x_wconf 80' lang='lat' dir='ltr'>Psal.</span> <span class='ocrx_word' id='word_1_687' title='bbox 225 3193 368 3220; x_wconf 74' lang='lat' dir='ltr'>Lxxxnt,</span> <span class='ocrx_word' id='word_1_688' title='bbox 389 3187 420 3214; x_wconf 86' lang='grc'>8.</span> <span class='ocrx_word' id='word_1_689' title='bbox 435 3202 477 3206; x_wconf 90' lang='grc'><strong>-</strong></span> <span class='ocrx_word' id='word_1_690' title='bbox 494 3190 506 3205; x_wconf 79' lang='lat'>²</span> <span class='ocrx_word' id='word_1_691' title='bbox 521 3185 592 3215; x_wconf 78' lang='lat' dir='ltr'>lsai.</span> <span class='ocrx_word' id='word_1_692' title='bbox 611 3195 690 3218; x_wconf 77' lang='lat' dir='ltr'>xxv.</span> <span class='ocrx_word' id='word_1_693' title='bbox 708 3189 738 3214; x_wconf 74' lang='lat' dir='ltr'>s».</span> <span class='ocrx_word' id='word_1_694' title='bbox 756 3203 798 3207; x_wconf 77' lang='lat'>--—</span> <span class='ocrx_word' id='word_1_695' title='bbox 826 3183 838 3206; x_wconf 84' lang='lat'>³</span> <span class='ocrx_word' id='word_1_696' title='bbox 857 3186 937 3216; x_wconf 85' lang='lat' dir='ltr'>l’sal.</span> <span class='ocrx_word' id='word_1_697' title='bbox 956 3197 1069 3222; x_wconf 57' lang='lat' dir='ltr'>mxxiv,</span> <span class='ocrx_word' id='word_1_698' title='bbox 1091 3191 1122 3217; x_wconf 70' lang='lat'>9.</span> <span class='ocrx_word' id='word_1_699' title='bbox 1138 3205 1180 3209; x_wconf 90' lang='lat'>—</span> <span class='ocrx_word' id='word_1_700' title='bbox 1200 3186 1213 3211; x_wconf 64' lang='lat'>⁴</span> <span class='ocrx_word' id='word_1_701' title='bbox 1233 3187 1301 3216; x_wconf 70' lang='lat' dir='ltr'>lsai.</span> <span class='ocrx_word' id='word_1_702' title='bbox 1321 3198 1350 3216; x_wconf 76' lang='lat' dir='ltr'>u</span> <span class='ocrx_word' id='word_1_703' title='bbox 1365 3210 1372 3222; x_wconf 81' lang='grc'>,</span> <span class='ocrx_word' id='word_1_704' title='bbox 1390 3190 1422 3217; x_wconf 74' lang='lat'>3.</span> <span class='ocrx_word' id='word_1_705' title='bbox 1441 3205 1485 3210; x_wconf 90' lang='lat'>—</span> <span class='ocrx_word' id='word_1_706' title='bbox 1509 3185 1615 3218; x_wconf 71' lang='lat' dir='ltr'>⁵1¹sal.</span> <span class='ocrx_word' id='word_1_707' title='bbox 1637 3200 1710 3218; x_wconf 78' lang='lat' dir='ltr'>xcvi</span> <span class='ocrx_word' id='word_1_708' title='bbox 1724 3213 1731 3224; x_wconf 77' lang='grc'>,</span> <span class='ocrx_word' id='word_1_709' title='bbox 1755 3193 1788 3220; x_wconf 83' lang='grc' dir='ltr'>ΙΙ</span> <span class='ocrx_word' id='word_1_710' title='bbox 1809 3213 1816 3224; x_wconf 79' lang='grc'>,</span> <span class='ocrx_word' id='word_1_711' title='bbox 1843 3193 1892 3220; x_wconf 76' lang='lat'>12.</span> <span class='ocrx_word' id='word_1_712' title='bbox 1910 3207 1950 3211; x_wconf 85' lang='lat'>——</span> <span class='ocrx_word' id='word_1_713' title='bbox 1968 3188 1984 3210; x_wconf 69' lang='lat'><strong>⁶</strong></span> <span class='ocrx_word' id='word_1_714' title='bbox 2003 3192 2094 3220; x_wconf 83' lang='lat' dir='ltr'>Jnau.</span> 
     </span>
     <span class='ocr_line' id='line_1_99' title="bbox 45 3235 2099 3277; baseline 0.005 -15"><span class='ocrx_word' id='word_1_715' title='bbox 45 3236 90 3266; x_wconf 81' lang='lat' dir='ltr'>¹v.</span> <span class='ocrx_word' id='word_1_716' title='bbox 113 3235 162 3263; x_wconf 67' lang='lat' dir='ltr'>l=&#39;·.</span> <span class='ocrx_word' id='word_1_717' title='bbox 178 3250 216 3255; x_wconf 91' lang='lat'>-—-</span> <span class='ocrx_word' id='word_1_718' title='bbox 237 3239 249 3262; x_wconf 84' lang='lat'>7</span> <span class='ocrx_word' id='word_1_719' title='bbox 264 3235 381 3266; x_wconf 73' lang='lat' dir='ltr'>Cautio.</span> <span class='ocrx_word' id='word_1_720' title='bbox 401 3247 431 3272; x_wconf 80' lang='lat' dir='ltr'>v,</span> <span class='ocrx_word' id='word_1_721' title='bbox 454 3239 480 3265; x_wconf 87' lang='grc'>1.</span> <span class='ocrx_word' id='word_1_722' title='bbox 496 3255 536 3259; x_wconf 85' lang='lat'>-—-</span> <span class='ocrx_word' id='word_1_723' title='bbox 555 3236 768 3272; x_wconf 75' lang='lat' dir='ltr'>⁸lsai.1.xn·,</span> <span class='ocrx_word' id='word_1_724' title='bbox 786 3241 817 3266; x_wconf 78' lang='lat' dir='ltr'>s».</span> <span class='ocrx_word' id='word_1_725' title='bbox 836 3255 875 3260; x_wconf 92' lang='lat'>—</span> <span class='ocrx_word' id='word_1_726' title='bbox 893 3245 909 3267; x_wconf 65' lang='grc' dir='ltr'>ἱ)</span> <span class='ocrx_word' id='word_1_727' title='bbox 926 3237 970 3268; x_wconf 80' lang='lat' dir='ltr'>ld.</span> <span class='ocrx_word' id='word_1_728' title='bbox 985 3249 1092 3273; x_wconf 79' lang='lat' dir='ltr'>xxxii,</span> <span class='ocrx_word' id='word_1_729' title='bbox 1119 3243 1201 3270; x_wconf 76' lang='grc'>18-</span> <span class='ocrx_word' id='word_1_730' title='bbox 1228 3245 1255 3258; x_wconf 78' lang='lat'>¹⁰</span> <span class='ocrx_word' id='word_1_731' title='bbox 1270 3239 1332 3269; x_wconf 79' lang='lat' dir='ltr'>Job</span> <span class='ocrx_word' id='word_1_732' title='bbox 1351 3250 1396 3268; x_wconf 78' lang='lat' dir='ltr'>vn</span> <span class='ocrx_word' id='word_1_733' title='bbox 1411 3263 1417 3274; x_wconf 84' lang='lat'>,</span> <span class='ocrx_word' id='word_1_734' title='bbox 1446 3243 1474 3270; x_wconf 88' lang='grc'>1.</span> <span class='ocrx_word' id='word_1_735' title='bbox 1489 3258 1530 3263; x_wconf 86' lang='lat'>--</span> <span class='ocrx_word' id='word_1_736' title='bbox 1559 3243 1773 3277; x_wconf 76' lang='lat' dir='ltr'>¹¹11‘‹=u·.v,</span> <span class='ocrx_word' id='word_1_737' title='bbox 1790 3246 1819 3271; x_wconf 90' lang='lat'>8.</span> <span class='ocrx_word' id='word_1_738' title='bbox 1840 3259 1881 3264; x_wconf 90' lang='lat'><em>-</em></span> <span class='ocrx_word' id='word_1_739' title='bbox 1913 3246 1940 3262; x_wconf 68' lang='grc' dir='ltr'><strong>Η</strong></span> <span class='ocrx_word' id='word_1_740' title='bbox 1959 3245 2047 3272; x_wconf 75' lang='lat' dir='ltr'>nom.</span> <span class='ocrx_word' id='word_1_741' title='bbox 2069 3255 2099 3276; x_wconf 64' lang='lat' dir='ltr'>x,</span> 
     </span>
    </p>
   </div>
   <div class='ocr_carea' id='block_1_19' title="bbox 48 3282 795 3322">
    <p class='ocr_par' dir='ltr' id='par_1_21' title="bbox 48 3282 795 3322">
     <span class='ocr_line' id='line_1_100' title="bbox 48 3282 795 3322; baseline 0.011 -11"><span class='ocrx_word' id='word_1_742' title='bbox 48 3286 85 3317; x_wconf 66' lang='lat' dir='ltr'>J,</span> <span class='ocrx_word' id='word_1_743' title='bbox 108 3286 133 3313; x_wconf 60' lang='grc' dir='ltr'>Θ.</span> <span class='ocrx_word' id='word_1_744' title='bbox 157 3302 175 3305; x_wconf 61' lang='lat'>›-</span> <span class='ocrx_word' id='word_1_745' title='bbox 213 3282 464 3322; x_wconf 43' lang='lat' dir='ltr'>diminueret.</span> <span class='ocrx_word' id='word_1_746' title='bbox 546 3288 574 3313; x_wconf 46' lang='grc' dir='ltr'>’ὅ</span> <span class='ocrx_word' id='word_1_747' title='bbox 592 3287 634 3318; x_wconf 83' lang='lat' dir='ltr'>ld.</span> <span class='ocrx_word' id='word_1_748' title='bbox 653 3299 724 3321; x_wconf 65' lang='lat' dir='ltr'>xii,</span> <span class='ocrx_word' id='word_1_749' title='bbox 748 3292 795 3319; x_wconf 75' lang='grc' dir='ltr'>Γ).</span> 
     </span>
    </p>
   </div>
  </div>
 </body>
</html>
