2418 3949
200 113 273 149 573

198 189 297 237 gatio
322 189 521 234 contiuua,
544 188 686 225 oblatio
714 197 851 225 sancta.
881 189 954 237 Qui
976 189 1089 237 igitur
1107 186 1186 222 haec

846 115 983 150 COMM
991 110 1196 148 ERTATIO
1230 112 1296 146 EX
1326 113 1482 148 BERNA
1489 115 1519 149 R
1526 115 1602 149 DO.

1198 183 1248 202 2⁷2

2176 121 2249 157 574

1260 193 1336 222 tum
1354 187 1544 235 quoddam
1571 191 1900 240 contemplationis
1916 205 2011 237 suae,
2035 201 2072 229 et
2088 197 2253 233 ostendit

199 256 236 283 et
251 248 307 284 his
322 248 456 285 similia
476 248 521 284 de
539 249 703 284 Domino
717 248 886 284 imitatur
907 248 1087 292 fideliter,
1107 258 1189 282 cur-
1207 244 1240 276 A
1257 244 1289 280 ei
1306 255 1447 282 secreta
1471 260 1547 284 sua.
1567 248 1642 285 Ubi
1663 262 1746 286 cum
1765 260 1890 288 mente
1909 254 2124 290 excessisset
2145 259 2226 293 Deo
2239 286 2248 303 ,

200 308 247 343 rit
265 316 349 357 post
369 321 453 344 eum
475 308 632 344 fortiter.

256 369 313 405 17.
347 369 412 404 Vel
434 369 538 403 trahe
557 381 616 402 me
631 375 717 415 prist
744 376 799 410 te,
823 367 859 403 id
889 375 963 412 est,
985 378 1112 402 amore
1139 364 1192 400 tui

200 435 359 463 tantum.
379 431 516 463 Averte
537 427 668 462 oculos
692 439 795 462 meos
814 439 859 461 ne
881 425 1033 461 videant
1052 424 1192 459 vanita-

201 495 288 522 tem.
315 490 390 523 Nec
421 486 498 522 sola
524 486 612 522 volo
640 485 757 531 trabi,
786 485 875 533 quia
904 497 973 532 ego
1001 492 1038 519 et
1062 482 1190 519 adole-

200 546 378 582 scentulae
399 559 595 582 curremus
609 545 645 581 in
670 544 788 581 odore
809 550 1088 593 unguentorum
1107 548 1211 577 tuo-'

200 617 298 640 rum.
339 603 423 641 Tria
459 612 546 640 sunt
577 617 661 652 quae
693 603 834 639 faciunt
867 616 1043 647 currere3
1080 601 1193 637 timor

199 663 394 709 videlicet,
425 663 677 706 desiderium,
710 670 747 698 et
785 675 892 698 amor
923 676 930 698 :
960 662 1097 705 timor,
1133 660 1192 695 su-

199 722 360 771 giendo3
393 721 646 765 desiderium,
677 721 916 770 appetendo;
946 733 1074 765 amor,
1102 731 1194 768 pro-

198 782 341 818 ximum
373 780 547 817 amando.
585 783 756 827 Quatuor
797 793 950 829 quoque
985 787 1073 816 sunt
1110 791 1193 828 quae

198 838 411 889 impediunt
441 852 593 876 cursum
625 839 769 883 istum,
804 839 920 888 frigus
939 868 948 884 ,
984 839 1105 883 calor,
1139 837 1198 873 via

198 898 406 944 laboriosa,
442 898 612 934 nimietas
646 898 844 934 currentis.
876 902 968 945 Quae
1001 906 1089 935 sunt
1126 896 1199 932 alio

1257 317 1404 340 rursum
1427 305 1552 342 sobria
1576 307 1669 344 facta
1696 311 1893 358 proximo,
1917 312 2028 348 rediit
2047 313 2092 349 ad
2120 315 2250 352 adole-

1256 364 1454 400 scentulas.
1480 369 1524 402 Et
1555 380 1638 402 cum
1676 381 1721 404 ex
1750 369 1895 407 visione
1927 380 1963 407 et
1994 373 2248 411 collocutione

1257 423 1347 467 Dei,
1383 425 1486 472 quasi
1517 426 1593 462 duo
1622 440 1764 464 cornua
1789 430 1992 477 praeferens
2020 435 2251 484 contempla-

1258 481 1390 526 tionis,
1414 483 1568 519 rationis
1595 485 1735 521 seilicet
1760 495 1796 522 et
1821 488 1980 533 amoris,
2012 491 2192 529 mirabilis
2211 504 2247 531 et

1260 539 1435 577 terribilis
1455 551 1675 591 appareret,
1696 547 1908 581 Introduxit
1924 561 1981 582 me
1996 562 2080 593 rex,
2104 551 2246 601 inquit,

1258 603 1294 633 in
1309 602 1464 636 cellaria
1480 615 1562 636 sua.
1583 602 1686 638 Felix
1704 603 1765 639 ille
1786 613 1908 641 rector
1935 607 2143 646 animarum
2157 640 2166 656 ,
2185 615 2250 661 qui

1259 658 1305 694 ad
1322 660 1449 695 omnia
1464 673 1548 708 quae
1569 661 1777 707 desiderat,
1797 663 1894 699 etde
1917 665 2055 713 quibus
2075 671 2251 708 anxiatur

1259 725 1296 753 et
1318 717 1485 764 dubitat,
1511 719 1549 754 in
1566 720 1658 755 illud
1691 729 1856 757 meretur
1872 722 2018 759 admitti
2043 737 2225 766 secretum
2241 760 2249 776 ,

1263 785 1307 813 ut
1333 778 1459 814 onmia
1494 779 1611 827 possit
1645 779 1766 815 faeere
1800 781 2004 818 seeundum
2038 786 2140 832 quod
2181 788 2251 825 sibi

1264 845 1456 873 ostensum
1475 846 1530 874 est
1549 838 1586 874 in
1610 847 1750 875 monte.
1772 842 1990 876 Introduxit
2010 856 2085 888 me,
2110 845 2253 897 inquit,

1265 909 1333 931 rex
1352 901 1389 932 in
1411 900 1569 933 cellaria
1598 911 1678 933 sua.
1712 899 1900 945 Quoniam
1924 899 1970 936 de
1999 902 2091 939 cella
2111 905 2255 945 vinaria

199 958 374 1003 nomine,
403 957 630 1003 diffidentia,
662 957 992 1006 concupiscentia,
1014 951 1244 1006 asperita-B
1267 955 1304 991 in
1337 956 1514 1006 proximo
1555 957 1781 1006 disputaturi
1821 971 1975 1004 sumus,
2014 961 2060 997 de
2096 964 2255 1005 cellariis

201 1018 246 1054 tis
270 1017 521 1067 impatientia,
552 1016 666 1052 nimia
692 1016 921 1052 confidentia
944 1031 951 1052 :
979 1017 1039 1052 vel
1066 1024 1199 1064 torpor

200 1077 438 1122 diffidentiae,
454 1072 623 1113 'carnalia
653 1075 862 1121 desideria,
887 1076 1196 1112 observationum

201 1136 401 1185 asperitas,
420 1136 902 1185 vehementiaproficientis
923 1136 982 1172 vel
999 1136 1199 1185 perficien-

203 1196 259 1232 tis.
290 1198 429 1233 Contra
450 1204 641 1245 torporem
670 1196 919 1232 necessarium
943 1204 998 1232 est
1018 1208 1192 1244 unguen-

203 1262 279 1289 tum
302 1254 586 1304 compositionis
613 1255 839 1300 laxativum,
864 1254 968 1304 quod
995 1255 1195 1291 coniicitur

201 1312 247 1348 de
265 1313 526 1350 recordatione
544 1313 812 1350 miraculorum
833 1322 870 1350 et
892 1314 1193 1350 testimoniorum

201 1373 335 1411 Christi
351 1387 358 1408 :
375 1381 506 1410 contra
521 1381 650 1410 aestum
666 1402 675 1418 ,
694 1382 929 1422 unguentum
951 1374 1193 1423 refrigerato-

203 1434 320 1478 rium,
352 1446 398 1470 ex
427 1432 624 1482 speciebus
653 1434 950 1469 conversationis
971 1442 1007 1469 et
1024 1446 1194 1470 commo-

203 1493 357 1529 nitionis
383 1492 519 1529 Christi
545 1507 552 1528 :
577 1501 708 1528 eontra
743 1493 928 1529 tristitiam
961 1492 1166 1529 laborantis
1182 1523 1192 1537 ,

204 1561 438 1602 unguentum
472 1553 705 1597 sanativum,
734 1566 781 1588 ex
812 1552 1074 1589 recordatione
1106 1566 1193 1602 pas-

203 1611 351 1647 sionum
369 1620 406 1647 et
425 1611 717 1661 promissionum
743 1612 878 1648 Christi
900 1626 907 1647 :
927 1620 1057 1648 contra
1077 1613 1195 1648 vehe-

205 1670 381 1706 mentiam
412 1670 712 1719 proficientium,
744 1679 976 1719 unguentum
1008 1671 1196 1720 mitigato-

1264 1015 1363 1064 regis
1377 1028 1495 1065 usque
1512 1016 1558 1052 ad
1574 1017 1697 1065 ipsum
1716 1017 1840 1053 locum
1858 1017 2087 1056 differamus.
2111 1024 2254 1061 Exsul-

1264 1074 1425 1111 tabinms
1452 1084 1487 1111 et
1516 1075 1729 1111 laetabimur
1753 1080 1791 1111 in
1817 1085 1864 1113 te.
1887 1078 2093 1116 Audientes
2123 1082 2254 1121 adole-

1263 1135 1441 1171 scentulae
1453 1147 1630 1184 sponsam
1642 1135 1771 1185 sponsi
1788 1135 2048 1174 liberalitatem
2065 1153 2256 1180 commen-

1262 1194 1436 1239 dantem,
1467 1195 1565 1231 sicut
1583 1195 1647 1231 filii
1668 1196 1781 1232 Israel
1813 1196 1878 1245 qui
1899 1209 1976 1233 non
2006 1198 2183 1238 valebant
2216 1204 2254 1240 in

1261 1263 1427 1291 montem
1455 1255 1656 1291 ascendere
1690 1268 1775 1291 cum
1799 1242 1937 1305 ‘Moyse
1965 1271 1972 1293 :
1997 1260 2158 1307 Loquere
2189 1271 2250 1309 tu,

1260 1315 1459 1363 inquiunt,
1490 1314 1613 1358 nobis,
1642 1324 1678 1349 et
1701 1328 1773 1350 non
1805 1318 1982 1363 loquatur
1996 1318 2100 1353 nobis
2123 1322 2256 1358 Domi-

1259 1380 1362 1408 mcs2.
1396 1373 1544 1411 Sufficis
1573 1373 1721 1409 interim
1755 1373 1885 1420 nobis,
1911 1376 2190 1415 Exsultabimus
2221 1393 2256 1418 et

1260 1432 1473 1468 loetabimur
1490 1435 1528 1467 in
1557 1442 1614 1475 te;
1646 1432 1681 1468 id
1712 1441 1788 1477 est,
1821 1433 1857 1469 in
1887 1433 2057 1472 doctrina
2077 1446 2113 1473 et
2131 1438 2256 1477 imita-

1263 1492 1364 1528 tione
1380 1501 1454 1528 tua.
1469 1492 1767 1536 Exsultabimas,
1793 1506 1876 1529 cum
1897 1496 2144 1543 corporaliter
2164 1512 2257 1548 ope-

1261 1552 1449 1597 rabimur3
1472 1560 1508 1588 et
1528 1552 1756 1595 loetabimur,
1773 1552 1861 1589 dum
1879 1553 2060 1602 spirituali
2075 1555 2257 1604 jucundi-

1265 1620 1337 1648 tate
1355 1612 1606 1661 persruemur,
1622 1626 1799 1647 memores
1817 1613 1965 1648 uberum
1981 1615 2156 1661 tuot-unffi,
2172 1632 2255 1667 quae

1264 1673 1413 1708 interim
1436 1671 1544 1708 nobis
1564 1673 1767 1708 sufficiunt.
1799 1676 1872 1709 Lae
1900 1674 1999 1710 enim
2023 1677 2255 1715 consolatio-

205 1729 323 1775 rium,
347 1728 393 1765 de
418 1729 682 1765 recordatione
710 1729 1007 1766 mansuetudinis
1025 1738 1062 1766 et
1083 1731 1196 1767 mise-
1217 1728 1244 1763 C
1265 1731 1321 1767 nis
1335 1739 1371 1767 et
1385 1731 1675 1777 exhortationis,
1694 1731 1796 1780 quod
1813 1731 1899 1767 inde
1912 1734 2255 1782 sumpsimus‚cum

205 1788 393 1825 rationum
417 1788 564 1825 Christi.
596 1791 684 1825 Hzee
702 1797 828 1825 autem
859 1789 986 1825 omnia
1006 1799 1199 1838 unguenta

205 1849 353 1884 inutilia
379 1856 489 1893 sunt,
525 1849 554 1884 si
581 1861 627 1884 ex
651 1849 735 1885 oleo
759 1848 888 1898 sponsi
917 1849 1088 1885 confecta
1121 1863 1196 1887 non

205 1916 304 1943 sunt.
334 1911 377 1944 In
405 1907 522 1943 odore
553 1907 688 1944 horum
722 1917 1004 1957 unguentorum
1039 1919 1199 1947 currunt

206 1967 514 2012 adolescentulae,
537 1980 697 2016 quarum
720 1980 852 2014 cursus
878 1980 954 2003 non
978 1967 1195 2017 impeditur.

207 2031 352 2076 Sponsa
366 2039 458 2063 vero
477 2026 554 2062 hree
575 2027 700 2063 onmia
720 2040 795 2062 non
815 2026 996 2063 odoratur
1011 2057 1020 2074 ,
1036 2028 1100 2065 scd
1123 2037 1204 2066 tan-

207 2088 276 2136 git;
297 2088 384 2136 quia
402 2088 439 2123 in
459 2100 497 2123 se
516 2087 594 2136 ipsa
608 2087 733 2124 onmia
753 2087 830 2124 haec
847 2087 1022 2134 exhibet,
1040 2089 1103 2125 sed
1125 2091 1205 2128 aliis

209 2159 284 2182 non
309 2146 390 2183 sibi.
420 2146 581 2183 Exhibet
608 2147 706 2182 enim
738 2146 1003 2182 miraculorum
1027 2148 1205 2197 gloriam,

208 2206 360 2243 exhibet
379 2206 676 2243 conversationis
704 2206 919 2254 exemplum
935 2235 943 2251 ,
969 2215 1004 2242 ct
1033 2220 1204 2244 commo-

207 2265 360 2301 nitionis
380 2265 667 2302 documentum.
691 2265 763 2303 Sed
780 2273 817 2301 et
834 2265 1052 2314 passionum
1071 2267 1206 2304 Christi

206 2324 621 2373 eircumsertstigmata;
639 2323 963 2360 mansuetudinem
981 2338 1070 2361 vero
1087 2334 1124 2362 et
1137 2327 1206 2362 mi-

207 2384 430 2420 serationem
449 2392 485 2420 et
504 2383 682 2432 praedicat
699 2383 895 2428 onmihus,
915 2392 951 2419 et
967 2383 1131 2421 exhibet.

266 2444 322 2481 18.
344 2446 554 2479 Introdnaeit
573 2457 630 2479 me
650 2457 718 2479 reae
736 2448 773 2478 ire
798 2446 954 2478 cellaria
982 2457 1050 2479 sua
1067 2451 1091 2480 ¹.
1128 2450 1205 2482 Au-

1264 1789 1427 1839 quodam
1449 1790 1585 1826 mentis
1606 1789 1772 1839 tripudio
1790 1798 1940 1826 cantare
1960 1804 2030 1828 nos
2048 1792 2133 1829 facit
2151 1809 2158 1830 :
2177 1797 2259 1831 Em-

1263 1852 1396 1885 Sttltate
1410 1853 1504 1894 justi
1527 1853 1563 1884 in
1584 1850 1768 1893 Domino,
1789 1858 1905 1885 rectos
1927 1852 2032 1886 (lecet
2055 1853 2256 1890 laudatio&

1262 1908 1374 1947 Unde
1395 1917 1431 1945 et
1453 1908 1642 1957 sequitur:

1320 1968 1379 2004 19.
1418 1969 1520 2002 Recti
1551 1969 1710 2014 diligunt
1745 1975 1791 2002 te.
1833 1969 1925 2003 Sunt
1950 1967 2139 2016 jacentes,
2174 1981 2262 2008 sunt

1270 2027 1402 2071 erecti,
1426 2035 1512 2063 sunt
1533 2026 1658 2071 curvi,
1687 2035 1773 2062 sunt
1794 2027 1898 2063 recti.
1921 2030 2093 2066 Jacentes
2115 2043 2182 2066 nec
2212 2032 2261 2068 ti-

1272 2095 1395 2131 ment,
1430 2099 1498 2122 nec
1533 2085 1710 2134 diliguut3
1745 2086 1850 2122 curvi
1887 2086 2040 2132 timent,
2072 2102 2147 2125 non
2181 2091 2265 2128 dili-

1271 2154 1384 2196 gunt3
1415 2145 1505 2181 recti
1533 2145 1703 2193 diligunt.
1723 2148 1813 2181 Orat
1829 2159 1918 2195 ergo
1935 2159 2073 2196 sponsa
2093 2162 2164 2198 pro
2181 2151 2269 2187 ado·

1272 2204 1507 2248 lescentulis,
1542 2212 1582 2240 ut
1617 2216 1710 2252 quas
1751 2203 1874 2240 adhuc
1917 2206 1952 2241 in
1996 2206 2130 2244 timore
2165 2209 2268 2247 videt

1273 2277 1425 2307 curvas,
1456 2271 1576 2299 rectas
1607 2263 1732 2299 videat
1753 2263 1789 2298 in
1819 2277 1947 2300 amore
1975 2267 2102 2314 sponsi
2132 2282 2139 2303 ε
2169 2281 2210 2304 ac
2239 2270 2269 2306 si

1273 2323 1389 2368 dicat,
1408 2321 1526 2358 Video
1553 2322 1640 2358 istas
1665 2335 1822 2367 curvas,
1846 2322 1908 2358 sed
1933 2323 1988 2359 sac
2014 2333 2153 2370 rectas,
2183 2328 2270 2376 quia

1273 2387 1361 2418 recti
1389 2384 1553 2430 diligunt
1571 2391 1616 2417 te.
1646 2381 1764 2417 Aliter
1793 2397 1800 2417 :
1831 2383 1962 2419 videns
1983 2397 2122 2433 sponsa
2139 2386 2270 2423 adole—

1272 2442 1460 2479 seentulas
1477 2440 1547 2477 sibi
1564 2441 1839 2490 applaudentes
1853 2470 1862 2485 ,
1883 2445 2153 2480 commendans
2171 2447 2272 2490 istas,

210 2504 315 2540 diens
331 2516 469 2552 sponsa
489 2504 729 2552 sponsionem
751 2503 1138 2551 adolescentularum,
1157 2508 1199 2541 In
1218 2502 1249 2535 D
1272 2503 1375 2539 timet
1391 2501 1484 2547 aliis;
1506 2501 1583 2536 istis
1598 2501 1887 2547 exsultantibus,
1906 2503 1976 2538 illis
1995 2504 2272 2543 invidentiluls:

211 2564 322 2597 odore
334 2571 598 2610 ungnentorum
619 2575 816 2605 cui-renuis,
833 2562 1029 2611 respondit
1046 2577 1052 2598 :
1070 2563 1203 2599 Merito

212 2620 389 2663 curretis,
413 2628 449 2656 et
469 2620 697 2656 currendum
717 2620 825 2656 vobis
843 2629 909 2656 est.
934 2624 1107 2670 Expertae
1128 2636 1205 2659 cre-

213 2679 312 2725 dite,
332 2679 419 2728 quia
451 2681 734 2714 t'tlermlu.1:1'eme
764 2693 832 2714 rex
858 2684 896 2713 in
929 2682 1084 2715 cellart'a
1113 2695 1204 2724 sua,

215 2739 315 2774 unde
348 2739 496 2788 plenam
523 2746 559 2774 et
581 2739 786 2774 consertam
820 2751 877 2773 me
908 2739 1063 2777 remisit.
1087 2744 1207 2776 Intro-

214 2800 324 2833 ‹lm-ie
351 2811 425 2840 nne,
457 2797 628 2846 inquam,
651 2812 738 2841 rtur,
769 2799 831 2846 qui
851 2797 975 2845 dirigit
995 2799 1029 2834 in
1049 2799 1206 2836 veritate

215 2869 361 2905 gressus
390 2869 493 2892 meos
517 2871 523 2891 :
549 2859 754 2892 introduxit
784 2871 840 2892 me
867 2861 904 2892 ln
934 2861 1087 2893 cellaria
1117 2873 1203 2901 mm,

216 2915 434 2952 liberalitate
461 2929 549 2961 sua;
572 2929 646 2952 uon
670 2929 739 2965 ego
771 2916 878 2965 erupi
912 2918 1207 2966 przesumptione

217 2989 309 3011 inea.
337 2974 499 3011 Audiens
523 2975 622 3011 enim
652 2988 812 3025 sponsus
842 2984 926 3012 vota
948 2989 1095 3025 sponsae
1116 2990 1204 3026 pre-

217 3034 354 3078 cantis,
383 3035 498 3069 'I'ralw
514 3049 571 3070 mc
587 3044 671 3083 post
686 3044 741 3079 [ες
763 3034 982 3071 abstrahens
1007 3049 1088 3071 eam
1110 3050 1207 3084 quo-

218 3092 419 3128 dammodo
436 3107 454 3129 a
477 3107 606 3139 carue,
630 3103 713 3144 post
731 3108 768 3130 se
791 3095 901 3131 traxit
917 3107 997 3130 eam
1020 3095 1055 3130 in
1083 3095 1207 3131 oecul-

271 3225 274 3237 ¹
297 3219 414 3249 (lautic.
436 3231 459 3256 ι,
482 3225 511 3250 13.
550 3240 555 3243 -

594 3227 602 3239 ⁷
623 3222 718 3252 lixod.
737 3234 775 3251 xx
794 3247 800 3257 ,
830 3226 877 3252 Η),
966 3222 1105 3251 ‘cauma
1127 3233 1148 3253 ι,
1170 3226 1199 3251 a.

1270 2576 1312 2599 ac
1332 2562 1360 2598 si
1391 2561 1510 2604 dicat,
1540 2564 1624 2597 Istae
1654 2570 1741 2597 sunt
1762 2570 1891 2605 rectre,
1924 2562 2009 2597 ideo
2029 2563 2190 2612 diligunt
2212 2574 2270 2611 te;

1271 2622 1355 2659 etsi
1374 2621 1533 2669 diligunt
1554 2633 1612 2655 me
1627 2648 1636 2664 ,
1657 2633 1732 2655 uon
1753 2620 1914 2669 diligunt
1931 2622 2000 2657 nisi
2027 2622 2062 2657 in
2085 2631 2130 2658 tc.
2153 2626 2271 2661 Docui

1273 2681 1371 2717 enim
1388 2693 1448 2715 eas
1467 2692 1541 2714 non
1562 2691 1619 2714 mc
1636 2678 1789 2727 diligere
1803 2707 1812 2719 ,
1844 2679 1907 2714 sed
1935 2688 1980 2716 te.
2012 2680 2151 2717 videns
2171 2684 2270 2720 enim

1275 2753 1412 2789 sponsa
1448 2740 1593 2774 illarum
1634 2752 1672 2773 se
1720 2738 1980 2775 benevolentia
2021 2744 2268 2790 praegravari,

1274 2812 1455 2837 eoux'ersa
1477 2798 1521 2834 ad
1550 2811 1728 2847 sponsum
1745 2827 1753 2842 ‚
1776 2807 1857 2834 orat
1876 2812 1945 2847 pro
1962 2800 2013 2835 eis
2032 2814 2038 2835 :
2064 2803 2164 2836 lircti
2183 2804 2272 2837 (leli-

1271 2868 1362 2908 gum
1390 2868 1436 2892 tr.
1475 2857 1544 2893 Sed
1580 2857 1625 2893 de
1663 2857 1919 2894 invidentibus
1947 2858 2036 2907 quid
2071 2860 2273 2898 iaciamus?

1274 2922 1464 2955 Conversa
1486 2916 1530 2952 ad
1554 2930 1634 2961 eas,
1665 2926 1702 2952 et
1732 2931 1858 2953 eurmu
1888 2931 2002 2966 agens
2023 2931 2093 2968 pro
2114 2921 2166 2956 eis
2185 2934 2270 2969 quae

1274 2977 1320 3012 de
1355 2976 1512 3025 pristina
1537 2976 1825 3012 conversatione
1858 2991 2132 3027 nonnunquam
2156 2981 2188 3016 ei
2210 2981 2271 3016 in-

1275 3035 1464 3071 sultabant
1488 3049 1495 3070 :
1522 3037 1661 3083 Nigra,
1695 3037 1838 3085 inquit,
1862 3051 1942 3071 sum
1960 3065 1969 3079 ,
1995 3040 2062 3072 sed
2084 3037 2269 3084 ,tiu-masa,

1263 3096 1368 3140 filiw
1406 3096 1624 3130 Jcrasalem.
1665 3099 1707 3132 lit
1749 3106 1835 3132 nota
1866 3096 2038 3132 ordinem
2070 3098 2260 3134 charitatis

1286 3222 1391 3252 *psat
1412 3233 1517 3253 xxxii.
1543 3225 1567 3250 l.
