2504 3928
317 245 383 282 471

1039 241 1272 277 GUIGONIS
1300 240 1640 276 CAR'I'L'SIENSIS

317 327 419 360 Deus
441 328 506 356 est.
529 323 601 355 Nec
625 315 775 353 aliunde
803 315 862 351 hie
884 316 1018 361 sancti,
1035 328 1102 353 nec
1119 316 1169 353 ibi
1189 316 1343 354 suturi²⁹

2283 245 2356 283 472

1349 316 1512 354 ’unitate
1530 318 1716 361 veritam,
1743 325 1779 353 et
1801 317 1956 354 veritate
1975 318 2148 365 unitatis;
2171 321 2240 358 lioc
2260 323 2356 359 idem

317 383 438 425 beati,
458 392 569 429 quam
587 390 631 413 ex
651 380 729 413 Deo
744 403 753 419 ‚
777 375 840 423 qui
867 388 996 411 eorum
1020 385 1055 412 et
1083 378 1254 413 sanctitas
1270 386 1306 414 et
1328 383 1354 414 Α
1374 378 1515 414 bomini
1539 390 1606 413 suo
1622 376 1734 412 modo
1755 377 1793 413 su
1810 376 1855 413 ad
1880 379 1997 413 Deum
2013 405 2022 422 ,
2045 378 2147 426 quod
2166 392 2250 416 cum
2268 380 2360 417 sub-

316 439 509 477 beatitudo
526 445 592 472 est.

375 503 431 535 lti.
456 501 497 533 Et
516 496 590 531 lure
608 494 772 530 hominis
798 501 851 529 est
874 494 1074 542 perfectio,
1103 495 1305 531 similitudo

319 557 399 595 Dei.
436 555 640 592 Perfectum
669 559 791 587 autem
832 552 929 587 nolle
957 565 1058 597 esse,
1091 553 1309 602 delinquere

319 625 384 654 est.
403 619 444 652 Et
462 614 547 650 ideo
566 613 652 649 liuic
669 612 889 662 perfectioni
915 612 1114 648 nutrienda
1138 621 1193 649 est
1212 626 1310 649 sem-

319 689 388 725 per
422 674 596 709 voluntas
609 701 618 717 ,
660 684 765 707 amor
806 671 1095 720 praeparandus,
1136 672 1309 708 voluutas

320 733 548 776 cohibenda,
578 744 626 767 ue
649 732 685 767 in
711 730 832 766 aliena
852 730 1082 780 dissipetur3
1104 744 1210 767 amor
1228 745 1307 767 ser-

321 794 465 831 vandus
477 821 486 838 ,
501 805 548 829 ne
565 791 793 840 inquinetur.
816 794 974 840 Propter
990 791 1058 826 lioc
1070 791 1169 826 enim
1188 791 1307 827 solum

319 853 431 890 creati
449 864 577 888 sumus
596 858 631 886 et
649 850 812 886 vivimus
826 877 835 893 ,
856 858 896 885 ut
916 852 994 885 Deo
1011 850 1150 885 similes
1170 850 1284 886 simus
1297 879 1306 894 ‚

319 924 404 948 eum
424 910 470 947 ad
494 909 559 947 Dei
587 909 785 957 imaginem
810 908 923 944 creati
945 908 1072 944 siuius.
1102 912 1163 945 Est
1184 918 1308 945 autem

320 972 387 1009 Dei
405 969 610 1008 similitudo
629 967 796 1017 quaedam
823 981 934 1016 quam
955 980 1065 1004 nemo
1085 969 1216 1004 vivens
1239 969 1309 1005 nisi

319 1044 404 1067 cum
425 1030 500 1066 vita
516 1028 641 1072 exuit,
662 1040 772 1076 quam
791 1027 894 1063 omni
915 1027 1056 1064 homini
1082 1028 1118 1064 in
1141 1029 1309 1064 testimo—

318 1090 422 1126 nium
451 1089 594 1124 amissa»
615 1087 778 1123 melioris
794 1095 830 1123 et
847 1086 1027 1134 dignioris
1055 1087 1310 1123 similitudinis
1328 1089 1352 1121 n

320 1156 467 1186 creator
483 1147 651 1184 omnium
665 1146 859 1182 hominum
880 1146 1048 1194 reliquit;
1067 1159 1177 1195 quam
1199 1145 1310 1183 liabet

321 1217 357 1245 et
382 1208 511 1243 volens
530 1214 566 1242 et
584 1206 716 1241 nolens
740 1213 776 1241 et
793 1205 856 1253 qui
885 1217 964 1241 eam
984 1205 1146 1253 cogitare
1165 1213 1309 1255 potest,

321 1276 358 1304 et
377 1267 442 1316 qui
456 1275 527 1302 tam
541 1264 655 1301 hebes
673 1273 727 1300 est
742 1272 780 1300 ut
793 1277 872 1299 eam
892 1264 1053 1313 cogitare
1071 1276 1147 1300 non
1168 1264 1284 1313 possit
1300 1279 1306 1299 :

320 1327 459 1364 scilicet
478 1324 579 1374 quod
604 1324 698 1360 sicut
724 1322 866 1371 ubique
886 1326 986 1359 Deus
1004 1331 1059 1359 est
1075 1351 1084 1367 ,
1108 1331 1144 1358 et
1172 1322 1312 1371 ubique

321 1394 421 1422 totus
444 1393 498 1421 est
522 1384 559 1420 in
580 1391 748 1419 creatura
769 1395 832 1418 sua
848 1410 857 1426 ‚
881 1382 932 1418 sic
953 1390 989 1418 et
1012 1382 1049 1417 in
1071 1394 1228 1430 corpore
1246 1394 1314 1418 suo

320 1444 443 1481 omnis
463 1444 596 1479 vivens
616 1441 753 1477 anima.
774 1444 819 1476 Et
837 1441 932 1476 sicut
949 1453 1095 1489 semper
1112 1439 1183 1476 sibi
1201 1440 1314 1476 indis-

319 1503 451 1540 similis
468 1506 568 1539 Deus
586 1500 858 1537 indissimiliter
880 1499 1073 1535 dissimilia
1089 1500 1124 1534 in
1147 1507 1315 1535 creatura

319 1569 518 1612 operatur;
557 1560 608 1595 sic
637 1559 762 1595 anima
794 1558 959 1594 hominis
992 1557 1163 1607 quamvis
1194 1566 1312 1594 totum

319 1633 456 1670 corpus
485 1618 679 1655 vivificans
707 1616 920 1653 indissimili
941 1617 1038 1661 vita,
1072 1616 1112 1652 in
1145 1616 1315 1653 sensibus

322 1688 445 1715 tamen
473 1677 642 1727 corporis
665 1684 702 1713 et
722 1676 760 1712 in
788 1675 1078 1726 cogitationibus
1106 1675 1231 1712 cordis
1254 1675 1315 1711 in-

320 1738 550 1775 dissimiliter
583 1744 761 1786 operatur
800 1735 947 1771 assidue
981 1735 1187 1771 dissimilia.
1229 1739 1316 1771 Haec

321 1797 528 1835 similitudo
549 1797 617 1832 Dei
634 1796 672 1831 in
690 1795 842 1831 liomine
855 1823 864 1840 ,
881 1803 1062 1844 quantum
1076 1795 1120 1831 ad
1140 1795 1315 1831 meritum

1370 438 1529 474 stautiali
1550 437 1690 472 unitate
1712 437 1803 473 Filio
1822 445 1876 472 est
1906 437 1950 472 ad
1980 441 2146 481 Patrem,
2178 440 2236 475 vel
2260 441 2358 477 Patri

1375 497 1420 533 ad
1445 497 1596 540 Filium3
1617 509 1700 531 cum
1722 495 1757 531 iu
1789 496 1964 544 amplexu
1983 504 2019 531 et
2039 498 2168 533 osculo
2191 499 2307 535 Patris
2323 508 2360 536 et

1375 555 1455 591 Filii
1487 554 1645 590 mediam
1683 553 1964 602 quodammodo
1996 567 2034 590 se
2074 555 2216 591 invenit
2252 555 2360 593 beata

1375 614 1624 658 conscientia3
1645 626 1727 648 cum
1754 612 1867 648 modo
1888 612 2066 649 ineffabili
2087 614 2361 664 inexcogitabi-

1378 674 1477 721 lique
1509 673 1585 708 lieri
1622 679 1785 707 meretur
1812 671 1926 707 liomo
1950 671 2017 707 Dei
2040 685 2115 708 non
2139 676 2260 718 Deus,
2297 674 2361 711 sed

1375 741 1496 768 tamen
1514 731 1615 780 quod
1636 735 1736 767 Deus
1756 739 1812 767 est
1828 744 1874 767 ex
1892 738 2046 777 natura,
2071 732 2183 768 liomo
2209 746 2253 769 ex
2273 747 2361 783 gra-

1377 792 1422 827 tia
1434 790 1464 826 (Ι.

1432 851 1488 886 17.
1509 849 1618 886 [nde
1643 849 1678 885 in
1699 850 1867 897 catalogo
1884 849 2134 899 spiritualium
2164 853 2364 889 exercitio-

1376 923 1457 945 rum
1489 909 1689 958 Apostolus
1714 908 1919 958 prudenter
1946 909 2159 946 interseruit
2183 912 2363 960 Spiritum

1376 976 1568 1011 sanctum,
1591 967 1717 1004 dicens
1747 982 1754 1003 :

1378 1030 1671 1074 longanimitate,
1705 1031 1742 1062 in
1769 1031 1970 1069 suavitate,
1996 1032 2034 1062 [η
2055 1029 2194 1075 Spiritu
2220 1037 2365 1073 sanem,

1783 971 1826 1003 In
1849 972 2038 1011 castilate,
2063 973 2101 1003 in
2121 973 2280 1005 sesenna
2293 999 2304 1015 ,
2327 975 2366 1005 in

1375 1091 1412 1122 in
1443 1087 1622 1121 charitate
1651 1100 1723 1121 non
1739 1087 1858 1131 ficta,
1892 1090 1930 1120 in
1962 1085 2072 1121 verbo
2107 1091 2296 1132 veritatis,
2328 1092 2367 1123 ln

1376 1152 1513 1182 virtute
1547 1149 1615 1181 Dei
1635 1153 1657 1182 ¹.
1698 1145 1790 1182 Vide
1824 1145 1923 1180 enim
1959 1145 2150 1193 quomodo
2191 1153 2367 1196 tanquam

1376 1206 1502 1242 onmia
1537 1205 1754 1251 facientem,
1792 1204 2050 1249 ordinantem,
2096 1213 2133 1240 et
2173 1205 2369 1242 vivifican-

1378 1273 1449 1301 tem
1467 1293 1476 1309 ,
1503 1265 1539 1300 in
1562 1264 1684 1300 medio
1705 1263 1890 1299 bonarum
1909 1263 2110 1306 virtutum,
2129 1264 2225 1300 sicut
2246 1277 2312 1311 cor
2332 1265 2368 1301 in

1380 1324 1504 1360 medio
1525 1323 1719 1373 eorporis,
1752 1322 1946 1358 constituit
1973 1322 2153 1370 Spiritum
2182 1331 2365 1360 sanctuni.

1379 1386 1464 1431 Ipse
1490 1391 1545 1419 est:
1564 1383 1664 1418 enim
1687 1382 1927 1431 omnipotens
1945 1381 2078 1418 artifex
2099 1395 2229 1418 creans
2246 1383 2371 1419 homi-

1382 1441 1438 1477 nis
1453 1441 1500 1477 ad
1523 1444 1641 1477 Deum
1660 1441 1796 1477 bonam
1814 1441 2046 1477 voluntatem
2062 1470 2072 1486 ,
2092 1442 2160 1477 Dei
2180 1441 2226 1478 ad
2247 1442 2373 1479 homi-

1381 1513 1466 1536 nem
1494 1501 1632 1536 faciens
1660 1500 1984 1549 propitiationem,
2017 1500 2182 1538 formans
2203 1501 2374 1539 affectio-

1383 1572 1487 1606 nem,
1506 1559 1598 1596 dans
1612 1559 1807 1604 virtutem,
1819 1557 1957 1606 juvans
1973 1560 2247 1608 operationem,
2259 1574 2374 1610 agens

1381 1619 1507 1655 onmia
1539 1619 1704 1661 fortiter,
1737 1625 1774 1653 ct
1804 1616 2009 1666 disponens
2040 1618 2166 1654 omnia
2196 1620 2372 1657 suaviter.

1380 1682 1463 1728 Ipse
1485 1678 1647 1713 vivificat
1673 1677 1842 1726 spiritum
1865 1677 2050 1721 hominis,
2077 1685 2115 1714 et
2141 1678 2308 1714 continet
2334 1679 2373 1715 in

1382 1750 1499 1773 unum
1519 1752 1527 1773 τ
1546 1737 1640 1773 sicut
1656 1745 1693 1772 et
1709 1736 1770 1772 ille
1790 1736 1975 1781 viviticat,
1992 1736 2083 1772 etin
2101 1749 2218 1773 unum
2246 1738 2372 1774 conti-

1383 1805 1446 1832 net
1461 1809 1598 1845 corpus
1615 1808 1737 1832 suum.
1755 1795 1936 1831 Homines
1952 1795 2111 1832 doceant
2129 1799 2248 1832 Deum
2267 1809 2372 1845 quae-

321 1857 422 1906 ejus,
446 1857 588 1893 nullius
617 1855 721 1904 apud
757 1858 876 1891 Deum
906 1862 961 1890 est
997 1854 1197 1898 momenti,
1228 1867 1312 1890 cum
1332 1855 1358 1890 C
1380 1868 1482 1900 rere;
1501 1855 1632 1904 Augeli
1662 1854 1843 1891 adorare:
1862 1854 1963 1891 solus
1988 1854 2068 1904 ipse
2093 1863 2149 1892 est
2173 1855 2237 1904 qui
2263 1855 2374 1893 docet

323 1925 466 1953 uaturae
480 1944 489 1961 ,
509 1929 585 1951 non
608 1914 814 1950 voluntatis
831 1913 912 1962 ejus
932 1914 978 1950 sit
1000 1914 1057 1949 vel
1076 1913 1227 1949 laboris.
1244 1913 1315 1950 Sed

322 1983 376 2012 est
403 1975 475 2011 alia
515 1974 630 2023 magis
656 1977 737 2009 Deo
767 1972 981 2021 propinqua
1014 1972 1246 2017 similitudo,
1279 1972 1315 2008 in

324 2044 506 2085 quantum
539 2032 775 2077 voluntaria,
807 2045 890 2080 quae
910 2032 948 2067 in
971 2030 1171 2068 virtutibus
1190 2031 1316 2067 consi-

323 2095 388 2132 stit
406 2110 412 2131 :
433 2095 471 2130 in
486 2107 558 2143 qua
575 2093 721 2129 animus
734 2091 883 2127 virtutis
904 2091 1160 2139 magnitudine
1182 2091 1318 2128 summi

321 2154 413 2191 boni
434 2154 537 2202 quasi
558 2152 693 2188 imitari
712 2151 821 2200 gestit
836 2150 1131 2198 magnitudinem
1148 2165 1156 2194 3
1173 2159 1210 2186 et
1227 2163 1314 2199 per-

324 2212 540 2250 severantiae
557 2212 593 2246 in
613 2210 715 2246 bono
735 2210 942 2246 constantia
957 2238 965 2254 ‚
993 2209 1210 2245 aeternitatis
1232 2209 1313 2257 ejus

322 2270 751 2309 incommutabilitatem.
773 2272 896 2318 Super
910 2269 1006 2304 lianc
1025 2277 1148 2304 autem
1172 2268 1242 2303 alia
1260 2276 1315 2304 est

325 2331 447 2367 adhuc
464 2329 668 2365 similitudo
694 2328 775 2364 Dei.
800 2331 887 2363 Haec
913 2336 967 2363 est
990 2327 1036 2362 de
1059 2340 1132 2375 qua
1147 2327 1223 2375 jam
1245 2328 1314 2363 ali—

325 2398 464 2440 quanta
497 2389 591 2424 dicta
610 2396 695 2424 sunt
709 2417 717 2432 ‚
745 2388 781 2423 in
803 2395 947 2422 tantum
969 2388 1122 2436 proprie
1143 2387 1294 2436 propria
1309 2417 1317 2433 ‚

322 2459 363 2487 ut
387 2462 461 2485 non
483 2447 559 2495 jam
586 2446 815 2491 similitudo,
845 2446 908 2481 sed
931 2446 1052 2482 unitas
1072 2446 1224 2494 spiritus
1247 2459 1315 2481 no-

324 2510 512 2552 minetur3
533 2520 615 2542 cum
637 2508 676 2542 lit
691 2506 804 2541 liomo
826 2519 942 2541 unum
959 2512 971 2526 ³
997 2518 1079 2541 cum
1099 2508 1180 2541 Deo
1195 2534 1203 2550 ,
1222 2518 1319 2541 unus

325 2569 500 2619 spiritus,
521 2580 597 2602 non
615 2575 756 2602 tantum
780 2566 921 2601 unitate
940 2565 1089 2601 volendi
1111 2565 1207 2600 idem
1226 2593 1234 2609 ,
1255 2564 1317 2601 sed

1382 1914 1551 1951 invenire
1565 1943 1574 1959 ,
1595 1913 1750 1959 habere,
1769 1922 1806 1949 et
1824 1914 1907 1949 frui.
1925 1917 2008 1963 Ipse
2025 1914 2124 1950 enim
2141 1923 2196 1950 est
2210 1923 2246 1951 et
2268 1916 2374 1952 solli-

1382 1973 1508 2010 citudo
1533 1973 1630 2010 bene
1657 1973 1881 2022 quaerentis,
1911 1981 1947 2009 et
1980 1974 2098 2022 pietas
2117 1974 2154 2010 in
2180 1975 2314 2023 spiritu
2337 1983 2376 2011 et

1382 2035 1540 2070 veritate
1557 2033 1766 2077 adorantis,
1796 2041 1833 2069 et
1861 2033 2043 2082 sapientia
2063 2033 2308 2079 invenientis,
2338 2042 2376 2071 et

1384 2106 1490 2129 amor
1515 2091 1705 2137 habentis,
1736 2100 1772 2128 et
1799 2092 1975 2141 gaudium
1995 2092 2163 2129 fruentis.
2183 2092 2376 2142 Quidquid

1385 2161 1507 2188 tamen
1526 2151 1571 2188 de
1587 2152 1731 2187 visione
1748 2160 1783 2187 ct
1801 2151 2014 2200 cognitione
2030 2152 2098 2188 Dei
2115 2151 2176 2188 hic
2204 2151 2376 2189 fidelibus

1380 2211 1614 2260 impertitur,
1646 2211 1837 2260 speculum
1873 2219 1928 2247 est
1959 2219 1996 2247 et
2023 2211 2200 2259 aenigma;
2232 2220 2374 2249 tantum

1381 2269 1524 2306 distans
1540 2283 1559 2305 a
1578 2270 1700 2305 sutura
1715 2270 1860 2305 visione
1882 2278 1918 2305 et
1936 2270 2150 2318 cognitione
2164 2298 2173 2314 ,
2191 2278 2374 2319 quantum

1385 2342 1405 2365 a
1424 2330 1576 2365 veritate
1594 2328 1703 2364 distat
1722 2329 1828 2372 fides,
1852 2329 1910 2363 vel
1930 2337 2077 2377 tempus
2095 2327 2141 2364 ab
2157 2329 2376 2374 aeternitate,

1387 2388 1456 2423 nisi
1475 2400 1557 2423 cum
1575 2387 1777 2435 aliquando
1796 2388 1834 2423 fit
1850 2387 1950 2435 quod
1971 2387 2017 2423 de
2045 2400 2090 2423 eo
2112 2388 2150 2423 in
2180 2386 2277 2423 libro
2303 2387 2376 2424 Job

1386 2447 1521 2495 legitur
1548 2462 1555 2482 ε
1588 2448 1662 2492 Qui
1693 2446 1881 2481 abscondit
1913 2449 2026 2481 lacem
2055 2449 2092 2481 ιή
2123 2446 2308 2490 rualedum,
2342 2457 2378 2483 ec

1382 2509 1556 2554 praa-istit
1571 2511 1605 2540 ei
1621 2515 1657 2541 ut
1674 2520 1812 2541 rursum
1831 2510 1983 2549 oriatur,
2005 2515 2040 2541 et
2055 2511 2254 2542 annuntiat
2269 2509 2314 2542 (le
2330 2521 2376 2543 ca

1385 2567 1514 2600 (lileclo
1536 2579 1600 2599 5110
1626 2567 1727 2612 quud
1750 2570 1931 2612 possessio
1959 2565 2036 2610 (jus
2063 2570 2128 2610 sit,
2158 2574 2193 2601 et
2218 2568 2271 2601 ad
2293 2580 2376 2602 eam

323 2628 557 2677 expressiore
579 2626 738 2675 quadam
768 2626 909 2661 unitate
934 2625 1084 2661 virtutis
1104 2625 1221 2673 (sicut
1237 2625 1313 2673 jam
1334 2626 1363 2658 D
1377 2629 1494 2672 possi!
1508 2629 1701 2676 pervenire
1715 2630 1740 2659 ².

323 2688 462 2723 dictum
496 2685 564 2735 est)
594 2684 694 2721 aliud
728 2685 823 2720 velle
864 2697 940 2719 non
976 2683 1136 2719 valendi.
1170 2685 1314 2720 Dicitur

324 2756 446 2782 autem
478 2746 555 2781 haec
587 2744 708 2780 unitas
741 2743 915 2793 spiritus,
941 2755 1017 2778 non
1046 2751 1188 2778 tantum
1229 2743 1318 2791 quia

324 2807 435 2843 efficit
457 2818 537 2841 eam
553 2833 562 2849 ,
586 2804 644 2839 vel
663 2803 774 2839 aflicit
792 2803 824 2838 ei
850 2802 1022 2851 spiritum
1045 2802 1207 2838 hominis
1233 2803 1317 2851 Spi-

326 2867 418 2901 ritus
440 2872 610 2907 sanctus,
646 2861 708 2898 sed
740 2862 827 2909 quia
864 2862 940 2910 ipsa
967 2861 1045 2909 ipse
1074 2870 1127 2897 est
1158 2861 1317 2910 Spiritus

323 2933 471 2960 sanctus
498 2927 599 2959 Deus
627 2921 787 2957 charitas
810 2934 918 2956 :cum
950 2934 1016 2969 per
1039 2918 1152 2956 euml'
1176 2920 1238 2968 qui
1262 2930 1317 2956 est

324 2997 430 3020 amor
459 2982 576 3019 Patris
593 2990 629 3016 et
661 2981 762 3024 Filii,
782 2988 819 3016 et
851 2980 994 3024 unitas,
1021 2987 1058 3015 et
1077 2980 1258 3023 suavitas,
1280 2988 1316 3015 et

327 3043 472 3079 bonum
487 3070 495 3085 ‚
517 3049 553 3077 et
574 3040 743 3076 osculum
758 3067 766 3083 ,
781 3048 817 3074 et
835 3039 1029 3088 amplexus
1044 3068 1052 3083 ,
1075 3047 1110 3074 et
1131 3038 1315 3087 quidquid

324 3113 523 3138 commune
543 3107 666 3149 potest
684 3105 787 3135 esse‘
811 3097 1010 3133 amborum
1032 3097 1069 3133 in
1087 3110 1232 3134 summa
1255 3097 1316 3133 illa

374 3237 426 3265 'll
445 3235 515 3265 Cor.
533 3244 578 3269 vr,
600 3237 637 3267 ὃ,
660 3235 690 3263 7.
708 3249 746 3253 -
767 3236 777 3251 ²
793 3231 853 3261 Jol)
868 3242 984 3266 xxxvt,
1003 3234 1042 3261 32
1059 3254 1067 3268 ,
1087 3234 1142 3262 33.

1438 2686 1496 2719 18.
1531 2685 1658 2720 Eleeto
1688 2683 1786 2719 enim
1821 2692 1856 2719 et
1889 2683 2023 2719 dilecto
2051 2683 2143 2728 Dei,
2173 2683 2376 2732 aliquando

1383 2743 1541 2779 xicissim
1562 2744 1686 2778 lumen
1706 2742 1894 2791 quoddam
1914 2743 2039 2778 vultus
2068 2742 2136 2778 Dei
2164 2743 2377 2780 ostenditur

1384 2802 1507 2851 (sicut
1524 2803 1649 2837 lumen
1675 2802 1842 2837 clausum
1873 2801 1909 2836 in
1930 2800 2103 2837 manibus
2119 2809 2222 2850 patet
2237 2810 2272 2838 et
2291 2803 2380 2839 latet

1383 2861 1428 2896 ad
1459 2860 1653 2896 arbitrium
1683 2859 1894 2909 tenentis),
1915 2869 1953 2896 ut
1970 2873 2037 2910 per
2054 2860 2124 2896 hoc
2140 2860 2242 2908 quod
2271 2862 2378 2910 quasi

1382 2920 1419 2956 in
1440 2927 1677 2962 transcursu,
1698 2919 1754 2954 vel
1774 2919 1810 2954 in
1829 2927 1970 2967 puncto
1987 2919 2217 2967 permittitur
2232 2919 2376 2966 videre,

1383 2978 1589 3014 inardescat
1615 2979 1761 3013 animus
1786 2977 1830 3013 ad
1852 2978 1999 3026 plenam
2018 2977 2290 3026 possessionem
2317 2979 2378 3015 lu-

1383 3037 1492 3073 minis
1532 3037 1682 3080 aeterni,
1717 3045 1753 3072 et
1785 3037 2038 3072 liaercdimtem
2071 3037 2191 3085 plenae
2223 3036 2377 3074 visi'onis

1382 3097 1450 3134 Dei
1475 3111 1483 3131 τ
1507 3097 1565 3132 cui
1592 3105 1632 3132 ut
1654 3096 1861 3132 innotescat
1883 3097 2119 3144 aliquatenus
2147 3095 2183 3131 id
2212 3095 2314 3145 quod
2343 3096 2376 3133 ci

368 3295 378 3308 '
401 3293 480 3323 Alias
495 3291 644 3322 omittitur
659 3302 762 3320 tinum.
777 3290 800 3328 †
832 3308 860 3311 —
879 3283 892 3304 l'
905 3290 989 3320 Alias
1003 3287 1154 3319 omittitur
1166 3300 1224 3332 per
1237 3300 1314 3320 cum.
1338 3290 1363 3329 ἢ·
1377 3307 1418 3311 ——
1433 3295 1445 3309 Γ
1460 3289 1545 3319 Alias
1559 3287 1681 3317 additur
1699 3287 1729 3315 in
1747 3287 1879 3316 unitate.

369 3346 381 3363 '¹
402 3346 484 3375 Alias
499 3369 504 3377 ,
525 3341 581 3373 >cd
592 3351 692 3373 lamen
709 3340 795 3385 qum!
810 3345 890 3371 Dru>
912 3348 978 3377 c.sl,·
993 3339 1086 3370 homo
1103 3352 1141 3370 cx
1156 3340 1278 3381 gralia,
1300 3340 1387 3384 qctod
1403 3344 1483 3372 Deus
1499 3348 1542 3370 ri!
1560 3353 1590 3369 ‹·.1
1616 3347 1739 3369 marma.
1765 3350 1787 3375 3·
