2504 3928
1129 151 1416 186 GlL1.1·:BER'1·1
1450 153 1646 188 Anna'rls
2328 155 2403 191 256

363 241 437 263 non
461 227 577 263 multo
598 227 714 273 magis
739 224 840 273 quod
861 233 914 260 est
944 233 1074 262 contra
1106 226 1214 263 lidem
1232 230 1246 263 Ρ
1264 231 1345 265 Non
1363 227 1566 265 ¹⁴²³‹li!‹·ci‹›.
1599 233 1687 266 Nam
1710 229 1747 264 in
1769 229 1824 265 his
1844 228 2020 265 omnibns
2047 230 2125 279 ipse
2151 231 2346 278 gloriatur,
2365 239 2403 267 et

358 296 445 321 sunt
462 286 559 334 ligna
578 284 729 327 Libani,
748 297 831 332 (pue
850 283 933 320 lidei
953 298 1027 320 non
1048 286 1174 334 irrigat
1192 287 1346 335 puritas.
1368 287 1394 319 A
1415 301 1561 337 sponsae
1591 301 1666 323 suae
1689 287 1883 336 applaudit
1912 288 2131 324 nmneribus
2160 293 2268 326 Jesus
2287 290 2398 327 Chri—

364 153 409 187 “.).”ι
416 154 435 184 ,ἰ

360 344 509 380 Stet-iles
543 351 629 378 sunt
672 343 852 386 virtutes,
885 356 969 390 quse
999 356 1074 379 non
1098 344 1347 381 leeundantur

362 417 427 451 per
445 403 552 438 tidem
573 416 578 436 :
602 401 664 437 sed
682 410 718 436 et
739 401 817 449 ipsa
833 401 923 437 lides
939 402 1019 438 sine
1035 403 1235 440 virtutibus
1252 417 1351 440 mor-

363 471 422 496 tua
440 469 505 496 est.
528 461 736 497 Candorem
759 459 838 508 ejus
856 461 956 496 nulla
973 461 1254 498 incontinentiae
1279 464 1349 498 fu*-

360 519 422 555 dat
442 519 614 568 putredo.
638 523 678 555 ln
698 520 951 556 ecclesiasticis
975 521 1081 569 lignis
1102 530 1260 570 utraque
1276 522 1345 558 ob—

360 578 462 613 viant
478 577 546 614 sibi
558 607 567 623 ‚
589 579 707 614 forma
725 578 807 614 lidei
822 607 830 623 ,
850 587 886 615 et
901 580 1025 628 operis
1043 581 1235 617 fortitudo.
1253 582 1348 618 'l'alis

360 637 494 673 cedrus
511 646 640 673 nostro
663 638 853 686 plantatur
879 638 915 674 in
943 638 1098 675 Libano.
1127 640 1194 676 Hie
1214 647 1288 682 est,
1312 648 1348 675 et

360 695 446 731 alibi
469 709 544 731 non
566 703 621 732 est
641 696 783 744 puritas
800 696 882 732 lidei
897 724 906 740 ,
931 705 967 732 et
988 706 1169 747 perpetua
1188 706 1224 734 et
1241 698 1345 747 quasi

362 755 576 805 incorrupta
598 756 874 804 perseverantia
900 756 1058 792 virtutis.

414 813 447 849 7.
479 814 546 849 Hie
577 813 676 849 enim
709 814 889 849 emittitur
918 815 1064 859 myrrha
1093 824 1127 850 ct
1156 818 1240 849 alm·
1266 828 1346 849 cnm

359 871 522 906 ottnu'bas
534 876 669 919 primis
691 876 898 919 unguentis.
926 875 990 908 11ae
1007 873 1150 922 species
1173 887 1215 909 ea
1235 874 1345 909 etiam

359 943 442 979 qnae
472 943 539 979 per
567 943 604 966 se
634 929 892 979 corruptibilia
918 939 1025 976 sunt,
1055 944 1074 966 a
1103 932 1346 981 corruptione

359 989 470 1025 illasa
495 1001 643 1025 servare
664 998 882 1026 noscuntur.
905 989 1002 1037 Quid
1025 990 1124 1025 enim
1154 990 1231 1026 haec
1261 999 1346 1039 post
1368 992 1393 1025 B

360 1048 456 1095 ligna
482 1047 611 1084 Libani
639 1057 826 1098 unguenta
859 1048 1106 1097 produceret,
1136 1049 1164 1085 si
1195 1049 1284 1085 nihil
1308 1050 1343 1085 in

358 1106 410 1141 eis
430 1115 524 1141 esset
547 1106 754 1143 ‹listantiae?
784 1110 875 1143 Nam
903 1107 970 1143 etsi
998 1107 1173 1144 videntur
1193 1108 1344 1154 similia,

359 1163 635 1200 distinctionem
670 1173 790 1201 tamen
825 1166 1021 1215 recipiunt.
1053 1167 1119 1203 Illa
1151 1168 1271 1212 enim,
1309 1166 1344 1203 id

357 1230 411 1258 est
430 1221 559 1258 Libani
583 1223 699 1271 ligna,
730 1224 1121 1273 incorruptibilitatem
1150 1225 1186 1261 in
1219 1239 1257 1261 se
1284 1226 1344 1262 ha-

359 1279 449 1316 bent
470 1295 477 1316 ε
500 1282 590 1325 ista,
618 1281 654 1317 id
671 1290 726 1317 est
744 1282 895 1330 myrrha
915 1291 950 1318 et
970 1283 1075 1327 aloe,
1105 1296 1179 1319 non
1202 1283 1344 1320 haben-

359 1338 456 1375 tibus
473 1339 637 1375 exibent.
661 1341 726 1376 Illa
743 1340 988 1389 imputribilia
1005 1349 1110 1386 sunt,
1130 1342 1198 1378 ista
1220 1342 1345 1391 impu-

358 1397 586 1434 tribilitatem
612 1399 823 1434 conserunt.
844 1402 989 1435 Bonum
1009 1412 1098 1449 ergo
1121 1400 1260 1448 lignum
1275 1428 1284 1444 ,
1307 1409 1343 1437 et

357 1468 443 1492 vere
468 1458 676 1505 plantatum
703 1458 739 1493 in
761 1457 934 1506 paradiso
955 1458 1130 1504 Domini,
1157 1459 1195 1494 in
1216 1468 1343 1495 monte

355 1515 419 1551 illo
443 1516 591 1564 egregio
607 1543 616 1560 ,
640 1516 676 1551 in
699 1524 827 1551 monte
850 1515 994 1551 Libano
1013 1531 1021 1552 z
1041 1516 1143 1565 quod
1164 1525 1201 1553 et
1219 1518 1340 1566 ipsum

355 1588 393 1611 se
417 1576 585 1611 continet
611 1588 657 1612 ne
677 1588 745 1625 per
764 1576 892 1611 illicita
920 1575 1079 1621 defluat,
1105 1585 1141 1612 et
1162 1577 1344 1613 sermonis

356 1634 411 1670 sui
440 1634 592 1682 myrrha
616 1647 637 1670 a
666 1634 727 1670 tali
758 1634 860 1670 ssuxu
881 1634 971 1670 alios
993 1634 1117 1670 reddit
1134 1635 1341 1681 immunes;

355 1692 461 1741 cnjus
490 1705 627 1741 corpus
657 1693 763 1742 quasi
795 1692 990 1730 cedrinum
1016 1701 1091 1737 est,
1129 1701 1165 1729 et
1193 1707 1213 1729 a
1238 1693 1343 1730 labiis

1413 355 1508 390 stus;
1536 346 1599 395 qui
1627 346 1720 382 vivit
1741 354 1778 382 et
1798 355 1927 395 regnat
1951 359 2018 396 per
2037 347 2163 383 onmia
2182 348 2313 384 saecula
2333 361 2402 385 sae—

1415 407 1599 441 culorum.
1619 410 1750 441 Amen.

1413 540 2403 552 ====================================================================

1603 666 1850 724 SERMO
1909 667 2209 724 XXXVII.

1471 812 1552 839 Fons
1565 807 1722 839 hortorum
1734 833 1742 847 ,
1762 816 1876 852 puteus
1894 820 2044 853 aquarum
2064 809 2231 840 virentium
2244 833 2252 845 ,
2275 815 2333 840 etc.

1705 862 1825 893 Caniic.
1842 873 1911 903 cap.
1930 873 1973 899 iv,
1993 859 2029 896 ›²-
2055 865 2105 892 15.

1801 993 1809 995 μ
1827 987 2009 1001 *000*-

1466 1109 1498 1145 1.
1531 1110 1626 1143 Fons
1655 1108 1855 1152 hortorum,
1886 1115 2019 1155 puteus
2047 1120 2227 1154 aquarum
2265 1111 2395 1144 viven-

1411 1172 1500 1202 tium
1513 1196 1524 1212 ,
1539 1180 1626 1214 quoe
1636 1167 1766 1213 fluunt
1787 1170 1924 1214 impetn
1943 1167 1989 1200 de
2009 1164 2164 1201 Libano.
2183 1169 2227 1202 In
2242 1165 2394 1215 capituli

1409 1225 1597 1276 principio
1621 1226 1724 1261 istius
1741 1224 1832 1272 sons
1854 1224 1949 1260 dicta
1973 1232 2028 1261 est
2055 1236 2192 1273 sponsa
2211 1237 2219 1259 z
2242 1232 2278 1260 et
2296 1236 2395 1260 nunc

1409 1285 1446 1321 in
1475 1285 1567 1329 line,
1601 1284 1712 1320 sontis
1740 1297 1820 1320 eam
1842 1283 2010 1332 impartit
2035 1282 2220 1319 vocabulo
2239 1281 2395 1320 dilectus

1409 1357 1510 1379 suus.
1533 1343 1590 1380 Ab
1613 1342 1783 1379 ubertate
1810 1342 1980 1386 inchoat,
2010 1349 2047 1378 et
2066 1342 2104 1377 in
2121 1350 2268 1378 senecta
2287 1340 2395 1378 uberi

1409 1402 1680 1451 multiplicatur
1706 1417 1714 1438 ε
1742 1401 1877 1450 origini
1907 1401 1990 1437 sinis
2021 1399 2235 1450 respondet.
2267 1400 2396 1437 Multae

1408 1468 1496 1496 sunt
1512 1460 1726 1497 emissiones
1742 1459 1841 1508 ejus,
1858 1458 1922 1496 sed
1940 1460 2018 1509 ipsa
2039 1457 2302 1496 emissionibus
2317 1471 2393 1495 non

1408 1519 1637 1555 exhauritur.
1660 1522 1743 1555 Non
1769 1519 1902 1555 arescit
1931 1530 2054 1562 mora,
2085 1530 2162 1553 non
2189 1517 2396 1554 exsiccatur

1409 1579 1659 1615 emanatione.
1679 1583 1721 1615 In
1739 1578 1846 1614 initio
1863 1576 1973 1626 hujus
1989 1576 2142 1626 capituli
2162 1575 2297 1613 dicitur
2306 1574 2396 1623 fons

1407 1641 1571 1685 signatas
1588 1643 1597 1657 ¹
1615 1652 1625 1681 ;
1658 1637 1719 1673 hic
1755 1637 1926 1672 innuitur
1965 1648 2042 1671 non
2079 1635 2297 1672 exsiccatus.
2338 1633 2396 1672 lbi

1408 1695 1536 1744 quales
1563 1695 1636 1731 sint
1662 1695 1877 1731 emissiones
1899 1692 1998 1742 ejus,
2019 1693 2080 1729 hic
2099 1706 2210 1742 quam
2237 1693 2311 1729 sint
2331 1693 2394 1729 in-

357 1751 507 1799 myrrha
527 1751 691 1787 distillat.
713 1753 890 1797 llffyrrlm,
913 1752 1065 1800 inquam
1079 1779 1089 1796 ‚
1109 1761 1144 1788 ec
1161 1755 1244 1787 aloe
1261 1767 1339 1788 cum
1360 1755 1387 1791 C
1406 1753 1558 1789 defessae
1587 1753 1756 1789 docetur.
1794 1753 1943 1802 Copiosi
1967 1765 2014 1788 ex
2045 1752 2118 1787 hoc
2149 1751 2250 1787 fonte
2284 1751 2394 1788 rivuli

355 1809 523 1844 munibus
534 1811 666 1857 primis
686 1814 893 1858 unguentis.
912 1813 1113 1846 Possumus
1132 1811 1285 1859 quidem
1305 1819 1341 1847 et

354 1868 432 1904 haec
462 1868 508 1903 ad
539 1877 702 1916 quatuor
729 1867 934 1904 cardinales
964 1868 1121 1904 virtutes
1150 1869 1340 1919 interpre-

354 1925 467 1961 tando
488 1925 704 1970 deflectere,
727 1926 756 1961 si
776 1926 1026 1973 intelligamus
1046 1926 1082 1961 in
1104 1927 1216 1962 cedro
1236 1927 1342 1963 forti-

354 1983 545 2029 tudinem3
576 1984 612 2019 in
640 1983 806 2030 Libano,
839 1984 968 2030 sidem,
997 1997 1081 2033 quae
1112 1985 1230 2034 ipsam
1252 1998 1343 2034 pru—

353 2042 519 2078 dentiam
543 2043 740 2086 informat3
769 2042 806 2078 in
827 2043 1001 2091 myrrha,
1029 2044 1314 2092 temperantiam
1329 2071 1339 2088 ‚

351 2101 619 2137 continentiam
650 2101 904 2150 etjustitiam;
931 2101 966 2137 in
998 2103 1099 2148 aloe,
1125 2103 1339 2151 puritatem.

352 2163 444 2196 Nam
475 2159 587 2209 hujus
609 2159 753 2196 arboris
784 2160 925 2208 gummi
952 2160 1088 2196 dicitur
1107 2162 1338 2198 stomachum

351 2232 525 2268 purgare.
546 2221 616 2255 Per
633 2219 822 2267 myrrham
837 2231 926 2266 ergo
941 2220 1126 2255 exteriora
1140 2220 1340 2256 constricta

352 2286 460 2321 sunt,
489 2290 557 2326 per
585 2278 668 2313 aloe
692 2278 870 2314 interiora
891 2278 926 2313 in
950 2278 1139 2326 hypocrisi
1158 2280 1242 2315 ficta
1263 2292 1339 2315 non

352 2344 452 2371 sunt.
477 2335 600 2372 Habes
625 2335 703 2383 jam
725 2336 761 2371 in
787 2335 844 2371 his
872 2335 949 2371 haec
970 2344 1133 2384 quatuor
1153 2349 1339 2385 expressa.

354 2395 480 2431 Primo
509 2395 777 2438 constantiam,
812 2407 856 2429 ne
883 2393 929 2429 ad
960 2402 1107 2443 tempus
1134 2394 1284 2440 eredas,
1306 2404 1343 2431 et

352 2455 391 2490 in
423 2462 592 2503 tempore
623 2453 838 2490 tentationis
872 2452 1034 2489 recedas.
1066 2453 1209 2489 Deinde
1245 2467 1338 2502 pru-

1406 1811 1606 1860 gratiarum
1626 1819 1817 1856 emanant,
1839 1819 1875 1846 et
1894 1823 2044 1858 semper
2065 1817 2187 1846 tamen
2208 1809 2292 1846 fons
2311 1822 2394 1846 ma-

1407 1877 1483 1904 net.
1504 1868 1561 1905 Ab
1576 1882 1621 1905 eo
1641 1870 1678 1905 in
1699 1881 1775 1918 quo
1797 1868 1949 1904 inchoat
1965 1880 2041 1904 non
2063 1880 2101 1904 se
2117 1866 2290 1904 cohibet:
2308 1867 2393 1904 ideo

1407 1928 1467 1964 hic
1485 1936 1520 1964 et
1540 1927 1591 1964 ibi
1615 1929 1696 1964 sons
1721 1928 1873 1964 dicitur.
1897 1927 1968 1965 Sed
1991 1935 2027 1963 et
2050 1926 2128 1975 jam
2152 1926 2237 1963 vide
2256 1940 2333 1976 quo
2356 1928 2395 1963 in

1407 1986 1490 2022 loco
1507 1986 1587 2035 ejus
1604 2000 1709 2035 aquae
1727 1986 1873 2022 fluunt:
1891 1985 1974 2032 ubi,
1993 1985 2063 2021 nisi
2079 1986 2116 2022 in
2135 1985 2279 2022 hortis?
2296 1989 2396 2024 Fons

1408 2045 1506 2081 enim
1528 2054 1583 2081 est
1610 2046 1807 2081 hortorum
1823 2074 1832 2091 ‚
1859 2053 1896 2080 et
1927 2044 2082 2081 delicate
2104 2045 2203 2091 fluit,
2232 2045 2297 2094 qui
2318 2059 2394 2082 non

1407 2101 1454 2138 ah
1485 2103 1604 2138 hortis
1633 2102 1833 2151 egreditur,
1861 2103 1923 2152 qui
1946 2115 2022 2138 non
2050 2103 2170 2149 lavat,
2190 2103 2255 2139 sed
2275 2104 2394 2152 rigat:

1406 2160 1513 2209 cujus
1543 2161 1582 2196 in
1611 2161 1682 2197 hoc
1709 2162 1831 2197 omnis
1858 2175 1946 2197 usus
1969 2170 2042 2207 est,
2072 2174 2149 2198 non
2181 2170 2223 2198 ut
2249 2163 2395 2199 auferat

1407 2219 1632 2264 foeditatem,
1660 2220 1724 2256 scd
1746 2229 1787 2256 ut
1814 2220 2080 2257 secunditatem
2102 2221 2245 2257 afferat.
2268 2224 2394 2258 Bonus

1407 2278 1557 2326 quidem
1588 2278 1700 2315 sontis
1729 2292 1816 2314 usus
1848 2278 2051 2324 mundare,
2084 2278 2148 2315 sed
2178 2279 2310 2316 melior
2340 2280 2396 2316 fe-

1409 2336 1586 2373 cundare.
1612 2337 1678 2373 Ille
1709 2336 1826 2374 abluit
1854 2337 2139 2385 inquinamenta
2165 2337 2261 2374 :iste
2288 2338 2394 2387 quasi

1407 2395 1596 2431 alluvione
1625 2394 1812 2444 quadam,
1844 2395 2046 2444 gratiarum
2082 2404 2294 2445 comportat
2327 2409 2396 2435 an-

1407 2462 1567 2502 gmenta.
1590 2455 1653 2490 Ille
1675 2455 1840 2502 germina
1860 2454 1933 2489 lota
1958 2453 2081 2490 reddit
2100 2468 2107 2490 ε
2129 2454 2189 2491 hic
2211 2455 2305 2491 laeta.
2327 2456 2395 2492 Ille

353 2513 539 2558 dentiam,
569 2522 610 2548 ut
640 2513 687 2548 sit
718 2511 938 2548 rationabile
969 2510 1192 2560 obsequium
1226 2520 1342 2548 tuum.
1363 2518 1539 2562 Dpatens
1568 2522 1621 2549 est
1653 2513 1690 2548 in
1722 2513 1952 2549 ablutionem
1988 2513 2195 2562 peccatoris
2223 2521 2261 2549 et
2285 2526 2395 2550 men-

351 2572 409 2608 Sic
435 2572 586 2620 myrrha
602 2570 870 2607 mortificandae
890 2571 1010 2606 carnis
1038 2579 1236 2619 sequetur,
1257 2584 1339 2606 cum

351 2630 527 2667 habueris
556 2631 675 2666 zelum
708 2629 914 2666 secundum
949 2629 1154 2665 scientiam.
1196 2632 1340 2676 Quarto

353 2691 435 2726 loco
453 2690 554 2734 aloe,
580 2703 664 2725 cum
687 2689 807 2738 ipsum
830 2701 895 2724 cor
914 2688 1074 2724 offertur
1090 2696 1126 2723 et
1141 2687 1312 2724 adoletur
1329 2704 1337 2725 ε

353 2758 393 2785 ut
424 2749 532 2785 simul
564 2749 610 2785 sit
636 2757 673 2784 ct
701 2749 737 2784 in
763 2747 914 2797 myrrha
938 2747 1173 2783 mortificatio
1199 2748 1339 2792 earnis,

352 2817 389 2844 et
417 2809 453 2844 in
481 2809 562 2844 aloe
585 2808 803 2844 emundatio
833 2807 1067 2843 conscientiae
1092 2806 1138 2842 ab
1160 2806 1338 2856 operibus

353 2868 530 2912 mortuis,
553 2867 598 2903 ad
620 2866 858 2902 serviendum
876 2870 954 2903 Deo
977 2866 1138 2912 viventi3
1159 2879 1205 2902 ne
1225 2866 1338 2902 simus

353 2927 556 2962 servientes
589 2926 634 2961 ad
668 2926 841 2969 oculum,
885 2939 951 2962 nec
986 2926 1090 2974 quasi
1123 2924 1338 2961 hominibus

355 2985 563 3033 placentes,
593 2983 656 3019 sed
687 2984 800 3032 magis
833 2987 924 3020 Deo.
954 2987 1088 3020 Nonne
1117 2983 1224 3020 beata
1253 2997 1338 3019 vere

353 3056 513 3092 sponsa,
532 3043 590 3078 cui
608 3050 662 3078 tot
682 3042 936 3079 blandimenta
957 3043 1157 3079 dicuntur?
1178 3043 1337 3079 Multum

354 3101 558 3137 immissum
582 3109 637 3136 est
657 3101 708 3146 ei,
730 3114 812 3149 (pue
835 3109 888 3136 tot
907 3102 1041 3137 emittit
1063 3114 1216 3138 munera
1237 3109 1339 3150 grata

404 3233 409 3246 ¹
429 3228 546 3257 Cantic.
567 3238 610 3263 iv,
635 3230 745 3257 1¹1„—
768 3233 778 3247 ²
799 3227 864 3257 lbid
896 3229 924 3256 7.

1406 2579 1555 2607 struatae
1588 2585 1595 2606 z
1626 2571 1686 2607 hic
1717 2571 1881 2619 signatus
1910 2578 1965 2606 est
1996 2570 2034 2606 in
2066 2570 2204 2607 deliciis
2231 2583 2390 2621 sponsae.

1411 2632 1498 2665 Tota
1521 2631 1676 2677 pult-lira
1693 2644 1743 2675 vs,
1757 2634 1880 2665 amica
1899 2643 2003 2674 mea,
2024 2638 2060 2665 et
2083 2632 2228 2665 macula
2247 2643 2321 2666 non
2342 2639 2398 2666 est

1407 2693 1443 2723 in
1461 2695 1526 2724 [οἳ.
1543 2689 1632 2725 Ideo
1654 2689 1802 2725 nonnisi
1822 2688 1904 2724 fons
1920 2687 2118 2724 hortorum
2139 2686 2290 2733 dicitur,
2310 2687 2394 2724 sons

1407 2747 1636 2783 deliciarum.

1459 2806 1493 2842 2.
1531 2806 1704 2854 Denique
1737 2819 1848 2854 quam
1878 2805 2005 2842 varius
2035 2813 2072 2841 et
2104 2804 2302 2854 multiplex
2336 2813 2392 2842 est

1404 2865 1608 2901 coelestium
1635 2865 1849 2901 deliciarum
1871 2865 2021 2910 modus,
2043 2872 2166 2900 tantus
2186 2863 2334 2901 videtur
2356 2872 2393 2901 et

1406 2937 1584 2959 numerus
1602 2924 1810 2959 hortorum.
1829 2927 1871 2959 In
1889 2924 1961 2959 alio
1979 2923 2115 2959 rubent
2131 2936 2243 2969 rosae,
2262 2924 2298 2960 in
2317 2924 2391 2960 alio

1404 2982 1564 3019 candent
1586 2983 1659 3018 lilia
1674 3010 1683 3027 ‚
1713 2983 1953 3031 coloremque
1983 2983 2093 3019 ssores
2117 2982 2226 3018 violae
2245 2995 2394 3032 purpu-

1405 3054 1508 3077 reum
1538 3041 1713 3077 reddunt.
1744 3044 1814 3077 Tot
1836 3040 1934 3076 horti
1960 3049 2065 3086 sunt,
2087 3049 2180 3089 quot
2210 3041 2390 3076 virtutum

1405 3101 1653 3149 plantationes
1679 3100 1786 3136 simul
1822 3100 1985 3136 collectae
2013 3114 2019 3135 :
2049 3099 2111 3135 ubi
2146 3108 2288 3135 tantum
2324 3099 2391 3135 flos
