2504 3928
319 171 379 202 1(ὶό

961 166 1243 202 'rttACTATUs
1274 167 1334 199 DE
1362 164 1546 199 ORDINE
1576 165 1710 198 vt't‘AE.

2282 163 2355 199 768

311 243 522 278 lest-entiam
543 254 645 277 suam
666 241 767 276 nulla
789 239 951 276 libidinis
968 241 1078 278 sorde
1098 240 1425 278 eonumi‹·u-³⁷⁰ne
1453 240 1526 275 baee
1552 238 1717 288 pra-tulit
1740 238 1984 274 Publicanum
2010 246 2047 274 et
2080 239 2357 275 commendavit

311 302 387 336 lent
400 331 408 344 ‚
431 310 468 336 ut
490 302 534 336 ad
552 302 666 336 altare
685 300 817 336 Christi
838 301 942 348 quasi
964 300 1009 336 de
1025 301 1187 336 thalamo
1201 301 1306 350 virgo
1323 304 1350 335 Α
1370 313 1470 343 eum,
1490 299 1554 347 qui
1578 311 1644 334 nec
1663 298 1791 333 oculos
1809 310 1897 333 suos
1908 297 2069 333 audebat
2086 298 2132 334 ad
2149 298 2283 334 coelum
2299 299 2350 334 le-

309 361 523 408 proredant.
542 365 708 406 Quorum
726 367 826 394 tanta
841 359 956 395 animi
975 359 1084 395 debet
1098 372 1177 395 esse
1195 372 1299 395 mun-

309 420 417 462 ditia,
446 427 485 454 ut
515 432 590 467 pra}
623 418 735 453 nimia
764 417 988 453 verecundia
1018 431 1063 454 ne
1089 431 1300 454 sermonem

308 477 458 525 quidem
473 476 602 512 audire
621 477 756 519 velint,
777 476 835 512 vel
856 476 976 512 locum
996 476 1238 525 impudicum.
1259 479 1303 512 let

310 549 355 570 ne
386 535 583 570 incentivis
612 534 844 570 naturalibus
873 545 1125 583 superentur,
1156 548 1302 571 necesse

308 601 362 628 est
379 601 419 628 ut
439 593 632 628 lasciviens
644 606 730 628 caro
747 605 878 629 eorum
893 592 1033 629 crebris
1047 594 1238 641 frangatur
1250 593 1304 641 je-

304 650 431 699 juniis.
454 653 584 688 Melius
604 660 659 687 est
680 665 744 688 eos
766 652 998 689 stomacbum
1021 652 1169 695 dolere,
1191 666 1302 700 quam

310 718 488 747 mentem.
524 714 656 746 Beatus
692 710 803 758 plane
839 710 1055 746 adolescens
1085 711 1148 759 qui
1182 719 1303 746 castus

309 776 547 817 perseverat,
570 777 606 804 et
629 781 812 817 corpore,
834 777 872 804 et
896 777 1032 805 mente.
1055 770 1150 805 lluic
1172 770 1301 818 procul

309 827 424 864 dubio
456 841 543 864 earo
571 836 608 863 et
637 827 788 875 sanguis
812 827 1076 877 Redemptor-is
1101 828 1218 864 nostri
1247 828 1302 863 ef-

310 887 430 923 licitur
451 888 550 923 salus
570 895 606 922 et
627 886 714 922 vita.
738 889 832 922 Sunt
851 894 887 921 ct
908 887 971 934 qui
995 895 1152 935 propter
1174 886 1304 922 buma-

309 960 394 982 nam
411 947 690 991 confusionem,
712 945 791 981 sine
806 953 976 994 respectu
999 945 1118 981 divini
1140 946 1304 991 timoris,

309 1008 410 1055 pleni
428 1006 602 1043 sordibus
621 1005 797 1042 audacter
823 1018 861 1042 se
885 1006 1061 1055 ingerunt
1082 1006 1193 1041 tantis
1221 1018 1304 1053 my-
1327 1011 1353 1045 Β

309 1067 441 1103 steriis.
460 1066 624 1103 Audiant
638 1074 761 1101 autem
776 1064 877 1113 quod
893 1065 1075 1114 scriptum
1090 1073 1145 1101 est
1163 1079 1170 1100 :
1191 1067 1305 1100 Homo

309 1127 408 1160 vide-t
429 1125 604 1173 injurie,
635 1127 733 1159 Deus
765 1133 887 1159 autem
920 1128 958 1158 in
988 1126 1096 1159 corde
1112 1129 1136 1159 ¹.
1155 1123 1226 1160 Sed
1252 1124 1304 1160 illi

309 1185 394 1233 plus
414 1194 585 1221 metuunt
601 1184 771 1220 homines
784 1211 792 1227 ‚
813 1196 925 1231 quam
943 1187 1075 1219 Deum.
1094 1186 1125 1219 Ο
1140 1195 1234 1218 caeca
1250 1191 1304 1218 te-

310 1244 482 1280 meritas!
504 1259 526 1279 o
549 1244 613 1280 Dei
640 1244 731 1279 mira
758 1242 954 1291 patientia!
987 1241 1176 1289 Numquid
1203 1241 1302 1276 enim

311 1311 453 1339 tantum
477 1310 728 1352 peecaverunt
744 1301 801 1336 vel
819 1313 914 1348 quos
938 1301 1031 1348 ignis
1045 1300 1279 1348 consumpsit
1294 1328 1303 1345 ,

311 1363 367 1398 vel
384 1375 479 1410 quos
501 1371 597 1397 terra
615 1359 810 1396 absorbuit
826 1362 864 1395 ²?
885 1358 1074 1406 Numquid
1093 1359 1164 1394 tale
1186 1358 1306 1394 scelus

311 1421 473 1456 filiorum
500 1426 646 1463 Aaron,
671 1419 834 1455 alienum
862 1418 987 1467 ignem
1018 1417 1306 1462 offerentium3,

311 1480 422 1528 quale
436 1488 491 1515 est
511 1480 667 1514 istorum
692 1478 756 1526 qui
778 1485 850 1512 tam
873 1475 1053 1512 terribilia
1078 1485 1308 1513 sacramenta

310 1546 466 1574 sumunt
486 1537 555 1574 sibi
581 1537 626 1573 ad
650 1538 834 1572 mortem?
856 1536 1005 1572 Etenim
1029 1537 1079 1572 sic
1102 1536 1307 1572 vivendum

310 1607 383 1644 est,
406 1601 596 1634 utPanem
620 1597 723 1632 illum
745 1594 1143 1645 supersubstantialem
1160 1607 1308 1644 semper

313 1657 485 1706 accipere
508 1657 721 1701 valeamus;
744 1655 832 1704 quia
857 1667 913 1690 vae
938 1654 971 1690 ei
998 1653 1063 1702 qui
1084 1666 1122 1689 se
1144 1654 1306 1690 alienum

311 1716 439 1752 fecerit
455 1715 502 1751 ab
523 1718 589 1751 eo!
613 1723 649 1751 et
667 1714 825 1750 multum
844 1726 900 1749 vae
920 1712 973 1748 illi
1000 1712 1065 1761 qui
1087 1725 1247 1761 spurcus
1269 1721 1305 1748 et

310 1776 530 1811 immundus
552 1774 763 1811 accesserit!
794 1772 1004 1821 Utrobique
1036 1772 1177 1821 grande
1206 1772 1306 1821 peri-

310 1835 448 1870 cnlum.
468 1834 557 1870 Ideo
585 1846 717 1882 magna
736 1831 936 1868 necessitas
959 1831 1071 1867 instat
1091 1844 1137 1867 ne
1159 1831 1305 1879 indigni

307 1894 556 1929 inveniamur.
582 1896 825 1941 Quapropter
847 1889 1009 1926 tenenda
1029 1899 1084 1926 est
1113 1891 1150 1926 in
1178 1891 1304 1926 omni-

308 1952 379 1988 bus
394 1952 623 1988 verecundia
642 1951 828 2001 pudicitiae
843 1963 968 1986 comes
980 1979 989 1995 ‚
1007 1949 1113 1997 cujus
1129 1950 1305 1986 societate

308 2013 456 2048 castitas
489 2012 567 2061 ipsa
595 2011 709 2047 tutior
737 2010 821 2046 erit.
852 2013 977 2046 Bonus
1004 2009 1106 2045 enim
1134 2008 1305 2057 regenda:

310 2071 487 2108 castitatis
506 2071 630 2120 pudor
646 2078 702 2105 est
719 2059 844 2105 comes
856 2097 866 2114 ,
887 2068 952 2117 qni
967 2068 997 2104 si
1012 2068 1169 2118 repellat
1185 2068 1305 2117 prima

310 2130 497 2179 pericula,
526 2128 744 2178 pudicitiam
775 2127 966 2163 vulnerari
998 2139 1074 2163 non
1105 2126 1204 2162 sinit.
1241 2130 1307 2162 Et—

310 2189 411 2224 enim
427 2187 694 2224 inverecundis
706 2186 836 2229 0eulis‚
852 2194 889 2221 et
906 2185 1053 2222 lascivis
1066 2184 1306 2221 sermonibus

310 2247 534 2283 libidinosus
561 2246 708 2281 animus
739 2244 1056 2293 deprehenditur;
1086 2252 1123 2280 et
1147 2257 1214 2292 per
1239 2256 1306 2279 ex-

312 2307 487 2342 teriorem
509 2305 700 2340 bominem
718 2303 908 2339 interioris
925 2303 1088 2339 hominis
1103 2303 1180 2338 vita
1200 2315 1307 2338 mon-

312 2373 465 2401 stratur.
497 2363 614 2399 Multa
643 2370 679 2398 et
706 2362 799 2398 dura
822 2362 992 2411 corporis
1021 2361 1120 2397 bella
1148 2362 1306 2397 sustinet

313 2423 562 2459 adolescentia
587 2437 595 2458 ε
622 2429 659 2456 ct
682 2422 806 2457 calore
829 2421 1019 2469 sanguinis
1051 2420 1303 2464 inflammata,

312 2491 354 2518 ut
369 2482 529 2519 evadere
546 2481 687 2532 possit,
703 2479 806 2515 omni
821 2479 964 2529 indiget
980 2478 1162 2516 custodia.
1181 2482 1307 2526 Quan-

1364 360 1475 395 vare?
1488 358 1575 394 ldeo
1587 356 1812 404 justificatur
1824 355 1975 392 Domini
1985 354 2129 403 judicio
2144 356 2227 405 plus
2240 369 2351 405 quam

1367 419 1428 453 ille
1445 418 1666 460 l‘barisaens,
1687 428 1800 464 quem
1822 415 2048 451 deformavit
2069 415 2315 464 przesumptio
2329 413 2355 450 ⁵.

1367 482 1526 512 Ore-nius
1551 484 1587 511 et
1619 488 1703 519 nos,
1733 475 1768 510 in
1792 482 1973 522 quantum
1995 486 2217 523 possumus,
2238 474 2275 509 in
2299 473 2357 509 in-

1368 535 1612 584 corruptione
1640 533 1756 582 quieti
1776 541 1812 569 et
1833 532 1990 568 modesti
2011 532 2186 581 spiritus,
2209 532 2272 580 qui
2303 539 2358 567 est

1370 604 1456 631 ante
1482 598 1600 630 Deum
1623 592 1803 641 locuples.
1827 592 1962 628 Paulus
1981 603 2133 639 quoque
2153 603 2237 626 cum
2269 603 2357 625 ora-

1371 655 1507 689 tionem
1538 652 1672 688 deferri
1695 651 1863 700 praecipit
1883 663 1968 686 eum
1990 649 2216 686 verecundia
2235 656 2272 684 et
2294 661 2358 684 so-

1370 712 1525 748 brietate
1547 712 1581 756 ⁶,
1607 711 1764 760 primam
1786 710 1881 745 banc
1900 717 1937 745 et
1955 709 2060 758 quasi
2081 708 2257 757 praeviam
2278 708 2360 743 vult

1367 785 1447 807 esse
1474 770 1656 807 orationis
1677 771 1832 814 futurae,
1854 777 1894 805 ut
1915 781 1990 804 non
2013 768 2196 817 glorietur
2224 779 2359 816 pecca-

1369 831 1461 866 toris
1481 830 1603 866 ‹n‘atio
1617 857 1626 873 ,
1649 828 1714 865 scd
1735 828 1839 877 quasi
1860 828 1987 863 colore
2007 826 2162 876 pudoris
2182 824 2359 871 obducta,

1369 904 1444 939 qno
1466 890 1549 939 plus
1569 889 1689 925 defert
1705 887 1930 924 verecundia
1949 886 1995 922 de
2016 885 2276 922 recordatione
2297 884 2359 920 de-

1371 949 1466 994 licti,
1488 963 1532 985 eo
1551 948 1760 985 uberiorem
1784 955 1971 983 mereatur
1987 946 2154 994 gratiam.

1423 1009 1460 1043 6.
1492 1011 1555 1044 list
1580 1008 1689 1043 etiam
1715 1007 1750 1042 in
1779 1007 1861 1055 ipso
1890 1013 2018 1048 motu,
2055 1012 2181 1052 gestu,
2212 1003 2358 1038 incessu

1372 1068 1531 1104 tenenda
1562 1066 1802 1103 verecundia.
1832 1065 1990 1101 Habitus
2022 1064 2121 1099 enim
2156 1062 2290 1099 mentis
2320 1062 2358 1097 in

1370 1127 1538 1175 corporis
1559 1135 1656 1162 statu
1677 1126 1856 1162 cernitur.
1881 1124 1977 1160 Hinc
2000 1123 2115 1158 homo
2135 1122 2260 1158 cordis
2286 1134 2358 1157 no-

1368 1186 1435 1221 stri
1455 1185 1716 1228 absconditus,
1738 1192 1802 1220 aut
1820 1183 1957 1226 levior,
1980 1190 2042 1217 aut
2055 1180 2279 1229 jactantior,
2297 1188 2361 1216 aut

1369 1244 1574 1290 turbidior,
1601 1253 1665 1280 aut
1688 1256 1709 1280 e
1738 1251 1872 1279 contra
1906 1241 2078 1289 gravior,
2112 1248 2149 1276 et
2181 1247 2360 1275 constan-

1371 1303 1466 1347 tior,
1491 1312 1527 1339 ct
1549 1304 1703 1352 purior,
1728 1311 1764 1338 et
1785 1301 1967 1338 maturior
1987 1300 2201 1336 aestimatur.
2231 1302 2360 1347 ltaque

1371 1373 1445 1396 vox
1469 1362 1640 1409 quaedam
1667 1359 1781 1396 animi
1810 1368 1866 1395 est
1892 1359 2065 1408 corporis
2087 1365 2223 1393 motus.
2255 1361 2360 1406 Saepe

1371 1420 1470 1455 enim
1493 1433 1561 1469 per
1580 1421 1765 1456 incessum
1792 1418 1967 1467 proditur
1987 1417 2106 1466 qualis
2128 1417 2174 1453 sit
2199 1416 2359 1453 animus.

1372 1482 1489 1515 Lucet
1510 1479 1651 1528 qnippe
1673 1479 1708 1514 in
1731 1477 1982 1527 quorumdam
1999 1477 2144 1512 incessu
2162 1476 2284 1524 imago
2304 1476 2359 1511 le-

1372 1538 1518 1583 vitatis,
1545 1538 1688 1587 species
1707 1537 1878 1586 quaedam
1900 1548 2112 1572 scurrarum
2134 1547 2360 1584 percursan-

1376 1597 1479 1633 tium.
1502 1601 1596 1635 Sunt
1613 1597 1711 1633 enim
1731 1597 1795 1645 qui
1820 1595 1955 1632 sensim
1973 1593 2200 1631 ambulando
2216 1594 2363 1630 imitan-

1375 1663 1435 1692 tur
1454 1656 1691 1692 bistrionicos
1710 1663 1851 1704 gestus,
1868 1662 1905 1690 et
1917 1653 2023 1702 quasi
2038 1653 2208 1702 quaedam
2226 1653 2363 1689 fercula

1371 1726 1623 1763 pomparum,
1656 1723 1693 1750 et
1725 1721 1930 1749 statuarum
1968 1720 2091 1748 motus
2125 1711 2360 1755 nutantium3

1323 1775 1350 1810 C
1373 1779 1413 1807 ut
1434 1773 1745 1820 quotiescumque
1771 1770 1925 1820 gradum
1950 1770 2199 1815 transferunt,
2227 1769 2362 1805 modu-

1371 1830 1425 1866 los
1459 1831 1641 1879 quosdam
1673 1843 1822 1867 servare
1857 1829 2070 1865 videantur.
2108 1832 2183 1866 Nec
2222 1829 2361 1865 cursim

1370 1889 1563 1926 ambulare
1591 1890 1790 1926 honestum
1821 1887 2006 1931 arbitror,
2039 1888 2108 1923 nisi
2140 1900 2224 1923 cum
2253 1901 2362 1923 causa

1370 1949 1485 1998 exigit
1509 1948 1665 1998 alicujus
1691 1948 1866 1997 periculi,
1896 1947 1955 1982 vel
1980 1945 2092 1994 justae
2123 1947 2360 1983 necessitatis.

1369 2013 1462 2046 Nam
1496 2010 1719 2058 plerumque
1755 2008 1973 2044 festinantes
2005 2005 2158 2042 anhelos
2194 2006 2363 2042 videmus

1371 2077 1548 2118 torquere
1579 2082 1646 2104 ora
1667 2083 1674 2103 :
1697 2066 1834 2116 quibus
1856 2066 1886 2102 si
1914 2065 2009 2102 desit
2027 2078 2137 2101 causa
2154 2065 2363 2101 festinatio-

1371 2128 1429 2163 nis
1449 2127 1665 2164 necessariae
1678 2156 1687 2172 ‚
1706 2127 1747 2162 fit
1764 2138 1892 2162 naevns
1908 2124 2018 2174 justae
2033 2124 2264 2160 offensionis.
2291 2124 2363 2161 Sed

1372 2199 1449 2223 non
1488 2187 1534 2222 dc
1561 2187 1618 2223 his
1648 2186 1749 2231 dico,
1785 2184 1923 2234 quibus
1959 2197 2040 2220 rara
2070 2184 2287 2233 properatio
2318 2197 2362 2220 ex

1372 2259 1479 2282 eausa
1514 2246 1701 2289 nascitur3
1731 2244 1795 2280 sed
1823 2243 1960 2292 quibus
1986 2243 2086 2291 jugis
2119 2251 2155 2278 et
2184 2242 2364 2278 continua

1372 2305 1409 2340 in
1431 2313 1600 2340 naturam
1619 2304 1789 2339 vertitur.
1817 2306 1892 2339 Nec
1917 2303 1955 2338 in
1980 2302 2052 2337 illis
2073 2314 2163 2349 ergo
2186 2309 2364 2350 tanquam

1371 2364 1658 2400 simulacrorum
1689 2362 1830 2411 efligies
1849 2360 1993 2410 probo,
2016 2374 2084 2396 nec
2106 2360 2143 2396 in
2165 2360 2243 2396 istis
2278 2369 2363 2396 tan-

1371 2435 1484 2470 quam
1512 2434 1757 2458 excursorum
1775 2427 1788 2442 ³
1812 2420 1951 2456 ruinas.
1986 2423 2049 2456 Est
2079 2419 2178 2455 enim
2216 2432 2365 2468 gressus

1372 2480 1595 2529 probabilis,
1617 2481 1655 2516 in
1673 2493 1749 2528 quo
1766 2487 1822 2515 est
1841 2478 1982 2527 specics
1999 2478 2231 2514 auctoritatis
2244 2505 2254 2521 ‚
2277 2491 2365 2527 gra-

313 2550 352 2577 to
374 2542 480 2590 plura
510 2550 596 2578 sunt
612 2554 695 2589 quae
709 2540 932 2588 impugnant
948 2538 1184 2589 pudicitiam,
1201 2546 1304 2573 tanto
1325 2542 1357 2575 D
1373 2541 1496 2576 vitatis
1528 2539 1700 2589 pondus,
1735 2538 2090 2587 tranquillitatisque
2121 2537 2320 2586 vestigium
2355 2552 2363 2573 :

316 2601 460 2649 majora
482 2610 568 2637 sunt
587 2600 764 2650 praemia3
788 2599 875 2647 quia
892 2598 957 2634 ubi
975 2598 1098 2646 major
1114 2596 1242 2643 labor,
1257 2596 1308 2633 ibi

317 2673 459 2696 merces
476 2661 546 2696 erit
561 2660 733 2709 amplior.

368 2722 403 2755 5.
418 2725 614 2756 Amatores
630 2727 754 2755 autem
771 2717 1007 2754 verecundiae
1023 2724 1172 2753 sumant
1188 2729 1310 2752 exem-

316 2779 420 2827 plum
441 2779 486 2815 de
507 2783 624 2815 Matre
648 2778 820 2823 Domini,
837 2791 921 2826 quae
937 2777 1108 2826 quamvis
1123 2784 1220 2811 esset
1238 2776 1308 2811 mi-

317 2838 479 2882 tissima,
510 2846 632 2873 tamen
662 2850 738 2886 prae
764 2836 993 2873 verecundia
1019 2836 1239 2872 salutantem
1271 2847 1308 2870 sc

317 2896 489 2943 angelum
508 2909 584 2931 non
600 2896 815 2931 resalutavit
829 2895 855 2930 4.
872 2899 916 2931 In
932 2895 1012 2944 ipsa
1027 2907 1119 2930 vero
1138 2894 1310 2930 oratione

319 2963 446 2989 nostra
473 2955 630 2990 multum
654 2954 882 2989 verecundia
913 2955 1053 3003 placet,
1075 2953 1310 3001 multumque

318 3013 493 3048 conciliat
515 3013 640 3059 gratiae
663 3012 762 3061 apud
782 3013 984 3049 Dominum
1008 3021 1192 3048 nostrum.
1211 3015 1311 3048 Non-

1373 2601 1424 2636 ita
1442 2608 1565 2635 tamen
1586 2599 1616 2635 si
1635 2597 1802 2635 studium
1823 2597 1919 2633 desit
1938 2604 2048 2645 atquc
2068 2596 2275 2641 affectatio,
2301 2596 2366 2632 sed

1373 2667 1498 2695 motus
1517 2658 1562 2693 sit
1582 2670 1699 2706 purus
1722 2665 1759 2692 et
1775 2656 1946 2705 simplex.
1965 2655 2064 2692 Nihil
2082 2655 2181 2691 enim
2201 2654 2364 2691 fucatum

1374 2718 1504 2766 placet.
1528 2721 1671 2753 Motum
1690 2725 1814 2752 antem
1837 2724 1967 2751 natura
1988 2715 2177 2750 informet.
2209 2713 2244 2750 Si
2275 2714 2366 2762 quid

1373 2789 1460 2811 sane
1483 2775 1521 2810 in
1549 2784 1680 2811 natura
1704 2775 1782 2810 vitii
1800 2783 1874 2820 est,
1895 2774 2080 2810 industria
2107 2772 2306 2809 emendet:
2327 2781 2367 2808 ut

1374 2834 1438 2871 ubi
1455 2848 1514 2871 ars
1532 2834 1652 2879 deest,
1671 2847 1747 2869 non
1766 2833 2069 2870 desitcorrectio.
2083 2832 2192 2880 Quod
2209 2832 2238 2868 si
2255 2832 2366 2868 etiam

1375 2894 1443 2930 ista
1462 2901 1630 2942 spectent
1650 2893 1772 2928 itineri
1791 2891 1829 2937 ¹³,
1850 2901 1992 2941 quanto
2023 2892 2138 2939 magis
2158 2890 2366 2927 cavendum

1375 2961 1447 2998 est,
1473 2966 1518 2988 ne
1538 2952 1628 3001 quid
1648 2961 1756 3001 turpe
1777 2961 1884 2988 exeat
1901 2952 1946 2987 de
1964 2953 2052 2987 ore?
2078 2951 2148 2986 boc
2164 2950 2263 2986 enim
2279 2963 2367 2997 gra-

1376 3013 1472 3048 viter
1495 3012 1715 3060 coinquinat
1739 3011 1941 3047 bominem.
1963 3014 2043 3047 Non
2065 3010 2163 3045 enim
2186 3009 2290 3045 cibus
2307 3022 2369 3044 co-

368 3150 375 3162 '
402 3146 505 3183 lsseg.
524 3155 598 3176 xvi.
620 3146 650 3174 7.
668 3162 710 3165 ——
736 3150 746 3164 ²
768 3146 860 3173 N'nm.
881 3156 956 3181 xm,
974 3147 1086 3174 :tt-35).
1111 3160 1153 3166 —a
1172 3142 1186 3165 3
1203 3142 1300 3174 Levit.
1320 3154 1359 3178 x,
1380 3147 1407 3178 1,
1429 3146 1458 3172 2.
1487 3161 1527 3164 »—
1552 3144 1565 3168 ⁴⁸
1591 3145 1662 3173 Luc.
1685 3153 1712 3178 1,
1738 3144 1800 3178 28,
1819 3145 1871 3171 29.
1891 3159 1932 3163 -—
1961 3140 1972 3162 ⁵
1997 3141 2042 3171 ld.
2069 3152 2174 3177 xviii,
2202 3143 2308 3170 {0-1'·.
2327 3157 2369 3162 —-

320 3196 460 3227 ‘'l'lim.
482 3208 528 3233 ιι,
550 3200 586 3231 8,
607 3200 636 3227 Ε).

367 3259 377 3270 ·’
395 3255 484 3296 Apud
507 3255 703 3286 Ambrosium
721 3255 830 3294 legitur
847 3266 1056 3285 ercammarum.
1073 3274 1104 3277 -Ϋ
1130 3249 1144 3270 ¹⁵
1162 3254 1254 3295 Apud
1272 3255 1470 3284 Ambiosimn
1495 3254 1603 3295 legitur
1622 3259 1802 3297 spectantur
1818 3251 1923 3282 altini.
