2504 3928
381 213 473 247 1205»

999 219 1159 253 SERMO
1189 220 1233 253 ΙΝ
1264 220 1406 254 FEMA
1439 221 1470 254 11
1503 219 1782 261 PASCHA'HS,

2311 218 2407 254 1290

797 503 1038 570 FERIA
1097 504 1467 574 SECUNDA
1522 506 1993 576 PASCHATIS.

1062 699 1112 704 ν»
1135 702 1159 703 Π
1186 691 1583 713 ------οο<>νι>ειι-----μ
1606 701 1657 704 —⁷--
1706 701 1716 703 ⁴

920 813 979 852 De
1004 814 1160 854 duobus
1186 816 1384 870 discipulis
1408 818 1592 858 euntibus
1617 820 1656 857 iu
1683 819 1886 857 Emmaus.

771 1122 966 1161 SERMO.

377 1246 449 1274 Duo
470 1256 508 1274 cnr
531 1245 693 1289 ‹list-ipulis
717 1250 788 1278 Jrset
811 1248 900 1279 ibant
923 1251 954 1279 iu
981 1250 1142 1282 castellum
1156 1276 1163 1288 ,
1189 1252 1275 1297 quod
1298 1261 1364 1284 erat

424 1298 455 1327 in
476 1300 576 1342 spatio
593 1298 763 1330 muliorum
787 1304 953 1344 masagium
972 1303 1012 1333 ab
1027 1304 1215 1341 Jerusalem,
1241 1307 1364 1337 nomine

424 1354 584 1382 lz'mmnus.
605 1355 647 1382 L'!
665 1353 726 1396 ipsi
748 1353 952 1397 loquebamur
974 1355 1020 1386 ad
1038 1357 1161 1387 invicem
1180 1357 1219 1388 (le
1238 1358 1283 1388 leis
1299 1372 1363 1390 0111-

426 1402 515 1433 m‘lms
538 1416 607 1447 qtae
636 1404 829 1438 ascida-aut.
853 1410 890 1438 Et
918 1409 1046 1450 reliqua.
1071 1413 1146 1440 Luc.
1174 1421 1242 1452 cap.
1264 1423 1362 1451 xxiv,

422 1468 438 1491 Α
453 1481 460 1487 .
485 1460 596 1488 13-35.

430 1584 460 1616 l.
477 1584 725 1629 Convertere,
741 1584 864 1621 anima
881 1599 980 1632 mea,
996 1587 1033 1622 in
1055 1588 1222 1636 requiem
1242 1597 1358 1637 tuam,

374 1640 462 1688 quia
494 1641 661 1678 Christus
691 1645 896 1681 resurrexit
923 1659 944 1682 a
976 1648 1154 1693 mortuis,
1187 1649 1361 1698 primitiae

374 1699 655 1737 dormientium.
682 1704 956 1741 Recordatione
989 1715 1100 1743 tantae
1127 1707 1360 1756 dulcedinis,

375 1766 524 1795 tuorum
549 1761 675 1810 mitiga
700 1762 849 1800 dolores
872 1765 1051 1812 fletuum3
1075 1775 1115 1802 ut
1137 1768 1272 1805 offeras
1301 1783 1361 1806 re-

373 1820 538 1867 surgenti
560 1834 643 1856 cum
667 1831 788 1858 assato
815 1824 916 1872 pisce
934 1825 1052 1862 mellis
1071 1826 1217 1873 savum,
1238 1836 1274 1863 et
1294 1841 1360 1877 pa·-

1408 1122 1644 1158 ⁷dulcissima
1673 1122 1826 1159 visione.
1859 1124 1903 1157 lit
1932 1122 2027 1157 sorte
2056 1129 2212 1171 propter
2237 1120 2309 1157 hoc
2337 1121 2414 1158 duo

1383 1184 1412 1215 A
1432 1182 1569 1231 pariter
1587 1180 1849 1226 ambulabant,
1867 1189 1907 1217 ut
1927 1180 2077 1216 dolores
2093 1193 2181 1216 suos
2195 1179 2414 1216 confabula-

1430 1241 1528 1277 tione
1544 1249 1672 1277 mutua
1689 1241 1921 1289 mitigarent,
1938 1248 1973 1276 et
1989 1240 2102 1276 corda
2116 1240 2351 1289 desperantia
2367 1239 2413 1276 ad

1429 1301 1506 1348 spei
1534 1300 1766 1348 refrigerium
1792 1307 2022 1335 revocarent.
2046 1298 2155 1335 Unde
2175 1299 2352 1335 dicuntur
2372 1304 2410 1334 in

1429 1361 1610 1394 Emmaus
1627 1358 1810 1407 proficisci
1824 1385 1833 1402 ,
1855 1357 1958 1406 quod
1976 1357 2244 1406 interpretatur
2259 1357 2414 1394 Deside-

1429 1416 1525 1452 riuni
1543 1416 1699 1452 consilii.
1717 1414 1991 1452 Desiderabant
2006 1415 2104 1450 enim
2125 1414 2412 1451 amaritudinem

1430 1473 1665 1510 titubationis
1685 1487 1761 1510 suae
1781 1473 1931 1510 salutari
1950 1472 2107 1509 consilio
2129 1472 2306 1508 relevare.

1481 1534 1512 1570 2.
1530 1533 1603 1570 Sed
1618 1541 1659 1569 ut
1676 1533 1720 1569 de
1737 1533 1820 1569 favo
1837 1532 1907 1568 mel
1925 1532 2196 1581 exprimamus,
2215 1531 2304 1568 etin
2321 1544 2412 1568 auro

1428 1593 1604 1629 rutilante
1635 1592 1904 1629 flammivomas
1932 1604 2096 1640 gemmas
2124 1591 2348 1636 inseramus,
2381 1591 2410 1627 si

1427 1652 1517 1701 quid
1536 1652 1573 1688 in
1595 1660 1667 1688 tam
1685 1652 1783 1688 dulci
1802 1651 1956 1687 historia
1977 1650 2120 1687 dulcius
2140 1651 2270 1694 lateat,
2291 1650 2412 1698 inqui-

1427 1724 1509 1747 rere
1527 1711 1752 1747 studeamus.
1772 1713 1822 1747 Ut
1839 1708 2022 1755 arbitror,
2042 1709 2102 1744 isti
2125 1708 2199 1745 duo
2220 1708 2293 1744 diei
2321 1721 2411 1758 pos—-

1427 1778 1513 1806 sunt
1545 1770 1675 1807 Oratio
1705 1778 1742 1805 et
1771 1769 1986 1814 Meditatio,
2022 1782 2106 1817 quae
2139 1767 2410 1816 conjunctione.

1427 1829 1634 1865 necessaria
1662 1827 1731 1864 sibi
1763 1827 1808 1864 ad
1830 1827 1989 1863 invicem
2020 1827 2258 1876 copulantur.
2279 1829 2324 1862 Et
2343 1840 2412 1876 per

375 1878 508 1915 selialis
536 1880 632 1928 Agni
664 1883 824 1919 suavitas
859 1892 1040 1934 temperet
1071 1887 1359 1924 amaritudinem
1377 1893 1404 1926 B
1424 1888 1632 1923 orationem
1656 1887 1890 1923 illuminatur
1909 1885 2120 1930 meditatio,
2141 1894 2177 1921 et
2194 1886 2231 1921 in
2251 1885 2409 1922 medita-

372 1939 572 1986 agrestium
600 1940 844 1978 lactucarum.
878 1944 982 1992 Elige
1005 1958 1052 1981 an
1080 1946 1208 1982 videre
1230 1951 1357 1984 Jesum

373 1996 561 2033 desideres
575 2012 659 2034 eum
681 2001 794 2036 Maria
812 2002 1029 2050 Magdalena
1049 2004 1118 2040 sub
1135 2006 1259 2054 specie
1276 2007 1359 2043 lior-

372 2056 487 2092 tulani
505 2071 514 2101 ;
536 2070 582 2093 an
601 2072 683 2094 cuin
704 2059 852 2097 (luobus
870 2061 1061 2112 discipulis
1081 2064 1118 2100 in
1140 2064 1268 2102 habitu
1288 2079 1357 2115 pe-

372 2115 523 2162 regrini.
549 2119 640 2152 ‘Nam
659 2126 817 2167 utraque
834 2121 926 2156 visio
945 2130 981 2157 et
999 2123 1220 2169 collocutio,
1241 2125 1358 2161 lidelis

371 2175 610 2211 conscientia·
627 2186 713 2213 sunt
729 2178 872 2226 jubilus
888 2189 924 2216 et
945 2180 1117 2219 dulcedo,
1139 2187 1192 2221 De
1210 2184 1359 2221 duobus

373 2232 638 2282 condiscipulis
660 2236 810 2273 videtur
826 2238 971 2276 dulcius
988 2253 1127 2290 sapere.
1150 2245 1238 2278 Haec
1258 2243 1357 2279 enim

371 2291 482 2327 lectio
501 2295 571 2329 mel
594 2295 629 2330 in
648 2310 732 2340 ore,
750 2306 784 2332 et
801 2297 944 2346 jubilus
962 2309 1016 2336 est
1034 2302 1070 2336 in
1088 2302 1220 2348 corde,
1244 2312 1358 2339 ecsta-

372 2351 420 2386 sis
438 2354 570 2389 mentis
591 2354 749 2391 (lemme,
779 2358 918 2394 Dulcor
935 2358 1015 2407 ejus
1035 2374 1184 2397 omnem
1209 2362 1358 2398 excedit

372 2411 646 2458 eloquentiam,
669 2423 703 2450 et
728 2424 840 2452 totam
866 2417 1043 2455 absorbet
1064 2421 1354 2466 conscientiam,

372 2475 408 2502 et
441 2472 676 2508 transformat
702 2475 736 2509 iu
766 2488 939 2524 supernae
963 2477 1198 2525 jubilationis
1224 2480 1358 2529 imagi—

373 2540 478 2572 nem,
502 2538 535 2565 et
557 2531 773 2568 deliciarum
793 2536 999 2572 coelestium
1022 2538 1239 2574 novitatem.
1262 2544 1360 2577 Con-

376 2587 533 2624 siderata
574 2590 684 2638 liujus
722 2593 892 2630 lectionis
932 2596 1024 2631 mira
1065 2597 1228 2634 suavitas
1266 2607 1360 2634 totas

1425 1947 1524 1983 tione
1548 1946 1755 1983 exardescit
1781 1946 1915 1982 oratio.
1941 1945 2096 1992 Quoties
2120 1944 2233 1993 igitur
2255 1944 2292 1980 in
2315 1958 2410 1981 con-

1425 2007 1667 2057 templatione
1691 2006 1900 2043 Dominicae
1920 2004 2102 2054 passionis
2120 2003 2408 2053 suspendimur,

1424 2080 1468 2102 ex
1491 2065 1750 2102 recordatione
1773 2073 1884 2101 tantae
1910 2063 2167 2100 admirationis
2184 2064 2220 2099 iu
2237 2064 2409 2100 oratione

1424 2126 1727 2175 compungimur.
1745 2123 1939 2161 Meditatio
1956 2123 2117 2159 ruminat
2131 2122 2269 2158 livores
2283 2123 2411 2159 vulne-

1424 2197 1527 2230 rum,
1554 2185 1693 2220 fixuras
1722 2184 1939 2228 clavorum,
1966 2183 2154 2227 lanceam,
2175 2189 2212 2218 et
2239 2191 2382 2219 acetum
2398 2211 2408 2228 ‚

1426 2253 1706 2294 persecutorum
1721 2243 1897 2280 saevitiam
1909 2271 1918 2288 ‚
1932 2242 2200 2292 Apostolorum
2217 2242 2336 2290 fugam
2349 2271 2358 2287 ,
2375 2250 2411 2278 et

1424 2313 1581 2340 mortem
1599 2304 1847 2353 turpissimam
1859 2331 1868 2348 ,
1883 2301 2053 2350 corporis
2065 2301 2307 2350 sepulturam.
2321 2304 2410 2338 Ora-

1426 2363 1476 2398 tio
1503 2362 1625 2399 fundit
1652 2362 1835 2410 suspiria,
1858 2361 1930 2410 piae
1949 2360 2161 2396 devotionis
2183 2359 2295 2395 stillat
2320 2372 2409 2395 aro-

1424 2430 1520 2457 mata
1532 2450 1540 2466 ,
1559 2429 1635 2456 tota
1655 2421 1854 2456 resolvitur
1869 2420 1906 2455 in
1926 2420 2100 2455 lamenta.
2118 2416 2324 2464 Etsaclum
2342 2428 2406 2461 est,

1424 2480 1773 2527 dumfabularemur
1784 2488 1818 2514 et
1829 2492 1947 2514 secum
1964 2486 2174 2525 quoercrem
2186 2506 2196 2521 ,
2214 2482 2292 2525 ipse
2305 2479 2410 2513 Jesus

1424 2544 1732 2587 appropinquans
1751 2539 1829 2575 ibat
1848 2551 1928 2573 cum
1948 2539 2032 2572 illis.
2061 2538 2169 2572 Oculi
2188 2545 2308 2570 autem
2326 2538 2411 2570 illo-

1426 2611 1505 2633 rum
1525 2597 1754 2641 terrebuntur,
1786 2611 1831 2633 ne
1857 2599 1957 2632 illum
1981 2603 2231 2642 agnoscerent.
2259 2593 2410 2631 Talibus

373 2645 533 2683 inebriat
565 2650 745 2686 medullas
776 2653 923 2688 animae.
955 2657 1009 2690 Ex
1039 2655 1194 2704 singulis
1222 2657 1359 2692 etenim
1378 2663 1404 2697 C
1426 2657 1757 2693 confabulantibus
1784 2656 2062 2706 appropinquat
2089 2658 2207 2691 Jesus.
2237 2653 2332 2700 Quid
2355 2663 2411 2691 est

372 2705 544 2741 clausulis
561 2709 719 2744 sentitur
732 2710 884 2757 quidam
902 2712 996 2761 ignis
1011 2727 1210 2762 erumpere
1222 2743 1231 2760 ,
1250 2715 1314 2763 qui
1331 2715 1360 2751 si

372 2765 408 2799 in
434 2765 515 2800 sinu
547 2766 791 2805 absconditur
819 2771 985 2817 clausus,
1016 2773 1054 2808 in
1084 2773 1231 2810 ossibus
1263 2783 1360 2812 totos

374 2822 541 2870 depascit
559 2827 714 2872 angulos
743 2830 900 2864 amantis
930 2831 1179 2867 conscientian
1201 2833 1236 2868 Si
1258 2833 1359 2869 scin-

376 2881 467 2916 tillet
486 2884 667 2929 exterius,
699 2899 711 2919 x
725 2885 847 2923 idetur
867 2889 953 2924 solis
969 2889 1104 2937 jubare
1125 2890 1359 2938 splendidius

377 2941 531 2976 radiare.
559 2943 662 2978 llum!
681 2947 765 2981 (lun.
788 2950 879 2993 Quae
899 2948 1010 2984 fuerit
1036 2963 1145 2985 causa
1165 2949 1275 2998 liujus
1298 2951 1359 2986 iti—

372 3000 491 3043 neris,
525 3014 598 3036 non
621 3002 783 3039 declarat
815 3013 937 3041 textus
969 3006 1131 3043 liistoriae
1162 3022 1168 3043 ε
1198 3008 1262 3043 sed
1288 3008 1358 3044 lioc

375 3059 484 3093 fuisse
510 3059 643 3095 divina·
666 3062 909 3109 providenti-”e
931 3064 1114 3111 arbitror,
1135 3075 1175 3102 ut
1199 3067 1260 3115 qui
1288 3080 1358 3116 pro

373 3126 492 3152 morte
511 3119 656 3154 Domini
679 3128 818 3156 tantum
838 3132 943 3158 erant
959 3124 1134 3170 desolati,
1155 3126 1193 3161 in
1211 3126 1270 3161 via
1287 3139 1360 3175 qua

370 3175 631 3224 ambulabant,
648 3181 940 3217 consolationem
958 3184 1166 3233 reciperent
1182 3185 1226 3221 ‹le
1244 3185 1359 3234 ipsius

415 3302 420 3315 ¹
444 3298 521 3327 tuat.
539 3310 667 3339 xxxin,
691 3304 740 3331 19.
760 3320 800 3324 m
829 3310 839 3323 ²
862 3304 959 3334 lssecle.
982 3315 1034 3343 ικ,
1056 3310 1081 3336 1.

1425 2721 1553 2760 Jesus,
1574 2717 1643 2753 nisi
1666 2717 1739 2753 vita
1759 2725 1796 2753 et
1811 2717 1936 2753 salus?
1957 2714 2100 2751 Etenim
2121 2713 2157 2749 in
2181 2712 2315 2749 talibus
2331 2726 2411 2749 scr-

1426 2775 1740 2812 mociuationibus
1758 2784 1813 2812 cst
1832 2776 1907 2811 vita
1930 2782 1966 2810 et
1992 2773 2090 2809 salus
2117 2772 2272 2817 animae,
2293 2780 2329 2808 et
2358 2771 2410 2808 eis

1425 2835 1562 2871 (licitur
1592 2840 1699 2871 Jesus
1727 2834 2074 2884 appropinquasse,
2108 2831 2195 2880 quia
2220 2829 2328 2878 juxta
2356 2839 2411 2866 est

1424 2894 1610 2929 Dominus
1636 2895 1678 2929 iis
1705 2894 1770 2942 qui
1801 2893 1978 2929 tribulato
2009 2898 2096 2927 sunt
2125 2890 2276 2926 corde¹.
2303 2889 2410 2927 Oculi

1425 2961 1546 2988 autem
1563 2966 1694 2989 eorum
1713 2952 1954 2996 tenebantur,
1970 2964 2015 2987 ne
2030 2957 2182 2999 possent
2196 2962 2280 2985 eum
2297 2962 2411 2997 agno-

1424 3024 1527 3047 scere
1557 3026 1563 3047 :
1591 3013 1677 3061 quia
1700 3012 1767 3047 etsi
1797 3019 1882 3047 suut
1898 3010 1989 3059 justi
2010 3017 2047 3045 et
2070 3008 2273 3058 sapientes,
2297 3016 2408 3056 atque

1427 3083 1542 3119 opera
1558 3084 1688 3107 eorum
1710 3072 1745 3106 in
1769 3083 1878 3106 manu
1897 3070 1987 3114 Dei,
2010 3068 2124 3104 nescit
2151 3075 2271 3103 tamen
2295 3066 2408 3102 liomo

1426 3137 1551 3165 utrum
1572 3130 1619 3165 sit
1648 3129 1782 3177 dignus
1807 3128 1894 3164 odio
1915 3127 1973 3163 vel
1995 3139 2122 3162 amore
2137 3131 2162 3161 ².
2187 3126 2225 3160 Sl
2252 3127 2407 3169 desero,

1427 3186 1549 3236 inquit
1576 3187 1671 3235 Job,
1696 3186 1952 3223 consolabitur
1979 3199 2036 3220 me
2060 3187 2207 3220 lectulus
2227 3198 2327 3219 meus
2341 3212 2353 3229 ‚
2375 3193 2410 3219 ee
