2504 3928
347 221 443 257 117⁴.)
984 216 1218 251 DOMINICA
1250 216 1297 249 ΙΝ
1330 214 1524 255 PALMIS,
1556 214 1727 249 SERMO.
2275 218 2374 253 1180

341 296 469 332 liabitu
492 291 789 342 superbientem,
816 289 930 337 magis
952 302 1036 337 qua·
1056 289 1152 324 circa
1181 302 1218 325 se
1241 291 1382 324 sunt³⁰³¹
1394 289 1576 333 adducta,
1600 288 1663 336 qui
1685 288 1748 323 has
1767 287 1917 335 quidem
1939 288 2096 324 viriliter
2120 299 2287 336 exercet,
2308 293 2372 328 sed

341 363 536 390 ornantem
562 351 606 387 ad
635 351 793 386 nitorem
818 349 1009 391 clationis,
1038 361 1148 396 quam
1170 361 1326 396 compo·
1346 351 1371 383 Α
1395 361 1463 396 pro
1478 348 1530 383 cis
1551 348 1607 382 vcl
1628 348 1791 382 savorem
1813 346 2039 392 humanum,
2057 349 2114 385 vel
2131 351 2370 387 commodum

338 421 488 448 ucntcm
511 410 556 446 ad
580 410 752 444 ‹lccorcm
773 407 997 450 h‹›n‹=siaiis·,
1018 407 1110 442 scito
1132 407 1230 442 liuuc
1250 407 1321 442 asi-

339 483 424 506 nam
448 468 603 511 babere,
630 466 693 503 scd
718 467 916 515 alligatam.
945 467 1042 500 Bene
1062 465 1265 500 instructus
1287 473 1324 500 ct

340 530 497 566 edoctus
523 536 600 571 est,
629 535 667 562 ut
700 526 863 575 pcrl'ecte
883 525 974 559 sciat
991 536 1102 572 quam
1134 524 1324 560 liumiliter

340 588 518 624 exhibere
533 599 571 623 se
588 585 723 622 debeat
743 585 778 620 in
800 584 957 628 incessu,
979 584 1015 619 in
1033 591 1144 625 statu,
1165 583 1201 619 in
1216 591 1322 630 gestu

342 656 377 682 ct
402 645 531 681 habitu
545 673 553 687 ,
583 645 618 679 iu
638 644 744 679 vultu
770 650 807 678 et
826 642 962 678 all'cetu
978 669 987 686 ,
1012 642 1047 676 in
1065 641 1241 677 omnibus
1259 640 1325 675 ‹le-

338 707 452 754 nique
473 703 641 740 moribus
662 703 736 739 suis
755 717 761 738 :
786 701 849 737 sed
872 701 960 737 dum
978 713 1016 736 se
1037 701 1145 736 talem
1168 700 1203 735 in
1225 699 1323 734 veri-

338 774 410 801 tate
430 763 628 799 ostendere
644 760 911 804 confunditur3
928 758 1038 795 liabct
1056 758 1205 807 quidem
1224 757 1322 806 apud

341 839 379 862 se
406 825 546 861 asinam
577 822 845 872 simplicitatis,
867 820 930 856 scd
959 820 1143 868 alligatam
1173 818 1324 854 vinculo

339 885 506 935 pudoris.
533 887 626 920 Item
654 895 738 917 cmn
768 879 1061 930 deprehenderis
1088 878 1248 927 aliquem
1280 877 1325 913 ad

338 946 454 980 instar
472 942 576 992 pravi
595 940 838 990 speculatoris
853 938 980 975 videre
996 937 1158 986 gladium
1170 966 1178 982 ,
1199 945 1236 972 et
1251 948 1325 972 non

339 1004 512 1038 insonare
529 1000 687 1036 buccina
707 1006 713 1020 '
733 1013 742 1043 ;
763 998 807 1034 ad
829 998 947 1033 instar
963 995 1182 1032 mercenarii
1200 995 1328 1030 videre

1388 407 1539 456 aliquod
1567 415 1778 450 terrenum,
1808 418 1882 442 non
1911 414 2034 443 autem
2062 409 2254 456 praemium
2276 423 2373 446 verae

1388 467 1514 502 salutis
1527 465 1672 515 quaerit.
1687 464 1798 501 Vides
1813 477 1902 513 ergo
1918 465 2004 514 quia
2021 478 2094 501 non
2111 467 2258 512 suflicit,
2273 469 2372 516 quod

1389 526 1491 562 asina
1517 526 1552 561 in
1582 524 1734 560 castello
1756 532 1821 559 tuo
1847 531 1884 559 et
1904 525 2027 573 pullus
2054 525 2272 570 solvuntur,
2305 527 2394 562 nisi.

1388 592 1423 619 ct
1452 585 1577 620 soluta
1601 582 1646 619 ad
1667 585 1793 618 Jesum
1821 581 2055 618 adducantur
2078 597 2085 618 ε
2115 584 2220 632 quia,
2241 597 2375 620 secun-

1389 644 1477 679 dum
1508 643 1610 680 Pauli
1639 640 1879 686 senteutiam,
1909 641 2031 677 reddit
2055 645 2155 678 Deus
2178 647 2376 692 unicuique

1389 705 1583 738 secundum
1605 714 1716 749 opera
1735 714 1802 735 sua
1813 728 1824 744 ‚
1853 701 1909 735 his
1931 702 2075 748 quidem
2098 707 2163 749 qui
2176 705 2374 738 secundum

1386 763 1611 809 patientiam
1633 760 1719 795 Imm·
1743 761 1882 808 operis,
1910 762 2066 807 gloriam
2093 770 2127 795 et
2151 761 2321 796 honorem
2343 771 2378 796 (Ἰ

1389 824 1694 868 irwurruptionem
1708 848 1716 862 ,
1749 820 1816 853 sed
1842 819 2086 867 quoerequus
2116 824 2232 855 vitam
2268 830 2375 856 (eter-

1392 893 1478 914 nam
1505 878 1530 914 3.
1559 883 1597 915 In
1623 891 1668 913 co
1685 877 1809 926 itaque
1826 877 1928 926 quod
1956 877 2110 926 gloriam
2134 885 2170 913 et
2193 878 2374 914 honorem

1391 945 1428 974 et
1456 937 1777 985 incorruptionem
1806 935 1862 971 his
1892 935 2125 972 redditurum
2154 940 2272 973 Deum
2301 937 2375 981 ait,

1393 995 1456 1044 qui
1491 995 1697 1032 secundum
1733 994 1948 1043 patientiam
1981 1002 2068 1030 sunt
2101 994 2189 1030 boni
2221 996 2372 1044 operis,

340 1063 472 1111 lupum
494 1060 730 1103 venientem,
759 1066 795 1093 et
817 1058 944 1106 fugere
966 1062 998 1101 ²;
1022 1055 1068 1091 ad
1098 1055 1213 1090 instar
1234 1053 1327 1103 pigri
1344 1054 1372 1088 B
1394 1055 1533 1091 asinam
1555 1054 1713 1090 solutam
1740 1065 1819 1089 csse
1836 1061 1872 1089 et
1895 1053 2038 1102 pullum
2066 1054 2243 1104 intellige.
2264 1058 2306 1091 In
2332 1068 2378 1090 eo

342 1130 377 1156 et
399 1119 620 1168 negligentis
644 1117 793 1161 coloni,
814 1116 908 1151 scire
933 1115 1058 1164 spinas
1079 1121 1115 1149 et
1134 1125 1268 1162 vepres
1287 1113 1325 1148 in

342 1180 453 1215 liorto
478 1177 628 1214 Domini
652 1184 688 1212 ct
705 1183 838 1211 caetera
855 1186 1015 1223 quaeque
1035 1173 1178 1209 inutilia
1195 1185 1237 1208 ac
1257 1185 1328 1207 no-

341 1239 421 1274 civa
437 1236 657 1279 ascendere,
677 1243 712 1271 et
732 1234 777 1270 ad
798 1232 1064 1269 eradicandum
1079 1260 1089 1276 ,
1113 1244 1177 1267 seu
1199 1231 1324 1274 etiam,

341 1296 443 1346 quod
466 1297 588 1331 minus
617 1302 691 1338 est,
713 1293 759 1329 ad
785 1291 1054 1329 succidendum
1077 1303 1226 1326 manum
1252 1302 1326 1325 non

343 1367 533 1405 apponere
551 1368 558 1389 :
580 1365 736 1400 agnosce
756 1351 854 1400 apud
875 1351 974 1386 liunc
989 1362 1068 1384 esse
1087 1349 1246 1397 pullum,
1264 1347 1328 1384 scd

343 1415 545 1463 alligatum.
570 1415 686 1447 Prava
707 1409 847 1458 quippe
864 1408 1003 1451 cernit,
1025 1415 1062 1442 et
1081 1407 1133 1442 eis
1150 1406 1235 1441 licet
1251 1407 1328 1441 sor-

343 1482 377 1509 te
399 1471 611 1508 consentire
638 1469 733 1505 nolit
755 1483 762 1504 :
788 1467 1011 1517 redarguere
1041 1473 1163 1501 tamen
1191 1477 1233 1500 ea
1259 1477 1329 1514 pro

342 1543 502 1583 persona
517 1538 553 1566 et
571 1542 609 1565 re
621 1557 630 1574 ‚
655 1540 724 1577 pro
745 1527 829 1563 loco
844 1535 880 1563 et
900 1535 1070 1574 tempore
1089 1537 1164 1560 non
1182 1537 1328 1574 praesu-

343 1592 431 1635 mit,
466 1598 502 1625 et
526 1597 580 1625 est
603 1588 774 1636 alligatus
795 1585 894 1635 apud
913 1585 1012 1621 hunc
1032 1583 1158 1633 pullus
1179 1582 1330 1619 vinculo

343 1649 498 1686 timoris.

1391 1127 1483 1150 vcro
1503 1112 1604 1162 quod
1622 1112 1727 1148 audis
1744 1112 1822 1148 haec
1838 1112 1910 1148 illis
1925 1112 2155 1148 redditurum
2167 1141 2177 1157 ‚
2194 1113 2259 1162 qui
2275 1127 2375 1162 quae·

1393 1181 1482 1210 runt
1510 1173 1622 1208 vitam
1652 1179 1850 1216 :eternam‚
1883 1170 2082 1207 adductam
2113 1171 2159 1207 ad
2187 1175 2313 1208 Jesum
2342 1181 2377 1209 et

1393 1232 1533 1269 asinam
1551 1239 1587 1267 et
1602 1230 1745 1279 pullum
1765 1242 1936 1279 agnosce.

1451 1291 1508 1325 16.
1534 1289 1605 1327 Sed
1630 1289 1708 1324 liaec
1730 1289 1802 1324 alta
1824 1297 1861 1324 et
1876 1288 2062 1338 profunda
2086 1297 2194 1335 sunt,
2217 1290 2380 1339 solisque

1394 1348 1568 1398 perfectis
1583 1347 1836 1391 conveniunt,
1858 1360 1941 1395 quze
1961 1347 2071 1383 etiam
2090 1356 2177 1384 sunt
2195 1361 2278 1396 quae
2298 1361 2380 1397 per-

1397 1407 1511 1442 fectos
1534 1406 1683 1441 faciunt.
1715 1405 1921 1440 Perfectum
1953 1417 2115 1454 namque
2136 1413 2171 1441 te
2197 1405 2380 1451 dixerim,

1395 1478 1478 1502 cum
1498 1473 1532 1501 te
1548 1463 1660 1500 video
1675 1463 1851 1499 instantia
1863 1462 1965 1512 jugi,
1987 1471 2023 1499 et
2041 1471 2076 1499 te
2094 1463 2217 1512 ipsum
2238 1464 2274 1499 in
2293 1477 2381 1500 cun-

1395 1525 1462 1561 ctis
1479 1523 1643 1560 motibus
1661 1523 1734 1558 tuis
1749 1522 1916 1558 districto
1930 1521 2073 1571 judicio
2091 1522 2380 1572 reprehendere,

1396 1593 1433 1621 et
1451 1596 1537 1633 erga
1557 1582 1749 1632 proximos
1776 1590 1858 1618 tuos
1878 1583 1942 1632 pio
1963 1582 2042 1619 zelo
2066 1582 2219 1618 fervere.
2243 1582 2332 1619 Ideo
2352 1584 2381 1618 si

1396 1644 1441 1681 ad
1459 1641 1698 1693 perfectionis
1714 1641 1824 1690 hujus
1841 1641 1945 1692 cupis
1963 1642 2102 1691 fastigia
2118 1641 2381 1685 conscendere,

400 1708 459 1744 14.
477 1706 548 1743 Sed
565 1705 717 1741 videant
734 1704 925 1753 discipuli,
941 1711 978 1739 et
997 1702 1145 1739 solvant
1162 1701 1300 1737 asinam
1321 1715 1329 1737 Ξ
1373 1727 1382 1740 .
1395 1717 1480 1741 cum
1503 1702 1569 1739 tibi
1591 1711 1653 1738 tua
1674 1701 1809 1737 resistit
1829 1701 2115 1751 pusillanimitas
2127 1730 2137 1746 ‚
2154 1713 2201 1737 ne
2215 1701 2293 1737 haec
2312 1714 2381 1737 au—

345 1769 490 1805 solvant
510 1775 545 1802 et
570 1766 737 1815 pullum,
766 1773 807 1800 ut
831 1776 936 1799 amor
953 1761 1148 1798 ordinatus
1171 1773 1329 1810 pravum

1395 1764 1483 1801 deas
1499 1774 1672 1799 exercere
1688 1790 1697 1806 ,
1720 1760 1812 1797 scito
1839 1768 1874 1797 te
1891 1761 1971 1797 sine
1996 1760 2053 1796 his
2075 1761 2281 1809 perfectum
2303 1772 2383 1796 esse

343 1827 503 1876 expellat
529 1824 714 1874 pudorem
730 1852 739 1869 ,
759 1832 944 1872 quatenus
961 1821 1162 1871 praevaleat
1188 1819 1331 1869 simpli-
1351 1824 1377 1860 C
1398 1836 1473 1860 non
1495 1834 1618 1872 posse.
1646 1819 1757 1857 Unde
1781 1827 1817 1855 et
1841 1819 1919 1855 istis
1947 1818 2134 1855 Dominus
2159 1818 2352 1868 discipulis
2377 1834 2383 1854 :

345 1888 455 1931 citas;
476 1886 589 1921 timor
611 1882 855 1920 nihilominus
872 1881 1068 1917 ordinatus
1083 1881 1240 1916 inertem
1263 1878 1333 1914 eli·

345 1947 463 1982 minet
481 1955 682 1994 pavorem,
709 1950 750 1978 ut
770 1942 892 1992 vigeat
919 1940 1082 1976 libertas.
1104 1943 1184 1976 Jam
1206 1938 1332 1987 itaque

345 2006 491 2042 animus
513 2016 557 2039 ex
578 2015 653 2038 non
673 2002 738 2051 pio
763 2000 850 2050 pius
871 1999 1023 2036 effectus
1038 2027 1048 2044 ,
1076 1998 1126 2034 ita
1147 2005 1244 2034 amet
1265 2008 1331 2032 ve-

345 2066 511 2109 ritatem,
539 2071 581 2099 ut
606 2061 694 2097 odio
713 2060 850 2097 habeat
869 2059 1071 2096 vanitatem
1098 2072 1105 2094 :
1127 2057 1177 2093 ita
1203 2057 1333 2093 timeat

346 2126 536 2161 incurrere
556 2120 658 2170 quod
674 2119 821 2169 poenale
838 2127 906 2163 est,
929 2126 970 2155 ut
988 2117 1117 2153 timeat
1134 2129 1204 2166 pro
1220 2128 1331 2165 posse

344 2196 419 2219 non
449 2180 623 2231 persequi
649 2178 751 2228 quod
779 2177 966 2227 culpabile
992 2184 1061 2213 est,
1096 2175 1132 2213 Si
1163 2175 1214 2211 sic
1249 2172 1330 2210 lieri

344 2240 542 2291 contigerit
567 2240 603 2276 in
633 2238 782 2275 castello
807 2236 910 2285 quod
930 2244 1038 2272 antea
1060 2242 1189 2270 contra
1216 2233 1331 2270 disei-

347 2302 455 2350 pulos
472 2308 563 2343 erat,
587 2299 705 2334 soluta
726 2305 780 2333 est
801 2295 919 2340 asina,
943 2294 1087 2331 solutus
1104 2301 1159 2329 est
1178 2292 1327 2341 pullus:

345 2360 430 2409 quia
455 2359 491 2394 in
510 2358 633 2394 anima
650 2368 733 2405 quae
753 2354 894 2390 dudum
915 2361 952 2389 et
974 2365 1042 2401 per
1066 2351 1235 2387 timorem
1255 2350 1332 2385 ela-

345 2418 454 2454 tionis
474 2418 611 2459 amori,
648 2423 683 2450 et
709 2427 777 2462 per
796 2411 1038 2462 pertinaciam
1069 2407 1332 2445 obstinationis

343 2476 529 2513 contraria
556 2482 633 2511 erat
664 2472 810 2517 timori,
840 2470 1018 2520 praevalet
1050 2468 1225 2517 vigetque
1258 2474 1331 2501 tam

345 2535 576 2584 simplicitas,
597 2546 679 2582 quae
697 2543 846 2567 omnem
866 2530 903 2566 in
919 2542 963 2565 eo
980 2528 1112 2564 fastum
1129 2525 1329 2575 deprimat,

1398 1884 1439 1919 Si
1476 1886 1574 1929 quis,
1593 1879 1737 1928 inquit,
1775 1878 1874 1914 vobis
1904 1879 2051 1926 aliquid
2080 1880 2237 1922 dix-erit,
2273 1879 2382 1913 dicite

1397 1942 1483 1989 quia
1506 1943 1688 1976 Dominus
1710 1937 1767 1972 leis
1787 1950 1877 1985 opus
1897 1936 2017 1972 habet.
2041 1936 2132 1983 Quis
2151 1936 2249 1972 enim
2269 1936 2383 1972 disci—

1396 1999 1497 2049 pulis
1512 1998 1651 2034 asinam
1670 1994 1902 2032 solventibus
1916 2003 1953 2031 et
1967 1994 2110 2044 pullum
2127 1994 2267 2044 aliquid
2283 1994 2384 2038 dicit,

1397 2058 1467 2095 nisi
1490 2057 1672 2105 cogitatus
1693 2055 1732 2091 in
1758 2054 1868 2090 nobis
1897 2054 2042 2098 fatuus,
2071 2053 2135 2103 qui
2156 2053 2243 2089 dum
2271 2054 2384 2090 tumi-

1397 2118 1466 2154 dus
1488 2125 1564 2162 est,
1590 2115 1710 2152 amori
1733 2113 1884 2163 quidem
1906 2113 1942 2149 in
1962 2111 2093 2158 nobis,
2120 2125 2165 2148 ne
2183 2112 2382 2162 puritatem

1396 2173 1660 2224 simplicitatis,
1693 2180 1730 2208 et
1756 2171 1843 2207 dum
1871 2169 2021 2207 timidus
2048 2178 2128 2214 est,
2158 2170 2306 2215 timori,
2337 2183 2384 2207 ne

1395 2232 1529 2270 liberet
1553 2232 1722 2282 vigorem
1739 2229 1918 2266 libertatis
1932 2257 1941 2274 ,
1962 2229 2204 2265 contradicit?
2220 2229 2291 2266 Sed
2306 2231 2385 2264 Do-

1397 2296 1515 2327 minus
1541 2292 1598 2326 his
1623 2303 1715 2338 opus
1739 2288 1873 2331 haben
1899 2288 1987 2337 quia
2015 2288 2080 2337 qui
2112 2287 2157 2324 ad
2188 2287 2384 2337 spirituale

1396 2359 1532 2387 sanctae
1554 2348 1795 2398 perfectionis
1811 2347 2018 2383 dominium
2038 2347 2249 2396 pertingere
2266 2346 2383 2396 eupit,

1397 2409 1477 2446 haec
1500 2420 1675 2445 exercere
1698 2420 1848 2443 necesse
1871 2406 1994 2442 habet.
2013 2405 2203 2455 Spirituali
2221 2418 2384 2454 namque

1400 2469 1560 2504 Domino
1577 2467 1652 2504 duo
1674 2466 1782 2503 valde
1803 2465 2008 2502 necessaria
2034 2473 2138 2511 sunt,
2160 2473 2326 2514 potestas
2348 2474 2384 2500 ct

1397 2540 1508 2564 ausus
1525 2555 1534 2572 ‚
1563 2535 1604 2562 ut
1625 2526 1798 2562 videlicet
1822 2537 2055 2573 nequaquam
2083 2532 2118 2560 te
2142 2537 2223 2561 esse
2254 2525 2384 2560 Domi—

345 2608 456 2644 quam
478 2593 641 2637 libertas,
661 2604 745 2640 quae
761 2591 864 2639 pium
881 2601 967 2637 erga
980 2587 1072 2623 alios
1087 2586 1206 2622 zelum
1223 2596 1332 2621 exer·
1350 2591 1382 2625 D
1400 2600 1489 2623 num
1506 2599 1706 2636 agnoscas3
1735 2584 1805 2621 nisi
1823 2593 1858 2620 et
1883 2593 1918 2620 te
1936 2596 2084 2633 semper
2103 2584 2271 2620 illicitum
2292 2584 2383 2632 quid

341 2663 432 2691 ceat.

400 2714 458 2750 15.
487 2713 636 2755 Solvite,
663 2709 804 2758 inquit,
835 2717 869 2743 et
894 2709 1067 2742 adducite
1097 2705 1201 2741 ηιῘΙιῘ.
1233 2703 1330 2750 Quid

346 2782 399 2810 est
429 2786 448 2808 a
472 2770 663 2820 discipulis
683 2768 775 2805 solvi
796 2767 958 2810 asinam,
982 2764 1079 2801 solvi
1106 2772 1142 2800 et
1162 2763 1328 2812 pullum,

347 2832 418 2870 nisi
447 2829 720 2868 interveniente
749 2839 876 2863 amore
893 2839 913 2861 a
931 2836 1048 2874 pravo
1075 2822 1224 2860 liberari
1256 2835 1330 2872 pu—

345 2893 436 2928 dore
462 2889 732 2939 simplicitatem
751 2914 760 2932 ,
787 2894 824 2921 et
851 2885 1037 2921 mediante
1068 2883 1201 2918 timore
1228 2880 1330 2917 bono

343 2951 389 2987 ab
407 2949 517 2986 inerti
536 2947 687 2984 liberari
711 2946 844 2981 timore
864 2944 1101 2980 libertatem?
1121 2942 1249 2979 Soluta
1267 2953 1329 2976 ve-

343 3024 384 3046 ro
416 3009 493 3044 haec.
522 3007 597 3042 duo
628 3004 800 3041 animalia
832 3003 1070 3039 adducuntur
1099 3001 1144 3037 ad
1175 3004 1326 3046 Jesuni;

340 3081 423 3103 cum
446 3066 654 3103 intentione
674 3076 769 3113 pura
786 3063 842 3098 liae
863 3062 945 3098 duae
962 3069 1186 3098 exercentur
1202 3061 1326 3096 virtu-

342 3138 394 3163 tes
419 3125 464 3162 ad
486 3126 645 3161 fructum
676 3134 773 3157 verae
799 3121 926 3157 salutis
950 3119 1213 3156 obtinendum.
1235 3123 1325 3156 Nam

340 3185 445 3235 quasi
462 3184 546 3232 quis
564 3183 625 3218 illa
645 3180 756 3217 babet
776 3180 920 3221 soluta,
949 3178 1013 3214 scd
1035 3178 1079 3214 ad
1103 3182 1229 3215 Jesum
1252 3190 1327 3213 non

1396 2646 1691 2682 committentem
1708 2642 2081 2691 humiliterjudicare
2099 2655 2225 2692 queas,
2242 2651 2279 2678 et
2293 2643 2386 2680 alios

1397 2718 1512 2756 prave
1534 2713 1684 2754 agentes
1698 2732 1707 2749 ‚
1726 2712 1766 2739 ut
1784 2702 1955 2752 superius
1976 2702 2116 2739 dictum
2138 2710 2212 2748 est,
2238 2715 2308 2752 pro
2328 2715 2383 2747 re,

1396 2778 1467 2814 pro
1493 2773 1681 2814 tempore,
1710 2776 1780 2813 pro
1807 2775 1968 2813 persona
1991 2770 2027 2798 et
2053 2762 2136 2798 loco
2162 2761 2384 2810 redarguere

1397 2836 1598 2860 succensus
1616 2823 1765 2859 audeas.

1471 2883 1528 2919 17.
1562 2885 1612 2919 Ee
1641 2884 1882 2918 armamenta!
1911 2884 2054 2916 asinam
2092 2889 2127 2916 et
2150 2882 2316 2928 pullum,
2351 2889 2386 2915 et

1395 2947 1649 2990 imposuerunt
1665 2943 1882 2976 vestimenta
1901 2953 1968 2976 sua
1980 2968 1990 2984 ,
2010 2948 2045 2976 et
2065 2953 2146 2974 enm
2160 2940 2317 2987 desuper
2330 2952 2384 2973 se-

1393 3003 1480 3035 dere
1496 2998 1681 3046 fi‘certmt.
1707 2999 1941 3035 Vestimenta
1967 2997 2239 3047 discipulorum
2268 3009 2382 3032 orna-

1394 3066 1519 3096 menta
1536 3067 1623 3096 sunt
1642 3058 1838 3094 virtutum.
1855 3061 1900 3094 Et
1915 3056 2006 3106 quid
2024 3065 2102 3101 est,
2124 3068 2254 3092 eorum
2274 3055 2384 3091 vesti-

1395 3126 1519 3155 menta
1539 3117 1707 3167 imponi,
1733 3116 1802 3152 nisi
1825 3128 2072 3165 quaecumque
2092 3114 2137 3151 ad
2157 3127 2323 3150 amorem
2347 3122 2383 3149 et

1396 3178 1566 3214 timorem
1595 3176 1664 3212 Dei
1690 3175 1851 3211 excitare
1878 3182 2057 3224 possunt,
2090 3173 2280 3210 conferri?
2300 3175 2383 3222 Ipse

394 3316 398 3328 ¹
422 3307 530 3338 Ena-h.
549 3317 654 3336 xxxiii
668 3330 674 3338 ,
705 3310 734 3334 Γ».
751 3322 791 3326 -—-
810 3310 820 3324 ²
836 3306 926 3334 Joau.
947 3314 964 3331 x
979 3306 1114 3337 ,1?›..—
1147 3300 1158 3323 3
1176 3305 1264 3333 Rom.
1282 3313 1302 3331 ιι
1320 3326 1327 3339 ,
1345 3306 1362 3332 6
1377 3325 1384 3338 ,
1404 3306 1433 3333 7.
