<?xml version="1.0" encoding="UTF-8"?>
<!DOCTYPE html PUBLIC "-//W3C//DTD XHTML 1.0 Transitional//EN"
    "http://www.w3.org/TR/xhtml1/DTD/xhtml1-transitional.dtd">
<html xmlns="http://www.w3.org/1999/xhtml" xml:lang="en" lang="en">
 <head>
  <title>
</title>
<meta http-equiv="Content-Type" content="text/html;charset=utf-8" />
  <meta name='ocr-system' content='tesseract 3.04.00' />
  <meta name='ocr-capabilities' content='ocr_page ocr_carea ocr_par ocr_line ocrx_word'/>
</head>
<body>
  <div class='ocr_page' id='page_1' title='image "./operaomniapostho05bern_0225.png"; bbox 0 0 2418 3949; ppageno 0'>
   <div class='ocr_carea' id='block_1_1' title="bbox 54 114 1048 241">
    <p class='ocr_par' dir='ltr' id='par_1_1' title="bbox 54 114 1048 241">
     <span class='ocr_line' id='line_1_1' title="bbox 54 114 131 151; baseline -0.026 0"><span class='ocrx_word' id='word_1_1' title='bbox 54 114 131 151; x_wconf 75' lang='lat'><strong>437</strong></span> 
     </span>
     <span class='ocr_line' id='line_1_2' title="bbox 54 190 1048 241; baseline 0 -13"><span class='ocrx_word' id='word_1_2' title='bbox 54 193 95 229; x_wconf 83' lang='lat' dir='ltr'><strong>in</strong></span> <span class='ocrx_word' id='word_1_3' title='bbox 114 190 246 228; x_wconf 78' lang='lat' dir='ltr'><strong>labore</strong></span> <span class='ocrx_word' id='word_1_4' title='bbox 270 191 524 240; x_wconf 84' lang='lat' dir='ltr'><strong>jejuniorum,</strong></span> <span class='ocrx_word' id='word_1_5' title='bbox 550 192 783 241; x_wconf 77' lang='lat' dir='ltr'><strong>vigiliarum,</strong></span> <span class='ocrx_word' id='word_1_6' title='bbox 808 201 849 228; x_wconf 92' lang='lat' dir='ltr'><strong>et</strong></span> <span class='ocrx_word' id='word_1_7' title='bbox 874 192 1048 228; x_wconf 74' lang='lat' dir='ltr'><strong>omniun</strong></span> 
     </span>
    </p>
   </div>
   <div class='ocr_carea' id='block_1_2' title="bbox 597 116 1574 152">
    <p class='ocr_par' dir='ltr' id='par_1_2' title="bbox 597 116 1574 152">
     <span class='ocr_line' id='line_1_3' title="bbox 597 116 1574 152; baseline -0.002 -1"><span class='ocrx_word' id='word_1_8' title='bbox 597 116 829 151; x_wconf 74' lang='lat' dir='ltr'>EPISTULA</span> <span class='ocrx_word' id='word_1_9' title='bbox 855 117 923 152; x_wconf 64' lang='lat' dir='ltr'><strong>AD</strong></span> <span class='ocrx_word' id='word_1_10' title='bbox 951 116 1172 152; x_wconf 75' lang='lat' dir='ltr'>FRATRES</span> <span class='ocrx_word' id='word_1_11' title='bbox 1199 117 1264 150; x_wconf 84' lang='lat' dir='ltr'><strong>DE</strong></span> <span class='ocrx_word' id='word_1_12' title='bbox 1292 116 1574 152; x_wconf 59' lang='lat' dir='ltr'>MONTE-DEI.</span> 
     </span>
    </p>
   </div>
   <div class='ocr_carea' id='block_1_3' title="bbox 2038 115 2114 152">
    <p class='ocr_par' dir='ltr' id='par_1_3' title="bbox 2038 115 2114 152">
     <span class='ocr_line' id='line_1_4' title="bbox 2038 115 2114 152; baseline 0.013 -1"><span class='ocrx_word' id='word_1_13' title='bbox 2038 115 2114 152; x_wconf 69' lang='lat'><strong>438</strong></span> 
     </span>
    </p>
   </div>
   <div class='ocr_carea' id='block_1_4' title="bbox 1056 190 2115 244">
    <p class='ocr_par' dir='ltr' id='par_1_4' title="bbox 1056 190 2115 244">
     <span class='ocr_line' id='line_1_5' title="bbox 1056 190 2115 244; baseline 0.003 -16"><span class='ocrx_word' id='word_1_14' title='bbox 1056 190 1161 229; x_wconf 78' lang='lat' dir='ltr'><strong>⁸¹‘ut</strong></span> <span class='ocrx_word' id='word_1_15' title='bbox 1186 205 1382 241; x_wconf 82' lang='lat' dir='ltr'><strong>nunquam</strong></span> <span class='ocrx_word' id='word_1_16' title='bbox 1410 193 1526 229; x_wconf 85' lang='lat' dir='ltr'><strong>simus</strong></span> <span class='ocrx_word' id='word_1_17' title='bbox 1554 192 1667 228; x_wconf 86' lang='lat' dir='ltr'><strong>otiosi</strong></span> <span class='ocrx_word' id='word_1_18' title='bbox 1697 207 1705 228; x_wconf 90' lang='lat'>:</span> <span class='ocrx_word' id='word_1_19' title='bbox 1732 200 1771 229; x_wconf 89' lang='lat' dir='ltr'><strong>et</strong></span> <span class='ocrx_word' id='word_1_20' title='bbox 1795 193 1867 230; x_wconf 86' lang='lat' dir='ltr'><strong>boc</strong></span> <span class='ocrx_word' id='word_1_21' title='bbox 1892 206 2043 244; x_wconf 87' lang='lat' dir='ltr'><strong>semper</strong></span> <span class='ocrx_word' id='word_1_22' title='bbox 2066 194 2115 231; x_wconf 87' lang='lat' dir='ltr'><strong>sit</strong></span> 
     </span>
    </p>
   </div>
   <div class='ocr_carea' id='block_1_5' title="bbox 53 249 2112 301">
    <p class='ocr_par' dir='ltr' id='par_1_5' title="bbox 53 249 2112 301">
     <span class='ocr_line' id='line_1_6' title="bbox 53 249 2112 301; baseline 0.002 -14"><span class='ocrx_word' id='word_1_23' title='bbox 53 251 95 287; x_wconf 87' lang='lat' dir='ltr'><strong>in</strong></span> <span class='ocrx_word' id='word_1_24' title='bbox 125 249 266 300; x_wconf 86' lang='lat' dir='ltr'><strong>quibus</strong></span> <span class='ocrx_word' id='word_1_25' title='bbox 296 250 452 288; x_wconf 83' lang='lat' dir='ltr'><strong>afflictio</strong></span> <span class='ocrx_word' id='word_1_26' title='bbox 482 251 655 301; x_wconf 76' lang='lat' dir='ltr'><strong>corporis</strong></span> <span class='ocrx_word' id='word_1_27' title='bbox 688 259 768 296; x_wconf 68' lang='lat' dir='ltr'><strong>est,</strong></span> <span class='ocrx_word' id='word_1_28' title='bbox 800 249 937 288; x_wconf 78' lang='lat' dir='ltr'><strong>crebro</strong></span> <span class='ocrx_word' id='word_1_29' title='bbox 966 249 1046 288; x_wconf 82' lang='lat' dir='ltr'><strong>fieri</strong></span> <span class='ocrx_word' id='word_1_30' title='bbox 1067 250 1098 284; x_wconf 86' lang='grc' dir='ltr'><strong>Δ</strong></span> <span class='ocrx_word' id='word_1_31' title='bbox 1115 251 1309 300; x_wconf 84' lang='lat' dir='ltr'><strong>negotium</strong></span> <span class='ocrx_word' id='word_1_32' title='bbox 1326 259 1519 296; x_wconf 83' lang='lat' dir='ltr'><strong>nostmm,</strong></span> <span class='ocrx_word' id='word_1_33' title='bbox 1539 259 1580 288; x_wconf 91' lang='lat' dir='ltr'><strong>ut</strong></span> <span class='ocrx_word' id='word_1_34' title='bbox 1595 251 1764 301; x_wconf 78' lang='lat' dir='ltr'>perfecte</span> <span class='ocrx_word' id='word_1_35' title='bbox 1779 254 2112 291; x_wconf 74' lang='lat' dir='ltr'><strong>consummeturin</strong></span> 
     </span>
    </p>
   </div>
   <div class='ocr_carea' id='block_1_6' title="bbox 50 309 1052 947">
    <p class='ocr_par' dir='ltr' id='par_1_6' title="bbox 53 309 384 348">
     <span class='ocr_line' id='line_1_7' title="bbox 53 309 384 348; baseline -0.006 0"><span class='ocrx_word' id='word_1_36' title='bbox 53 309 294 348; x_wconf 72' lang='lat' dir='ltr'><strong>manifestum</strong></span> <span class='ocrx_word' id='word_1_37' title='bbox 314 318 384 347; x_wconf 65' lang='lat' dir='ltr'><strong>est⁴</strong></span> 
     </span>
    </p>

    <p class='ocr_par' dir='ltr' id='par_1_7' title="bbox 50 369 1052 947">
     <span class='ocr_line' id='line_1_8' title="bbox 107 369 1052 419; baseline -0.002 -11"><span class='ocrx_word' id='word_1_38' title='bbox 107 369 172 408; x_wconf 76' lang='lat'><strong>23.</strong></span> <span class='ocrx_word' id='word_1_39' title='bbox 201 370 330 408; x_wconf 82' lang='lat' dir='ltr'><strong>Serius</strong></span> <span class='ocrx_word' id='word_1_40' title='bbox 349 379 474 407; x_wconf 84' lang='lat' dir='ltr'><strong>tamen</strong></span> <span class='ocrx_word' id='word_1_41' title='bbox 493 370 642 407; x_wconf 88' lang='lat' dir='ltr'><strong>animus</strong></span> <span class='ocrx_word' id='word_1_42' title='bbox 659 378 698 407; x_wconf 84' lang='lat' dir='ltr'><strong>et</strong></span> <span class='ocrx_word' id='word_1_43' title='bbox 712 369 883 419; x_wconf 79' lang='lat' dir='ltr'><strong>prudens</strong></span> <span class='ocrx_word' id='word_1_44' title='bbox 899 369 948 406; x_wconf 85' lang='lat' dir='ltr'><strong>ad</strong></span> <span class='ocrx_word' id='word_1_45' title='bbox 962 382 1052 406; x_wconf 80' lang='lat' dir='ltr'><strong>otn-</strong></span> 
     </span>
     <span class='ocr_line' id='line_1_9' title="bbox 54 427 1048 479; baseline -0.002 -13"><span class='ocrx_word' id='word_1_46' title='bbox 54 441 142 466; x_wconf 80' lang='lat' dir='ltr'><strong>nem</strong></span> <span class='ocrx_word' id='word_1_47' title='bbox 164 441 206 466; x_wconf 87' lang='lat' dir='ltr'><strong>se</strong></span> <span class='ocrx_word' id='word_1_48' title='bbox 233 437 430 479; x_wconf 77' lang='lat' dir='ltr'><strong>comparat</strong></span> <span class='ocrx_word' id='word_1_49' title='bbox 446 427 636 473; x_wconf 67' lang='lat' dir='ltr'><strong>laborem,</strong></span> <span class='ocrx_word' id='word_1_50' title='bbox 656 441 727 466; x_wconf 85' lang='lat' dir='ltr'><strong>nec</strong></span> <span class='ocrx_word' id='word_1_51' title='bbox 747 429 788 465; x_wconf 93' lang='lat' dir='ltr'><strong>in</strong></span> <span class='ocrx_word' id='word_1_52' title='bbox 803 427 1048 465; x_wconf 79' lang='lat' dir='ltr'><strong>eodissolvi-</strong></span> 
     </span>
     <span class='ocr_line' id='line_1_10' title="bbox 54 485 1048 537; baseline -0.003 -13"><span class='ocrx_word' id='word_1_53' title='bbox 54 485 1048 537; x_wconf 53' lang='lat' dir='ltr'><strong>mnsedpereummagisinseipsnmcolligitur:</strong></span> 
     </span>
     <span class='ocr_line' id='line_1_11' title="bbox 53 542 1050 596; baseline -0.002 -14"><span class='ocrx_word' id='word_1_54' title='bbox 53 545 122 594; x_wconf 88' lang='lat' dir='ltr'><strong>qui</strong></span> <span class='ocrx_word' id='word_1_55' title='bbox 147 545 533 596; x_wconf 79' lang='lat' dir='ltr'><strong>semperpraeooulis</strong></span> <span class='ocrx_word' id='word_1_56' title='bbox 558 544 722 590; x_wconf 76' lang='lat' dir='ltr'><strong>habens,</strong></span> <span class='ocrx_word' id='word_1_57' title='bbox 743 553 917 582; x_wconf 86' lang='lat' dir='ltr'><strong>nontam</strong></span> <span class='ocrx_word' id='word_1_58' title='bbox 944 542 1050 593; x_wconf 82' lang='lat' dir='ltr'><strong>quod</strong></span> 
     </span>
     <span class='ocr_line' id='line_1_12' title="bbox 52 602 1051 654; baseline -0.003 -12"><span class='ocrx_word' id='word_1_59' title='bbox 52 605 151 654; x_wconf 81' lang='lat' dir='ltr'><strong>agit,</strong></span> <span class='ocrx_word' id='word_1_60' title='bbox 176 617 291 654; x_wconf 87' lang='lat' dir='ltr'><strong>quam</strong></span> <span class='ocrx_word' id='word_1_61' title='bbox 317 617 395 654; x_wconf 89' lang='lat' dir='ltr'><strong>quo</strong></span> <span class='ocrx_word' id='word_1_62' title='bbox 421 603 570 654; x_wconf 76' lang='lat' dir='ltr'><strong>agendo</strong></span> <span class='ocrx_word' id='word_1_63' title='bbox 595 603 776 648; x_wconf 76' lang='lat' dir='ltr'>intendit,</span> <span class='ocrx_word' id='word_1_64' title='bbox 804 602 930 640; x_wconf 89' lang='lat' dir='ltr'><strong>omnis</strong></span> <span class='ocrx_word' id='word_1_65' title='bbox 954 615 1051 639; x_wconf 88' lang='lat' dir='ltr'><strong>oon-</strong></span> 
     </span>
     <span class='ocr_line' id='line_1_13' title="bbox 53 662 1051 711; baseline -0.003 -11"><span class='ocrx_word' id='word_1_66' title='bbox 53 664 314 700; x_wconf 81' lang='lat' dir='ltr'><strong>summationis</strong></span> <span class='ocrx_word' id='word_1_67' title='bbox 342 662 506 699; x_wconf 87' lang='lat' dir='ltr'><strong>attendit</strong></span> <span class='ocrx_word' id='word_1_68' title='bbox 533 663 669 707; x_wconf 78' lang='lat' dir='ltr'><strong>linem;</strong></span> <span class='ocrx_word' id='word_1_69' title='bbox 694 675 774 711; x_wconf 92' lang='lat' dir='ltr'><strong>quo</strong></span> <span class='ocrx_word' id='word_1_70' title='bbox 804 662 844 698; x_wconf 93' lang='lat' dir='ltr'><strong>in</strong></span> <span class='ocrx_word' id='word_1_71' title='bbox 865 669 1051 711; x_wconf 82' lang='lat' dir='ltr'><strong>quantum</strong></span> 
     </span>
     <span class='ocr_line' id='line_1_14' title="bbox 54 721 1052 766; baseline -0.001 -9"><span class='ocrx_word' id='word_1_72' title='bbox 54 722 181 762; x_wconf 73' lang='lat' dir='ltr'><strong>vetius</strong></span> <span class='ocrx_word' id='word_1_73' title='bbox 204 721 393 766; x_wconf 86' lang='lat' dir='ltr'><strong>innititur,</strong></span> <span class='ocrx_word' id='word_1_74' title='bbox 412 721 451 757; x_wconf 89' lang='lat' dir='ltr'><strong>in</strong></span> <span class='ocrx_word' id='word_1_75' title='bbox 473 729 618 757; x_wconf 86' lang='lat' dir='ltr'><strong>tantum</strong></span> <span class='ocrx_word' id='word_1_76' title='bbox 644 721 757 757; x_wconf 87' lang='lat' dir='ltr'><strong>etiam</strong></span> <span class='ocrx_word' id='word_1_77' title='bbox 788 721 996 758; x_wconf 77' lang='lat' dir='ltr'>ferventius</span> <span class='ocrx_word' id='word_1_78' title='bbox 1012 727 1052 756; x_wconf 87' lang='lat' dir='ltr'><strong>et</strong></span> 
     </span>
     <span class='ocr_line' id='line_1_15' title="bbox 52 779 1051 830; baseline -0.001 -13"><span class='ocrx_word' id='word_1_79' title='bbox 52 780 201 817; x_wconf 77' lang='lat' dir='ltr'><strong>fidelius</strong></span> <span class='ocrx_word' id='word_1_80' title='bbox 219 779 393 817; x_wconf 87' lang='lat' dir='ltr'><strong>manibus</strong></span> <span class='ocrx_word' id='word_1_81' title='bbox 419 788 614 830; x_wconf 81' lang='lat' dir='ltr'>operatur,</span> <span class='ocrx_word' id='word_1_82' title='bbox 639 780 753 816; x_wconf 84' lang='lat' dir='ltr'><strong>totius</strong></span> <span class='ocrx_word' id='word_1_83' title='bbox 780 779 852 816; x_wconf 89' lang='lat' dir='ltr'><strong>sibi</strong></span> <span class='ocrx_word' id='word_1_84' title='bbox 880 779 1051 830; x_wconf 82' lang='lat' dir='ltr'><strong>corporis</strong></span> 
     </span>
     <span class='ocr_line' id='line_1_16' title="bbox 50 837 1049 887; baseline -0.002 -11"><span class='ocrx_word' id='word_1_85' title='bbox 50 838 112 876; x_wconf 83' lang='lat' dir='ltr'><strong>sui</strong></span> <span class='ocrx_word' id='word_1_86' title='bbox 146 837 353 887; x_wconf 76' lang='lat' dir='ltr'><strong>subjiciens</strong></span> <span class='ocrx_word' id='word_1_87' title='bbox 379 839 616 875; x_wconf 76' lang='lat' dir='ltr'><strong>servitutem.</strong></span> <span class='ocrx_word' id='word_1_88' title='bbox 644 839 843 887; x_wconf 79' lang='lat' dir='ltr'><strong>Coguntur</strong></span> <span class='ocrx_word' id='word_1_89' title='bbox 869 839 969 874; x_wconf 89' lang='lat' dir='ltr'><strong>enim</strong></span> <span class='ocrx_word' id='word_1_90' title='bbox 1009 839 1049 874; x_wconf 91' lang='lat' dir='ltr'><strong>in</strong></span> 
     </span>
     <span class='ocr_line' id='line_1_17' title="bbox 51 895 1047 947; baseline -0.001 -12"><span class='ocrx_word' id='word_1_91' title='bbox 51 909 172 934; x_wconf 76' lang='lat' dir='ltr'><strong>unum</strong></span> <span class='ocrx_word' id='word_1_92' title='bbox 192 910 325 935; x_wconf 84' lang='lat' dir='ltr'><strong>sensus</strong></span> <span class='ocrx_word' id='word_1_93' title='bbox 340 896 391 934; x_wconf 87' lang='lat' dir='ltr'><strong>ad</strong></span> <span class='ocrx_word' id='word_1_94' title='bbox 408 897 646 947; x_wconf 83' lang='lat' dir='ltr'><strong>disciplinam</strong></span> <span class='ocrx_word' id='word_1_95' title='bbox 677 895 789 934; x_wconf 87' lang='lat' dir='ltr'><strong>bonae</strong></span> <span class='ocrx_word' id='word_1_96' title='bbox 815 897 1047 942; x_wconf 71' lang='lat' dir='ltr'><strong>voluntatis,</strong></span> 
     </span>
    </p>
   </div>
   <div class='ocr_carea' id='block_1_7' title="bbox 1100 309 2118 943">
    <p class='ocr_par' dir='ltr' id='par_1_8' title="bbox 1100 309 2118 943">
     <span class='ocr_line' id='line_1_18' title="bbox 1112 309 2115 360; baseline 0.002 -12"><span class='ocrx_word' id='word_1_97' title='bbox 1112 309 1243 354; x_wconf 83' lang='lat' dir='ltr'><strong>nobis,</strong></span> <span class='ocrx_word' id='word_1_98' title='bbox 1259 310 1364 360; x_wconf 86' lang='lat' dir='ltr'><strong>quod</strong></span> <span class='ocrx_word' id='word_1_99' title='bbox 1388 310 1477 347; x_wconf 87' lang='lat' dir='ltr'><strong>dicit</strong></span> <span class='ocrx_word' id='word_1_100' title='bbox 1498 311 1706 360; x_wconf 77' lang='lat' dir='ltr'>Apostolus</span> <span class='ocrx_word' id='word_1_101' title='bbox 1722 311 1950 350; x_wconf 79' lang='lat' dir='ltr'>animalibus</span> <span class='ocrx_word' id='word_1_102' title='bbox 1963 321 2003 350; x_wconf 84' lang='lat' dir='ltr'><strong>et</strong></span> <span class='ocrx_word' id='word_1_103' title='bbox 2018 313 2115 350; x_wconf 70' lang='lat' dir='ltr'><strong>inci-</strong></span> 
     </span>
     <span class='ocr_line' id='line_1_19' title="bbox 1112 369 2115 422; baseline 0.002 -16"><span class='ocrx_word' id='word_1_104' title='bbox 1112 369 1330 419; x_wconf 88' lang='lat' dir='ltr'><strong>pientibus:</strong></span> <span class='ocrx_word' id='word_1_105' title='bbox 1351 372 1591 414; x_wconf 73' lang='lat' dir='ltr'><strong>Humanum,</strong></span> <span class='ocrx_word' id='word_1_106' title='bbox 1615 371 1761 420; x_wconf 88' lang='lat' dir='ltr'><strong>inquit,</strong></span> <span class='ocrx_word' id='word_1_107' title='bbox 1778 374 1862 407; x_wconf 78' lang='lat' dir='ltr'><strong>dico</strong></span> <span class='ocrx_word' id='word_1_108' title='bbox 1878 383 2035 422; x_wconf 68' lang='lat' dir='ltr'><strong>propter</strong></span> <span class='ocrx_word' id='word_1_109' title='bbox 2051 378 2115 409; x_wconf 73' lang='lat' dir='ltr'><strong>in-</strong></span> 
     </span>
     <span class='ocr_line' id='line_1_20' title="bbox 1100 428 2117 476; baseline 0.004 -13"><span class='ocrx_word' id='word_1_110' title='bbox 1100 428 1327 476; x_wconf 71' lang='lat' dir='ltr'><strong>firmitatem</strong></span> <span class='ocrx_word' id='word_1_111' title='bbox 1347 434 1473 464; x_wconf 79' lang='lat' dir='ltr'><strong>camis</strong></span> <span class='ocrx_word' id='word_1_112' title='bbox 1492 439 1639 465; x_wconf 80' lang='lat' dir='ltr'><strong>vestroe.</strong></span> <span class='ocrx_word' id='word_1_113' title='bbox 1657 431 1758 466; x_wconf 79' lang='lat' dir='ltr'><strong>Sicut</strong></span> <span class='ocrx_word' id='word_1_114' title='bbox 1776 436 1874 467; x_wconf 70' lang='lat' dir='ltr'><strong>enlm</strong></span> <span class='ocrx_word' id='word_1_115' title='bbox 1897 432 2117 469; x_wconf 64' lang='lat' dir='ltr'><strong>atuh-estis</strong></span> 
     </span>
     <span class='ocr_line' id='line_1_21' title="bbox 1114 487 2117 539; baseline 0.005 -17"><span class='ocrx_word' id='word_1_116' title='bbox 1114 487 1281 523; x_wconf 76' lang='lat' dir='ltr'><strong>membra</strong></span> <span class='ocrx_word' id='word_1_117' title='bbox 1294 497 1419 523; x_wconf 79' lang='lat' dir='ltr'><strong>vestm</strong></span> <span class='ocrx_word' id='word_1_118' title='bbox 1437 491 1574 523; x_wconf 71' lang='lat' dir='ltr'><strong>servire</strong></span> <span class='ocrx_word' id='word_1_119' title='bbox 1585 491 1839 525; x_wconf 75' lang='lat' dir='ltr'><strong>immunditioe</strong></span> <span class='ocrx_word' id='word_1_120' title='bbox 1845 518 1859 534; x_wconf 93' lang='lat'><em>‚</em></span> <span class='ocrx_word' id='word_1_121' title='bbox 1877 500 1916 526; x_wconf 86' lang='lat' dir='ltr'><strong>et</strong></span> <span class='ocrx_word' id='word_1_122' title='bbox 1929 493 2117 539; x_wconf 72' lang='lat' dir='ltr'><strong>iniquitali</strong></span> 
     </span>
     <span class='ocr_line' id='line_1_22' title="bbox 1113 547 2115 594; baseline 0.005 -12"><span class='ocrx_word' id='word_1_123' title='bbox 1113 549 1169 582; x_wconf 83' lang='lat' dir='ltr'><strong>ad</strong></span> <span class='ocrx_word' id='word_1_124' title='bbox 1177 551 1413 594; x_wconf 70' lang='lat' dir='ltr'><strong>iniquitatem</strong></span> <span class='ocrx_word' id='word_1_125' title='bbox 1424 560 1436 580; x_wconf 93' lang='lat'><em>:</em></span> <span class='ocrx_word' id='word_1_126' title='bbox 1452 551 1505 581; x_wconf 80' lang='lat' dir='ltr'><strong>ica</strong></span> <span class='ocrx_word' id='word_1_127' title='bbox 1518 559 1617 581; x_wconf 77' lang='lat' dir='ltr'><strong>nunc</strong></span> <span class='ocrx_word' id='word_1_128' title='bbox 1630 547 1799 583; x_wconf 72' lang='lat' dir='ltr'><strong>exlu&#39;bcte</strong></span> <span class='ocrx_word' id='word_1_129' title='bbox 1813 549 1977 585; x_wconf 82' lang='lat' dir='ltr'><strong>membra</strong></span> <span class='ocrx_word' id='word_1_130' title='bbox 1991 559 2115 586; x_wconf 68' lang='lat' dir='ltr'><strong>vestra</strong></span> 
     </span>
     <span class='ocr_line' id='line_1_23' title="bbox 1113 603 2116 650; baseline 0.002 -10"><span class='ocrx_word' id='word_1_131' title='bbox 1113 608 1415 650; x_wconf 69' lang='lat' dir='ltr'><strong>servirejiutiliae</strong></span> <span class='ocrx_word' id='word_1_132' title='bbox 1432 605 1471 638; x_wconf 75' lang='lat' dir='ltr'><strong>in</strong></span> <span class='ocrx_word' id='word_1_133' title='bbox 1491 603 1824 648; x_wconf 59' lang='lat' dir='ltr'><strong>sanctificationem</strong></span> <span class='ocrx_word' id='word_1_134' title='bbox 1839 612 1865 642; x_wconf 91' lang='lat'><strong>¹.</strong></span> <span class='ocrx_word' id='word_1_135' title='bbox 1885 607 2026 644; x_wconf 74' lang='lat' dir='ltr'><strong>Audiat</strong></span> <span class='ocrx_word' id='word_1_136' title='bbox 2043 607 2116 644; x_wconf 80' lang='lat' dir='ltr'><strong>hoc</strong></span> 
     </span>
     <span class='ocr_line' id='line_1_24' title="bbox 1116 662 2116 715; baseline 0.004 -15"><span class='ocrx_word' id='word_1_137' title='bbox 1116 663 1300 700; x_wconf 86' lang='lat' dir='ltr'><strong>haetenus</strong></span> <span class='ocrx_word' id='word_1_138' title='bbox 1318 663 1481 699; x_wconf 89' lang='lat' dir='ltr'><strong>amicum</strong></span> <span class='ocrx_word' id='word_1_139' title='bbox 1504 662 1676 711; x_wconf 86' lang='lat' dir='ltr'><strong>corporis</strong></span> <span class='ocrx_word' id='word_1_140' title='bbox 1695 663 1751 699; x_wconf 89' lang='lat' dir='ltr'><strong>sui</strong></span> <span class='ocrx_word' id='word_1_141' title='bbox 1776 666 2004 715; x_wconf 85' lang='lat' dir='ltr'>mancipium</span> <span class='ocrx_word' id='word_1_142' title='bbox 2033 668 2116 704; x_wconf 84' lang='lat' dir='ltr'><strong>ani-</strong></span> 
     </span>
     <span class='ocr_line' id='line_1_25' title="bbox 1115 719 2115 772; baseline 0.002 -12"><span class='ocrx_word' id='word_1_143' title='bbox 1115 723 1224 760; x_wconf 81' lang='lat' dir='ltr'><strong>malis</strong></span> <span class='ocrx_word' id='word_1_144' title='bbox 1246 723 1378 767; x_wconf 84' lang='lat' dir='ltr'><strong>homo,</strong></span> <span class='ocrx_word' id='word_1_145' title='bbox 1395 721 1463 770; x_wconf 89' lang='lat' dir='ltr'><strong>qui</strong></span> <span class='ocrx_word' id='word_1_146' title='bbox 1481 719 1560 769; x_wconf 82' lang='lat' dir='ltr'><strong>jam</strong></span> <span class='ocrx_word' id='word_1_147' title='bbox 1588 721 1724 770; x_wconf 85' lang='lat' dir='ltr'>incipit</span> <span class='ocrx_word' id='word_1_148' title='bbox 1742 734 1882 772; x_wconf 85' lang='lat' dir='ltr'><strong>corpus</strong></span> <span class='ocrx_word' id='word_1_149' title='bbox 1897 736 2008 761; x_wconf 90' lang='lat' dir='ltr'><strong>suum</strong></span> <span class='ocrx_word' id='word_1_150' title='bbox 2024 724 2115 762; x_wconf 88' lang='lat' dir='ltr'><strong>sub-</strong></span> 
     </span>
     <span class='ocr_line' id='line_1_26' title="bbox 1115 779 2115 832; baseline 0.002 -14"><span class='ocrx_word' id='word_1_151' title='bbox 1115 780 1206 818; x_wconf 83' lang='lat' dir='ltr'><strong>dere</strong></span> <span class='ocrx_word' id='word_1_152' title='bbox 1220 781 1391 831; x_wconf 87' lang='lat' dir='ltr'><strong>spiritui,</strong></span> <span class='ocrx_word' id='word_1_153' title='bbox 1404 788 1444 816; x_wconf 88' lang='lat' dir='ltr'><strong>et</strong></span> <span class='ocrx_word' id='word_1_154' title='bbox 1456 779 1636 828; x_wconf 71' lang='lat' dir='ltr'><strong>adaptare</strong></span> <span class='ocrx_word' id='word_1_155' title='bbox 1652 781 1896 830; x_wconf 85' lang='lat' dir='ltr'><strong>semetipsum</strong></span> <span class='ocrx_word' id='word_1_156' title='bbox 1911 782 1959 818; x_wconf 87' lang='lat' dir='ltr'><strong>ad</strong></span> <span class='ocrx_word' id='word_1_157' title='bbox 1973 796 2017 819; x_wconf 84' lang='lat' dir='ltr'><strong>ea</strong></span> <span class='ocrx_word' id='word_1_158' title='bbox 2031 796 2115 832; x_wconf 79' lang='lat' dir='ltr'><strong>quae</strong></span> 
     </span>
     <span class='ocr_line' id='line_1_27' title="bbox 1114 838 2115 890; baseline 0.001 -12"><span class='ocrx_word' id='word_1_159' title='bbox 1114 841 1186 878; x_wconf 87' lang='lat' dir='ltr'><strong>Dei</strong></span> <span class='ocrx_word' id='word_1_160' title='bbox 1211 848 1301 877; x_wconf 90' lang='lat' dir='ltr'><strong>sunt</strong></span> <span class='ocrx_word' id='word_1_161' title='bbox 1328 838 1595 890; x_wconf 85' lang='lat' dir='ltr'><strong>percipienda,</strong></span> <span class='ocrx_word' id='word_1_162' title='bbox 1627 847 1665 875; x_wconf 92' lang='lat' dir='ltr'><strong>et</strong></span> <span class='ocrx_word' id='word_1_163' title='bbox 1697 838 1745 875; x_wconf 86' lang='lat' dir='ltr'><strong>ad</strong></span> <span class='ocrx_word' id='word_1_164' title='bbox 1774 841 1987 877; x_wconf 80' lang='lat' dir='ltr'>exuendam</span> <span class='ocrx_word' id='word_1_165' title='bbox 2014 842 2088 879; x_wconf 87' lang='lat' dir='ltr'><strong>fide</strong></span> <span class='ocrx_word' id='word_1_166' title='bbox 2100 849 2115 863; x_wconf 80' lang='lat'>²</span> 
     </span>
     <span class='ocr_line' id='line_1_28' title="bbox 1114 898 2118 943; baseline 0.002 -7"><span class='ocrx_word' id='word_1_167' title='bbox 1114 899 1308 936; x_wconf 76' lang='lat' dir='ltr'><strong>servitutis</strong></span> <span class='ocrx_word' id='word_1_168' title='bbox 1328 898 1609 943; x_wconf 76' lang='lat' dir='ltr'><strong>necessitatem,</strong></span> <span class='ocrx_word' id='word_1_169' title='bbox 1626 906 1664 934; x_wconf 82' lang='lat' dir='ltr'><strong>et</strong></span> <span class='ocrx_word' id='word_1_170' title='bbox 1680 899 1804 935; x_wconf 74' lang='lat' dir='ltr'><strong>oernis</strong></span> <span class='ocrx_word' id='word_1_171' title='bbox 1820 912 1898 936; x_wconf 86' lang='lat' dir='ltr'><strong>suae</strong></span> <span class='ocrx_word' id='word_1_172' title='bbox 1915 899 2118 938; x_wconf 89' lang='lat' dir='ltr'><strong>dominan-</strong></span> 
     </span>
    </p>
   </div>
   <div class='ocr_carea' id='block_1_8' title="bbox 51 954 2115 1007">
    <p class='ocr_par' dir='ltr' id='par_1_9' title="bbox 51 954 2115 1007">
     <span class='ocr_line' id='line_1_29' title="bbox 51 954 2115 1007; baseline 0.001 -13"><span class='ocrx_word' id='word_1_173' title='bbox 51 969 125 994; x_wconf 71' lang='grc' dir='ltr'><strong>ιω</strong></span> <span class='ocrx_word' id='word_1_174' title='bbox 152 956 326 994; x_wconf 71' lang='lat' dir='ltr'><strong>laseivioe</strong></span> <span class='ocrx_word' id='word_1_175' title='bbox 354 956 410 994; x_wconf 85' lang='lat' dir='ltr'><strong>eis</strong></span> <span class='ocrx_word' id='word_1_176' title='bbox 435 964 546 992; x_wconf 71' lang='lat' dir='ltr'><strong>vamt</strong></span> <span class='ocrx_word' id='word_1_177' title='bbox 573 969 598 992; x_wconf 90' lang='lat' dir='ltr'><strong>a</strong></span> <span class='ocrx_word' id='word_1_178' title='bbox 625 955 798 1006; x_wconf 80' lang='lat' dir='ltr'><strong>pondere</strong></span> <span class='ocrx_word' id='word_1_179' title='bbox 825 954 986 1000; x_wconf 76' lang='lat' dir='ltr'><strong>laboriS,</strong></span> <span class='ocrx_word' id='word_1_180' title='bbox 1016 956 1100 993; x_wconf 87' lang='lat' dir='ltr'><strong>etB</strong></span> <span class='ocrx_word' id='word_1_181' title='bbox 1116 967 1192 996; x_wconf 88' lang='lat' dir='ltr'><strong>tem</strong></span> <span class='ocrx_word' id='word_1_182' title='bbox 1225 957 1536 995; x_wconf 83' lang='lat' dir='ltr'><strong>consuetudinem</strong></span> <span class='ocrx_word' id='word_1_183' title='bbox 1565 970 1606 994; x_wconf 90' lang='lat' dir='ltr'><strong>se</strong></span> <span class='ocrx_word' id='word_1_184' title='bbox 1639 958 1818 1007; x_wconf 77' lang='lat' dir='ltr'><strong>accingat.</strong></span> <span class='ocrx_word' id='word_1_185' title='bbox 1849 959 2115 996; x_wconf 59' lang='lat' dir='ltr'><strong>Necessitatem</strong></span> 
     </span>
    </p>
   </div>
   <div class='ocr_carea' id='block_1_9' title="bbox 48 1014 1053 1716">
    <p class='ocr_par' dir='ltr' id='par_1_10' title="bbox 48 1014 1053 1716">
     <span class='ocr_line' id='line_1_30' title="bbox 50 1014 1053 1065; baseline -0.003 -11"><span class='ocrx_word' id='word_1_186' title='bbox 50 1015 198 1054; x_wconf 65' lang='lat' dir='ltr'><strong>abacti</strong></span> <span class='ocrx_word' id='word_1_187' title='bbox 240 1024 281 1053; x_wconf 83' lang='lat' dir='ltr'><strong>et</strong></span> <span class='ocrx_word' id='word_1_188' title='bbox 323 1015 510 1052; x_wconf 86' lang='lat' dir='ltr'><strong>humiliati</strong></span> <span class='ocrx_word' id='word_1_189' title='bbox 549 1015 589 1052; x_wconf 90' lang='lat' dir='ltr'><strong>in</strong></span> <span class='ocrx_word' id='word_1_190' title='bbox 631 1014 856 1064; x_wconf 77' lang='lat' dir='ltr'><strong>obsequium</strong></span> <span class='ocrx_word' id='word_1_191' title='bbox 897 1016 1053 1065; x_wconf 88' lang='lat' dir='ltr'><strong>spiritus</strong></span> 
     </span>
     <span class='ocr_line' id='line_1_31' title="bbox 49 1072 1053 1124; baseline -0.002 -12"><span class='ocrx_word' id='word_1_192' title='bbox 49 1073 238 1113; x_wconf 61' lang='lat' dir='ltr'><strong>mumi-</strong></span> <span class='ocrx_word' id='word_1_193' title='bbox 272 1074 504 1112; x_wconf 82' lang='lat' dir='ltr'><strong>oonformari</strong></span> <span class='ocrx_word' id='word_1_194' title='bbox 532 1074 589 1119; x_wconf 83' lang='lat' dir='ltr'><strong>ei,</strong></span> <span class='ocrx_word' id='word_1_195' title='bbox 616 1082 657 1111; x_wconf 92' lang='lat' dir='ltr'><strong>et</strong></span> <span class='ocrx_word' id='word_1_196' title='bbox 687 1074 727 1110; x_wconf 91' lang='lat' dir='ltr'><strong>in</strong></span> <span class='ocrx_word' id='word_1_197' title='bbox 757 1072 898 1110; x_wconf 87' lang='lat' dir='ltr'><strong>laboris</strong></span> <span class='ocrx_word' id='word_1_198' title='bbox 933 1075 1053 1124; x_wconf 87' lang='lat' dir='ltr'><strong>parti-</strong></span> 
     </span>
     <span class='ocr_line' id='line_1_32' title="bbox 50 1133 1046 1184; baseline -0.002 -12"><span class='ocrx_word' id='word_1_199' title='bbox 50 1133 259 1184; x_wconf 73' lang='lat' dir='ltr'><strong>dpatione,</strong></span> <span class='ocrx_word' id='word_1_200' title='bbox 292 1142 332 1170; x_wconf 86' lang='lat' dir='ltr'><strong>et</strong></span> <span class='ocrx_word' id='word_1_201' title='bbox 369 1133 411 1170; x_wconf 91' lang='lat' dir='ltr'><strong>in</strong></span> <span class='ocrx_word' id='word_1_202' title='bbox 447 1134 719 1171; x_wconf 72' lang='lat' dir='ltr'><strong>consolationis</strong></span> <span class='ocrx_word' id='word_1_203' title='bbox 751 1134 1046 1184; x_wconf 69' lang='lat' dir='ltr'><strong>exspectatione.</strong></span> 
     </span>
     <span class='ocr_line' id='line_1_33' title="bbox 52 1193 1048 1243; baseline 0 -13"><span class='ocrx_word' id='word_1_204' title='bbox 52 1193 284 1235; x_wconf 71' lang='lat' dir='ltr'><strong>Exonlinan</strong></span> <span class='ocrx_word' id='word_1_205' title='bbox 312 1193 416 1230; x_wconf 86' lang='lat' dir='ltr'><strong>enim</strong></span> <span class='ocrx_word' id='word_1_206' title='bbox 447 1201 582 1230; x_wconf 80' lang='lat' dir='ltr'><strong>natura</strong></span> <span class='ocrx_word' id='word_1_207' title='bbox 614 1206 685 1243; x_wconf 88' lang='lat' dir='ltr'><strong>per</strong></span> <span class='ocrx_word' id='word_1_208' title='bbox 714 1202 929 1243; x_wconf 79' lang='lat' dir='ltr'><strong>peccatum,</strong></span> <span class='ocrx_word' id='word_1_209' title='bbox 956 1201 996 1230; x_wconf 93' lang='lat' dir='ltr'><strong>et</strong></span> <span class='ocrx_word' id='word_1_210' title='bbox 1027 1207 1048 1230; x_wconf 84' lang='lat' dir='ltr'><strong>a</strong></span> 
     </span>
     <span class='ocr_line' id='line_1_34' title="bbox 49 1251 1048 1299; baseline -0.001 -9"><span class='ocrx_word' id='word_1_211' title='bbox 49 1251 281 1290; x_wconf 75' lang='lat' dir='ltr'><strong>conditionis</strong></span> <span class='ocrx_word' id='word_1_212' title='bbox 310 1265 390 1290; x_wconf 81' lang='lat' dir='ltr'><strong>snae</strong></span> <span class='ocrx_word' id='word_1_213' title='bbox 419 1252 646 1290; x_wconf 75' lang='lat' dir='ltr'><strong>rectimdine</strong></span> <span class='ocrx_word' id='word_1_214' title='bbox 677 1251 915 1299; x_wconf 69' lang='lat' dir='ltr'><strong>exorbitans,</strong></span> <span class='ocrx_word' id='word_1_215' title='bbox 942 1253 974 1290; x_wconf 86' lang='lat' dir='ltr'><strong>si</strong></span> <span class='ocrx_word' id='word_1_216' title='bbox 1000 1252 1048 1289; x_wconf 85' lang='lat' dir='ltr'><strong>ad</strong></span> 
     </span>
     <span class='ocr_line' id='line_1_35' title="bbox 49 1311 1049 1362; baseline 0.001 -14"><span class='ocrx_word' id='word_1_217' title='bbox 49 1313 173 1348; x_wconf 72' lang='lat' dir='ltr'><strong>Dum</strong></span> <span class='ocrx_word' id='word_1_218' title='bbox 189 1311 304 1349; x_wconf 79' lang='lat' dir='ltr'><strong>fuerit</strong></span> <span class='ocrx_word' id='word_1_219' title='bbox 316 1324 520 1357; x_wconf 68' lang='lat' dir='ltr'><strong>conversa,</strong></span> <span class='ocrx_word' id='word_1_220' title='bbox 538 1320 738 1362; x_wconf 75' lang='lat' dir='ltr'><strong>remperat</strong></span> <span class='ocrx_word' id='word_1_221' title='bbox 754 1312 830 1348; x_wconf 87' lang='lat' dir='ltr'><strong>cito</strong></span> <span class='ocrx_word' id='word_1_222' title='bbox 845 1325 918 1362; x_wconf 90' lang='lat' dir='ltr'><strong>pro</strong></span> <span class='ocrx_word' id='word_1_223' title='bbox 934 1311 1049 1349; x_wconf 89' lang='lat' dir='ltr'><strong>modo</strong></span> 
     </span>
     <span class='ocr_line' id='line_1_36' title="bbox 50 1370 1048 1421; baseline 0 -13"><span class='ocrx_word' id='word_1_224' title='bbox 50 1370 675 1421; x_wconf 73' lang='lat' dir='ltr'><strong>timot-isetamorisquemhabet</strong></span> <span class='ocrx_word' id='word_1_225' title='bbox 698 1371 747 1408; x_wconf 88' lang='lat' dir='ltr'><strong>ad</strong></span> <span class='ocrx_word' id='word_1_226' title='bbox 773 1375 917 1415; x_wconf 87' lang='lat' dir='ltr'><strong>Deum,</strong></span> <span class='ocrx_word' id='word_1_227' title='bbox 939 1385 1048 1421; x_wconf 76' lang='lat' dir='ltr'><strong>quae-</strong></span> 
     </span>
     <span class='ocr_line' id='line_1_37' title="bbox 48 1429 1050 1481; baseline 0 -13"><span class='ocrx_word' id='word_1_228' title='bbox 48 1442 216 1480; x_wconf 67' lang='lat' dir='ltr'><strong>amque</strong></span> <span class='ocrx_word' id='word_1_229' title='bbox 227 1429 395 1481; x_wconf 75' lang='lat' dir='ltr'><strong>perdidit</strong></span> <span class='ocrx_word' id='word_1_230' title='bbox 408 1442 543 1467; x_wconf 67' lang='lat' dir='ltr'><strong>aversa</strong></span> <span class='ocrx_word' id='word_1_231' title='bbox 558 1444 568 1466; x_wconf 92' lang='lat'>:</span> <span class='ocrx_word' id='word_1_232' title='bbox 581 1438 621 1466; x_wconf 87' lang='lat' dir='ltr'><strong>et</strong></span> <span class='ocrx_word' id='word_1_233' title='bbox 634 1429 701 1466; x_wconf 84' lang='lat' dir='ltr'><strong>ubi</strong></span> <span class='ocrx_word' id='word_1_234' title='bbox 719 1430 877 1479; x_wconf 79' lang='lat' dir='ltr'><strong>coepen‘t</strong></span> <span class='ocrx_word' id='word_1_235' title='bbox 895 1431 1050 1479; x_wconf 85' lang='lat' dir='ltr'><strong>spiritus</strong></span> 
     </span>
     <span class='ocr_line' id='line_1_38' title="bbox 50 1485 1048 1538; baseline 0 -12"><span class='ocrx_word' id='word_1_236' title='bbox 50 1489 248 1526; x_wconf 67' lang='lat' dir='ltr'><strong>testu-mari</strong></span> <span class='ocrx_word' id='word_1_237' title='bbox 278 1489 327 1526; x_wconf 87' lang='lat' dir='ltr'><strong>ad</strong></span> <span class='ocrx_word' id='word_1_238' title='bbox 366 1489 569 1538; x_wconf 81' lang='lat' dir='ltr'><strong>imaginem</strong></span> <span class='ocrx_word' id='word_1_239' title='bbox 606 1488 819 1526; x_wconf 79' lang='lat' dir='ltr'><strong>conditoris</strong></span> <span class='ocrx_word' id='word_1_240' title='bbox 846 1489 934 1534; x_wconf 82' lang='lat' dir='ltr'><strong>sui,‘</strong></span> <span class='ocrx_word' id='word_1_241' title='bbox 958 1485 1048 1526; x_wconf 59' lang='lat' dir='ltr'><strong>mo&#39;x</strong></span> 
     </span>
     <span class='ocr_line' id='line_1_39' title="bbox 48 1547 1050 1597; baseline 0 -13"><span class='ocrx_word' id='word_1_242' title='bbox 48 1547 165 1584; x_wconf 85' lang='lat' dir='ltr'><strong>etiam</strong></span> <span class='ocrx_word' id='word_1_243' title='bbox 184 1547 432 1585; x_wconf 62' lang='lat' dir='ltr'><strong>oeflomoens</strong></span> <span class='ocrx_word' id='word_1_244' title='bbox 448 1560 539 1584; x_wconf 71' lang='lat' dir='ltr'><strong>mm</strong></span> <span class='ocrx_word' id='word_1_245' title='bbox 556 1561 603 1584; x_wconf 80' lang='lat' dir='ltr'><strong>ex</strong></span> <span class='ocrx_word' id='word_1_246' title='bbox 623 1548 819 1584; x_wconf 75' lang='lat' dir='ltr'><strong>voluntate</strong></span> <span class='ocrx_word' id='word_1_247' title='bbox 835 1560 901 1584; x_wconf 89' lang='lat' dir='ltr'><strong>sua</strong></span> <span class='ocrx_word' id='word_1_248' title='bbox 916 1548 1050 1597; x_wconf 84' lang='lat' dir='ltr'><strong>incipit</strong></span> 
     </span>
     <span class='ocr_line' id='line_1_40' title="bbox 48 1607 1048 1656; baseline -0.001 -11"><span class='ocrx_word' id='word_1_249' title='bbox 48 1608 275 1645; x_wconf 66' lang='lat' dir='ltr'><strong>mnbrmari</strong></span> <span class='ocrx_word' id='word_1_250' title='bbox 304 1608 512 1645; x_wconf 78' lang='lat' dir='ltr'><strong>reformato</strong></span> <span class='ocrx_word' id='word_1_251' title='bbox 541 1607 706 1656; x_wconf 85' lang='lat' dir='ltr'><strong>spiritui.</strong></span> <span class='ocrx_word' id='word_1_252' title='bbox 726 1609 821 1643; x_wconf 67' lang='lat' dir='ltr'><strong>Nam</strong></span> <span class='ocrx_word' id='word_1_253' title='bbox 846 1614 887 1643; x_wconf 91' lang='lat' dir='ltr'><strong>et</strong></span> <span class='ocrx_word' id='word_1_254' title='bbox 914 1615 1048 1644; x_wconf 79' lang='lat' dir='ltr'><strong>eontra</strong></span> 
     </span>
     <span class='ocr_line' id='line_1_41' title="bbox 48 1665 1047 1716; baseline -0.002 -12"><span class='ocrx_word' id='word_1_255' title='bbox 48 1679 201 1704; x_wconf 71' lang='lat' dir='ltr'><strong>sennim</strong></span> <span class='ocrx_word' id='word_1_256' title='bbox 228 1679 340 1704; x_wconf 83' lang='lat' dir='ltr'><strong>snum</strong></span> <span class='ocrx_word' id='word_1_257' title='bbox 368 1667 503 1716; x_wconf 86' lang='lat' dir='ltr'><strong>incipit</strong></span> <span class='ocrx_word' id='word_1_258' title='bbox 530 1679 612 1703; x_wconf 70' lang='lat' dir='ltr'><strong>eam</strong></span> <span class='ocrx_word' id='word_1_259' title='bbox 644 1665 832 1703; x_wconf 78' lang='lat' dir='ltr'><strong>delectare</strong></span> <span class='ocrx_word' id='word_1_260' title='bbox 858 1665 1047 1716; x_wconf 84' lang='lat' dir='ltr'><strong>quidquid</strong></span> 
     </span>
    </p>
   </div>
   <div class='ocr_carea' id='block_1_10' title="bbox 47 1724 1095 1777">
    <p class='ocr_par' dir='ltr' id='par_1_11' title="bbox 47 1724 1095 1777">
     <span class='ocr_line' id='line_1_42' title="bbox 47 1724 1095 1777; baseline -0.003 -13"><span class='ocrx_word' id='word_1_261' title='bbox 47 1726 208 1764; x_wconf 72' lang='lat' dir='ltr'><strong>delectat</strong></span> <span class='ocrx_word' id='word_1_262' title='bbox 233 1727 410 1777; x_wconf 83' lang='lat' dir='ltr'><strong>spiritum</strong></span> <span class='ocrx_word' id='word_1_263' title='bbox 437 1739 562 1763; x_wconf 88' lang='lat' dir='ltr'><strong>suum.</strong></span> <span class='ocrx_word' id='word_1_264' title='bbox 581 1729 745 1776; x_wconf 85' lang='lat' dir='ltr'><strong>Insuper</strong></span> <span class='ocrx_word' id='word_1_265' title='bbox 764 1733 803 1762; x_wconf 91' lang='lat' dir='ltr'><strong>et</strong></span> <span class='ocrx_word' id='word_1_266' title='bbox 826 1738 897 1775; x_wconf 90' lang='lat' dir='ltr'><strong>pro</strong></span> <span class='ocrx_word' id='word_1_267' title='bbox 916 1726 1047 1762; x_wconf 76' lang='lat' dir='ltr'><strong>multi—</strong></span> <span class='ocrx_word' id='word_1_268' title='bbox 1066 1724 1095 1760; x_wconf 88' lang='lat' dir='ltr'>C</span> 
     </span>
    </p>
   </div>
   <div class='ocr_carea' id='block_1_11' title="bbox 42 1785 1049 2484">
    <p class='ocr_par' dir='ltr' id='par_1_12' title="bbox 42 1785 1049 2484">
     <span class='ocr_line' id='line_1_43' title="bbox 48 1785 1049 1836; baseline -0.002 -12"><span class='ocrx_word' id='word_1_269' title='bbox 48 1786 139 1836; x_wconf 73' lang='lat' dir='ltr'><strong>plin&#39;</strong></span> <span class='ocrx_word' id='word_1_270' title='bbox 160 1786 311 1823; x_wconf 77' lang='lat' dir='ltr'><strong>defectu</strong></span> <span class='ocrx_word' id='word_1_271' title='bbox 329 1799 400 1823; x_wconf 87' lang='lat' dir='ltr'><strong>suo</strong></span> <span class='ocrx_word' id='word_1_272' title='bbox 417 1799 466 1823; x_wconf 82' lang='lat' dir='ltr'><strong>ex</strong></span> <span class='ocrx_word' id='word_1_273' title='bbox 486 1799 602 1835; x_wconf 90' lang='lat' dir='ltr'><strong>poena</strong></span> <span class='ocrx_word' id='word_1_274' title='bbox 624 1786 768 1836; x_wconf 67' lang='lat' dir='ltr'><strong>peccati</strong></span> <span class='ocrx_word' id='word_1_275' title='bbox 789 1785 1049 1835; x_wconf 86' lang='lat' dir='ltr'><strong>multipliciter</strong></span> 
     </span>
     <span class='ocr_line' id='line_1_44' title="bbox 47 1844 1049 1894; baseline -0.001 -12"><span class='ocrx_word' id='word_1_276' title='bbox 47 1845 178 1882; x_wconf 75' lang='lat' dir='ltr'><strong>sitiens</strong></span> <span class='ocrx_word' id='word_1_277' title='bbox 194 1844 244 1882; x_wconf 80' lang='lat' dir='ltr'><strong>ad</strong></span> <span class='ocrx_word' id='word_1_278' title='bbox 260 1848 406 1890; x_wconf 85' lang='lat' dir='ltr'><strong>Deum,</strong></span> <span class='ocrx_word' id='word_1_279' title='bbox 425 1857 703 1894; x_wconf 88' lang='lat' dir='ltr'><strong>nonnunquam</strong></span> <span class='ocrx_word' id='word_1_280' title='bbox 722 1845 835 1881; x_wconf 86' lang='lat' dir='ltr'><strong>etiam</strong></span> <span class='ocrx_word' id='word_1_281' title='bbox 853 1844 1049 1882; x_wconf 75' lang='lat' dir='ltr'><strong>contendit</strong></span> 
     </span>
     <span class='ocr_line' id='line_1_45' title="bbox 47 1903 1046 1954; baseline -0.001 -13"><span class='ocrx_word' id='word_1_282' title='bbox 47 1903 263 1954; x_wconf 64' lang='grc' dir='ltr'><strong>,ιη-παίετε</strong></span> <span class='ocrx_word' id='word_1_283' title='bbox 289 1912 476 1941; x_wconf 71' lang='lat' dir='ltr'><strong>rectum</strong></span> <span class='ocrx_word' id='word_1_284' title='bbox 501 1916 627 1941; x_wconf 86' lang='lat' dir='ltr'><strong>suum.</strong></span> <span class='ocrx_word' id='word_1_285' title='bbox 648 1904 926 1941; x_wconf 65' lang='lat' dir='ltr'><strong>Delectationae</strong></span> <span class='ocrx_word' id='word_1_286' title='bbox 944 1904 1046 1941; x_wconf 87' lang='lat' dir='ltr'><strong>enim</strong></span> 
     </span>
     <span class='ocr_line' id='line_1_46' title="bbox 47 1962 1049 2012; baseline -0.001 -12"><span class='ocrx_word' id='word_1_287' title='bbox 47 1974 129 2000; x_wconf 83' lang='lat' dir='ltr'><strong>non</strong></span> <span class='ocrx_word' id='word_1_288' title='bbox 144 1962 356 2012; x_wconf 78' lang='lat' dir='ltr'><strong>perdimus,</strong></span> <span class='ocrx_word' id='word_1_289' title='bbox 372 1962 439 2000; x_wconf 84' lang='lat' dir='ltr'><strong>sed</strong></span> <span class='ocrx_word' id='word_1_290' title='bbox 457 1971 648 2000; x_wconf 86' lang='lat' dir='ltr'><strong>mutamus</strong></span> <span class='ocrx_word' id='word_1_291' title='bbox 670 1975 693 1999; x_wconf 92' lang='lat' dir='ltr'><strong>a</strong></span> <span class='ocrx_word' id='word_1_292' title='bbox 715 1975 879 2012; x_wconf 77' lang='lat' dir='ltr'><strong>corpote</strong></span> <span class='ocrx_word' id='word_1_293' title='bbox 899 1962 948 1999; x_wconf 89' lang='lat' dir='ltr'><strong>ad</strong></span> <span class='ocrx_word' id='word_1_294' title='bbox 964 1963 1049 2000; x_wconf 82' lang='lat' dir='ltr'><strong>ani-</strong></span> 
     </span>
     <span class='ocr_line' id='line_1_47' title="bbox 47 2021 1037 2067; baseline 0.001 -9"><span class='ocrx_word' id='word_1_295' title='bbox 47 2035 176 2067; x_wconf 71' lang='lat' dir='ltr'><strong>mum,</strong></span> <span class='ocrx_word' id='word_1_296' title='bbox 189 2034 214 2059; x_wconf 83' lang='lat' dir='ltr'><strong>a</strong></span> <span class='ocrx_word' id='word_1_297' title='bbox 229 2021 404 2060; x_wconf 68' lang='lat' dir='ltr'><strong>sensibm</strong></span> <span class='ocrx_word' id='word_1_298' title='bbox 419 2022 469 2059; x_wconf 85' lang='lat' dir='ltr'><strong>ad</strong></span> <span class='ocrx_word' id='word_1_299' title='bbox 488 2022 768 2059; x_wconf 76' lang='lat' dir='ltr'><strong>conscientiam.</strong></span> <span class='ocrx_word' id='word_1_300' title='bbox 788 2022 902 2059; x_wconf 88' lang='lat' dir='ltr'><strong>Panis</strong></span> <span class='ocrx_word' id='word_1_301' title='bbox 921 2023 1037 2059; x_wconf 86' lang='lat' dir='ltr'><strong>fursu-</strong></span> 
     </span>
     <span class='ocr_line' id='line_1_48' title="bbox 48 2079 1043 2131; baseline 0 -13"><span class='ocrx_word' id='word_1_302' title='bbox 48 2094 156 2126; x_wconf 72' lang='lat' dir='ltr'><strong>mis,</strong></span> <span class='ocrx_word' id='word_1_303' title='bbox 178 2089 219 2118; x_wconf 87' lang='lat' dir='ltr'><strong>et</strong></span> <span class='ocrx_word' id='word_1_304' title='bbox 239 2081 401 2131; x_wconf 79' lang='lat' dir='ltr'><strong>simplex</strong></span> <span class='ocrx_word' id='word_1_305' title='bbox 425 2094 545 2131; x_wconf 87' lang='lat' dir='ltr'><strong>aqna,</strong></span> <span class='ocrx_word' id='word_1_306' title='bbox 571 2089 611 2118; x_wconf 86' lang='lat' dir='ltr'><strong>et</strong></span> <span class='ocrx_word' id='word_1_307' title='bbox 637 2079 762 2127; x_wconf 83' lang='lat' dir='ltr'><strong>olera,</strong></span> <span class='ocrx_word' id='word_1_308' title='bbox 788 2090 827 2118; x_wconf 90' lang='lat' dir='ltr'><strong>et</strong></span> <span class='ocrx_word' id='word_1_309' title='bbox 855 2081 1043 2130; x_wconf 78' lang='lat' dir='ltr'><strong>legumina</strong></span> 
     </span>
     <span class='ocr_line' id='line_1_49' title="bbox 47 2139 1040 2190; baseline -0.003 -11"><span class='ocrx_word' id='word_1_310' title='bbox 47 2140 249 2190; x_wconf 74' lang='lat' dir='ltr'><strong>sinplim,</strong></span> <span class='ocrx_word' id='word_1_311' title='bbox 280 2153 517 2190; x_wconf 82' lang='lat' dir='ltr'><strong>nequaqnam</strong></span> <span class='ocrx_word' id='word_1_312' title='bbox 549 2153 609 2178; x_wconf 62' lang='lat' dir='ltr'><strong>res</strong></span> <span class='ocrx_word' id='word_1_313' title='bbox 639 2139 882 2178; x_wconf 79' lang='lat' dir='ltr'><strong>delectabiles</strong></span> <span class='ocrx_word' id='word_1_314' title='bbox 912 2149 1000 2177; x_wconf 88' lang='lat' dir='ltr'><strong>sunt</strong></span> <span class='ocrx_word' id='word_1_315' title='bbox 1031 2155 1040 2176; x_wconf 82' lang='lat' dir='ltr'>z</span> 
     </span>
     <span class='ocr_line' id='line_1_50' title="bbox 45 2199 1045 2243; baseline 0.001 -7"><span class='ocrx_word' id='word_1_316' title='bbox 45 2199 116 2236; x_wconf 79' lang='lat' dir='ltr'><strong>sed</strong></span> <span class='ocrx_word' id='word_1_317' title='bbox 145 2199 186 2236; x_wconf 86' lang='lat' dir='ltr'><strong>in</strong></span> <span class='ocrx_word' id='word_1_318' title='bbox 218 2211 349 2236; x_wconf 71' lang='lat' dir='ltr'><strong>amore</strong></span> <span class='ocrx_word' id='word_1_319' title='bbox 384 2199 543 2243; x_wconf 67' lang='lat' dir='ltr'><strong>utristi,</strong></span> <span class='ocrx_word' id='word_1_320' title='bbox 581 2208 621 2236; x_wconf 91' lang='lat' dir='ltr'><strong>et</strong></span> <span class='ocrx_word' id='word_1_321' title='bbox 656 2199 848 2236; x_wconf 80' lang='lat' dir='ltr'><strong>desiderio</strong></span> <span class='ocrx_word' id='word_1_322' title='bbox 886 2201 1045 2237; x_wconf 76' lang='lat' dir='ltr'><strong>internae</strong></span> 
     </span>
     <span class='ocr_line' id='line_1_51' title="bbox 46 2250 1045 2309; baseline -0.001 -13"><span class='ocrx_word' id='word_1_323' title='bbox 46 2250 324 2303; x_wconf 48' lang='lat' dir='ltr'><strong>&amp;ledat-ionis,</strong></span> <span class='ocrx_word' id='word_1_324' title='bbox 354 2258 479 2295; x_wconf 70' lang='lat' dir='ltr'><strong>ventri</strong></span> <span class='ocrx_word' id='word_1_325' title='bbox 511 2257 610 2295; x_wconf 89' lang='lat' dir='ltr'><strong>bene</strong></span> <span class='ocrx_word' id='word_1_326' title='bbox 637 2259 865 2307; x_wconf 79' lang='lat' dir='ltr'><strong>morigerato</strong></span> <span class='ocrx_word' id='word_1_327' title='bbox 889 2268 1045 2309; x_wconf 81' lang='lat' dir='ltr'><strong>gratan—</strong></span> 
     </span>
     <span class='ocr_line' id='line_1_52' title="bbox 46 2317 1046 2368; baseline 0 -13"><span class='ocrx_word' id='word_1_328' title='bbox 46 2325 107 2355; x_wconf 78' lang='lat' dir='ltr'><strong>ter</strong></span> <span class='ocrx_word' id='word_1_329' title='bbox 128 2330 177 2355; x_wconf 84' lang='lat' dir='ltr'><strong>ex</strong></span> <span class='ocrx_word' id='word_1_330' title='bbox 200 2317 260 2356; x_wconf 77' lang='lat' dir='ltr'><strong>his</strong></span> <span class='ocrx_word' id='word_1_331' title='bbox 280 2318 494 2356; x_wconf 78' lang='lat' dir='ltr'><strong>satisfacere</strong></span> <span class='ocrx_word' id='word_1_332' title='bbox 521 2331 654 2368; x_wconf 85' lang='lat' dir='ltr'><strong>posse,</strong></span> <span class='ocrx_word' id='word_1_333' title='bbox 684 2318 796 2355; x_wconf 76' lang='lat' dir='ltr'><strong>valde</strong></span> <span class='ocrx_word' id='word_1_334' title='bbox 825 2318 1046 2355; x_wconf 84' lang='lat' dir='ltr'><strong>delectabile</strong></span> 
     </span>
     <span class='ocr_line' id='line_1_53' title="bbox 44 2377 1045 2428; baseline 0.001 -14"><span class='ocrx_word' id='word_1_335' title='bbox 44 2384 115 2414; x_wconf 67' lang='lat' dir='ltr'><strong>en.</strong></span> <span class='ocrx_word' id='word_1_336' title='bbox 130 2379 234 2426; x_wconf 81' lang='lat' dir='ltr'><strong>Quot</strong></span> <span class='ocrx_word' id='word_1_337' title='bbox 251 2377 368 2414; x_wconf 84' lang='lat' dir='ltr'><strong>millia</strong></span> <span class='ocrx_word' id='word_1_338' title='bbox 395 2390 609 2428; x_wconf 88' lang='lat' dir='ltr'><strong>pauperum</strong></span> <span class='ocrx_word' id='word_1_339' title='bbox 636 2391 685 2415; x_wconf 80' lang='lat' dir='ltr'><strong>ex</strong></span> <span class='ocrx_word' id='word_1_340' title='bbox 711 2377 794 2423; x_wconf 85' lang='lat' dir='ltr'><strong>his,</strong></span> <span class='ocrx_word' id='word_1_341' title='bbox 821 2378 882 2415; x_wconf 65' lang='lat' dir='ltr'><strong>rel</strong></span> <span class='ocrx_word' id='word_1_342' title='bbox 906 2391 953 2415; x_wconf 85' lang='lat' dir='ltr'><strong>ex</strong></span> <span class='ocrx_word' id='word_1_343' title='bbox 973 2378 1045 2415; x_wconf 87' lang='lat' dir='ltr'><strong>ali·</strong></span> 
     </span>
     <span class='ocr_line' id='line_1_54' title="bbox 42 2435 1047 2484; baseline 0.001 -11"><span class='ocrx_word' id='word_1_344' title='bbox 42 2447 124 2484; x_wconf 71' lang='lat' dir='ltr'><strong>qm</strong></span> <span class='ocrx_word' id='word_1_345' title='bbox 146 2435 284 2474; x_wconf 74' lang='lat' dir='ltr'><strong>hnmm</strong></span> <span class='ocrx_word' id='word_1_346' title='bbox 310 2435 587 2474; x_wconf 79' lang='lat' dir='ltr'><strong>delectabiliter</strong></span> <span class='ocrx_word' id='word_1_347' title='bbox 612 2437 846 2474; x_wconf 74' lang='lat' dir='ltr'><strong>satisfaciunt</strong></span> <span class='ocrx_word' id='word_1_348' title='bbox 870 2446 1039 2474; x_wconf 81' lang='lat' dir='ltr'><strong>naturae.</strong></span> <span class='ocrx_word' id='word_1_349' title='bbox 1031 2439 1047 2462; x_wconf 76' lang='lat'>³</span> 
     </span>
    </p>
   </div>
   <div class='ocr_carea' id='block_1_12' title="bbox 45 2494 1098 2546">
    <p class='ocr_par' dir='ltr' id='par_1_13' title="bbox 45 2494 1098 2546">
     <span class='ocr_line' id='line_1_55' title="bbox 45 2494 1098 2546; baseline 0.002 -14"><span class='ocrx_word' id='word_1_350' title='bbox 45 2494 274 2532; x_wconf 62' lang='lat' dir='ltr'><strong>huilli-um</strong></span> <span class='ocrx_word' id='word_1_351' title='bbox 294 2496 438 2546; x_wconf 86' lang='lat' dir='ltr'><strong>qnippe</strong></span> <span class='ocrx_word' id='word_1_352' title='bbox 470 2504 510 2533; x_wconf 86' lang='lat' dir='ltr'><strong>et</strong></span> <span class='ocrx_word' id='word_1_353' title='bbox 538 2495 761 2534; x_wconf 82' lang='lat' dir='ltr'><strong>delectabile</strong></span> <span class='ocrx_word' id='word_1_354' title='bbox 788 2506 887 2534; x_wconf 71' lang='lat' dir='ltr'><strong>aeset</strong></span> <span class='ocrx_word' id='word_1_355' title='bbox 906 2496 1044 2546; x_wconf 82' lang='lat' dir='ltr'><strong>adjun-</strong></span> <span class='ocrx_word' id='word_1_356' title='bbox 1064 2499 1098 2534; x_wconf 91' lang='lat' dir='ltr'><strong>D</strong></span> 
     </span>
    </p>
   </div>
   <div class='ocr_carea' id='block_1_13' title="bbox 42 2554 1046 3139">
    <p class='ocr_par' dir='ltr' id='par_1_14' title="bbox 42 2554 1046 3016">
     <span class='ocr_line' id='line_1_56' title="bbox 43 2554 1044 2594; baseline 0.002 -2"><span class='ocrx_word' id='word_1_357' title='bbox 43 2562 108 2591; x_wconf 65' lang='lat' dir='ltr'><strong>do</strong></span> <span class='ocrx_word' id='word_1_358' title='bbox 122 2555 264 2592; x_wconf 78' lang='lat' dir='ltr'><strong>amoris</strong></span> <span class='ocrx_word' id='word_1_359' title='bbox 287 2554 359 2592; x_wconf 83' lang='lat' dir='ltr'><strong>Dei</strong></span> <span class='ocrx_word' id='word_1_360' title='bbox 384 2555 631 2593; x_wconf 79' lang='lat' dir='ltr'><strong>condimento</strong></span> <span class='ocrx_word' id='word_1_361' title='bbox 648 2556 856 2594; x_wconf 79' lang='lat' dir='ltr'><strong>secundum</strong></span> <span class='ocrx_word' id='word_1_362' title='bbox 872 2565 1044 2594; x_wconf 79' lang='lat' dir='ltr'><strong>nauiram</strong></span> 
     </span>
     <span class='ocr_line' id='line_1_57' title="bbox 45 2613 1042 2666; baseline 0.001 -15"><span class='ocrx_word' id='word_1_363' title='bbox 45 2613 202 2659; x_wconf 64' lang='lat' dir='ltr'><strong>vivae,</strong></span> <span class='ocrx_word' id='word_1_364' title='bbox 232 2614 265 2652; x_wconf 76' lang='lat' dir='ltr'><strong>si</strong></span> <span class='ocrx_word' id='word_1_365' title='bbox 300 2614 446 2651; x_wconf 85' lang='lat' dir='ltr'><strong>insania</strong></span> <span class='ocrx_word' id='word_1_366' title='bbox 477 2623 607 2652; x_wconf 83' lang='lat' dir='ltr'><strong>nostra</strong></span> <span class='ocrx_word' id='word_1_367' title='bbox 649 2628 721 2653; x_wconf 90' lang='lat' dir='ltr'><strong>nos</strong></span> <span class='ocrx_word' id='word_1_368' title='bbox 761 2617 1042 2666; x_wconf 69' lang='lat' dir='ltr'><strong>permitteret:</strong></span> 
     </span>
     <span class='ocr_line' id='line_1_58' title="bbox 42 2674 1040 2722; baseline 0 -11"><span class='ocrx_word' id='word_1_369' title='bbox 42 2681 287 2722; x_wconf 60' lang='lat' dir='ltr'><strong>quinutu,</strong></span> <span class='ocrx_word' id='word_1_370' title='bbox 314 2674 442 2710; x_wconf 77' lang='lat' dir='ltr'><strong>statim</strong></span> <span class='ocrx_word' id='word_1_371' title='bbox 470 2675 708 2712; x_wconf 83' lang='lat' dir='ltr'><strong>naturalibus</strong></span> <span class='ocrx_word' id='word_1_372' title='bbox 735 2684 870 2713; x_wconf 85' lang='lat' dir='ltr'><strong>natura</strong></span> <span class='ocrx_word' id='word_1_373' title='bbox 884 2675 1040 2712; x_wconf 85' lang='lat' dir='ltr'><strong>arridet.</strong></span> 
     </span>
     <span class='ocr_line' id='line_1_59' title="bbox 45 2731 1045 2773; baseline 0.001 -3"><span class='ocrx_word' id='word_1_374' title='bbox 45 2731 189 2773; x_wconf 70' lang='lat' dir='ltr'><strong>noda·</strong></span> <span class='ocrx_word' id='word_1_375' title='bbox 219 2732 337 2770; x_wconf 85' lang='lat' dir='ltr'><strong>modo</strong></span> <span class='ocrx_word' id='word_1_376' title='bbox 374 2741 413 2770; x_wconf 90' lang='lat' dir='ltr'><strong>et</strong></span> <span class='ocrx_word' id='word_1_377' title='bbox 453 2733 502 2770; x_wconf 89' lang='lat' dir='ltr'><strong>de</strong></span> <span class='ocrx_word' id='word_1_378' title='bbox 539 2732 682 2770; x_wconf 77' lang='lat' dir='ltr'><strong>labore.</strong></span> <span class='ocrx_word' id='word_1_379' title='bbox 715 2735 894 2772; x_wconf 84' lang='lat' dir='ltr'><strong>Rusticus</strong></span> <span class='ocrx_word' id='word_1_380' title='bbox 927 2734 1045 2771; x_wconf 88' lang='lat' dir='ltr'><strong>duros</strong></span> 
     </span>
     <span class='ocr_line' id='line_1_60' title="bbox 43 2789 1046 2839; baseline 0.001 -10"><span class='ocrx_word' id='word_1_381' title='bbox 43 2789 160 2829; x_wconf 69' lang='lat' dir='ltr'><strong>hbet</strong></span> <span class='ocrx_word' id='word_1_382' title='bbox 186 2804 347 2839; x_wconf 74' lang='lat' dir='ltr'><strong>nervos,</strong></span> <span class='ocrx_word' id='word_1_383' title='bbox 375 2793 494 2830; x_wconf 79' lang='lat' dir='ltr'><strong>sortes</strong></span> <span class='ocrx_word' id='word_1_384' title='bbox 518 2793 679 2831; x_wconf 76' lang='lat' dir='ltr'><strong>lacertos</strong></span> <span class='ocrx_word' id='word_1_385' title='bbox 698 2795 945 2831; x_wconf 79' lang='lat' dir='ltr'><strong>:exercitatio</strong></span> <span class='ocrx_word' id='word_1_386' title='bbox 972 2794 1046 2830; x_wconf 83' lang='lat' dir='ltr'><strong>boc</strong></span> 
     </span>
     <span class='ocr_line' id='line_1_61' title="bbox 43 2851 1045 2902; baseline 0.002 -14"><span class='ocrx_word' id='word_1_387' title='bbox 43 2851 145 2888; x_wconf 64' lang='lat' dir='ltr'><strong>hit.</strong></span> <span class='ocrx_word' id='word_1_388' title='bbox 181 2851 272 2890; x_wconf 83' lang='lat' dir='ltr'><strong>Sine</strong></span> <span class='ocrx_word' id='word_1_389' title='bbox 300 2864 390 2889; x_wconf 88' lang='lat' dir='ltr'><strong>eum</strong></span> <span class='ocrx_word' id='word_1_390' title='bbox 428 2861 602 2902; x_wconf 80' lang='lat' dir='ltr'><strong>torpere;</strong></span> <span class='ocrx_word' id='word_1_391' title='bbox 630 2853 826 2890; x_wconf 67' lang='lat' dir='ltr'><strong>mollescit.</strong></span> <span class='ocrx_word' id='word_1_392' title='bbox 859 2854 1045 2891; x_wconf 74' lang='lat' dir='ltr'><strong>Voluntas</strong></span> 
     </span>
     <span class='ocr_line' id='line_1_62' title="bbox 44 2909 1043 2957; baseline 0.003 -10"><span class='ocrx_word' id='word_1_393' title='bbox 44 2909 132 2947; x_wconf 68' lang='lat' dir='ltr'><strong>rasit</strong></span> <span class='ocrx_word' id='word_1_394' title='bbox 154 2923 284 2956; x_wconf 68' lang='lat' dir='ltr'><strong>tusum,</strong></span> <span class='ocrx_word' id='word_1_395' title='bbox 306 2924 399 2948; x_wconf 88' lang='lat' dir='ltr'><strong>usus</strong></span> <span class='ocrx_word' id='word_1_396' title='bbox 422 2911 665 2957; x_wconf 70' lang='lat' dir='ltr'><strong>exercitium,</strong></span> <span class='ocrx_word' id='word_1_397' title='bbox 690 2913 912 2949; x_wconf 79' lang='lat' dir='ltr'><strong>exercitium</strong></span> <span class='ocrx_word' id='word_1_398' title='bbox 943 2913 1043 2950; x_wconf 78' lang='lat' dir='ltr'><strong>vires</strong></span> 
     </span>
     <span class='ocr_line' id='line_1_63' title="bbox 44 2967 637 3016; baseline 0.005 -11"><span class='ocrx_word' id='word_1_399' title='bbox 44 2967 86 3005; x_wconf 75' lang='lat'><strong>‘-</strong></span> <span class='ocrx_word' id='word_1_400' title='bbox 99 2969 205 3006; x_wconf 74' lang='lat' dir='ltr'><strong>t-ni</strong></span> <span class='ocrx_word' id='word_1_401' title='bbox 216 2968 350 3016; x_wconf 83' lang='lat' dir='ltr'><strong>labore</strong></span> <span class='ocrx_word' id='word_1_402' title='bbox 363 2969 637 3009; x_wconf 80' lang='lat' dir='ltr'><strong>subministrat.</strong></span> 
     </span>
    </p>

    <p class='ocr_par' dir='ltr' id='par_1_15' title="bbox 48 3027 1044 3139">
     <span class='ocr_line' id='line_1_64' title="bbox 98 3027 1044 3081; baseline 0 -15"><span class='ocrx_word' id='word_1_403' title='bbox 98 3027 162 3066; x_wconf 63' lang='grc' dir='ltr'><strong>Μ.</strong></span> <span class='ocrx_word' id='word_1_404' title='bbox 188 3029 262 3066; x_wconf 78' lang='lat' dir='ltr'><strong>sed</strong></span> <span class='ocrx_word' id='word_1_405' title='bbox 294 3029 493 3068; x_wconf 64' lang='lat' dir='ltr'><strong>teduinus</strong></span> <span class='ocrx_word' id='word_1_406' title='bbox 515 3031 563 3068; x_wconf 83' lang='lat' dir='ltr'><strong>ad</strong></span> <span class='ocrx_word' id='word_1_407' title='bbox 589 3031 842 3081; x_wconf 82' lang='lat' dir='ltr'><strong>propositum.</strong></span> <span class='ocrx_word' id='word_1_408' title='bbox 861 3034 944 3068; x_wconf 81' lang='lat' dir='ltr'><strong>uoe</strong></span> <span class='ocrx_word' id='word_1_409' title='bbox 959 3044 1044 3067; x_wconf 87' lang='lat' dir='ltr'><strong>om·</strong></span> 
     </span>
     <span class='ocr_line' id='line_1_65' title="bbox 48 3086 1041 3139; baseline 0.004 -16"><span class='ocrx_word' id='word_1_410' title='bbox 48 3086 159 3125; x_wconf 77' lang='lat' dir='ltr'><strong>nibus</strong></span> <span class='ocrx_word' id='word_1_411' title='bbox 175 3088 297 3126; x_wconf 84' lang='lat' dir='ltr'><strong>modis</strong></span> <span class='ocrx_word' id='word_1_412' title='bbox 311 3098 419 3139; x_wconf 81' lang='lat' dir='ltr'><strong>agat,</strong></span> <span class='ocrx_word' id='word_1_413' title='bbox 435 3101 473 3127; x_wconf 88' lang='lat' dir='ltr'><strong>et</strong></span> <span class='ocrx_word' id='word_1_414' title='bbox 494 3089 613 3136; x_wconf 82' lang='lat' dir='ltr'><strong>labor,</strong></span> <span class='ocrx_word' id='word_1_415' title='bbox 637 3100 673 3127; x_wconf 85' lang='lat' dir='ltr'><strong>et</strong></span> <span class='ocrx_word' id='word_1_416' title='bbox 699 3090 819 3127; x_wconf 89' lang='lat' dir='ltr'><strong>otium</strong></span> <span class='ocrx_word' id='word_1_417' title='bbox 846 3099 1015 3128; x_wconf 87' lang='lat' dir='ltr'><strong>nostrum</strong></span> <span class='ocrx_word' id='word_1_418' title='bbox 1031 3118 1041 3134; x_wconf 84' lang='lat'>‚</span> 
     </span>
    </p>
   </div>
   <div class='ocr_carea' id='block_1_14' title="bbox 102 3214 367 3250">
    <p class='ocr_par' dir='ltr' id='par_1_16' title="bbox 102 3214 367 3250">
     <span class='ocr_line' id='line_1_66' title="bbox 102 3214 367 3250; baseline 0.019 -9"><span class='ocrx_word' id='word_1_419' title='bbox 102 3218 109 3230; x_wconf 83' lang='lat'><strong>¹</strong></span> <span class='ocrx_word' id='word_1_420' title='bbox 127 3214 218 3243; x_wconf 63' lang='lat' dir='ltr'><strong>nm·-</strong></span> <span class='ocrx_word' id='word_1_421' title='bbox 236 3218 367 3250; x_wconf 68' lang='lat' dir='ltr'><strong>n,19.</strong></span> 
     </span>
    </p>
   </div>
   <div class='ocr_carea' id='block_1_15' title="bbox 1110 1016 2118 2296">
    <p class='ocr_par' dir='ltr' id='par_1_17' title="bbox 1110 1016 2118 2296">
     <span class='ocr_line' id='line_1_67' title="bbox 1117 1016 2115 1062; baseline 0.002 -8"><span class='ocrx_word' id='word_1_422' title='bbox 1117 1017 1188 1055; x_wconf 88' lang='lat' dir='ltr'><strong>sibi</strong></span> <span class='ocrx_word' id='word_1_423' title='bbox 1214 1018 1326 1054; x_wconf 81' lang='lat' dir='ltr'><strong>faciat</strong></span> <span class='ocrx_word' id='word_1_424' title='bbox 1348 1025 1481 1054; x_wconf 76' lang='lat' dir='ltr'><strong>eontra</strong></span> <span class='ocrx_word' id='word_1_425' title='bbox 1507 1016 1788 1062; x_wconf 62' lang='lat' dir='ltr'><strong>necessitatem,</strong></span> <span class='ocrx_word' id='word_1_426' title='bbox 1812 1026 1849 1054; x_wconf 87' lang='lat' dir='ltr'><strong>et</strong></span> <span class='ocrx_word' id='word_1_427' title='bbox 1873 1019 2115 1056; x_wconf 87' lang='lat' dir='ltr'><strong>eonsuetudi-</strong></span> 
     </span>
     <span class='ocr_line' id='line_1_68' title="bbox 1117 1075 2116 1121; baseline 0 -7"><span class='ocrx_word' id='word_1_428' title='bbox 1117 1090 1204 1114; x_wconf 89' lang='lat' dir='ltr'><strong>nem</strong></span> <span class='ocrx_word' id='word_1_429' title='bbox 1233 1086 1367 1114; x_wconf 79' lang='lat' dir='ltr'><strong>eontra</strong></span> <span class='ocrx_word' id='word_1_430' title='bbox 1395 1075 1731 1121; x_wconf 78' lang='lat' dir='ltr'><strong>consuetudinem,</strong></span> <span class='ocrx_word' id='word_1_431' title='bbox 1759 1085 1797 1113; x_wconf 91' lang='lat' dir='ltr'><strong>et</strong></span> <span class='ocrx_word' id='word_1_432' title='bbox 1834 1077 2011 1114; x_wconf 78' lang='lat' dir='ltr'><strong>affectum</strong></span> <span class='ocrx_word' id='word_1_433' title='bbox 2044 1077 2116 1114; x_wconf 89' lang='lat' dir='ltr'><strong>sibi</strong></span> 
     </span>
     <span class='ocr_line' id='line_1_69' title="bbox 1115 1134 2118 1184; baseline 0.001 -12"><span class='ocrx_word' id='word_1_434' title='bbox 1115 1135 1254 1173; x_wconf 82' lang='lat' dir='ltr'><strong>formet</strong></span> <span class='ocrx_word' id='word_1_435' title='bbox 1266 1145 1398 1173; x_wconf 87' lang='lat' dir='ltr'><strong>contra</strong></span> <span class='ocrx_word' id='word_1_436' title='bbox 1414 1136 1612 1180; x_wconf 77' lang='lat' dir='ltr'><strong>affectum3</strong></span> <span class='ocrx_word' id='word_1_437' title='bbox 1629 1134 1751 1171; x_wconf 86' lang='lat' dir='ltr'><strong>donec</strong></span> <span class='ocrx_word' id='word_1_438' title='bbox 1765 1135 1915 1184; x_wconf 86' lang='lat' dir='ltr'><strong>plenius</strong></span> <span class='ocrx_word' id='word_1_439' title='bbox 1927 1148 2051 1172; x_wconf 84' lang='lat' dir='ltr'><strong>merea</strong></span> <span class='ocrx_word' id='word_1_440' title='bbox 2058 1145 2118 1173; x_wconf 89' lang='lat' dir='ltr'><strong>tur</strong></span> 
     </span>
     <span class='ocr_line' id='line_1_70' title="bbox 1115 1194 2113 1245; baseline -0.002 -13"><span class='ocrx_word' id='word_1_441' title='bbox 1115 1196 1285 1245; x_wconf 80' lang='lat' dir='ltr'><strong>accipere</strong></span> <span class='ocrx_word' id='word_1_442' title='bbox 1311 1195 1601 1232; x_wconf 86' lang='lat' dir='ltr'><strong>delectationem</strong></span> <span class='ocrx_word' id='word_1_443' title='bbox 1630 1202 1764 1230; x_wconf 85' lang='lat' dir='ltr'><strong>contra</strong></span> <span class='ocrx_word' id='word_1_444' title='bbox 1792 1194 2080 1232; x_wconf 87' lang='lat' dir='ltr'><strong>delectationem</strong></span> <span class='ocrx_word' id='word_1_445' title='bbox 2105 1210 2113 1230; x_wconf 80' lang='lat'>2</span> 
     </span>
     <span class='ocr_line' id='line_1_71' title="bbox 1114 1253 2114 1292; baseline 0 -2"><span class='ocrx_word' id='word_1_446' title='bbox 1114 1263 1156 1291; x_wconf 88' lang='lat' dir='ltr'><strong>ut</strong></span> <span class='ocrx_word' id='word_1_447' title='bbox 1185 1253 1501 1292; x_wconf 83' lang='lat' dir='ltr'><strong>delectationibus</strong></span> <span class='ocrx_word' id='word_1_448' title='bbox 1527 1253 1653 1290; x_wconf 88' lang='lat' dir='ltr'><strong>carnis</strong></span> <span class='ocrx_word' id='word_1_449' title='bbox 1679 1265 1723 1289; x_wconf 88' lang='lat' dir='ltr'><strong>ac</strong></span> <span class='ocrx_word' id='word_1_450' title='bbox 1750 1253 1878 1289; x_wconf 85' lang='lat' dir='ltr'><strong>saeculi</strong></span> <span class='ocrx_word' id='word_1_451' title='bbox 1905 1253 2114 1290; x_wconf 87' lang='lat' dir='ltr'><strong>secundum</strong></span> 
     </span>
     <span class='ocr_line' id='line_1_72' title="bbox 1113 1311 2115 1364; baseline -0.004 -12"><span class='ocrx_word' id='word_1_452' title='bbox 1113 1315 1314 1352; x_wconf 77' lang='lat' dir='ltr'><strong>eonsilium</strong></span> <span class='ocrx_word' id='word_1_453' title='bbox 1330 1314 1505 1364; x_wconf 77' lang='lat' dir='ltr'><strong>Apostoli</strong></span> <span class='ocrx_word' id='word_1_454' title='bbox 1528 1313 1659 1350; x_wconf 86' lang='lat' dir='ltr'><strong>saltem</strong></span> <span class='ocrx_word' id='word_1_455' title='bbox 1684 1320 1830 1349; x_wconf 90' lang='lat' dir='ltr'><strong>tantum</strong></span> <span class='ocrx_word' id='word_1_456' title='bbox 1847 1325 1935 1348; x_wconf 91' lang='lat' dir='ltr'><strong>eum</strong></span> <span class='ocrx_word' id='word_1_457' title='bbox 1954 1311 2115 1349; x_wconf 86' lang='lat' dir='ltr'><strong>delectet</strong></span> 
     </span>
     <span class='ocr_line' id='line_1_73' title="bbox 1113 1371 2116 1424; baseline -0.004 -12"><span class='ocrx_word' id='word_1_458' title='bbox 1113 1388 1263 1420; x_wconf 69' lang='lat' dir='ltr'><strong>mrem,</strong></span> <span class='ocrx_word' id='word_1_459' title='bbox 1290 1383 1476 1424; x_wconf 89' lang='lat' dir='ltr'><strong>quantum</strong></span> <span class='ocrx_word' id='word_1_460' title='bbox 1503 1385 1592 1410; x_wconf 90' lang='lat' dir='ltr'><strong>eum</strong></span> <span class='ocrx_word' id='word_1_461' title='bbox 1621 1371 1833 1409; x_wconf 83' lang='lat' dir='ltr'><strong>delectabat</strong></span> <span class='ocrx_word' id='word_1_462' title='bbox 1860 1373 2026 1422; x_wconf 90' lang='lat' dir='ltr'><strong>primum</strong></span> <span class='ocrx_word' id='word_1_463' title='bbox 2053 1385 2116 1409; x_wconf 84' lang='lat' dir='ltr'><strong>eas</strong></span> 
     </span>
     <span class='ocr_line' id='line_1_74' title="bbox 1113 1431 2115 1480; baseline -0.004 -8"><span class='ocrx_word' id='word_1_464' title='bbox 1113 1434 1275 1480; x_wconf 83' lang='lat' dir='ltr'><strong>babere;</strong></span> <span class='ocrx_word' id='word_1_465' title='bbox 1304 1442 1450 1470; x_wconf 88' lang='lat' dir='ltr'><strong>tantum</strong></span> <span class='ocrx_word' id='word_1_466' title='bbox 1470 1432 1633 1469; x_wconf 86' lang='lat' dir='ltr'><strong>delectet</strong></span> <span class='ocrx_word' id='word_1_467' title='bbox 1650 1444 1739 1468; x_wconf 93' lang='lat' dir='ltr'><strong>eum</strong></span> <span class='ocrx_word' id='word_1_468' title='bbox 1771 1431 1820 1468; x_wconf 90' lang='lat' dir='ltr'><strong>de</strong></span> <span class='ocrx_word' id='word_1_469' title='bbox 1850 1431 2033 1468; x_wconf 89' lang='lat' dir='ltr'><strong>membris</strong></span> <span class='ocrx_word' id='word_1_470' title='bbox 2057 1432 2115 1468; x_wconf 88' lang='lat' dir='ltr'><strong>sni</strong></span> 
     </span>
     <span class='ocr_line' id='line_1_75' title="bbox 1113 1491 2112 1544; baseline -0.006 -12"><span class='ocrx_word' id='word_1_471' title='bbox 1113 1494 1287 1544; x_wconf 75' lang='lat' dir='ltr'><strong>corporis</strong></span> <span class='ocrx_word' id='word_1_472' title='bbox 1314 1493 1459 1530; x_wconf 80' lang='lat' dir='ltr'><strong>servire</strong></span> <span class='ocrx_word' id='word_1_473' title='bbox 1488 1491 1644 1540; x_wconf 77' lang='lat' dir='ltr'><strong>justitiae</strong></span> <span class='ocrx_word' id='word_1_474' title='bbox 1672 1491 1712 1527; x_wconf 90' lang='lat' dir='ltr'><strong>in</strong></span> <span class='ocrx_word' id='word_1_475' title='bbox 1753 1491 2112 1535; x_wconf 84' lang='lat' dir='ltr'><strong>sanctificationem,</strong></span> 
     </span>
     <span class='ocr_line' id='line_1_76' title="bbox 1112 1548 2115 1602; baseline -0.002 -13"><span class='ocrx_word' id='word_1_476' title='bbox 1112 1561 1297 1602; x_wconf 75' lang='lat' dir='ltr'><strong>quantum</strong></span> <span class='ocrx_word' id='word_1_477' title='bbox 1314 1552 1422 1601; x_wconf 86' lang='lat' dir='ltr'><strong>prius</strong></span> <span class='ocrx_word' id='word_1_478' title='bbox 1440 1548 1652 1586; x_wconf 87' lang='lat' dir='ltr'><strong>delectabat</strong></span> <span class='ocrx_word' id='word_1_479' title='bbox 1675 1561 1763 1585; x_wconf 91' lang='lat' dir='ltr'><strong>eum</strong></span> <span class='ocrx_word' id='word_1_480' title='bbox 1784 1550 1927 1586; x_wconf 67' lang='lat' dir='ltr'><strong>servire</strong></span> <span class='ocrx_word' id='word_1_481' title='bbox 1947 1550 2115 1587; x_wconf 89' lang='lat' dir='ltr'><strong>immun·—</strong></span> 
     </span>
     <span class='ocr_line' id='line_1_77' title="bbox 1113 1607 2116 1659; baseline -0.004 -11"><span class='ocrx_word' id='word_1_482' title='bbox 1113 1611 1214 1648; x_wconf 83' lang='lat' dir='ltr'><strong>ditiae</strong></span> <span class='ocrx_word' id='word_1_483' title='bbox 1233 1619 1271 1647; x_wconf 89' lang='lat' dir='ltr'><strong>et</strong></span> <span class='ocrx_word' id='word_1_484' title='bbox 1293 1609 1484 1659; x_wconf 87' lang='lat' dir='ltr'><strong>iniquitati</strong></span> <span class='ocrx_word' id='word_1_485' title='bbox 1499 1607 1548 1644; x_wconf 87' lang='lat' dir='ltr'><strong>ad</strong></span> <span class='ocrx_word' id='word_1_486' title='bbox 1563 1608 1814 1656; x_wconf 82' lang='lat' dir='ltr'><strong>iniquitatem.</strong></span> <span class='ocrx_word' id='word_1_487' title='bbox 1833 1611 1922 1645; x_wconf 78' lang='lat' dir='ltr'><strong>Haec</strong></span> <span class='ocrx_word' id='word_1_488' title='bbox 1945 1617 2003 1645; x_wconf 88' lang='lat' dir='ltr'><strong>est</strong></span> <span class='ocrx_word' id='word_1_489' title='bbox 2026 1622 2116 1658; x_wconf 89' lang='lat' dir='ltr'><strong>per-</strong></span> 
     </span>
     <span class='ocr_line' id='line_1_78' title="bbox 1112 1667 2112 1712; baseline -0.004 -4"><span class='ocrx_word' id='word_1_490' title='bbox 1112 1671 1225 1708; x_wconf 77' lang='lat' dir='ltr'><strong>fectio</strong></span> <span class='ocrx_word' id='word_1_491' title='bbox 1244 1669 1416 1706; x_wconf 81' lang='lat' dir='ltr'><strong>animalis</strong></span> <span class='ocrx_word' id='word_1_492' title='bbox 1438 1667 1604 1705; x_wconf 84' lang='lat' dir='ltr'><strong>hominis</strong></span> <span class='ocrx_word' id='word_1_493' title='bbox 1619 1668 1660 1703; x_wconf 90' lang='lat' dir='ltr'><strong>in</strong></span> <span class='ocrx_word' id='word_1_494' title='bbox 1676 1680 1746 1704; x_wconf 91' lang='lat' dir='ltr'><strong>suo</strong></span> <span class='ocrx_word' id='word_1_495' title='bbox 1767 1675 1887 1712; x_wconf 78' lang='lat' dir='ltr'><strong>statu,</strong></span> <span class='ocrx_word' id='word_1_496' title='bbox 1905 1668 1962 1704; x_wconf 64' lang='lat' dir='ltr'><strong>vel</strong></span> <span class='ocrx_word' id='word_1_497' title='bbox 1979 1668 2112 1704; x_wconf 74' lang='lat' dir='ltr'><strong>novitii</strong></span> 
     </span>
     <span class='ocr_line' id='line_1_79' title="bbox 1111 1726 2114 1779; baseline -0.004 -12"><span class='ocrx_word' id='word_1_498' title='bbox 1111 1729 1327 1779; x_wconf 85' lang='lat' dir='ltr'><strong>incipientis</strong></span> <span class='ocrx_word' id='word_1_499' title='bbox 1351 1743 1360 1763; x_wconf 89' lang='lat'>:</span> <span class='ocrx_word' id='word_1_500' title='bbox 1387 1728 1452 1777; x_wconf 89' lang='lat' dir='ltr'><strong>qui</strong></span> <span class='ocrx_word' id='word_1_501' title='bbox 1476 1739 1563 1764; x_wconf 79' lang='lat' dir='ltr'><strong>cnm</strong></span> <span class='ocrx_word' id='word_1_502' title='bbox 1591 1726 1914 1763; x_wconf 72' lang='lat' dir='ltr'><strong>consummaverit</strong></span> <span class='ocrx_word' id='word_1_503' title='bbox 1936 1727 2009 1763; x_wconf 86' lang='lat' dir='ltr'><strong>hoc</strong></span> <span class='ocrx_word' id='word_1_504' title='bbox 2031 1727 2114 1763; x_wconf 86' lang='lat' dir='ltr'><strong>ani-</strong></span> 
     </span>
     <span class='ocr_line' id='line_1_80' title="bbox 1112 1786 2113 1835; baseline -0.004 -9"><span class='ocrx_word' id='word_1_505' title='bbox 1112 1789 1210 1826; x_wconf 89' lang='lat' dir='ltr'><strong>male</strong></span> <span class='ocrx_word' id='word_1_506' title='bbox 1227 1788 1285 1825; x_wconf 72' lang='lat' dir='ltr'><strong>vel</strong></span> <span class='ocrx_word' id='word_1_507' title='bbox 1301 1787 1530 1831; x_wconf 87' lang='lat' dir='ltr'><strong>humanum,</strong></span> <span class='ocrx_word' id='word_1_508' title='bbox 1548 1786 1580 1823; x_wconf 91' lang='lat' dir='ltr'><strong>si</strong></span> <span class='ocrx_word' id='word_1_509' title='bbox 1595 1799 1674 1823; x_wconf 92' lang='lat' dir='ltr'><strong>non</strong></span> <span class='ocrx_word' id='word_1_510' title='bbox 1690 1786 1899 1835; x_wconf 69' lang='lat' dir='ltr'><strong>respexerit</strong></span> <span class='ocrx_word' id='word_1_511' title='bbox 1914 1795 2031 1832; x_wconf 69' lang='lat' dir='ltr'><strong>retro,</strong></span> <span class='ocrx_word' id='word_1_512' title='bbox 2048 1786 2113 1823; x_wconf 87' lang='lat' dir='ltr'><strong>sed</strong></span> 
     </span>
     <span class='ocr_line' id='line_1_81' title="bbox 1112 1843 2114 1893; baseline -0.005 -9"><span class='ocrx_word' id='word_1_513' title='bbox 1112 1847 1275 1884; x_wconf 88' lang='lat' dir='ltr'><strong>fideliter</strong></span> <span class='ocrx_word' id='word_1_514' title='bbox 1292 1846 1333 1882; x_wconf 92' lang='lat' dir='ltr'><strong>in</strong></span> <span class='ocrx_word' id='word_1_515' title='bbox 1356 1845 1548 1882; x_wconf 88' lang='lat' dir='ltr'><strong>anteriora</strong></span> <span class='ocrx_word' id='word_1_516' title='bbox 1567 1856 1607 1880; x_wconf 90' lang='lat' dir='ltr'><strong>se</strong></span> <span class='ocrx_word' id='word_1_517' title='bbox 1629 1843 1865 1889; x_wconf 71' lang='lat' dir='ltr'><strong>extenderit,</strong></span> <span class='ocrx_word' id='word_1_518' title='bbox 1885 1844 1960 1880; x_wconf 88' lang='lat' dir='ltr'><strong>cito</strong></span> <span class='ocrx_word' id='word_1_519' title='bbox 1976 1856 2114 1893; x_wconf 70' lang='lat' dir='ltr'><strong>perve—</strong></span> 
     </span>
     <span class='ocr_line' id='line_1_82' title="bbox 1112 1902 2113 1952; baseline -0.003 -9"><span class='ocrx_word' id='word_1_520' title='bbox 1112 1907 1191 1943; x_wconf 88' lang='lat' dir='ltr'><strong>niet</strong></span> <span class='ocrx_word' id='word_1_521' title='bbox 1205 1906 1252 1942; x_wconf 84' lang='lat' dir='ltr'><strong>ad</strong></span> <span class='ocrx_word' id='word_1_522' title='bbox 1266 1904 1361 1942; x_wconf 90' lang='lat' dir='ltr'><strong>illud</strong></span> <span class='ocrx_word' id='word_1_523' title='bbox 1377 1903 1569 1948; x_wconf 75' lang='lat' dir='ltr'><strong>divinum,</strong></span> <span class='ocrx_word' id='word_1_524' title='bbox 1591 1910 1633 1939; x_wconf 92' lang='lat' dir='ltr'><strong>ut</strong></span> <span class='ocrx_word' id='word_1_525' title='bbox 1650 1902 1806 1952; x_wconf 84' lang='lat' dir='ltr'><strong>incipiat</strong></span> <span class='ocrx_word' id='word_1_526' title='bbox 1825 1902 2113 1951; x_wconf 70' lang='lat' dir='ltr'><strong>apprehendem-</strong></span> 
     </span>
     <span class='ocr_line' id='line_1_83' title="bbox 1112 1962 2115 2014; baseline -0.005 -12"><span class='ocrx_word' id='word_1_527' title='bbox 1112 1965 1208 2002; x_wconf 83' lang='lat' dir='ltr'><strong>sicut</strong></span> <span class='ocrx_word' id='word_1_528' title='bbox 1224 1963 1483 2014; x_wconf 86' lang='lat' dir='ltr'><strong>apprehensus</strong></span> <span class='ocrx_word' id='word_1_529' title='bbox 1509 1970 1586 2006; x_wconf 65' lang='lat' dir='ltr'><strong>est,</strong></span> <span class='ocrx_word' id='word_1_530' title='bbox 1611 1969 1651 1998; x_wconf 87' lang='lat' dir='ltr'><strong>et</strong></span> <span class='ocrx_word' id='word_1_531' title='bbox 1673 1974 1902 2010; x_wconf 74' lang='lat' dir='ltr'><strong>cognoscere</strong></span> <span class='ocrx_word' id='word_1_532' title='bbox 1926 1962 2024 1998; x_wconf 89' lang='lat' dir='ltr'><strong>sicut</strong></span> <span class='ocrx_word' id='word_1_533' title='bbox 2051 1975 2115 1998; x_wconf 90' lang='lat' dir='ltr'><strong>co—</strong></span> 
     </span>
     <span class='ocr_line' id='line_1_84' title="bbox 1112 2020 2114 2073; baseline -0.004 -14"><span class='ocrx_word' id='word_1_534' title='bbox 1112 2024 1242 2073; x_wconf 84' lang='lat' dir='ltr'><strong>gnitus</strong></span> <span class='ocrx_word' id='word_1_535' title='bbox 1260 2031 1330 2059; x_wconf 61' lang='lat' dir='ltr'><strong>est„</strong></span> <span class='ocrx_word' id='word_1_536' title='bbox 1351 2024 1435 2059; x_wconf 84' lang='lat' dir='ltr'><strong>Hoc</strong></span> <span class='ocrx_word' id='word_1_537' title='bbox 1455 2029 1583 2057; x_wconf 86' lang='lat' dir='ltr'><strong>autem</strong></span> <span class='ocrx_word' id='word_1_538' title='bbox 1600 2032 1699 2070; x_wconf 82' lang='lat' dir='ltr'><strong>opus</strong></span> <span class='ocrx_word' id='word_1_539' title='bbox 1717 2033 1794 2056; x_wconf 90' lang='lat' dir='ltr'><strong>non</strong></span> <span class='ocrx_word' id='word_1_540' title='bbox 1819 2021 1857 2056; x_wconf 91' lang='lat' dir='ltr'><strong>in</strong></span> <span class='ocrx_word' id='word_1_541' title='bbox 1875 2033 1954 2056; x_wconf 91' lang='lat' dir='ltr'><strong>uno</strong></span> <span class='ocrx_word' id='word_1_542' title='bbox 1971 2020 2012 2056; x_wconf 86' lang='lat' dir='ltr'><strong>fit</strong></span> <span class='ocrx_word' id='word_1_543' title='bbox 2030 2033 2114 2057; x_wconf 83' lang='lat' dir='ltr'><strong>mo·</strong></span> 
     </span>
     <span class='ocr_line' id='line_1_85' title="bbox 1111 2079 2111 2125; baseline -0.005 -5"><span class='ocrx_word' id='word_1_544' title='bbox 1111 2091 1240 2120; x_wconf 86' lang='lat' dir='ltr'><strong>mento</strong></span> <span class='ocrx_word' id='word_1_545' title='bbox 1269 2080 1548 2125; x_wconf 69' lang='lat' dir='ltr'><strong>conversionis,</strong></span> <span class='ocrx_word' id='word_1_546' title='bbox 1583 2092 1662 2116; x_wconf 92' lang='lat' dir='ltr'><strong>non</strong></span> <span class='ocrx_word' id='word_1_547' title='bbox 1690 2087 1746 2115; x_wconf 81' lang='lat' dir='ltr'><strong>est</strong></span> <span class='ocrx_word' id='word_1_548' title='bbox 1780 2080 1895 2115; x_wconf 89' lang='lat' dir='ltr'><strong>unius</strong></span> <span class='ocrx_word' id='word_1_549' title='bbox 1923 2079 2017 2124; x_wconf 89' lang='lat' dir='ltr'><strong>diei,</strong></span> <span class='ocrx_word' id='word_1_550' title='bbox 2046 2079 2111 2116; x_wconf 88' lang='lat' dir='ltr'><strong>sed</strong></span> 
     </span>
     <span class='ocr_line' id='line_1_86' title="bbox 1110 2138 2109 2191; baseline -0.004 -12"><span class='ocrx_word' id='word_1_551' title='bbox 1110 2142 1220 2178; x_wconf 91' lang='lat' dir='ltr'><strong>multi</strong></span> <span class='ocrx_word' id='word_1_552' title='bbox 1248 2141 1452 2191; x_wconf 89' lang='lat' dir='ltr'><strong>temporis,</strong></span> <span class='ocrx_word' id='word_1_553' title='bbox 1482 2139 1592 2176; x_wconf 86' lang='lat' dir='ltr'><strong>multi</strong></span> <span class='ocrx_word' id='word_1_554' title='bbox 1614 2138 1775 2184; x_wconf 84' lang='lat' dir='ltr'><strong>laboris,</strong></span> <span class='ocrx_word' id='word_1_555' title='bbox 1802 2138 1912 2175; x_wconf 89' lang='lat' dir='ltr'><strong>multi</strong></span> <span class='ocrx_word' id='word_1_556' title='bbox 1936 2138 2109 2182; x_wconf 87' lang='lat' dir='ltr'><strong>sudoris,</strong></span> 
     </span>
     <span class='ocr_line' id='line_1_87' title="bbox 1111 2197 2110 2250; baseline -0.005 -11"><span class='ocrx_word' id='word_1_557' title='bbox 1111 2199 1320 2239; x_wconf 86' lang='lat' dir='ltr'><strong>secundum</strong></span> <span class='ocrx_word' id='word_1_558' title='bbox 1345 2200 1503 2250; x_wconf 85' lang='lat' dir='ltr'><strong>gratiam</strong></span> <span class='ocrx_word' id='word_1_559' title='bbox 1531 2198 1601 2236; x_wconf 91' lang='lat' dir='ltr'><strong>Dei</strong></span> <span class='ocrx_word' id='word_1_560' title='bbox 1626 2198 1856 2243; x_wconf 73' lang='lat' dir='ltr'><strong>miserentis,</strong></span> <span class='ocrx_word' id='word_1_561' title='bbox 1881 2206 1918 2234; x_wconf 88' lang='lat' dir='ltr'><strong>et</strong></span> <span class='ocrx_word' id='word_1_562' title='bbox 1944 2197 2110 2235; x_wconf 82' lang='lat' dir='ltr'><strong>studium</strong></span> 
     </span>
     <span class='ocr_line' id='line_1_88' title="bbox 1112 2257 1729 2296; baseline -0.005 0"><span class='ocrx_word' id='word_1_563' title='bbox 1112 2260 1279 2296; x_wconf 81' lang='lat' dir='ltr'><strong>hominis</strong></span> <span class='ocrx_word' id='word_1_564' title='bbox 1297 2259 1463 2295; x_wconf 70' lang='lat' dir='ltr'><strong>volentis</strong></span> <span class='ocrx_word' id='word_1_565' title='bbox 1477 2266 1515 2294; x_wconf 86' lang='lat' dir='ltr'><strong>et</strong></span> <span class='ocrx_word' id='word_1_566' title='bbox 1530 2257 1729 2294; x_wconf 85' lang='lat' dir='ltr'><strong>currentis.</strong></span> 
     </span>
    </p>
   </div>
   <div class='ocr_carea' id='block_1_16' title="bbox 1111 2403 2109 2574">
    <p class='ocr_par' dir='ltr' id='par_1_18' title="bbox 1111 2403 2109 2574">
     <span class='ocr_line' id='line_1_89' title="bbox 1467 2403 1751 2443; baseline -0.007 0"><span class='ocrx_word' id='word_1_567' title='bbox 1467 2403 1649 2443; x_wconf 65' lang='lat' dir='ltr'>CAPUT</span> <span class='ocrx_word' id='word_1_568' title='bbox 1679 2403 1751 2442; x_wconf 68' lang='grc' dir='ltr'><strong>ΙΧ.</strong></span> 
     </span>
     <span class='ocr_line' id='line_1_90' title="bbox 1111 2532 2109 2574; baseline -0.004 -7"><span class='ocrx_word' id='word_1_569' title='bbox 1111 2535 1270 2567; x_wconf 77' lang='lat' dir='ltr'><strong>stabilitas</strong></span> <span class='ocrx_word' id='word_1_570' title='bbox 1283 2536 1315 2566; x_wconf 85' lang='lat' dir='ltr'><strong>iu</strong></span> <span class='ocrx_word' id='word_1_571' title='bbox 1327 2534 1404 2565; x_wconf 75' lang='lat' dir='ltr'><strong>edla</strong></span> <span class='ocrx_word' id='word_1_572' title='bbox 1419 2533 1667 2569; x_wconf 72' lang='lat' dir='ltr'><strong>mmmmdatur.</strong></span> <span class='ocrx_word' id='word_1_573' title='bbox 1682 2539 1713 2563; x_wconf 84' lang='lat' dir='ltr'><strong>et</strong></span> <span class='ocrx_word' id='word_1_574' title='bbox 1725 2532 1868 2563; x_wconf 65' lang='lat' dir='ltr'><strong>mstodts</strong></span> <span class='ocrx_word' id='word_1_575' title='bbox 1880 2539 2109 2574; x_wconf 78' lang='lat' dir='ltr'><strong>proponuntur.</strong></span> 
     </span>
    </p>
   </div>
   <div class='ocr_carea' id='block_1_17' title="bbox 1109 2665 2112 3136">
    <p class='ocr_par' dir='ltr' id='par_1_19' title="bbox 1109 2665 2112 3136">
     <span class='ocr_line' id='line_1_91' title="bbox 1163 2665 2110 2708; baseline -0.007 0"><span class='ocrx_word' id='word_1_576' title='bbox 1163 2670 1227 2708; x_wconf 84' lang='lat'><strong>25.</strong></span> <span class='ocrx_word' id='word_1_577' title='bbox 1256 2668 1437 2707; x_wconf 90' lang='lat' dir='ltr'><strong>Omnium</strong></span> <span class='ocrx_word' id='word_1_578' title='bbox 1462 2680 1553 2704; x_wconf 72' lang='lat' dir='ltr'><strong>veno</strong></span> <span class='ocrx_word' id='word_1_579' title='bbox 1578 2666 1768 2703; x_wconf 89' lang='lat' dir='ltr'><strong>bonorum</strong></span> <span class='ocrx_word' id='word_1_580' title='bbox 1798 2666 1934 2702; x_wconf 85' lang='lat' dir='ltr'><strong>horum</strong></span> <span class='ocrx_word' id='word_1_581' title='bbox 1961 2665 2110 2702; x_wconf 81' lang='lat' dir='ltr'><strong>officina</strong></span> 
     </span>
     <span class='ocr_line' id='line_1_92' title="bbox 1109 2726 2110 2778; baseline -0.006 -11"><span class='ocrx_word' id='word_1_582' title='bbox 1109 2739 1166 2767; x_wconf 73' lang='lat' dir='ltr'><strong>«st</strong></span> <span class='ocrx_word' id='word_1_583' title='bbox 1181 2730 1274 2767; x_wconf 85' lang='lat' dir='ltr'><strong>cella</strong></span> <span class='ocrx_word' id='word_1_584' title='bbox 1287 2757 1297 2773; x_wconf 92' lang='lat'><strong>,</strong></span> <span class='ocrx_word' id='word_1_585' title='bbox 1319 2737 1355 2764; x_wconf 86' lang='lat' dir='ltr'><strong>et</strong></span> <span class='ocrx_word' id='word_1_586' title='bbox 1372 2726 1516 2765; x_wconf 86' lang='lat' dir='ltr'><strong>stabilis</strong></span> <span class='ocrx_word' id='word_1_587' title='bbox 1530 2726 1811 2778; x_wconf 68' lang='lat' dir='ltr'><strong>perseverantia</strong></span> <span class='ocrx_word' id='word_1_588' title='bbox 1835 2726 1874 2762; x_wconf 87' lang='lat' dir='ltr'><strong>in</strong></span> <span class='ocrx_word' id='word_1_589' title='bbox 1898 2738 1954 2761; x_wconf 85' lang='lat' dir='ltr'><strong>ea.</strong></span> <span class='ocrx_word' id='word_1_590' title='bbox 1976 2727 2018 2762; x_wconf 87' lang='lat' dir='ltr'><strong>In</strong></span> <span class='ocrx_word' id='word_1_591' title='bbox 2036 2738 2110 2774; x_wconf 76' lang='lat' dir='ltr'><strong>qua</strong></span> 
     </span>
     <span class='ocr_line' id='line_1_93' title="bbox 1110 2785 2108 2840; baseline -0.005 -13"><span class='ocrx_word' id='word_1_592' title='bbox 1110 2791 1341 2840; x_wconf 88' lang='lat' dir='ltr'><strong>quicumque</strong></span> <span class='ocrx_word' id='word_1_593' title='bbox 1357 2801 1443 2824; x_wconf 84' lang='lat' dir='ltr'><strong>cum</strong></span> <span class='ocrx_word' id='word_1_594' title='bbox 1461 2800 1527 2824; x_wconf 87' lang='lat' dir='ltr'><strong>sua</strong></span> <span class='ocrx_word' id='word_1_595' title='bbox 1544 2795 1767 2837; x_wconf 74' lang='lat' dir='ltr'><strong>paupertate</strong></span> <span class='ocrx_word' id='word_1_596' title='bbox 1786 2785 1884 2822; x_wconf 89' lang='lat' dir='ltr'><strong>bene</strong></span> <span class='ocrx_word' id='word_1_597' title='bbox 1906 2786 2108 2830; x_wconf 67' lang='lat' dir='ltr'><strong>convenit,</strong></span> 
     </span>
     <span class='ocr_line' id='line_1_94' title="bbox 1111 2844 2112 2896; baseline -0.004 -11"><span class='ocrx_word' id='word_1_598' title='bbox 1111 2849 1216 2885; x_wconf 75' lang='lat' dir='ltr'><strong>dives</strong></span> <span class='ocrx_word' id='word_1_599' title='bbox 1231 2856 1288 2885; x_wconf 87' lang='lat' dir='ltr'><strong>est</strong></span> <span class='ocrx_word' id='word_1_600' title='bbox 1303 2863 1312 2883; x_wconf 88' lang='lat'>:</span> <span class='ocrx_word' id='word_1_601' title='bbox 1333 2856 1369 2884; x_wconf 86' lang='lat' dir='ltr'><strong>et</strong></span> <span class='ocrx_word' id='word_1_602' title='bbox 1384 2847 1615 2896; x_wconf 84' lang='lat' dir='ltr'><strong>quicumque</strong></span> <span class='ocrx_word' id='word_1_603' title='bbox 1631 2844 1771 2882; x_wconf 89' lang='lat' dir='ltr'><strong>bonam</strong></span> <span class='ocrx_word' id='word_1_604' title='bbox 1794 2845 2028 2882; x_wconf 72' lang='lat' dir='ltr'><strong>voluntatem</strong></span> <span class='ocrx_word' id='word_1_605' title='bbox 2045 2845 2112 2881; x_wconf 84' lang='lat' dir='ltr'><strong>lia-</strong></span> 
     </span>
     <span class='ocr_line' id='line_1_95' title="bbox 1109 2903 2112 2955; baseline -0.005 -10"><span class='ocrx_word' id='word_1_606' title='bbox 1109 2908 1257 2951; x_wconf 87' lang='lat' dir='ltr'><strong>buerit,</strong></span> <span class='ocrx_word' id='word_1_607' title='bbox 1285 2919 1411 2944; x_wconf 84' lang='lat' dir='ltr'><strong>secum</strong></span> <span class='ocrx_word' id='word_1_608' title='bbox 1436 2904 1550 2942; x_wconf 82' lang='lat' dir='ltr'><strong>habet</strong></span> <span class='ocrx_word' id='word_1_609' title='bbox 1574 2904 1760 2955; x_wconf 90' lang='lat' dir='ltr'><strong>quidquid</strong></span> <span class='ocrx_word' id='word_1_610' title='bbox 1789 2904 1836 2941; x_wconf 91' lang='lat' dir='ltr'><strong>ad</strong></span> <span class='ocrx_word' id='word_1_611' title='bbox 1862 2903 1958 2940; x_wconf 85' lang='lat' dir='ltr'><strong>bene</strong></span> <span class='ocrx_word' id='word_1_612' title='bbox 1983 2903 2112 2941; x_wconf 73' lang='lat' dir='ltr'><strong>viven-</strong></span> 
     </span>
     <span class='ocr_line' id='line_1_96' title="bbox 1109 2963 2108 3017; baseline -0.005 -13"><span class='ocrx_word' id='word_1_613' title='bbox 1109 2968 1199 3004; x_wconf 89' lang='lat' dir='ltr'><strong>dum</strong></span> <span class='ocrx_word' id='word_1_614' title='bbox 1223 2967 1257 3003; x_wconf 89' lang='lat' dir='ltr'><strong>ei</strong></span> <span class='ocrx_word' id='word_1_615' title='bbox 1280 2979 1378 3017; x_wconf 89' lang='lat' dir='ltr'><strong>opus</strong></span> <span class='ocrx_word' id='word_1_616' title='bbox 1400 2974 1483 3002; x_wconf 85' lang='lat' dir='ltr'><strong>est:</strong></span> <span class='ocrx_word' id='word_1_617' title='bbox 1503 2965 1676 3015; x_wconf 72' lang='lat' dir='ltr'><strong>quamvis</strong></span> <span class='ocrx_word' id='word_1_618' title='bbox 1695 2963 1809 3002; x_wconf 77' lang='lat' dir='ltr'><strong>bonae</strong></span> <span class='ocrx_word' id='word_1_619' title='bbox 1830 2964 2015 3001; x_wconf 67' lang='lat' dir='ltr'><strong>voluntati</strong></span> <span class='ocrx_word' id='word_1_620' title='bbox 2033 2977 2108 3000; x_wconf 89' lang='lat' dir='ltr'><strong>non</strong></span> 
     </span>
     <span class='ocr_line' id='line_1_97' title="bbox 1110 3022 2108 3076; baseline -0.006 -12"><span class='ocrx_word' id='word_1_621' title='bbox 1110 3039 1260 3076; x_wconf 88' lang='lat' dir='ltr'><strong>semper</strong></span> <span class='ocrx_word' id='word_1_622' title='bbox 1298 3024 1401 3062; x_wconf 78' lang='lat' dir='ltr'><strong>cnedi</strong></span> <span class='ocrx_word' id='word_1_623' title='bbox 1431 3023 1603 3074; x_wconf 83' lang='lat' dir='ltr'><strong>expedit,</strong></span> <span class='ocrx_word' id='word_1_624' title='bbox 1634 3023 1699 3061; x_wconf 90' lang='lat' dir='ltr'><strong>sed</strong></span> <span class='ocrx_word' id='word_1_625' title='bbox 1730 3022 1911 3060; x_wconf 77' lang='lat' dir='ltr'><strong>frenanda</strong></span> <span class='ocrx_word' id='word_1_626' title='bbox 1942 3031 2016 3067; x_wconf 60' lang='lat' dir='ltr'><strong>est,</strong></span> <span class='ocrx_word' id='word_1_627' title='bbox 2046 3023 2108 3059; x_wconf 80' lang='lat' dir='ltr'><strong>sed</strong></span> 
     </span>
     <span class='ocr_line' id='line_1_98' title="bbox 1112 3085 2107 3136; baseline -0.004 -13"><span class='ocrx_word' id='word_1_628' title='bbox 1112 3085 1276 3136; x_wconf 75' lang='lat' dir='ltr'><strong>regenda</strong></span> <span class='ocrx_word' id='word_1_629' title='bbox 1303 3094 1378 3130; x_wconf 86' lang='lat' dir='ltr'><strong>est,</strong></span> <span class='ocrx_word' id='word_1_630' title='bbox 1408 3094 1445 3122; x_wconf 88' lang='lat' dir='ltr'><strong>et</strong></span> <span class='ocrx_word' id='word_1_631' title='bbox 1480 3085 1641 3122; x_wconf 82' lang='lat' dir='ltr'><strong>maxime</strong></span> <span class='ocrx_word' id='word_1_632' title='bbox 1675 3087 1712 3121; x_wconf 82' lang='lat' dir='ltr'><strong>in</strong></span> <span class='ocrx_word' id='word_1_633' title='bbox 1746 3085 1960 3134; x_wconf 77' lang='lat' dir='ltr'><strong>incipiente.</strong></span> <span class='ocrx_word' id='word_1_634' title='bbox 1994 3087 2107 3132; x_wconf 76' lang='lat' dir='ltr'><strong>Regat</strong></span> 
     </span>
    </p>
   </div>
   <div class='ocr_carea' id='block_1_18' title="bbox 1165 3212 1474 3251">
    <p class='ocr_par' dir='ltr' id='par_1_20' title="bbox 1165 3212 1474 3251">
     <span class='ocr_line' id='line_1_99' title="bbox 1165 3212 1474 3251; baseline -0.016 -5"><span class='ocrx_word' id='word_1_635' title='bbox 1165 3217 1177 3230; x_wconf 80' lang='lat'>⁸</span> <span class='ocrx_word' id='word_1_636' title='bbox 1198 3214 1281 3245; x_wconf 72' lang='lat' dir='ltr'><strong>Aliars</strong></span> <span class='ocrx_word' id='word_1_637' title='bbox 1295 3238 1302 3244; x_wconf 87' lang='lat'>.</span> <span class='ocrx_word' id='word_1_638' title='bbox 1321 3212 1429 3251; x_wconf 72' lang='lat' dir='ltr'><strong>sitdar.</strong></span> <span class='ocrx_word' id='word_1_639' title='bbox 1451 3215 1474 3229; x_wconf 80' lang='lat'><strong>·&#39;-</strong></span> 
     </span>
    </p>
   </div>
  </div>
 </body>
</html>
