2504 3928
318 160 389 196 403
854 152 1126 187 Annoxt’l‘lo
1156 153 1200 186 IN
1231 151 1517 197 srlQUENslim
1554 148 1829 183 tit‘tS'mLAM.
2277 145 2345 180 (ιθ-ἰ

316 253 402 302 pius
423 250 478 286 vir
502 241 893 284 Bcrtrandus'I'issier
914 241 953 277 in
974 249 1079 277 tomo
1098 247 1238 290 quarto
1263 236 1505 274 Bibliothccae
1532 235 1815 280 Cistercicnsis;
1838 235 1875 271 in
1903 247 1982 284 qua
2003 240 2138 270 auctor
2162 234 2254 271 texit
2283 246 2351 269 ca-

319 315 490 364 talogum
513 322 674 347 suorum
690 319 855 356 operum
874 335 883 350 ‚
901 318 987 354 qua!
1011 304 1143 341 omnia
1169 301 1353 339 willelmi
1377 300 1535 337 Abbatis
1561 313 1639 337 essc
1656 298 1901 348 exploratum
1918 306 1985 335 est.
2008 296 2196 334 Eamdem
2213 297 2352 347 episto-

320 379 397 415 lam
426 375 498 413 sub
521 374 676 411 nominc
697 368 901 408 Gnillclmi
920 366 1189 406 (Itane-Vallis
1204 367 1250 404 dc.
1270 366 1356 404 xiia
1381 364 1550 402 solitaria
1566 362 1738 400 laudavit
1758 371 1847 400 ante
1862 376 1983 400 annos
1997 362 2075 400 sere
2090 361 2352 412 quadringen-

322 454 378 481 tos
410 439 573 491 quidam
596 436 798 474 canonicus
830 433 1014 484 regularis
1044 431 1408 469 Sancti—Salvatoris
1436 429 1541 480 apud
1571 429 1782 465 Bononiam
1802 457 1812 474 ,
1850 442 1989 478 nempe
2022 429 2061 464 in
2091 427 2192 465 libro
2223 427 2352 476 primo

321 509 555 545 Sci-monum
584 501 633 539 ad
661 500 872 544 Brennum,
906 512 987 548 cap.
1014 499 1078 535 23.
1103 498 1192 545 Quo
1223 495 1270 533 de
1294 504 1448 533 auctore
1472 495 1507 531 in
1530 494 1672 531 Itinere
1704 491 1836 530 Italico
1866 491 2109 538 Mabillonii,
2134 505 2223 542 pag.
2249 482 2322 527 197
2341 520 2350 536 ‚

321 573 410 610 huic
427 568 622 607 sentcntia‘
638 564 837 615 suflragari
861 572 992 613 postca
1008 562 1075 599 visi
1092 570 1182 599 suut
1199 560 1345 598 codices
1363 573 1496 596 onmes
1513 566 1708 608 quotquot
1727 556 1785 594 vel
1801 558 1967 594 auctoris
1987 570 2130 594 nomeu
2147 555 2352 605 praefixum

321 638 430 674 initio
449 632 615 685 epistolae
635 630 882 668 decurtatum
911 626 1072 670 habent,
1098 625 1170 662 hoc
1197 624 1313 662 modo
1331 654 1339 670 ,
1362 624 1424 659 W.
1449 631 1491 659 ut
1512 621 1786 666 Flaviaccnsis,
1808 620 1924 659 modo
1950 622 2058 671 regiae
2084 619 2350 662 Bibliothecae;

320 702 556 743 Thuaneus,
581 710 683 734 minc
702 693 932 731 Colbcrtinae
949 709 957 737 ;
976 700 1013 729 ct
1035 690 1322 740 Ratisponcnsis
1347 686 1780 725 Sancti-Emmcrammi
1799 703 1806 731 ;
1827 686 1866 722 in
1894 685 2039 736 quihus
2061 683 2245 722 omnibus
2265 683 2354 733 epi—

323 767 420 805 stola
436 765 516 802 ha¹c
539 764 590 800 ita
607 761 786 810 inscripta
805 767 861 795 est
885 774 892 795 :
916 775 929 789 a
956 756 1133 793 Dominis
1149 764 1187 792 ct
1211 753 1396 791 fratribus
1418 753 1466 789 II.
1495 751 1638 796 Priori,
1661 759 1732 788 ctc.
1756 751 1818 787 W}
1841 749 2047 788 sabbatum
2066 749 2277 786 delicatum
2298 764 2306 785 :
2334 765 2350 780 ι»

323 830 383 870 vcl
403 832 597 879 inti-grum
616 824 825 876 pra‘l'crunt
844 852 853 867 ‚
872 831 915 859 nt
934 820 1184 872 Signiaccnsis
1198 848 1206 864 ‚
1227 816 1553 855 Caroli-Locensis
1571 845 1580 862 ,
1602 815 1879 867 Longi-Pontis
1894 845 1903 861 ‚
1923 813 2290 859 Fulcardi-Moutis,
2318 822 2356 850 et

323 895 386 932 alii
407 909 428 931 a
444 893 611 930 'l'isscrio
638 887 782 926 laudati
807 903 815 924 :
838 885 899 924 vel
918 884 1087 934 deniqne
1103 884 1126 919 ii
1145 884 1260 920 etiam
1279 883 1315 919 iu
1340 881 1484 931 quibus
1510 894 1652 918 nomen
1673 882 1828 931 penitus
1845 889 2085 930 expunctum
2103 887 2170 917 cst.

376 961 414 997 3.
440 959 486 995 At
517 970 608 993 cum
630 956 667 992 in
696 967 782 991 cam
811 951 1044 989 scntcntiam
1065 948 1159 986 abiit
1190 946 1465 992 mabillonius,
1496 960 1574 983 non
1612 944 1759 983 viderat
1782 945 2100 995 antiquissimum
2119 943 2299 980 omnium
2320 952 2359 981 et

325 1025 480 1075 optima}
511 1030 608 1058 nota!
626 1017 794 1056 codicem
824 1015 1176 1058 I'ontiniaceuscm,
1205 1012 1399 1061 eleganter
1429 1012 1614 1060 scriptum
1643 1023 1746 1046 anno
1782 1010 1904 1055 1156,
1936 1022 2056 1058 quem
2081 1006 2360 1057 perscrutando

327 1090 430 1128 illius
464 1084 684 1124 monasterii
722 1079 1020 1122 bibliothecam,
1053 1077 1101 1114 ad
1138 1076 1396 1127 castigandam
1429 1074 1771 1124 cxornzmdzumple
1805 1088 1946 1110 novam
1985 1072 2195 1109 editionem
2225 1071 2359 1109 Galliae

324 1153 570 1193 Christianae,
590 1161 675 1198 qua*
701 1147 778 1194 jam
808 1144 880 1180 sub
915 1142 1023 1193 prclo
1049 1151 1130 1188 cst,
1160 1141 1319 1179 feliciter
1344 1141 1487 1177 invcnit
1513 1139 1696 1177 sollicitus
1725 1153 1855 1176 rerum
1888 1139 2141 1187 antiquarum
2162 1136 2362 1187 indagator

325 1227 454 1255 noster
477 1215 645 1252 domnus
676 1207 908 1247 Edmundus
946 1207 1138 1243 Martcue.
1166 1206 1201 1242 Is
1220 1206 1364 1255 qnippe
1387 1204 1503 1241 codex
1525 1204 1714 1253 Guigonis
1730 1202 1912 1240 Cartusia·
1934 1202 2076 1239 prioris
2097 1215 2238 1239 nomen
2256 1231 2265 1248 ‚
2284 1215 2360 1238 non

325 1282 572 1320 decurtatum
605 1275 669 1314 scd
691 1276 909 1324 integrum,
940 1284 1015 1307 non
1041 1282 1119 1307 ιιιιο
1146 1268 1300 1318 praefert
1327 1269 1364 1304 in
1396 1267 1493 1305 loco.
1526 1267 1626 1304 Nam
1654 1269 1735 1316 ipso
1764 1267 1872 1303 initio
1899 1265 2067 1315 epistolae
2089 1279 2156 1302 scu
2178 1274 2364 1303 tractatus

326 1347 405 1384 litec
424 1345 608 1394 leguntur
631 1357 639 1377 :
669 1358 682 1371 «
718 1337 857 1386 Incipit
887 1335 1122 1384 pt‘ooenllun'l
1150 1334 1187 1369 in
1215 1332 1315 1369 libro
1344 1331 1532 1380 Guigonis
1549 1361 1556 1373 ,
1577 1331 1721 1367 Prioris
1741 1330 1922 1368 Cartusiae
1940 1360 1948 1375 ‚
1979 1329 2028 1366 ad
2054 1331 2101 1367 ll.
2124 1329 2299 1367 Priorem
2315 1329 2363 1366 de

334 1432 347 1444 ιι
372 1407 625 1449 Monte-Dci.
663 1402 839 1441 Dominis
866 1409 902 1437 ct
932 1398 1118 1436 fratribus
1154 1397 1202 1433 Il.
1239 1396 1361 1432 Priori
1383 1404 1420 1432 et
1440 1396 1487 1431 II.
1520 1394 1669 1445 GuigO‚
1697 1394 1903 1431 sabbatum
1924 1393 2148 1430 delicatum.
2177 1412 2191 1426 ιι
2217 1392 2364 1430 Deinde

326 1484 413 1526 post
431 1471 699 1524 pra-sationem
722 1483 730 1503 :
756 1484 772 1499 «
807 1464 945 1513 Incipit
967 1461 1062 1499 liber
1098 1459 1271 1509 ejusdem
1297 1458 1500 1509 Guigonis.
1526 1476 1541 1490 ιι
1571 1458 1624 1495 Ac
1658 1457 1815 1496 tandem
1836 1459 1874 1495 in
1894 1459 1968 1495 tine
1993 1474 2001 1494 :
2027 1476 2043 1490 «ι
2073 1457 2178 1494 Finis
2206 1457 2306 1494 tertii
2327 1466 2366 1494 et

332 1557 346 1572 ιι
372 1537 499 1575 ultimi
519 1534 605 1571 libri
622 1530 825 1581 Guigonis.
846 1545 862 1559 ιι
882 1525 1028 1564 Eadem
1045 1537 1167 1561 manu
1187 1522 1422 1560 subnotatur
1435 1535 1562 1558 annus
1579 1535 1659 1572 qno
1679 1521 1798 1559 codex
1817 1522 1980 1571 scriptus
1993 1530 2049 1558 cst
2065 1551 2074 1567 ‚
2094 1519 2233 1558 scilicet
2252 1522 2363 1558 1156.

328 1602 455 1641 Nemo
474 1612 562 1637 vcro
582 1596 653 1634 sibi
679 1593 789 1632 facilc
811 1591 1063 1643 persuaserit,
1092 1588 1224 1638 paucis
1240 1596 1324 1637 post
1342 1586 1541 1636 vulgatam
1567 1585 1781 1635 Epistolam
1807 1585 1855 1622 ad
1885 1585 2024 1622 fratres
2047 1585 2095 1622 de
2114 1585 2339 1624 Monte-Dei
2355 1616 2365 1634 ,

329 1665 577 1719 paucioribus
595 1670 681 1712 post
695 1658 886 1708 Gnissonis
911 1664 949 1693 ct
976 1651 1162 1690 willelmi
1181 1651 1334 1689 obitum
1354 1651 1487 1697 anuis,
1516 1659 1595 1688 tani
1621 1651 1846 1687 immaniter
1874 1650 1914 1686 in
1942 1651 2108 1687 auctoris
2135 1651 2292 1688 nomine
2307 1665 2368 1688 cr-

330 1733 406 1771 ffls‘,
423 1730 592 1781 potuisse
607 1756 616 1774 ‚
635 1734 679 1763 ut
699 1724 768 1761 uni
784 1721 1022 1760 tribueretur
1037 1719 1105 1768 qui
1126 1726 1224 1755 essct
1238 1716 1398 1753 alterius
1424 1715 1524 1753 fctus
1541 1732 1549 1761 ;
1578 1724 1616 1752 et
1634 1714 1795 1765 quidem
1822 1716 1860 1751 in
1877 1729 1923 1752 eo
1946 1716 2179 1752 monasterio
2196 1745 2205 1762 ‚
2230 1716 2268 1752 in
2288 1729 2368 1766 quo

330 1809 460 1835 recens
475 1792 603 1830 adhuc
619 1798 700 1827 crat
716 1786 905 1825 memoria
929 1793 1013 1821 tum
1035 1781 1221 1819 willelmi
1239 1810 1249 1826 ‚
1266 1781 1333 1831 qui
1349 1780 1661 1817 Cisterciensium
1681 1778 1927 1828 disciplinam
1954 1780 1992 1815 in
2012 1778 2087 1816 alio
2108 1779 2216 1816 haud
2231 1779 2368 1829 procul

327 1861 459 1898 dissito
487 1856 689 1906 amplexus
706 1861 787 1890 crat
801 1881 809 1896 ‚
830 1860 914 1887 tuni
935 1849 1019 1898 ejus
1037 1859 1202 1897 operum
1234 1844 1571 1891 indubitatorum,
1589 1856 1763 1893 quorum
1781 1842 1940 1880 laudem
1961 1843 2000 1879 in
2028 1852 2207 1880 exterum
2240 1853 2369 1881 trans—

328 1926 431 1963 ferre
448 1922 661 1960 noluissent
684 1916 965 1955 Cistercienses.

381 1988 418 2026 4.
441 1987 540 2024 Cum
572 1983 702 2022 codice
735 1977 1020 2018 Pontiniacensi
1043 1975 1219 2025 apprime
1254 1973 1442 2011 consentit
1469 1972 1567 2010 alter
1591 1970 1767 2020 ejusdem
1805 1971 1927 2008 scrme
1962 1971 2226 2021 antiquitatis,
2259 1973 2372 2022 cujus

330 2053 527 2091 character
543 2061 664 2087 annos
683 2046 895 2083 minimum
914 2041 1145 2091 quingentos
1166 2045 1431 2088 repraesentat,
1456 2037 1494 2073 in
1515 2035 1828 2073 Caroli-Locensi
1844 2035 1989 2073 ordinis
2012 2035 2269 2075 Cisterciensis
2282 2049 2373 2074 mo-

330 2118 742 2156 nastcrioasservatus.
774 2110 865 2158 Ejus
882 2106 1058 2144 notitiam
1087 2103 1285 2140 indefessis
1311 2101 1495 2139 Mai-tenii
1517 2102 1638 2138 nostri
1664 2103 1764 2137 curis
1789 2101 1934 2151 pariter
1957 2099 2160 2138 debemus.
2183 2101 2373 2153 Guigonis

330 2181 490 2233 quidem
520 2191 661 2216 nomeu
687 2177 723 2212 in
746 2188 791 2211 co
819 2171 946 2209 codice
975 2168 1104 2206 delere
1135 2167 1295 2204 tentavit
1330 2165 1459 2202 invida
1487 2175 1524 2202 ct
1556 2166 1735 2214 impcrita
1767 2164 1869 2201 scioli
1905 2165 2120 2214 cujuspiam
2153 2166 2373 2202 recentioris

332 2259 499 2291 manus,
531 2252 574 2280 ut
596 2238 793 2278 Bcrnardo
814 2236 1025 2279 tribueret3
1053 2246 1129 2269 non
1155 2233 1205 2268 ita
1229 2240 1377 2276 tamen,
1402 2239 1444 2268 ut
1464 2244 1601 2266 sanum
1626 2228 1754 2266 adhuc
1780 2238 1817 2265 ct
1845 2230 2038 2279 integrum
2063 2243 2139 2265 non
2172 2239 2369 2280 appareat.

332 2311 391 2349 Sic
412 2311 516 2347 cuim
536 2306 689 2357 praescrt
709 2302 836 2352 opcris
853 2298 990 2337 titulus
1016 2313 1024 2334 ε
1053 2315 1068 2329 ιι
1090 2297 1226 2344 Incipit
1249 2295 1481 2344 prowmium
1504 2295 1541 2330 in
1562 2293 1661 2330 libro
1681 2294 1871 2343 Guigonis
1893 2293 2036 2329 Pri0ris
2051 2293 2302 2331 Cartusiensis
2325 2293 2374 2331 ad

341 2397 352 2409 ιι
379 2377 425 2413 Η.
449 2374 621 2411 Priorem
648 2369 694 2406 dc
724 2364 967 2404 Monte-Dei.
1000 2362 1177 2398 Dominis
1197 2370 1233 2397 ct
1257 2359 1441 2397 fratribus
1464 2360 1510 2396 II.
1536 2358 1659 2395 Priori
1680 2368 1717 2396 ct
1747 2360 1792 2395 Η.
1813 2359 1940 2407 Gnigo
1958 2387 1967 2404 ,
1988 2358 2194 2395 sabbatum
2229 2358 2374 2396 delica-

340 2460 353 2472 ,ι
379 2450 478 2477 tum.
505 2456 519 2470 ιι
543 2437 594 2474 Et
622 2442 707 2485 post
724 2431 955 2482 prooemium
979 2445 986 2465 :
1011 2446 1027 2460 «ι
1053 2426 1193 2475 Incipit
1216 2424 1312 2461 liber
1333 2424 1505 2472 ejusdem
1527 2424 1730 2473 Guiggonis.
1754 2442 1766 2455 ιι
1788 2422 1894 2459 Tum
1924 2432 2144 2472 scquuntur
2164 2432 2239 2460 tres
2259 2422 2373 2470 libri,

334 2505 435 2542 utin
463 2501 592 2539 codice
612 2495 911 2536 l‘outiniaccnsi.
943 2493 1035 2529 Post
1061 2491 1234 2541 primum
1261 2489 1402 2538 legitur
1424 2505 1431 2525 :
1465 2508 1480 2521 «ι
1516 2487 1679 2538 Explicit
1710 2487 1805 2524 liber
1832 2491 1845 2524 l
1875 2504 1882 2524 :
1907 2487 2039 2536 incipit
2061 2486 2160 2524 libcr
2182 2489 2219 2524 2.
2246 2506 2260 2520 ιι
2284 2487 2377 2525 Post

333 2567 551 2607 secundum
569 2595 577 2610 ,
606 2562 809 2613 quidpiam
843 2559 964 2596 minio
983 2564 1183 2594 exaratum
1212 2553 1458 2599 habebatur,
1489 2552 1594 2603 quod
1627 2552 1743 2589 hodic
1771 2553 1931 2589 omnino
1959 2551 2136 2589 deletum
2160 2567 2168 2588 :
2201 2551 2265 2589 sed
2293 2553 2378 2601 ejus

336 2635 418 2671 loco
440 2628 702 2669 recentissima
732 2636 872 2662 manus
907 2621 1057 2659 addidit
1084 2637 1092 2657 ε
1130 2639 1146 2653 u
1180 2618 1345 2668 Explicit
1370 2617 1604 2668 opusculum
1637 2616 1686 2654 ad
1712 2617 1850 2654 sratrcs
1882 2616 1930 2654 de
1958 2616 2200 2654 Monte-Dei.
2235 2617 2378 2667 Incipit

342 2718 355 2729 »ι
380 2695 535 2735 libellus
556 2690 726 2731 Ansehni
747 2686 1022 2737 archiepiscopi
1037 2684 1085 2721 de
1103 2684 1202 2722 Vera
1221 2681 1478 2720 Beatitudine.
1503 2702 1516 2715 »

390 2765 428 2800 5.
456 2760 579 2807 Hujus
599 2757 802 2804 utriusque
830 2751 968 2789 codicis
992 2749 1220 2787 auctoritate
1245 2747 1290 2785 lis
1308 2747 1435 2785 omnis
1458 2746 1506 2783 de
1529 2755 1684 2783 auctore
1710 2745 1880 2796 epistola}
1910 2759 1976 2782 seu
2005 2754 2193 2783 tractatus
2210 2745 2258 2782 do
2287 2745 2378 2783 Vita

336 2826 504 2865 solitaria
531 2822 579 2859 ad
612 2822 748 2858 fratres
766 2818 813 2855 dc
831 2814 1057 2854 Monte-Dei
1078 2813 1273 2863 dirempta
1293 2813 1434 2850 censeri
1461 2811 1596 2857 dclJct3
1624 2825 1692 2848 nec
1713 2811 1813 2857 crit,
1843 2818 1941 2860 puto
1957 2840 1965 2849 ,
1992 2809 2171 2860 deinceps
2198 2810 2266 2859 qui
2298 2818 2377 2847 tam

338 2890 494 2940 insignis
520 2887 646 2937 opcris
667 2882 781 2921 laude
802 2881 1023 2932 Guigonem
1048 2879 1323 2917 cartusianum
1341 2875 1521 2914 fraudare
1547 2874 1652 2912 velit.
1676 2875 1871 2923 Integram
1887 2882 1986 2911 ccrte
2004 2887 2074 2910 suo
2089 2874 2233 2910 auctori
2255 2881 2379 2910 servat

338 2957 568 3004 scriptorum
585 2948 762 2986 codicum
779 2960 866 2996 pars
886 2946 1053 2982 maxima
1066 2974 1074 2990 ‚
1091 2943 1159 2994 qui
1174 2942 1395 2992 Guigoncm
1416 2940 1550 2990 primis
1565 2939 1732 2976 nominis
1749 2938 1806 2974 sui
1825 2937 2024 2974 clementis
2038 2937 2263 2987 exprimunt
2276 2966 2285 2983 ,
2308 2936 2379 2973 hoc

341 3019 457 3058 modo
475 3017 539 3053 w.
565 3013 723 3053 Norunt
737 3012 882 3061 qnippe
904 3011 972 3060 qui
993 3008 1118 3047 saecnli
1140 3006 1336 3045 undecimi
1357 3018 1484 3042 mores
1506 3012 1635 3041 tcncnt
1649 3032 1658 3048 ,
1682 3016 1801 3052 qnam
1825 3001 2005 3050 proclivis
2021 3001 2137 3038 fucrit
2157 3010 2381 3038 commnta-

341 3087 393 3123 tio
424 3083 489 3120 Gn
510 3082 547 3118 in
570 3079 634 3124 w,
662 3086 699 3114 ct
719 3076 880 3113 vicissim
898 3091 905 3118 ;
925 3072 1020 3110 adeo
1049 3082 1091 3110 ut
1108 3071 1249 3122 passim
1276 3069 1507 3107 scriberetur
1526 3097 1534 3113 ‚
1558 3066 1780 3104 u'illclmus
1805 3079 1875 3115 pro
1892 3064 2130 3102 Guillelmus
2147 3093 2155 3109 ‚
2175 3064 2291 3101 wido
2310 3078 2381 3114 pro

338 3147 490 3188 fluido,
510 3145 621 3193 Vl'iggo
638 3155 707 3191 pro
726 3140 855 3188 (luigo
870 3169 877 3178 ,
899 3146 935 3174 ct
968 3138 1044 3173 vicc
1067 3150 1186 3174 vcrsa.
1209 3135 1307 3172 IIinc
1326 3135 1471 3171 sactum
1504 3142 1547 3170 ut
1567 3147 1654 3169 cum
1687 3130 1846 3181 quidam
1865 3129 2069 3180 epistolam
2091 3128 2138 3165 ad
2166 3129 2303 3166 fratres
2332 3128 2380 3165 dc.

343 3209 566 3250 Nlontc-Iki
599 3208 698 3244 intcr
722 3202 902 3241 Willclmi
923 3201 1074 3238 abbatis
1096 3214 1212 3250 opcra
1229 3198 1479 3247 descriptam.
1503 3211 1589 3233 cum
1610 3196 1765 3233 immine
1789 3195 1922 3244 primis
1951 3193 2140 3231 duntaxat
2163 3193 2376 3235 clementis,
