2418 3949
153 194 223 230 801

830 191 1113 230 TRACTATUS
1142 193 1207 228 DE
1236 191 1526 229 CHARITATE.

152 282 267 306 nemo
286 278 342 307 est
368 269 433 319 qui
457 269 634 319 ambigat.
664 270 776 308 Unde
810 270 849 306 in
874 269 967 319 justi
1000 268 1183 307 deseri-⁵⁹

2134 192 2209 227 802

1188 268 1321 304 ⁴satiat
1341 281 1548 318 nunquam.
1570 268 1660 305 Ideo
1681 268 1802 305 audeo
1826 267 1950 304 dicere
1967 267 2051 304 illos
2064 296 2073 313 ,
2096 267 2126 303 si
2140 267 2205 316 qui

152 330 283 380 ptione
309 329 469 366 dicitur:
488 333 532 366 In
552 331 741 366 mandatis
761 331 839 376 ejus
863 333 964 365 volet
992 334 1102 365 m'mis
1118 335 1141 365 ¹.
1161 328 1191 362 A
1211 335 1319 373 sunt,
1337 328 1501 364 secunda
1529 328 1624 365 stola
1644 328 1810 364 vestitos.

152 389 256 425 Velle
284 389 416 433 nimis,
453 396 509 425 est
537 389 621 438 plus
641 389 736 425 velle
765 401 878 438 quam
910 401 1033 438 posse.
1065 391 1149 435 Quo

153 461 265 485 sensu
285 456 322 484 et
347 461 415 498 ego
442 447 582 484 dictum
611 456 704 497 puto
728 462 735 483 :
758 449 1063 483 Adolescentuloe
1092 449 1153 481 cli-

154 510 327 543 leoeertmt
345 517 380 544 te
394 511 502 543 nimis
515 511 540 543 ².
562 507 662 554 Quid
678 507 777 543 enim
796 511 931 550 nimis,
952 506 1022 542 nisi
1038 518 1153 554 supra

154 580 265 617 posse
286 576 323 604 et
341 567 438 603 vires
463 568 477 602 Ρ
503 565 680 603 Infinitus
706 566 849 616 quippe
878 573 916 601 et
948 565 1154 601 immensus

154 635 210 663 est
228 630 347 672 Deus,
364 626 402 662 in
421 639 533 675 quem
555 625 674 661 tendit
695 638 801 662 amor
821 637 952 660 eorum
966 651 976 668 ‚
1001 632 1041 660 ut
1069 624 1155 660 nul-

154 686 213 722 lus
236 686 355 735 possit
376 698 456 722 esse
484 685 569 721 finis
589 685 647 720 vel
672 697 847 721 mensura
871 683 1021 720 amoris.
1043 687 1154 736 Amat

154 758 245 794 ergo
274 746 325 782 sic
351 757 480 781 amans
511 743 659 789 anima,
693 745 762 780 etsi
789 743 901 780 nimis
925 755 1035 792 posse
1065 755 1152 788 suo,

153 805 278 841 minus
305 812 428 840 tamen
451 803 547 838 velle
570 815 664 838 suo:
689 816 756 839 nec
785 803 885 852 capit
905 802 951 839 de
974 803 1043 838 hac
1074 802 1149 838 im—

155 862 402 913 possibilitate
422 861 619 906 solatium;
645 861 710 898 sed
736 862 863 910 potius
889 861 1064 898 desiderii
1091 861 1149 896 in-

154 930 402 958 crementum.
422 921 655 968 Concupivc't,
673 920 724 956 ait
737 920 889 969 quidam
903 949 913 966 ,
930 925 1058 956 anima
1070 933 1153 956 mea

154 982 368 1016 desiderare
385 981 676 1026 justificationes
692 988 779 1014 tuas
791 978 817 1016 ³.
844 982 919 1016 Nec
941 979 1064 1028 potuit
1089 992 1147 1016 sa-

1273 387 1330 423 11.
1361 387 1502 436 Objicis
1522 387 1676 423 forsitan
1693 387 1786 423 illud
1802 414 1811 432 ,
1835 386 2009 422 Satiabor
2029 399 2111 421 cum
2136 399 2207 433 αρ-

1212 450 1383 494 paruerit
1399 449 1520 495 gloria
1546 455 1609 481 tua
1627 453 1651 468 ¹¹
1675 461 1682 482 :
1703 455 1739 482 et
1758 445 1850 482 illud
1880 445 1983 495 quod
2003 446 2209 482 Jerusalem

1218 517 1302 552 quae
1320 517 1467 541 sursum
1486 513 1561 551 est,
1583 505 1694 554 adipe
1715 505 1893 541 frumenti
1912 505 2120 542 satiatur¹².
2138 504 2210 541 Sed

1220 564 1426 601 satietatem
1463 564 1516 601 ibi
1549 565 1750 602 desiderati
1777 564 2048 601 abundantiam
2080 573 2212 601 notare

1220 623 1394 669 noveris;
1418 637 1494 660 non
1517 624 1692 660 desiderii
1712 624 1838 660 finem.
1864 625 1966 661 Finis
1991 632 2116 660 autem
2142 623 2212 660 de-

1219 682 1366 727 siderii,
1390 691 1431 719 ut
1459 683 1511 719 ait
1542 683 1718 731 quidam,
1752 683 1902 719 satietas
1932 691 2000 719 est.
2024 684 2096 730 Qui
2121 695 2212 719 vero

1219 753 1368 790 semper
1387 741 1578 786 esuriunt,
1601 741 1719 790 liquet
1739 741 1842 790 quod
1863 742 1983 777 satiati
2008 755 2086 778 non
2107 750 2207 778 sunt.

1218 799 1290 836 Sed
1311 813 1398 836 vere
1413 798 1522 835 beata
1545 801 1707 845 esuries,
1730 813 1814 849 quae
1832 800 1954 836 solum
1976 800 2093 836 esurit
2108 799 2214 848 quod

1216 858 1348 904 habet,
1379 866 1416 895 et
1447 859 1567 895 solum
1591 859 1704 895 habet
1731 858 1835 908 quod
1858 858 1987 894 esurit.
2006 859 2071 895 His
2088 859 2213 907 itaque

1217 930 1436 968 persuasum
1468 918 1514 954 sit
1546 918 1715 954 charitati
1751 926 1849 963 tuae,
1884 917 1988 966 quod
2014 916 2215 954 dulcedine

1219 977 1337 1013 divini
1358 977 1497 1013 amoris
1518 991 1630 1013 nemo
1651 978 1689 1013 in
1709 978 1836 1014 futuro
1856 977 2004 1023 satiari,
2037 990 2149 1013 nemo
2176 978 2214 1014 in

154 1039 236 1076 tiari
251 1039 459 1084 desiderio,
482 1039 547 1088 qui
569 1052 645 1075 non
671 1039 751 1075 visa
770 1038 985 1075 desiderare
1006 1051 1150 1075 concu-
1169 1039 1197 1073 B
1217 1037 1394 1086 praesenti
1410 1036 1557 1086 impleri
1588 1045 1726 1085 potest.
1746 1040 1803 1073 De
1823 1049 1897 1085 qua
1914 1035 2216 1085 impossibilitate

153 1099 260 1149 pivit.
294 1102 425 1136 Fames
454 1099 553 1135 enim
589 1099 724 1135 animae
745 1097 973 1134 desiderium
1000 1107 1066 1134 est.
1094 1098 1152 1135 Sic

155 1162 244 1195 v'ere
265 1158 419 1196 Domini
437 1171 566 1195 amans
583 1158 707 1194 anima
724 1170 853 1194 amore
873 1171 949 1194 non
967 1158 1123 1194 satiatur
1143 1171 1150 1194 :

157 1218 244 1267 quia
262 1221 363 1255 Deus
389 1231 498 1254 amor
519 1226 594 1264 est,
622 1230 737 1266 quem
759 1216 824 1266 qui
840 1224 962 1262 amat,
983 1229 1150 1252 amorem

156 1284 268 1312 amat.
293 1280 428 1314 Amare
449 1285 573 1313 autem
597 1289 765 1312 amorem
786 1276 968 1312 circulum
987 1275 1095 1322 facit,
1110 1284 1153 1312 ut

157 1335 282 1371 nullus
299 1335 383 1372 finis
403 1336 450 1372 sit
469 1335 620 1372 amoris.

214 1394 272 1431 10.
285 1394 398 1431 Vides
418 1395 532 1444 igitur
553 1395 875 1444 quemadmodum
889 1393 1153 1445 insuperabilis

159 1461 216 1490 est
252 1453 432 1500 charitas,
477 1455 605 1490 omnia
643 1468 848 1504 superan53
890 1456 940 1491 ita
976 1463 1013 1490 et
1053 1455 1156 1490 insa-

160 1513 318 1559 nabilis,
351 1515 479 1551 omnia
499 1528 658 1560 vorans,
679 1524 717 1551 et
737 1529 782 1551 ex
813 1516 921 1564 copia
946 1515 1044 1564 parit
1072 1515 1158 1550 ino-

158 1573 279 1622 piam,
297 1572 387 1609 dum
406 1587 451 1610 ex
474 1574 711 1624 praegustatis
735 1574 888 1623 quidem
917 1574 1060 1610 deliciis
1077 1587 1155 1610 am-

158 1633 259 1681 plius
294 1633 471 1670 tamenin
495 1633 692 1670 desideriis
709 1634 932 1670 exardescit.
963 1636 1056 1680 Quae
1083 1633 1151 1670 etsi

159 1692 299 1728 dentur
324 1692 371 1728 ad
392 1693 668 1742 plenitudinem
685 1721 694 1738 ,
720 1706 917 1742 nunquam
950 1701 1074 1728 tamen
1107 1692 1153 1728 ad

159 1751 378 1787 satietatem.
399 1752 473 1797 Qui
492 1754 610 1787 edunt
627 1766 685 1787 me
699 1782 707 1796 ,
728 1753 779 1788 ait
790 1781 799 1797 ,
812 1753 933 1787 (ullane
947 1756 1109 1787 esurient
1120 1752 1150 1786 4'.

1218 1095 1393 1131 solatium
1417 1094 1484 1131 tibi
1500 1095 1567 1140 sit,
1593 1096 1741 1131 nullum
1763 1094 1903 1131 habere
1926 1095 2116 1131 solatium.
2142 1098 2215 1132 Pa-

1219 1154 1388 1190 tientiam
1408 1152 1474 1190 tibi
1488 1162 1600 1203 opto;
1622 1155 1687 1191 sed
1705 1155 1967 1205 impatientem
1989 1167 2070 1191 esse
2085 1154 2124 1190 in
2143 1154 2215 1192 hoc

1219 1214 1335 1263 magis
1354 1213 1519 1264 expedit.

1573 1332 1750 1371 CAPUT
1781 1333 1857 1371 ΙΙΙ.

1493 1457 1541 1485 De
1560 1453 1799 1485 incessabilitate
1818 1454 1942 1485 amoris.

1280 1572 1338 1608 12.
1372 1572 1438 1609 His
1463 1585 1552 1621 ergo
1586 1572 1780 1621 utrisquea
1812 1572 2022 1622 praetactis,
2042 1574 2087 1610 ad
2112 1575 2220 1612 inve-

1218 1631 1387 1680 stiganda
1410 1632 1552 1680 reliqua
1580 1632 1686 1668 stilus
1711 1641 1932 1681 percurrat,
1955 1643 2138 1682 quantum
2170 1635 2216 1671 ad

1220 1701 1293 1727 tam
1317 1692 1428 1740 digna
1448 1691 1591 1727 aditum
1617 1692 1764 1741 aperire
1792 1691 2009 1740 dignabitur
2027 1694 2063 1729 in
2082 1694 2216 1731 dulce-

1220 1751 1308 1787 dine
1327 1764 1393 1787 sua
1412 1751 1570 1801 pauperi
1594 1754 1706 1787 Deus.
1729 1752 1831 1788 Solet
1849 1760 1970 1787 tamen
1989 1753 2026 1788 in
2043 1753 2100 1788 bis
2120 1754 2217 1790 faci-

158 1813 302 1847 ODeus
316 1809 436 1856 bone,
451 1824 564 1860 quem
579 1824 724 1857 amare,
739 1811 850 1847 edere
866 1819 940 1856 est;
958 1810 1153 1859 quomodo
1175 1813 1201 1849 C
1221 1809 1292 1846 lius
1327 1818 1455 1859 patere
1491 1809 1679 1858 ingressus
1713 1810 1773 1858 pie
1803 1809 2064 1858 pulsantibus,
2101 1825 2215 1860 quain

157 1878 326 1906 amantes
350 1879 385 1906 te
413 1870 465 1906 sic
492 1871 631 1916 reficis,
664 1879 706 1907 ut
726 1871 842 1920 magis
865 1871 1053 1915 esuriant,
1085 1870 1155 1906 nisi

156 1929 245 1978 quia
262 1938 301 1966 tu
319 1929 428 1966 simul
447 1929 552 1966 cibus
571 1943 609 1966 es
630 1938 667 1966 et
686 1931 855 1966 esuries?
875 1933 921 1966 Et
939 1930 1002 1978 qui
1024 1938 1058 1965 te
1077 1943 1153 1965 non

157 1989 380 2038 gustaverit,
411 1997 446 2025 te
478 2002 635 2039 prorsus
662 1989 805 2025 esurire
834 1989 963 2025 nescit.
995 1988 1052 2025 Ad
1083 1989 1154 2025 hoc

158 2060 248 2096 ergo
265 2047 384 2093 cibas,
404 2056 446 2084 ut
465 2048 607 2084 esurire
629 2048 749 2084 facias.
773 2050 1004 2092 Esurienees,
1022 2048 1072 2084 ait
1092 2048 1154 2084 illa

157 2108 269 2157 plena
282 2136 291 2153 ‚
325 2110 489 2155 implevit
509 2107 610 2143 bonis
628 2105 654 2142 ⁵.
685 2106 830 2154 Quibus
854 2106 966 2143 bonis
984 2108 998 2142 ?
1014 2107 1111 2144 Nolo
1133 2120 1153 2143 a

158 2178 218 2202 me
238 2178 402 2214 quaeras,
424 2179 508 2215 quae
531 2174 617 2202 sunt
634 2165 734 2202 bona
753 2166 955 2202 charitatis.
979 2167 1153 2203 Profecto

159 2225 305 2262 aestimo
323 2225 404 2270 illa,
428 2225 474 2261 de
497 2225 635 2274 quibus
652 2225 808 2269 dicitur,
841 2226 977 2260 Oculus
1003 2239 1076 2260 teon
1095 2230 1153 2260 vi-

159 2288 235 2330 dit,
247 2286 361 2327 Deus,
381 2285 518 2333 absque
532 2294 566 2321 te
574 2314 585 2330 ,
600 2299 686 2333 quoe
705 2285 929 2320 abscondisti
942 2284 1153 2320 timentibus

160 2343 220 2380 te⁶
246 2359 253 2380 :
272 2353 309 2381 et
329 2345 444 2390 alius,
473 2346 584 2391 Quod
604 2348 730 2381 oculus
749 2359 822 2380 non
844 2347 942 2381 vidit
960 2373 972 2388 ,
994 2354 1028 2380 et
1055 2350 1154 2380 auris

160 2418 235 2440 non
255 2406 414 2447 audivit,
446 2414 483 2440 et
507 2409 544 2440 in
565 2418 627 2441 cor
655 2405 812 2440 hominis
842 2419 915 2440 mm
949 2405 1152 2439 ascondita

161 2463 277 2500 Audis
308 2462 550 2512 diligentibus
586 2472 795 2513 praeparata
813 2492 822 2508 ,
860 2471 901 2498 ut
943 2461 1154 2498 dilectionis

160 2522 260 2558 bona
290 2522 369 2557 fore
396 2535 471 2557 non
493 2521 670 2572 ambigas.
693 2526 736 2559 In
766 2522 834 2558 hac
859 2522 959 2558 enim
983 2521 1154 2569 repositae

1221 1869 1408 1905 subtiliter
1438 1868 1774 1918 perscrutantibus.
1807 1870 1932 1905 Pulsat
1958 1871 2023 1918 qui
2047 1871 2217 1918 affectat,

1222 1928 1286 1977 qui
1307 1937 1410 1974 orat,
1442 1936 1478 1964 et
1501 1928 1738 1977 pulsantibus
1763 1929 1929 1977 aperitur
1945 1929 1986 1965 ¹³.
2010 1933 2095 1967 Non
2117 1932 2216 1967 enim

1222 1986 1488 2036 ambigendum
1509 1995 1576 2032 est,
1593 1987 1684 2035 quin
1700 1986 1860 2023 libenter
1872 1988 2035 2037 pulsanti
2054 1990 2213 2038 aperiat,

1220 2047 1285 2095 qui
1302 2045 1471 2081 nondum
1493 2046 1703 2095 pulsantem
1722 2046 1895 2082 hortatur
1923 2055 1962 2083 ut
1988 2048 2121 2097 pulset.
2157 2050 2217 2086 Sic

1220 2110 1322 2143 Deus
1339 2106 1444 2155 prius
1456 2106 1536 2141 vult
1550 2119 1570 2141 a
1587 2118 1624 2142 se
1644 2106 1784 2154 requiri
1806 2106 1915 2142 ctiam
1936 2107 2037 2155 quod
2059 2109 2220 2157 promit-

1221 2165 1274 2201 tit.
1299 2168 1342 2202 Et
1357 2165 1441 2201 ideo
1458 2164 1561 2214 quod
1582 2165 1671 2201 dare
1692 2165 1878 2214 disponit,
1897 2167 2001 2215 prius
2019 2169 2219 2216 promittit,

1221 2233 1261 2261 ut
1280 2224 1436 2273 rogandi
1463 2237 1593 2260 ausum
1614 2223 1803 2273 praebeat,
1825 2233 1862 2261 et
1882 2234 1922 2261 ut
1939 2226 2040 2274 quod
2063 2226 2219 2263 daturus

1220 2292 1298 2320 erat
1317 2283 1449 2333 gratis,
1479 2283 1617 2320 devota
1636 2292 1900 2332 promereatur
1920 2285 2055 2321 oratio.
2085 2289 2128 2321 In
2149 2286 2220 2322 boc

1220 2341 1329 2378 nobis
1344 2355 1365 2378 a
1382 2341 1492 2377 nobis
1512 2342 1644 2377 merita
1663 2350 1912 2391 extorquens,
1936 2343 2025 2379 dum
2041 2357 2111 2381 nos
2126 2358 2220 2394 prze-

1219 2401 1341 2446 venit,
1375 2401 1578 2437 tribuendo
1612 2401 1715 2449 quod
1750 2400 2002 2438 retribuamus
2018 2432 2026 2448 ,
2061 2405 2136 2452 agit
2172 2418 2218 2440 ne

1220 2461 1334 2510 gratis
1353 2459 1504 2495 tribuat.
1533 2460 1647 2496 Plane
1677 2459 1812 2508 dignus
1841 2468 1882 2496 ut
1914 2470 2123 2507 reametur,
2154 2463 2219 2512 qui

1221 2532 1291 2555 nos
1308 2519 1359 2555 sic
1381 2519 1564 2568 praevenit
1586 2519 1623 2554 in
1645 2518 1822 2555 amando.
1842 2523 1890 2554 In
1908 2520 1993 2563 hoe,
2016 2521 2138 2569 inquit
2157 2525 2221 2558 Jo-

159 2589 247 2617 sunt
266 2581 483 2617 aeternitatis
503 2581 665 2625 deliciae,
691 2590 726 2617 et
745 2581 867 2617 omnis
895 2580 1054 2616 coelestis
1078 2593 1156 2615 sua-
1175 2583 1205 2616 D
1223 2591 1358 2624 annes,
1381 2588 1433 2613 ese
1453 2579 1636 2623 clun-teas,
1658 2593 1730 2614 mm
1757 2583 1865 2626 quusi
1890 2592 1957 2614 nos
1979 2582 2220 2617 dilexerinms

160 2641 268 2677 vitas.
291 2644 332 2677 In
355 2641 421 2676 bac
441 2649 529 2676 sunt
548 2654 640 2689 pax,
654 2640 852 2690 patientia,
871 2639 1153 2689 longanimitas,

160 2709 198 2737 et
217 2700 394 2749 gaudium
417 2700 452 2736 in
477 2700 617 2749 Spiritu
639 2708 768 2736 sancto
780 2698 808 2746 ⁸3
831 2708 867 2735 et
888 2698 1072 2748 quidquid
1090 2697 1156 2746 ju-

160 2760 327 2797 cundum
359 2769 484 2796 mente
513 2760 662 2810 concipi
692 2768 834 2809 potest,
858 2768 895 2796 et
913 2760 1024 2796 ultra.
1049 2762 1153 2803 Hoc,

160 2819 333 2868 inquam,
352 2819 573 2868 praeparasti
588 2818 831 2868 diligentibus
850 2827 904 2864 te;
921 2818 985 2855 scd
1000 2818 1157 2854 abscon-

162 2877 248 2914 disti
262 2877 479 2914 timentibus
496 2886 548 2924 te,
565 2878 685 2914 donee
701 2878 861 2915 ebaritas
877 2878 973 2914 foras
984 2878 1155 2914 velamen

163 2937 286 2972 mittat
305 2937 449 2972 timoris
463 2944 491 2981 9,
507 2945 548 2972 ut
567 2937 694 2973 videre
711 2937 876 2986 possint,
891 2950 1002 2986 quam
1023 2948 1157 2985 magna

163 2994 367 3031 multitudo
400 2995 610 3032 dulcedinis
641 3003 754 3032 ture¹0
772 3024 782 3041 ,
811 3009 895 3045 quae
920 2996 988 3033 etsi
1012 2996 1153 3045 replet,

1221 2642 1355 2682 Deum,
1371 2640 1437 2673 sed
1449 2643 1537 2686 quia
1556 2643 1632 2686 ipse
1644 2640 1890 2685 prior-diluvii
1903 2639 2019 2674 nos'i.
2041 2639 2220 2676 Praecedit

1221 2698 1336 2747 igitur
1353 2710 1460 2733 amor
1472 2710 1572 2741 suus,
1595 2704 1726 2732 nostro
1747 2696 1899 2744 quidem
1918 2695 2116 2745 benignior
2128 2726 2136 2740 ‚
2153 2698 2216 2734 sed

1223 2765 1351 2794 noster
1377 2756 1604 2805 expenditur
1620 2754 1769 2803 justior.
1789 2758 1871 2803 Ipse
1895 2755 1996 2791 enim
2018 2755 2141 2792 adbuc
2160 2757 2219 2792 in—

1645 2830 1651 2850 :
1676 2827 1745 2850 nos
1766 2827 1854 2850 vero
1882 2827 1953 2850 suo
1983 2814 2106 2860 dono,
2141 2829 2217 2852 non

1223 2875 1365 2919 debito,
1383 2883 1529 2911 constat
1546 2873 1710 2921 diligere.
1728 2877 1800 2909 Dat
1815 2872 1915 2909 unde
1927 2902 1935 2918 ‚
1951 2881 1987 2908 et
2000 2874 2083 2908 l'acit
2100 2887 2217 2922 quare

1222 2825 1347 2866 gratos
1368 2817 1480 2865 gratis
1500 2815 1618 2863 diligit

1222 2943 1388 2977 amatur,
1413 2942 1451 2969 ut
1474 2933 1519 2969 de
1540 2946 1608 2969 suo
1632 2941 1668 2968 et
1690 2945 1760 2981 pro
1781 2945 1849 2968 suo
1866 2932 2006 2981 pariter
2026 2932 2214 2981 diligatur.

1223 2998 1268 3030 Et
1291 2993 1443 3042 quidem
1473 2992 1614 3028 donum
1647 2990 1739 3026 illud
1775 2991 1952 3040 prosequi
1985 2991 2140 3037 omitto,
2172 3006 2217 3028 eo

213 3140 222 3154 ¹
242 3134 413 3171 Psal.cx1,
435 3138 462 3165 1.
486 3153 524 3156 —
546 3140 558 3156 ²
573 3136 691 3166 Cautio.
714 3147 743 3173 1,
767 3140 795 3167 2.
814 3154 855 3158 ——
874 3134 885 3156 3
902 3135 1124 3170 Psal.cxv111‚
1145 3138 1199 3164 20.
1214 3151 1254 3156 -
1270 3132 1284 3158 4
1305 3131 1386 3162 Ῐῗοςίἰ
1413 3143 1506 3167 xx1v,
1528 3135 1580 3161 25).
1608 3150 1637 3153 --
1678 3128 1689 3151 ⁵
1713 3133 1786 3160 Luc.
1816 3141 1847 3163 ι.
1869 3132 1921 3160 53.
1940 3149 1980 3151 --
2004 3128 2103 3160 ⁶1sai.
2133 3142 2216 3163 rxu.

166 3188 196 3216 4.
215 3204 255 3208 ——
275 3192 288 3216 7
307 3189 320 3216 1
338 3188 408 3217 Cor.
432 3198 479 3226 Η,
501 3191 532 3218 9.
552 3206 592 3210 -
618 3186 631 3209 ⁸
648 3191 739 3219 Rom.
760 3200 830 3226 xiv,
853 3190 901 3218 17.
919 3207 959 3210 —
975 3190 1194 3222 91J0an.1v‚
1219 3188 1273 3216 28.
1289 3203 1329 3207 ---
1355 3191 1382 3204 ¹⁰
1400 3184 1475 3214 l‘sal.
1495 3195 1560 3213 xxx
1575 3207 1581 3219 ,
1605 3186 1656 3213 20.
1672 3202 1700 3204 m
1730 3188 1755 3204 ¹¹
1777 3182 1854 3213 psal.
1874 3193 1945 3220 xvi,
1968 3186 2016 3213 15.
2036 3201 2075 3206 —q
2096 3189 2122 3204 ¹¹
2140 3185 2216 3213 l'sal.

165 3247 276 3267 cxnvu
291 3261 298 3274 ‚
327 3240 379 3268 14.
399 3256 442 3260 —-
465 3238 494 3262 ¹3
514 3239 629 3271 Manli.
649 3252 715 3278 vn,
735 3245 765 3272 7.
793 3259 834 3263 m<
857 3241 884 3266 ¹⁴
902 3244 913 3271 1
935 3243 1087 3273 Joan.1v,
1110 3242 1160 3269 tn.

212 3297 224 3311 '⁴
244 3298 394 3334 Fortasse,
419 3303 591 3341 utcumque.

327 3367 414 3389 Toxi.
449 3369 482 3390 V.

2017 3352 2063 3386 20
