2418 3949
170 211 245 247 781

818 214 1104 250 TRACTATUS
1132 214 1198 248 DE
1227 214 1413 248 ORDINE
1443 216 1579 249 vlTAE.

167 295 338 336 tempus,
370 295 407 323 et
439 287 648 337 impudicos
674 300 781 325 senes
806 288 956 325 lascivia
980 286 1201 325 condem-³⁸

2151 210 2225 246 782

1206 285 1310 324 5γθιί
1336 288 1508 324 delectat.
1537 288 1684 324 Justitia
1712 288 1949 324 dilectionem
1979 288 2046 324 Dei
2072 296 2108 324 et
2134 300 2227 337 pro-

168 353 244 382 net.
262 346 440 382 Tenenda
455 355 511 383 est
527 347 653 396 itaque
670 360 817 398 semper
832 348 1023 384 humilitas
1037 355 1162 384 custos
1179 346 1212 380 A
1227 346 1319 382 ximi
1332 355 1467 384 servat.
1484 347 1680 384 Fortitudo
1696 355 1835 383 metum
1855 347 1987 383 mortis
2003 347 2224 383 contemnit.

166 404 379 454 pudicitiae,
411 415 531 443 mater
569 406 772 457 patientiae.
799 407 886 460 Sine
916 420 1027 443 causa
1061 406 1161 443 enim

168 463 336 510 laborat,
354 465 420 515 qui
437 466 594 502 virtutes
617 467 698 504 sine
718 466 928 503 humilitate
945 473 1160 516 congregat.

168 526 266 560 Vera
284 534 408 562 autem
433 525 634 575 patientia,
663 526 733 563 nisi
754 539 822 575 per
840 525 1066 575 profundam
1087 525 1162 561 hu-

169 583 387 630 militatem,
417 597 485 621 nec
512 585 743 633 acquiritur,
769 598 838 621 nec
863 593 1023 621 tenetur.
1058 587 1164 620 Hanc

169 655 261 679 vero
289 644 460 692 quisquis
486 643 669 680 veraciter
700 643 838 688 habet,
874 656 942 680 nec
979 642 1163 679 beneficio

170 702 293 748 cellae,
317 715 385 739 nec
404 702 576 752 perfugio
599 702 812 739 solitudinis
834 702 977 751 indiget
998 710 1061 738 :et
1077 701 1105 738 si
1130 702 1164 738 ei

169 760 403 807 adversitatis
421 760 563 809 aliquid
583 760 783 806 acciderit,
808 773 882 797 non
905 761 1161 805 contristatur,

169 819 234 856 sed
249 819 370 856 adhuc
385 819 555 868 diligenti
573 823 693 856 Deum
711 821 837 857 omnia
854 829 1107 870 cooperantur
1122 820 1160 856 in

168 877 312 915 bonum
334 885 358 915 ¹.
392 882 466 915 Iste
494 878 599 914 timet
629 878 668 914 in
699 880 893 929 prosperis
915 908 924 925 ,
958 880 1096 929 gaudet
1122 879 1161 916 in

167 937 348 981 adversis.
376 941 487 974 Amat
512 946 549 974 et
573 936 727 986 adjuvat
758 948 1047 988 persequentes,
1075 940 1162 989 quia

169 1011 256 1034 eum
287 998 466 1047 patientia
505 1006 543 1035 et
573 997 782 1048 benignitas
809 999 1037 1036 comitantur
1058 1000 1162 1036 velut

169 1057 377 1094 individuae
409 1057 575 1095 comites.

233 1117 295 1154 21.
322 1117 359 1154 Si
376 1117 461 1167 quis
479 1117 594 1166 igitur
612 1116 725 1154 habet
741 1118 904 1154 animam
925 1118 1163 1168 virginalem,

170 1185 208 1213 et
223 1184 367 1213 amator
381 1185 438 1213 est
455 1176 645 1226 pudicitiae
656 1205 665 1221 ,
687 1189 764 1213 non
783 1175 895 1213 debet
911 1176 1166 1214 mediocribus

170 1248 250 1273 esse
267 1243 485 1281 contentus,
503 1249 587 1285 quae
606 1236 680 1272 cito
696 1236 958 1280 exsolescunt,
978 1245 1015 1273 et
1031 1245 1165 1273 exorto

171 1295 340 1330 cau'mate
354 1303 528 1331 arescunt
545 1310 553 1332 :
575 1295 640 1332 sed
660 1296 841 1345 perfectas
857 1296 1017 1333 virtutes
1032 1309 1167 1345 sequa-

173 1363 254 1400 tur,
276 1363 318 1391 ut
338 1355 464 1391 lumen
489 1354 622 1391 habeat
649 1356 936 1405 sempiternum.
964 1357 1037 1403 Qui
1066 1356 1167 1392 enim

171 1415 353 1464 prolicere
373 1414 520 1458 studet,
552 1427 701 1464 semper
728 1415 875 1451 invenit
897 1428 974 1464 quo
1005 1423 1166 1460 crescat,

171 1481 211 1510 et
237 1486 305 1524 per
324 1473 402 1510 dies
425 1473 592 1523 singulos
612 1486 650 1510 se
670 1473 752 1523 ipso
774 1474 907 1510 melior
931 1475 1005 1510 liat.
1027 1473 1170 1510 Adole-

173 1545 297 1579 scens,
326 1533 481 1582 profice.
506 1532 738 1582 Mancipatus
762 1545 802 1569 es
828 1532 964 1569 Christi
992 1532 1171 1578 servitio,

174 1601 213 1629 et
229 1592 376 1642 coepisti
392 1605 524 1642 magna
544 1604 671 1641 agere,
692 1600 728 1628 et
744 1592 890 1628 excelsa
906 1591 1064 1636 imitari3
1082 1604 1175 1627 con-

175 1653 333 1689 fortetur
356 1665 422 1688 cor
449 1660 573 1697 tuum,
603 1659 640 1687 et
666 1651 826 1688 viriliter
852 1664 930 1700 age.
949 1653 1082 1700 Magna
1110 1649 1175 1687 tibi

174 1711 326 1748 dabitur
352 1712 469 1761 gloria
508 1719 593 1760 post
621 1710 830 1746 victoriam.
859 1710 961 1746 Licet
987 1708 1174 1745 lubricum

173 1771 221 1807 sit
238 1771 310 1807 iter
338 1784 406 1821 per
421 1770 521 1820 quod
541 1769 703 1814 incedis;
723 1778 846 1805 tamen
866 1769 911 1805 de
929 1768 1081 1805 Domini
1103 1781 1172 1804 au—

1227 405 1489 454 Temperantia
1503 406 1740 441 affectionem
1756 406 1879 442 carnis
1893 414 2089 455 temperat.
2104 406 2228 442 Prima

1227 464 1365 499 etenim
1396 463 1569 512 intelligit
1597 478 1605 499 t
1634 463 1799 500 secunda
1822 463 1919 500 bene
1947 464 2041 500 vivit
2073 478 2080 499 ε
2115 464 2224 500 tertia

1228 523 1437 572 appetitum
1471 521 1621 558 cohibet
1657 537 1664 557 :
1699 530 1834 571 quarta
1866 523 2018 559 modum
2047 523 2224 572 imponit.

1228 586 1318 619 Tres
1333 583 1406 619 illae
1422 582 1636 632 superiores
1655 582 1758 630 quod
1774 582 1973 618 honestum
1991 591 2046 619 est
2063 596 2227 632 operan-

1230 650 1291 678 tur
1329 655 1337 677 :
1370 641 1448 678 haec
1478 649 1602 677 autem
1631 649 1766 689 quarta
1795 641 1975 677 decorum
2010 643 2084 692 agit
2112 642 2227 689 illud,

1228 699 1332 749 quod
1353 712 1400 735 ex
1427 699 1553 736 radice
1578 699 1784 735 honestatis
1808 701 2070 748 proficiscitur.
2102 702 2229 750 Siqui-

1229 759 1313 795 dem
1335 758 1536 808 prudentia
1551 766 1606 794 est
1621 758 1764 806 agnitio
1779 771 1878 795 verae
1900 760 2009 805 fidei,
2040 769 2077 796 et
2105 761 2227 796 scien-

1228 820 1279 855 tia
1303 819 1579 867 Scripturarum
1596 845 1605 862 ,
1631 817 1670 853 in
1696 830 1770 866 qua
1791 818 1930 854 intueri
1963 827 2114 868 oportet
2138 820 2231 856 illud

1227 878 1430 915 trimodum
1474 890 1591 926 genus
1633 877 1913 926 intelligentiae,
1944 891 2105 927 quorum
2152 879 2231 928 pri-

1228 951 1330 974 mum
1362 945 1417 974 est
1444 937 1690 972 historicum:
1710 936 1918 973 secundum
1946 937 2189 986 allegoricum
2221 952 2229 973 :

1227 997 1378 1034 tertium
1406 996 1578 1046 superior
1608 996 1670 1032 ille
1697 996 1932 1043 intellectus,
1963 1009 2075 1046 quem
2103 997 2234 1033 dicunt

1183 1055 1209 1088 Β
1227 1069 1432 1107 anagogen.
1457 1055 1608 1093 Justitia
1628 1068 1718 1092 vero
1741 1064 1796 1092 est
1812 1060 1934 1092 Deum
1964 1056 2117 1101 timere,
2144 1056 2233 1092 reli-

1228 1117 1380 1167 gionem
1403 1115 1602 1162 venerari,
1635 1115 1819 1151 honorem
1853 1115 1950 1151 ferre
1987 1115 2231 1164 parentibus,

1230 1176 1389 1226 patriam
1406 1174 1579 1223 diligere3
1595 1174 1737 1210 cunctis
1750 1174 1950 1223 prodesse,
1968 1187 2109 1210 nocere
2127 1174 2235 1218 nulli,

1232 1235 1406 1272 fraternae
1441 1233 1632 1270 charitatis
1658 1233 1853 1269 vinculum
1888 1241 2036 1278 tenere,
2069 1232 2236 1283 pericula

1232 1295 1353 1332 aliena
1385 1294 1602 1342 suscipere,
1632 1305 1741 1341 opem
1775 1292 1871 1328 ferre
1911 1292 2081 1337 miseris,
2127 1290 2237 1327 bonis

1232 1353 1528 1391 vicissitudinem
1565 1352 1792 1401 rependere,
1825 1352 2040 1401 aequitatem
2069 1351 2106 1387 in
2132 1350 2234 1400 judi-

1234 1414 1298 1450 ciis
1323 1424 1559 1449 conservare.
1577 1411 1776 1449 Fortitudo
1794 1419 1919 1447 autem
1941 1419 1996 1447 est
2019 1411 2134 1446 animi
2159 1423 2237 1446 ma-

1235 1472 1416 1522 gnitudo,
1441 1478 1680 1520 contemptus
1706 1470 1897 1506 honorum
1920 1470 1980 1505 vel
2003 1469 2233 1505 divitiarum.

1239 1535 1326 1569 Haec
1359 1530 1526 1568 adversis
1553 1537 1617 1566 aut
1642 1528 1827 1578 patienter
1856 1527 1980 1573 cedit,
2009 1536 2074 1564 aut
2101 1528 2238 1564 resistit

1241 1591 1398 1628 fortiter.
1415 1589 1534 1627 Nullis
1546 1587 1732 1624 illecebris
1748 1587 1964 1632 edomatur,
1982 1587 2089 1624 malis
2108 1595 2144 1623 et
2161 1587 2232 1623 ad—

1239 1652 1356 1688 versis
1385 1663 1461 1686 non
1493 1649 1699 1697 frangitur,
1731 1661 1807 1683 non
1837 1648 2005 1683 elevatur
2036 1647 2233 1691 secundis;

1240 1710 1378 1746 invicta
1395 1709 1441 1745 ad
1457 1707 1624 1751 labores,
1642 1707 1746 1743 fortis
1762 1706 1808 1743 ad
1828 1707 1994 1756 pericula
2012 1721 2019 1742 z
2039 1707 2236 1756 pecuniam

1240 1770 1413 1818 negligit,
1443 1769 1636 1805 avaritiam
1662 1768 1755 1817 sugit
1775 1796 1784 1812 ,
1811 1776 1942 1803 contra
1963 1767 2138 1803 universa
2170 1779 2237 1816 pe—

174 1831 263 1868 xilio
290 1831 504 1876 confidens,
535 1831 664 1868 desere
686 1830 759 1866 ima
783 1837 964 1878 quantum
993 1829 1092 1864 vales
1108 1857 1117 1874 ‚
1138 1836 1175 1864 et
1193 1829 1218 1864 C
1239 1831 1353 1867 ricula
1369 1830 1535 1866 animum
1553 1837 1740 1879 prreparat
1754 1857 1763 1873 ,
1785 1827 1961 1864 molestiis
1983 1827 2094 1863 nullis
2111 1827 2233 1869 cedit,

173 1903 321 1928 summa
347 1899 444 1941 pete.
480 1894 561 1928 Non
591 1890 740 1926 delicias
771 1901 892 1937 neque
924 1896 1108 1938 tepescas,
1132 1896 1173 1923 ut

175 1950 334 2000 gradum
351 1950 594 2000 perfectionis
609 1949 731 1999 possis
752 1947 954 1985 ascendere
969 1976 977 1992 ,
995 1947 1040 1983 ad
1060 1960 1171 1996 quam

175 2009 329 2046 nonnisi
345 2009 469 2046 multis
485 2008 676 2045 laboribus
693 2008 926 2059 pervenitur.
942 2011 1043 2055 Euge
1059 2019 1173 2052 nunc,

175 2082 290 2118 euge,
315 2069 428 2106 frater
445 2068 567 2115 bone,
594 2069 698 2105 initia
718 2067 959 2113 transcende,
983 2075 1019 2103 et
1044 2067 1088 2102 ad
1111 2080 1174 2102 su-

176 2129 326 2178 periora
363 2129 473 2165 tende
494 2157 504 2173 ‚
540 2137 581 2164 nt
608 2132 687 2165 Deo
718 2129 755 2164 in
789 2140 880 2164 voce
912 2126 1173 2163 exsultationis

175 2189 362 2225 canticum
384 2188 567 2238 graduum
590 2196 727 2224 cantes.
756 2186 837 2224 Tibi
862 2200 952 2223 vero
976 2185 1022 2221 de
1048 2185 1172 2221 radice

176 2247 222 2284 ad
245 2260 421 2284 cacumen
448 2247 657 2293 festinanti,
674 2246 769 2283 liber
785 2254 886 2296 patet
912 2246 1101 2294 ingressus
1126 2243 1172 2280 ad

176 2307 257 2343 illas
278 2315 440 2356 quatuor
464 2307 623 2342 virtutes
640 2306 889 2356 principales,
913 2318 998 2353 quae
1018 2304 1054 2340 in
1082 2303 1174 2340 ado-

177 2365 404 2403 lescentibus
428 2366 677 2414 inchoantur,
694 2373 731 2402 et
746 2365 783 2401 in
797 2363 1005 2413 juvenibus
1027 2375 1173 2411 augen—

179 2434 240 2462 tur
255 2454 265 2471 ,
284 2426 321 2462 in
339 2424 490 2462 senibus
509 2426 756 2475 perficiuntur
775 2439 782 2460 :
804 2424 891 2473 quia
916 2431 1059 2459 matura
1086 2430 1174 2458 aetas

179 2484 307 2522 multis
328 2484 520 2522 laboribus
540 2484 742 2521 exercitata
758 2512 767 2528 ,
789 2483 867 2532 jam
891 2482 995 2518 novit
1016 2495 1084 2532 per
1106 2493 1173 2517 ex-

180 2545 420 2594 perientiam,
449 2544 552 2594 quod
583 2544 716 2581 didicit
743 2556 810 2594 per
837 2542 1043 2580 scientiam.

531 2675 705 2714 CAPUT
736 2675 830 2715 VII.

184 2803 328 2839 Quattuor
349 2798 476 2828 xii-tutes
491 2797 662 2828 cardinales
676 2821 684 2835 ,
703 2803 733 2828 et
753 2807 858 2827 earum
876 2795 980 2826 munia
996 2794 1178 2826 describun-

378 2857 438 2883 tur.
457 2854 534 2882 ltem
557 2850 595 2881 de
616 2850 780 2881 xii-tutibus
801 2848 990 2890 theologici&

238 2962 299 2999 22.
331 2962 441 2999 Unde
468 2961 545 3011 jam
581 2975 656 2998 non
690 2961 877 2998 immerito
908 2960 1172 3010 prudentiam,

187 3022 445 3058 tortitudinem
462 3051 470 3067 ‚
490 3023 672 3072 justitiam
689 3031 724 3058 et
746 3021 1028 3071 temperantiam
1048 3020 1085 3055 in
1106 3028 1175 3055 ter-

187 3083 239 3119 tio
267 3083 531 3119 constituimus
551 3082 690 3132 gradu3
718 3084 805 3131 quia
834 3095 900 3131 per
925 3094 986 3116 eas
1016 3080 1176 3114 maxime

188 3144 424 3180 instruuntur
455 3157 598 3189 mores,
627 3152 664 3179 et
693 3142 788 3179 bene
822 3140 972 3177 xix-endi
1006 3139 1180 3186 niagistc-

189 3203 283 3239 rium
314 3202 481 3239 docetur.
509 3203 580 3240 Sed
607 3217 651 3239 ex
680 3203 736 3239 his
766 3199 963 3251 prudentia
990 3199 1181 3245 agnitione

241 3335 245 3348 ¹
269 3332 358 3359 num.
383 3340 460 3363 xiii,
485 3333 535 3359 '‘S.

1239 1891 1367 1941 gloriae
1388 1898 1495 1926 cavet
1517 1889 1738 1939 appetitum.
1760 1887 1830 1924 Sed
1861 1888 1958 1924 inter
1980 1887 2046 1923 has
2072 1890 2235 1935 Tempe-

1241 1951 1361 1987 rantia
1377 1963 1526 2000 semper
1545 1947 1803 1998 amplectenda
1822 1955 1887 1984 est.
1905 1951 1968 1984 Est
1983 1947 2081 1983 enim
2102 1945 2238 1981 modus

1238 2012 1323 2046 'vitae
1344 2011 1381 2046 in
1410 2010 1514 2046 omni
1534 2008 1652 2045 verbo
1673 2009 1732 2043 vel
1754 2021 1882 2057 opere.
1913 2010 2000 2044 naec
2027 2015 2151 2042 autem
2176 2018 2237 2041 so-

1239 2069 1407 2106 brietatis
1437 2078 1473 2106 et
1503 2067 1738 2105 vcrecundiae
1769 2080 1896 2103 comes
1930 2074 2007 2111 est,
2045 2078 2128 2114 quse
2165 2064 2238 2100 alio

1240 2130 1393 2166 nomine
1418 2137 1575 2165 vocatur
1602 2127 1798 2163 modestia.
1823 2126 2051 2163 Humilitatis
2071 2125 2237 2174 regulam

1239 2188 1422 2234 custodit,
1453 2187 1763 2236 tranquillitatem
1796 2185 1910 2221 animi
1941 2192 2082 2229 servat,
2111 2183 2237 2219 conti—

1238 2248 1405 2284 nentiam
1424 2255 1461 2284 et
1481 2247 1688 2283 castitatem
1708 2245 1854 2293 diligit,
1874 2244 1974 2280 fovet
1990 2243 2104 2279 decus
2117 2251 2152 2278 et
2170 2242 2241 2278 ho-

1240 2315 1444 2352 nestatem,
1478 2305 1672 2354 restringit
1697 2304 1843 2340 ratione
1873 2302 2083 2351 appetitum
2117 2301 2238 2336 :iram

1240 2366 1471 2411 contemnit,
1494 2378 1561 2401 nec
1582 2363 1756 2413 rependit
1775 2361 2056 2398 contumeliam.

1295 2426 1359 2462 23.
1383 2425 1449 2461 His
1477 2433 1516 2460 tu
1540 2423 1658 2472 plagis
1681 2422 1764 2458 coeli
1782 2421 1976 2457 includere
1991 2447 2000 2464 ‚
2024 2420 2138 2456 homo
2159 2420 2240 2456 Dei.

1242 2485 1309 2522 His
1332 2493 1370 2520 tu
1391 2483 1525 2529 armis,
1547 2481 1707 2518 bellator
1727 2480 1884 2525 Christi,
1908 2479 2124 2528 accingere,
2148 2491 2243 2527 pro-

1242 2553 1367 2593 tegere
1383 2573 1392 2589 ,
1413 2551 1450 2579 et
1470 2554 1620 2579 ornare.
1644 2545 1716 2578 Iste
1743 2553 1876 2576 currus
1897 2539 2027 2587 igneus
2049 2546 2084 2574 te
2107 2538 2242 2573 sortem

1192 2604 1224 2636 D
1243 2603 1397 2639 militem
1419 2600 1577 2650 gestabit
1597 2606 1860 2635 consummato
1881 2610 1992 2633 cursu
2014 2596 2060 2632 ad
2082 2597 2165 2632 coeli
2181 2609 2246 2644 pa-

1244 2662 1393 2705 latium,
1412 2668 1452 2696 ut
1467 2660 1616 2695 assistas
1631 2658 1721 2706 Regi
1741 2665 1826 2699 tuo,
1849 2657 1907 2691 cui
1930 2655 2079 2691 certasti
2100 2654 2243 2690 bonum

1243 2729 1431 2757 certamen
1448 2746 1457 2762 ‚
1487 2717 1596 2753 {idem
1619 2716 1785 2751 servasti.
1807 2719 1903 2751 Bene
1923 2727 2009 2762 rege
2029 2713 2124 2749 hanc
2146 2726 2243 2762 qua-

1246 2779 1388 2827 drigam
1411 2778 1616 2821 virtutum,
1636 2784 1671 2810 et
1692 2774 1779 2810 sede
1802 2774 1837 2809 in
1863 2786 1905 2809 ea
1929 2775 2058 2808 lirinus
2074 2800 2083 2816 ,
2108 2781 2149 2808 ut
2173 2773 2244 2807 isto

1246 2838 1420 2875 vehiculo
1447 2836 1529 2872 vehi
1553 2836 1682 2878 altius,
1703 2843 1740 2871 et
1762 2833 1949 2869 introduci
1968 2832 2090 2868 valcas
2110 2831 2156 2867 ad
2176 2831 2246 2867 tri-

1246 2906 1469 2935 cameratam
1501 2895 1655 2930 ‹lomum
1688 2894 1723 2930 in
1753 2906 1900 2929 summo
1933 2891 2069 2928 montis
2104 2891 2244 2926 vertice

1244 2958 1478 2994 collocatam.
1492 2958 1595 2990 llane
1612 2953 1710 2988 enim
1725 2952 1809 2988 «lico
1832 2953 1975 2987 lit-mam
1991 2950 2100 2986 iidem
2114 2978 2123 2993 ‚
2137 2962 2243 2999 spem

1243 3019 1502 3054 inconcussam
1520 3041 1529 3057 ,
1553 3014 1756 3062 perfectam
1785 3012 2030 3055 charitatem,
2059 3022 2142 3058 quae
2162 3022 2244 3045 om-

1246 3090 1330 3113 nem
1367 3074 1539 3110 servilem
1572 3074 1670 3109 foras
1709 3073 1823 3109 mittit
1852 3072 2050 3114 timorem,
2078 3068 2143 3105 uhi
2186 3070 2245 3104 via

1248 3134 1509 3171 mandatorum
1543 3133 1608 3169 Dei
1633 3132 1788 3168 dilatato
1817 3131 1932 3167 corde
1952 3130 2129 3166 curritur.
2153 3130 2246 3164 lline

1249 3195 1370 3230 anima
1396 3192 1484 3240 justi
1515 3192 1620 3229 <edes
1649 3192 1841 3241 sapientia·
1873 3191 1982 3227 sacta.
2014 3190 2126 3238 plano
2166 3202 2245 3223 tnn-
