<?xml version="1.0" encoding="UTF-8"?>
<!DOCTYPE html PUBLIC "-//W3C//DTD XHTML 1.0 Transitional//EN"
    "http://www.w3.org/TR/xhtml1/DTD/xhtml1-transitional.dtd">
<html xmlns="http://www.w3.org/1999/xhtml" xml:lang="en" lang="en">
 <head>
  <title>
</title>
<meta http-equiv="Content-Type" content="text/html;charset=utf-8" />
  <meta name='ocr-system' content='tesseract 3.04.00' />
  <meta name='ocr-capabilities' content='ocr_page ocr_carea ocr_par ocr_line ocrx_word'/>
</head>
<body>
  <div class='ocr_page' id='page_1' title='image "./operaomniapostho05bern/operaomniapostho05bern_0230.png"; bbox 0 0 2504 3928; ppageno 0'>
   <div class='ocr_carea' id='block_1_1' title="bbox 366 242 433 278">
    <p class='ocr_par' dir='ltr' id='par_1_1' title="bbox 366 242 433 278">
     <span class='ocr_line' id='line_1_1' title="bbox 366 242 433 278; baseline 0.015 -1"><span class='ocrx_word' id='word_1_1' title='bbox 366 242 433 278; x_wconf 67' lang='lat'>‘147</span> 
     </span>
    </p>
   </div>
   <div class='ocr_carea' id='block_1_2' title="bbox 360 377 2042 426">
    <p class='ocr_par' dir='ltr' id='par_1_2' title="bbox 360 377 2042 426">
     <span class='ocr_line' id='line_1_2' title="bbox 360 377 2042 426; baseline 0 -13"><span class='ocrx_word' id='word_1_2' title='bbox 360 377 486 413; x_wconf 69' lang='lat' dir='ltr'>lit-reni</span> <span class='ocrx_word' id='word_1_3' title='bbox 508 377 704 425; x_wconf 73' lang='lat' dir='ltr'>litigiosam</span> <span class='ocrx_word' id='word_1_4' title='bbox 723 382 730 397; x_wconf 86' lang='lat'><strong>¹</strong></span> <span class='ocrx_word' id='word_1_5' title='bbox 751 389 901 412; x_wconf 81' lang='lat' dir='ltr'>caruem</span> <span class='ocrx_word' id='word_1_6' title='bbox 920 389 1043 422; x_wconf 80' lang='lat' dir='ltr'>suani,</span> <span class='ocrx_word' id='word_1_7' title='bbox 1057 377 1120 413; x_wconf 90' lang='lat' dir='ltr'>sed</span> <span class='ocrx_word' id='word_1_8' title='bbox 1139 378 1184 414; x_wconf 91' lang='lat' dir='ltr'>ad</span> <span class='ocrx_word' id='word_1_9' title='bbox 1205 378 1350 416; x_wconf 90' lang='lat' dir='ltr'>sobrie-</span> <span class='ocrx_word' id='word_1_10' title='bbox 1372 381 1400 413; x_wconf 75' lang='lat' dir='ltr'><strong>A</strong></span> <span class='ocrx_word' id='word_1_11' title='bbox 1420 391 1500 414; x_wconf 90' lang='lat' dir='ltr'>rum</span> <span class='ocrx_word' id='word_1_12' title='bbox 1536 377 1716 414; x_wconf 82' lang='lat' dir='ltr'>habitatio</span> <span class='ocrx_word' id='word_1_13' title='bbox 1748 377 1956 426; x_wconf 86' lang='lat' dir='ltr'>supplenda</span> <span class='ocrx_word' id='word_1_14' title='bbox 1987 386 2042 413; x_wconf 86' lang='lat' dir='ltr'>est</span> 
     </span>
    </p>
   </div>
   <div class='ocr_carea' id='block_1_3' title="bbox 360 436 1354 1359">
    <p class='ocr_par' dir='ltr' id='par_1_3' title="bbox 360 436 1354 1359">
     <span class='ocr_line' id='line_1_3' title="bbox 361 436 1350 483; baseline 0.003 -11"><span class='ocrx_word' id='word_1_15' title='bbox 361 445 471 472; x_wconf 87' lang='lat' dir='ltr'>tatem</span> <span class='ocrx_word' id='word_1_16' title='bbox 497 437 758 483; x_wconf 69' lang='lat' dir='ltr'>morigeratam</span> <span class='ocrx_word' id='word_1_17' title='bbox 783 444 819 471; x_wconf 84' lang='lat' dir='ltr'>et</span> <span class='ocrx_word' id='word_1_18' title='bbox 843 436 1084 472; x_wconf 71' lang='lat' dir='ltr'>assuefactam</span> <span class='ocrx_word' id='word_1_19' title='bbox 1102 437 1147 473; x_wconf 89' lang='lat' dir='ltr'>ad</span> <span class='ocrx_word' id='word_1_20' title='bbox 1168 437 1350 475; x_wconf 89' lang='lat' dir='ltr'>obedien—</span> 
     </span>
     <span class='ocr_line' id='line_1_4' title="bbox 361 493 1349 544; baseline 0.004 -15"><span class='ocrx_word' id='word_1_21' title='bbox 361 494 463 536; x_wconf 85' lang='lat' dir='ltr'>tiam,</span> <span class='ocrx_word' id='word_1_22' title='bbox 485 502 521 529; x_wconf 84' lang='lat' dir='ltr'>et</span> <span class='ocrx_word' id='word_1_23' title='bbox 537 493 583 529; x_wconf 87' lang='lat' dir='ltr'>ad</span> <span class='ocrx_word' id='word_1_24' title='bbox 600 493 764 529; x_wconf 83' lang='lat' dir='ltr'>laborem</span> <span class='ocrx_word' id='word_1_25' title='bbox 785 503 971 543; x_wconf 85' lang='lat' dir='ltr'>paratam,</span> <span class='ocrx_word' id='word_1_26' title='bbox 990 495 1129 544; x_wconf 88' lang='lat' dir='ltr'>ubique</span> <span class='ocrx_word' id='word_1_27' title='bbox 1145 497 1349 533; x_wconf 86' lang='lat' dir='ltr'>institutam</span> 
     </span>
     <span class='ocr_line' id='line_1_5' title="bbox 360 553 1350 604; baseline 0.004 -16"><span class='ocrx_word' id='word_1_28' title='bbox 360 561 395 588; x_wconf 88' lang='lat' dir='ltr'>et</span> <span class='ocrx_word' id='word_1_29' title='bbox 410 553 564 597; x_wconf 82' lang='lat' dir='ltr'>esurire,</span> <span class='ocrx_word' id='word_1_30' title='bbox 580 561 616 588; x_wconf 86' lang='lat' dir='ltr'>et</span> <span class='ocrx_word' id='word_1_31' title='bbox 636 553 812 598; x_wconf 77' lang='lat' dir='ltr'>satin-ari,</span> <span class='ocrx_word' id='word_1_32' title='bbox 827 562 863 588; x_wconf 87' lang='lat' dir='ltr'>et</span> <span class='ocrx_word' id='word_1_33' title='bbox 878 553 1085 598; x_wconf 86' lang='lat' dir='ltr'>abundare,</span> <span class='ocrx_word' id='word_1_34' title='bbox 1104 563 1138 590; x_wconf 91' lang='lat' dir='ltr'>et</span> <span class='ocrx_word' id='word_1_35' title='bbox 1157 557 1350 604; x_wconf 84' lang='lat' dir='ltr'>penuriam</span> 
     </span>
     <span class='ocr_line' id='line_1_6' title="bbox 361 604 1351 660; baseline 0.004 -14"><span class='ocrx_word' id='word_1_36' title='bbox 361 611 450 660; x_wconf 88' lang='lat' dir='ltr'>pati.</span> <span class='ocrx_word' id='word_1_37' title='bbox 481 611 624 647; x_wconf 81' lang='lat' dir='ltr'>Habeat</span> <span class='ocrx_word' id='word_1_38' title='bbox 647 604 777 648; x_wconf 85' lang='lat' dir='ltr'>sensus</span> <span class='ocrx_word' id='word_1_39' title='bbox 801 613 1005 648; x_wconf 74' lang='lat' dir='ltr'>exteriores</span> <span class='ocrx_word' id='word_1_40' title='bbox 1028 627 1102 649; x_wconf 88' lang='lat' dir='ltr'>non</span> <span class='ocrx_word' id='word_1_41' title='bbox 1129 613 1264 658; x_wconf 84' lang='lat' dir='ltr'>(luces,</span> <span class='ocrx_word' id='word_1_42' title='bbox 1287 614 1351 650; x_wconf 89' lang='lat' dir='ltr'>sed</span> 
     </span>
     <span class='ocr_line' id='line_1_7' title="bbox 361 670 1348 715; baseline 0.005 -10"><span class='ocrx_word' id='word_1_43' title='bbox 361 671 567 706; x_wconf 69' lang='lat' dir='ltr'><strong>servientes</strong></span> <span class='ocrx_word' id='word_1_44' title='bbox 603 685 610 706; x_wconf 91' lang='lat'>:</span> <span class='ocrx_word' id='word_1_45' title='bbox 647 670 843 707; x_wconf 85' lang='lat' dir='ltr'>interiores</span> <span class='ocrx_word' id='word_1_46' title='bbox 858 699 867 715; x_wconf 93' lang='lat'>,</span> <span class='ocrx_word' id='word_1_47' title='bbox 906 671 1052 708; x_wconf 90' lang='lat' dir='ltr'>sobrios</span> <span class='ocrx_word' id='word_1_48' title='bbox 1094 681 1130 708; x_wconf 88' lang='lat' dir='ltr'>et</span> <span class='ocrx_word' id='word_1_49' title='bbox 1169 674 1348 710; x_wconf 78' lang='lat' dir='ltr'>ellicaees.</span> 
     </span>
     <span class='ocr_line' id='line_1_8' title="bbox 363 728 1348 775; baseline 0.004 -11"><span class='ocrx_word' id='word_1_50' title='bbox 363 728 506 764; x_wconf 82' lang='lat' dir='ltr'>Habeat</span> <span class='ocrx_word' id='word_1_51' title='bbox 534 743 682 765; x_wconf 91' lang='lat' dir='ltr'>omnem</span> <span class='ocrx_word' id='word_1_52' title='bbox 712 730 869 766; x_wconf 90' lang='lat' dir='ltr'>omniuo</span> <span class='ocrx_word' id='word_1_53' title='bbox 895 729 1072 775; x_wconf 89' lang='lat' dir='ltr'>domum,</span> <span class='ocrx_word' id='word_1_54' title='bbox 1098 733 1153 768; x_wconf 70' lang='lat' dir='ltr'>vol</span> <span class='ocrx_word' id='word_1_55' title='bbox 1176 732 1348 768; x_wconf 86' lang='lat' dir='ltr'>familiam</span> 
     </span>
     <span class='ocr_line' id='line_1_9' title="bbox 362 788 1351 841; baseline 0.004 -18"><span class='ocrx_word' id='word_1_56' title='bbox 362 788 629 836; x_wconf 69' lang='lat' dir='ltr'>cogitationum</span> <span class='ocrx_word' id='word_1_57' title='bbox 651 802 820 833; x_wconf 85' lang='lat' dir='ltr'>suarum,</span> <span class='ocrx_word' id='word_1_58' title='bbox 839 790 890 825; x_wconf 81' lang='lat' dir='ltr'>sie</span> <span class='ocrx_word' id='word_1_59' title='bbox 904 789 1114 826; x_wconf 87' lang='lat' dir='ltr'>ordinatam</span> <span class='ocrx_word' id='word_1_60' title='bbox 1132 800 1167 826; x_wconf 91' lang='lat' dir='ltr'>et</span> <span class='ocrx_word' id='word_1_61' title='bbox 1185 791 1351 841; x_wconf 78' lang='lat' dir='ltr'>discipli-</span> 
     </span>
     <span class='ocr_line' id='line_1_10' title="bbox 362 848 1348 897; baseline 0.004 -14"><span class='ocrx_word' id='word_1_62' title='bbox 362 856 485 883; x_wconf 82' lang='lat' dir='ltr'>natam</span> <span class='ocrx_word' id='word_1_63' title='bbox 502 876 511 892; x_wconf 91' lang='lat'>‚</span> <span class='ocrx_word' id='word_1_64' title='bbox 533 856 572 884; x_wconf 89' lang='lat' dir='ltr'>ut</span> <span class='ocrx_word' id='word_1_65' title='bbox 593 848 689 884; x_wconf 78' lang='lat' dir='ltr'>dicat</span> <span class='ocrx_word' id='word_1_66' title='bbox 714 849 818 892; x_wconf 89' lang='lat' dir='ltr'>huie,</span> <span class='ocrx_word' id='word_1_67' title='bbox 841 849 958 894; x_wconf 68' lang='lat' dir='ltr'>vade,</span> <span class='ocrx_word' id='word_1_68' title='bbox 979 858 1014 885; x_wconf 87' lang='lat' dir='ltr'>et</span> <span class='ocrx_word' id='word_1_69' title='bbox 1038 850 1147 886; x_wconf 66' lang='lat' dir='ltr'>vadat</span> <span class='ocrx_word' id='word_1_70' title='bbox 1171 866 1177 886; x_wconf 90' lang='lat'>:</span> <span class='ocrx_word' id='word_1_71' title='bbox 1203 860 1238 886; x_wconf 90' lang='lat' dir='ltr'>et</span> <span class='ocrx_word' id='word_1_72' title='bbox 1263 852 1348 897; x_wconf 86' lang='lat' dir='ltr'>alii,</span> 
     </span>
     <span class='ocr_line' id='line_1_11' title="bbox 361 907 1348 958; baseline 0.002 -16"><span class='ocrx_word' id='word_1_73' title='bbox 361 907 474 950; x_wconf 78' lang='lat' dir='ltr'>Veni,</span> <span class='ocrx_word' id='word_1_74' title='bbox 492 915 526 942; x_wconf 90' lang='lat' dir='ltr'>et</span> <span class='ocrx_word' id='word_1_75' title='bbox 547 908 670 943; x_wconf 80' lang='lat' dir='ltr'>veniat</span> <span class='ocrx_word' id='word_1_76' title='bbox 688 923 695 943; x_wconf 90' lang='lat'>:</span> <span class='ocrx_word' id='word_1_77' title='bbox 717 916 753 943; x_wconf 84' lang='lat' dir='ltr'>et</span> <span class='ocrx_word' id='word_1_78' title='bbox 770 921 879 943; x_wconf 74' lang='lat' dir='ltr'>servo</span> <span class='ocrx_word' id='word_1_79' title='bbox 896 921 963 944; x_wconf 94' lang='lat' dir='ltr'>suo</span> <span class='ocrx_word' id='word_1_80' title='bbox 983 909 1153 958; x_wconf 84' lang='lat' dir='ltr'>corpori,</span> <span class='ocrx_word' id='word_1_81' title='bbox 1175 913 1245 946; x_wconf 85' lang='lat' dir='ltr'>Fac</span> <span class='ocrx_word' id='word_1_82' title='bbox 1263 910 1348 955; x_wconf 84' lang='lat' dir='ltr'>hoe,</span> 
     </span>
     <span class='ocr_line' id='line_1_12' title="bbox 361 965 1351 1014; baseline 0.005 -14"><span class='ocrx_word' id='word_1_83' title='bbox 361 974 397 1001; x_wconf 85' lang='lat' dir='ltr'>et</span> <span class='ocrx_word' id='word_1_84' title='bbox 420 965 560 1014; x_wconf 86' lang='lat' dir='ltr'>absque</span> <span class='ocrx_word' id='word_1_85' title='bbox 579 966 877 1002; x_wconf 76' lang='lat' dir='ltr'>contradictiom·</span> <span class='ocrx_word' id='word_1_86' title='bbox 901 967 1019 1002; x_wconf 84' lang='lat' dir='ltr'>faeiat.</span> <span class='ocrx_word' id='word_1_87' title='bbox 1036 968 1106 1014; x_wconf 89' lang='lat' dir='ltr'>Qui</span> <span class='ocrx_word' id='word_1_88' title='bbox 1129 968 1180 1003; x_wconf 89' lang='lat' dir='ltr'>sic</span> <span class='ocrx_word' id='word_1_89' title='bbox 1200 970 1351 1005; x_wconf 80' lang='lat' dir='ltr'>semeti-</span> 
     </span>
     <span class='ocr_line' id='line_1_13' title="bbox 361 1025 1353 1078; baseline 0.003 -18"><span class='ocrx_word' id='word_1_90' title='bbox 361 1038 469 1074; x_wconf 85' lang='lat' dir='ltr'>psum</span> <span class='ocrx_word' id='word_1_91' title='bbox 486 1025 648 1070; x_wconf 86' lang='lat' dir='ltr'>ordinat,</span> <span class='ocrx_word' id='word_1_92' title='bbox 660 1034 695 1061; x_wconf 88' lang='lat' dir='ltr'>et</span> <span class='ocrx_word' id='word_1_93' title='bbox 713 1026 804 1074; x_wconf 71' lang='lat' dir='ltr'>regit</span> <span class='ocrx_word' id='word_1_94' title='bbox 821 1027 856 1061; x_wconf 91' lang='lat' dir='ltr'>in</span> <span class='ocrx_word' id='word_1_95' title='bbox 872 1027 1099 1063; x_wconf 87' lang='lat' dir='ltr'>conscientia</span> <span class='ocrx_word' id='word_1_96' title='bbox 1116 1040 1194 1071; x_wconf 85' lang='lat' dir='ltr'>sua,</span> <span class='ocrx_word' id='word_1_97' title='bbox 1212 1029 1353 1078; x_wconf 80' lang='lat' dir='ltr'>optime</span> 
     </span>
     <span class='ocr_line' id='line_1_14' title="bbox 363 1083 1350 1123; baseline 0.004 -4"><span class='ocrx_word' id='word_1_98' title='bbox 363 1083 431 1119; x_wconf 87' lang='lat' dir='ltr'>sibi</span> <span class='ocrx_word' id='word_1_99' title='bbox 455 1085 664 1121; x_wconf 81' lang='lat' dir='ltr'>credendus</span> <span class='ocrx_word' id='word_1_100' title='bbox 684 1094 719 1120; x_wconf 80' lang='lat' dir='ltr'>et</span> <span class='ocrx_word' id='word_1_101' title='bbox 736 1085 1026 1121; x_wconf 83' lang='lat' dir='ltr'>coumiittendus</span> <span class='ocrx_word' id='word_1_102' title='bbox 1040 1087 1146 1123; x_wconf 87' lang='lat' dir='ltr'>estin</span> <span class='ocrx_word' id='word_1_103' title='bbox 1165 1088 1256 1123; x_wconf 78' lang='lat' dir='ltr'>cella</span> <span class='ocrx_word' id='word_1_104' title='bbox 1274 1101 1350 1123; x_wconf 89' lang='lat' dir='ltr'>sua.</span> 
     </span>
     <span class='ocr_line' id='line_1_15' title="bbox 363 1143 1352 1194; baseline 0.004 -15"><span class='ocrx_word' id='word_1_105' title='bbox 363 1143 434 1180; x_wconf 89' lang='lat' dir='ltr'>Sed</span> <span class='ocrx_word' id='word_1_106' title='bbox 462 1144 533 1180; x_wconf 85' lang='lat' dir='ltr'>hoc</span> <span class='ocrx_word' id='word_1_107' title='bbox 556 1154 609 1180; x_wconf 88' lang='lat' dir='ltr'>est</span> <span class='ocrx_word' id='word_1_108' title='bbox 633 1146 884 1194; x_wconf 84' lang='lat' dir='ltr'>perfectorum</span> <span class='ocrx_word' id='word_1_109' title='bbox 899 1174 907 1190; x_wconf 96' lang='lat'>,</span> <span class='ocrx_word' id='word_1_110' title='bbox 930 1146 987 1181; x_wconf 74' lang='lat' dir='ltr'>vel</span> <span class='ocrx_word' id='word_1_111' title='bbox 1010 1146 1137 1194; x_wconf 87' lang='lat' dir='ltr'>perlici</span> <span class='ocrx_word' id='word_1_112' title='bbox 1160 1145 1236 1194; x_wconf 88' lang='lat' dir='ltr'>jam</span> <span class='ocrx_word' id='word_1_113' title='bbox 1259 1147 1352 1183; x_wconf 90' lang='lat' dir='ltr'>inci-</span> 
     </span>
     <span class='ocr_line' id='line_1_16' title="bbox 363 1203 1354 1254; baseline 0.003 -16"><span class='ocrx_word' id='word_1_114' title='bbox 363 1203 546 1251; x_wconf 85' lang='lat' dir='ltr'>pientium</span> <span class='ocrx_word' id='word_1_115' title='bbox 562 1219 569 1239; x_wconf 97' lang='lat'><strong>:</strong></span> <span class='ocrx_word' id='word_1_116' title='bbox 585 1204 686 1252; x_wconf 84' lang='lat' dir='ltr'>quod</span> <span class='ocrx_word' id='word_1_117' title='bbox 707 1203 790 1239; x_wconf 86' lang='lat' dir='ltr'>ideo</span> <span class='ocrx_word' id='word_1_118' title='bbox 809 1204 1074 1253; x_wconf 80' lang='lat' dir='ltr'>proposuimus</span> <span class='ocrx_word' id='word_1_119' title='bbox 1090 1205 1354 1254; x_wconf 69' lang='lat' dir='ltr'>incipientibus</span> 
     </span>
     <span class='ocr_line' id='line_1_17' title="bbox 362 1263 1354 1313; baseline 0.004 -16"><span class='ocrx_word' id='word_1_120' title='bbox 362 1270 399 1297; x_wconf 90' lang='lat' dir='ltr'>et</span> <span class='ocrx_word' id='word_1_121' title='bbox 420 1263 570 1299; x_wconf 82' lang='lat' dir='ltr'>novitiis</span> <span class='ocrx_word' id='word_1_122' title='bbox 584 1291 593 1305; x_wconf 90' lang='lat'>,</span> <span class='ocrx_word' id='word_1_123' title='bbox 617 1272 655 1299; x_wconf 92' lang='lat' dir='ltr'>ut</span> <span class='ocrx_word' id='word_1_124' title='bbox 676 1264 793 1299; x_wconf 87' lang='lat' dir='ltr'>sciant</span> <span class='ocrx_word' id='word_1_125' title='bbox 813 1263 903 1311; x_wconf 90' lang='lat' dir='ltr'>quid</span> <span class='ocrx_word' id='word_1_126' title='bbox 924 1264 1017 1299; x_wconf 82' lang='lat' dir='ltr'>desit</span> <span class='ocrx_word' id='word_1_127' title='bbox 1038 1263 1123 1308; x_wconf 85' lang='lat' dir='ltr'>sibi,</span> <span class='ocrx_word' id='word_1_128' title='bbox 1142 1273 1177 1299; x_wconf 89' lang='lat' dir='ltr'>et</span> <span class='ocrx_word' id='word_1_129' title='bbox 1196 1278 1272 1313; x_wconf 90' lang='lat' dir='ltr'>quo</span> <span class='ocrx_word' id='word_1_130' title='bbox 1289 1278 1354 1301; x_wconf 81' lang='lat' dir='ltr'>ex-</span> 
     </span>
     <span class='ocr_line' id='line_1_18' title="bbox 365 1321 1178 1359; baseline 0.002 -2"><span class='ocrx_word' id='word_1_131' title='bbox 365 1321 517 1358; x_wconf 81' lang='lat' dir='ltr'>tendere</span> <span class='ocrx_word' id='word_1_132' title='bbox 535 1322 695 1358; x_wconf 86' lang='lat' dir='ltr'>habeant</span> <span class='ocrx_word' id='word_1_133' title='bbox 714 1322 960 1359; x_wconf 90' lang='lat' dir='ltr'>intentionem</span> <span class='ocrx_word' id='word_1_134' title='bbox 978 1323 1091 1358; x_wconf 89' lang='lat' dir='ltr'>studii</span> <span class='ocrx_word' id='word_1_135' title='bbox 1109 1323 1178 1359; x_wconf 86' lang='lat' dir='ltr'>sui.</span> 
     </span>
    </p>
   </div>
   <div class='ocr_carea' id='block_1_4' title="bbox 706 1453 1006 1492">
    <p class='ocr_par' dir='ltr' id='par_1_4' title="bbox 706 1453 1006 1492">
     <span class='ocr_line' id='line_1_19' title="bbox 706 1453 1006 1492; baseline -0.003 -1"><span class='ocrx_word' id='word_1_136' title='bbox 706 1453 881 1492; x_wconf 85' lang='lat' dir='ltr'><strong>CAPUT</strong></span> <span class='ocrx_word' id='word_1_137' title='bbox 910 1453 1006 1491; x_wconf 85' lang='lat' dir='ltr'>XII.</span> 
     </span>
    </p>
   </div>
   <div class='ocr_carea' id='block_1_5' title="bbox 397 1558 1326 1653">
    <p class='ocr_par' dir='ltr' id='par_1_5' title="bbox 397 1558 1326 1653">
     <span class='ocr_line' id='line_1_20' title="bbox 397 1558 1326 1602; baseline 0.001 -13"><span class='ocrx_word' id='word_1_138' title='bbox 397 1559 532 1599; x_wconf 84' lang='lat' dir='ltr'>Quinam</span> <span class='ocrx_word' id='word_1_139' title='bbox 554 1559 655 1590; x_wconf 87' lang='lat' dir='ltr'>idonei</span> <span class='ocrx_word' id='word_1_140' title='bbox 670 1558 858 1590; x_wconf 66' lang='lat' dir='ltr'>habitatores</span> <span class='ocrx_word' id='word_1_141' title='bbox 875 1559 959 1590; x_wconf 80' lang='lat' dir='ltr'>cellae</span> <span class='ocrx_word' id='word_1_142' title='bbox 977 1569 983 1589; x_wconf 91' lang='lat'>:</span> <span class='ocrx_word' id='word_1_143' title='bbox 1003 1566 1183 1602; x_wconf 87' lang='lat' dir='ltr'>sumptuosa</span> <span class='ocrx_word' id='word_1_144' title='bbox 1199 1560 1326 1591; x_wconf 73' lang='lat' dir='ltr'>:edificia</span> 
     </span>
     <span class='ocr_line' id='line_1_21' title="bbox 747 1612 972 1653; baseline 0.004 -11"><span class='ocrx_word' id='word_1_145' title='bbox 747 1612 972 1653; x_wconf 82' lang='lat' dir='ltr'>improbantur.</span> 
     </span>
    </p>
   </div>
   <div class='ocr_carea' id='block_1_6' title="bbox 364 1730 1355 1834">
    <p class='ocr_par' dir='ltr' id='par_1_6' title="bbox 364 1730 1355 1834">
     <span class='ocr_line' id='line_1_22' title="bbox 416 1730 1355 1779; baseline -0.001 -11"><span class='ocrx_word' id='word_1_146' title='bbox 416 1732 478 1768; x_wconf 83' lang='lat'>35.</span> <span class='ocrx_word' id='word_1_147' title='bbox 503 1731 702 1768; x_wconf 84' lang='lat' dir='ltr'>Sciendum</span> <span class='ocrx_word' id='word_1_148' title='bbox 723 1744 814 1767; x_wconf 78' lang='lat' dir='ltr'>vero</span> <span class='ocrx_word' id='word_1_149' title='bbox 833 1739 902 1774; x_wconf 84' lang='lat' dir='ltr'>est,</span> <span class='ocrx_word' id='word_1_150' title='bbox 924 1731 1011 1779; x_wconf 87' lang='lat' dir='ltr'>quia</span> <span class='ocrx_word' id='word_1_151' title='bbox 1030 1745 1115 1767; x_wconf 89' lang='lat' dir='ltr'>cum</span> <span class='ocrx_word' id='word_1_152' title='bbox 1135 1730 1180 1767; x_wconf 89' lang='lat' dir='ltr'>de</span> <span class='ocrx_word' id='word_1_153' title='bbox 1201 1731 1355 1776; x_wconf 87' lang='lat' dir='ltr'>carnali,</span> 
     </span>
     <span class='ocr_line' id='line_1_23' title="bbox 364 1790 1354 1834; baseline 0.002 -9"><span class='ocrx_word' id='word_1_154' title='bbox 364 1791 422 1826; x_wconf 77' lang='lat' dir='ltr'>vel</span> <span class='ocrx_word' id='word_1_155' title='bbox 444 1790 490 1827; x_wconf 86' lang='lat' dir='ltr'>de</span> <span class='ocrx_word' id='word_1_156' title='bbox 509 1791 659 1826; x_wconf 85' lang='lat' dir='ltr'>animali</span> <span class='ocrx_word' id='word_1_157' title='bbox 682 1803 815 1834; x_wconf 87' lang='lat' dir='ltr'>sensu,</span> <span class='ocrx_word' id='word_1_158' title='bbox 838 1791 895 1826; x_wconf 83' lang='lat' dir='ltr'>vel</span> <span class='ocrx_word' id='word_1_159' title='bbox 919 1790 965 1826; x_wconf 89' lang='lat' dir='ltr'>de</span> <span class='ocrx_word' id='word_1_160' title='bbox 987 1791 1158 1826; x_wconf 86' lang='lat' dir='ltr'>rationali</span> <span class='ocrx_word' id='word_1_161' title='bbox 1179 1791 1354 1834; x_wconf 73' lang='lat' dir='ltr'>seientia,</span> 
     </span>
    </p>
   </div>
   <div class='ocr_carea' id='block_1_7' title="bbox 1088 243 1688 280">
    <p class='ocr_par' dir='ltr' id='par_1_7' title="bbox 1088 243 1688 280">
     <span class='ocr_line' id='line_1_24' title="bbox 1088 243 1688 280; baseline -0.002 -1"><span class='ocrx_word' id='word_1_162' title='bbox 1088 244 1320 280; x_wconf 76' lang='lat' dir='ltr'>GUIGOMS</span> <span class='ocrx_word' id='word_1_163' title='bbox 1349 243 1406 278; x_wconf 68' lang='lat' dir='ltr'>CA</span> <span class='ocrx_word' id='word_1_164' title='bbox 1415 243 1688 279; x_wconf 83' lang='lat' dir='ltr'>RTUSIENSIS</span> 
     </span>
    </p>
   </div>
   <div class='ocr_carea' id='block_1_8' title="bbox 361 317 1405 362">
    <p class='ocr_par' dir='ltr' id='par_1_8' title="bbox 361 317 1405 362">
     <span class='ocr_line' id='line_1_25' title="bbox 361 317 1405 362; baseline 0.002 -8"><span class='ocrx_word' id='word_1_165' title='bbox 361 319 516 362; x_wconf 82' lang='lat' dir='ltr'>habeat,</span> <span class='ocrx_word' id='word_1_166' title='bbox 542 319 635 354; x_wconf 81' lang='lat' dir='ltr'>sicut</span> <span class='ocrx_word' id='word_1_167' title='bbox 654 318 830 353; x_wconf 75' lang='lat' dir='ltr'>Salomon</span> <span class='ocrx_word' id='word_1_168' title='bbox 851 317 958 362; x_wconf 87' lang='lat' dir='ltr'>dicit,</span> <span class='ocrx_word' id='word_1_169' title='bbox 980 317 1017 353; x_wconf 92' lang='lat' dir='ltr'>in</span> <span class='ocrx_word' id='word_1_170' title='bbox 1039 317 1153 355; x_wconf 87' lang='lat' dir='ltr'>domo</span> <span class='ocrx_word' id='word_1_171' title='bbox 1173 333 1239 356; x_wconf 88' lang='lat' dir='ltr'>sua</span> <span class='ocrx_word' id='word_1_172' title='bbox 1263 317 1405 356; x_wconf 80' lang='lat' dir='ltr'>inu-&#39;¹⁰</span> 
     </span>
    </p>
   </div>
   <div class='ocr_carea' id='block_1_9' title="bbox 1415 244 2408 1074">
    <p class='ocr_par' dir='ltr' id='par_1_9' title="bbox 1415 244 2408 1074">
     <span class='ocr_line' id='line_1_26' title="bbox 2330 244 2404 280; baseline -0.014 0"><span class='ocrx_word' id='word_1_173' title='bbox 2330 244 2404 280; x_wconf 69' lang='lat'>44⁸</span> 
     </span>
     <span class='ocr_line' id='line_1_27' title="bbox 1417 317 2405 367; baseline 0.002 -13"><span class='ocrx_word' id='word_1_174' title='bbox 1417 318 1569 367; x_wconf 83' lang='lat' dir='ltr'>quidem</span> <span class='ocrx_word' id='word_1_175' title='bbox 1599 332 1645 354; x_wconf 80' lang='lat' dir='ltr'>ex</span> <span class='ocrx_word' id='word_1_176' title='bbox 1672 317 1820 354; x_wconf 90' lang='lat' dir='ltr'>duobus</span> <span class='ocrx_word' id='word_1_177' title='bbox 1849 318 2043 354; x_wconf 90' lang='lat' dir='ltr'>hominum</span> <span class='ocrx_word' id='word_1_178' title='bbox 2069 318 2269 367; x_wconf 75' lang='lat' dir='ltr'>generibus</span> <span class='ocrx_word' id='word_1_179' title='bbox 2298 320 2405 356; x_wconf 80' lang='lat' dir='ltr'>cella-</span> 
     </span>
     <span class='ocr_line' id='line_1_28' title="bbox 2071 377 2405 415; baseline 0.006 -2"><span class='ocrx_word' id='word_1_180' title='bbox 2071 392 2078 413; x_wconf 91' lang='lat'>:</span> <span class='ocrx_word' id='word_1_181' title='bbox 2105 377 2246 414; x_wconf 84' lang='lat' dir='ltr'>scilicet</span> <span class='ocrx_word' id='word_1_182' title='bbox 2272 378 2329 415; x_wconf 87' lang='lat' dir='ltr'>vel</span> <span class='ocrx_word' id='word_1_183' title='bbox 2359 378 2405 415; x_wconf 89' lang='lat' dir='ltr'>de</span> 
     </span>
     <span class='ocr_line' id='line_1_29' title="bbox 1416 436 2403 485; baseline 0.002 -13"><span class='ocrx_word' id='word_1_184' title='bbox 1416 437 1667 485; x_wconf 85' lang='lat' dir='ltr'>simplicibus,</span> <span class='ocrx_word' id='word_1_185' title='bbox 1689 437 1753 485; x_wconf 86' lang='lat' dir='ltr'>qui</span> <span class='ocrx_word' id='word_1_186' title='bbox 1774 445 1811 472; x_wconf 93' lang='lat' dir='ltr'>et</span> <span class='ocrx_word' id='word_1_187' title='bbox 1833 449 1942 472; x_wconf 82' lang='lat' dir='ltr'>sensu</span> <span class='ocrx_word' id='word_1_188' title='bbox 1969 444 2007 471; x_wconf 90' lang='lat' dir='ltr'>et</span> <span class='ocrx_word' id='word_1_189' title='bbox 2027 436 2220 472; x_wconf 85' lang='lat' dir='ltr'>voluntate</span> <span class='ocrx_word' id='word_1_190' title='bbox 2239 436 2284 472; x_wconf 90' lang='lat' dir='ltr'>ad</span> <span class='ocrx_word' id='word_1_191' title='bbox 2301 449 2403 474; x_wconf 87' lang='lat' dir='ltr'>asse-</span> 
     </span>
     <span class='ocr_line' id='line_1_30' title="bbox 1415 494 2406 544; baseline 0.001 -13"><span class='ocrx_word' id='word_1_192' title='bbox 1415 496 1602 544; x_wconf 80' lang='lat' dir='ltr'>quendam</span> <span class='ocrx_word' id='word_1_193' title='bbox 1620 495 1827 542; x_wconf 70' lang='lat' dir='ltr'>religiosam</span> <span class='ocrx_word' id='word_1_194' title='bbox 1844 494 2081 543; x_wconf 85' lang='lat' dir='ltr'>prudentiam</span> <span class='ocrx_word' id='word_1_195' title='bbox 2097 494 2282 531; x_wconf 82' lang='lat' dir='ltr'>ferventes</span> <span class='ocrx_word' id='word_1_196' title='bbox 2293 508 2406 544; x_wconf 87' lang='lat' dir='ltr'>appa-</span> 
     </span>
     <span class='ocr_line' id='line_1_31' title="bbox 1418 551 2406 603; baseline 0.001 -13"><span class='ocrx_word' id='word_1_197' title='bbox 1418 555 1559 590; x_wconf 86' lang='lat' dir='ltr'>ruerint</span> <span class='ocrx_word' id='word_1_198' title='bbox 1583 563 1619 589; x_wconf 94' lang='lat' dir='ltr'>et</span> <span class='ocrx_word' id='word_1_199' title='bbox 1641 553 1801 589; x_wconf 81' lang='lat' dir='ltr'>humiles</span> <span class='ocrx_word' id='word_1_200' title='bbox 1816 558 1830 573; x_wconf 68' lang='lat'><strong>³</strong></span> <span class='ocrx_word' id='word_1_201' title='bbox 1850 567 1857 588; x_wconf 90' lang='lat'>:</span> <span class='ocrx_word' id='word_1_202' title='bbox 1879 553 1933 588; x_wconf 85' lang='lat' dir='ltr'>vel</span> <span class='ocrx_word' id='word_1_203' title='bbox 1956 552 2001 588; x_wconf 90' lang='lat' dir='ltr'>de</span> <span class='ocrx_word' id='word_1_204' title='bbox 2019 551 2270 602; x_wconf 83' lang='lat' dir='ltr'>prudentibus</span> <span class='ocrx_word' id='word_1_205' title='bbox 2285 582 2294 598; x_wconf 94' lang='lat'>,</span> <span class='ocrx_word' id='word_1_206' title='bbox 2310 566 2406 603; x_wconf 83' lang='lat' dir='ltr'>quos</span> 
     </span>
     <span class='ocr_line' id='line_1_32' title="bbox 1418 611 2406 661; baseline 0.002 -13"><span class='ocrx_word' id='word_1_207' title='bbox 1418 613 1597 661; x_wconf 74' lang='lat' dir='ltr'>religiosae</span> <span class='ocrx_word' id='word_1_208' title='bbox 1616 621 1651 648; x_wconf 88' lang='lat' dir='ltr'>et</span> <span class='ocrx_word' id='word_1_209' title='bbox 1668 620 1803 647; x_wconf 83' lang='lat' dir='ltr'>sanctae</span> <span class='ocrx_word' id='word_1_210' title='bbox 1831 611 2078 660; x_wconf 77' lang='lat' dir='ltr'>simplicitatis</span> <span class='ocrx_word' id='word_1_211' title='bbox 2100 612 2308 648; x_wconf 89' lang='lat' dir='ltr'>constiterit</span> <span class='ocrx_word' id='word_1_212' title='bbox 2327 625 2406 650; x_wconf 87' lang='lat' dir='ltr'>esse</span> 
     </span>
     <span class='ocr_line' id='line_1_33' title="bbox 1417 669 2406 721; baseline 0.002 -15"><span class='ocrx_word' id='word_1_213' title='bbox 1417 672 1664 707; x_wconf 77' lang='lat' dir='ltr'>aemulatores.</span> <span class='ocrx_word' id='word_1_214' title='bbox 1682 670 1800 706; x_wconf 82' lang='lat' dir='ltr'>Stulta</span> <span class='ocrx_word' id='word_1_215' title='bbox 1822 682 1912 706; x_wconf 77' lang='lat' dir='ltr'>vero</span> <span class='ocrx_word' id='word_1_216' title='bbox 1938 669 2132 719; x_wconf 89' lang='lat' dir='ltr'>superbia,</span> <span class='ocrx_word' id='word_1_217' title='bbox 2160 670 2217 706; x_wconf 86' lang='lat' dir='ltr'>vel</span> <span class='ocrx_word' id='word_1_218' title='bbox 2244 671 2406 721; x_wconf 84' lang='lat' dir='ltr'>superba</span> 
     </span>
     <span class='ocr_line' id='line_1_34' title="bbox 1417 728 2406 780; baseline 0 -14"><span class='ocrx_word' id='word_1_219' title='bbox 1417 731 1618 774; x_wconf 87' lang='lat' dir='ltr'>stultitia‚a</span> <span class='ocrx_word' id='word_1_220' title='bbox 1643 729 1883 765; x_wconf 86' lang='lat' dir='ltr'>tabernaculo</span> <span class='ocrx_word' id='word_1_221' title='bbox 1899 728 2089 778; x_wconf 86' lang='lat' dir='ltr'>justorum</span> <span class='ocrx_word' id='word_1_222' title='bbox 2111 743 2258 779; x_wconf 86' lang='lat' dir='ltr'>semper</span> <span class='ocrx_word' id='word_1_223' title='bbox 2275 730 2406 780; x_wconf 86' lang='lat' dir='ltr'>procul</span> 
     </span>
     <span class='ocr_line' id='line_1_35' title="bbox 1418 787 2407 839; baseline 0.002 -14"><span class='ocrx_word' id='word_1_224' title='bbox 1418 789 1474 825; x_wconf 89' lang='lat' dir='ltr'>sit.</span> <span class='ocrx_word' id='word_1_225' title='bbox 1502 792 1563 825; x_wconf 65' lang='lat' dir='ltr'>list</span> <span class='ocrx_word' id='word_1_226' title='bbox 1580 797 1703 824; x_wconf 91' lang='lat' dir='ltr'>autem</span> <span class='ocrx_word' id='word_1_227' title='bbox 1721 788 1843 823; x_wconf 92' lang='lat' dir='ltr'>omnis</span> <span class='ocrx_word' id='word_1_228' title='bbox 1861 787 2036 837; x_wconf 86' lang='lat' dir='ltr'>superbia</span> <span class='ocrx_word' id='word_1_229' title='bbox 2065 789 2174 825; x_wconf 90' lang='lat' dir='ltr'>stulta</span> <span class='ocrx_word' id='word_1_230' title='bbox 2205 803 2211 824; x_wconf 79' lang='grc' dir='ltr'><em>τ</em></span> <span class='ocrx_word' id='word_1_231' title='bbox 2235 789 2407 839; x_wconf 85' lang='lat' dir='ltr'>quamvis</span> 
     </span>
     <span class='ocr_line' id='line_1_36' title="bbox 1419 847 2406 896; baseline 0.002 -12"><span class='ocrx_word' id='word_1_232' title='bbox 1419 847 2315 896; x_wconf 81' lang='lat' dir='ltr'>nonomnisstultitiasitsuperba.Stultitiaenim</span> <span class='ocrx_word' id='word_1_233' title='bbox 2327 849 2406 886; x_wconf 90' lang='lat' dir='ltr'>sine</span> 
     </span>
     <span class='ocr_line' id='line_1_37' title="bbox 1419 906 2404 956; baseline 0.002 -14"><span class='ocrx_word' id='word_1_234' title='bbox 1419 906 1616 956; x_wconf 87' lang='lat' dir='ltr'>superbia,</span> <span class='ocrx_word' id='word_1_235' title='bbox 1642 919 1913 955; x_wconf 86' lang='lat' dir='ltr'>nonnunquam</span> <span class='ocrx_word' id='word_1_236' title='bbox 1941 907 2157 955; x_wconf 84' lang='lat' dir='ltr'>simplicitas</span> <span class='ocrx_word' id='word_1_237' title='bbox 2187 907 2404 944; x_wconf 88' lang='lat' dir='ltr'>invenitur:</span> 
     </span>
     <span class='ocr_line' id='line_1_38' title="bbox 1419 964 2407 1016; baseline 0.002 -15"><span class='ocrx_word' id='word_1_238' title='bbox 1419 979 1502 1014; x_wconf 64' lang='lat' dir='ltr'>quse</span> <span class='ocrx_word' id='word_1_239' title='bbox 1523 966 1550 1001; x_wconf 87' lang='lat' dir='ltr'>si</span> <span class='ocrx_word' id='word_1_240' title='bbox 1573 966 1736 1013; x_wconf 71' lang='lat' dir='ltr'>ignorat,</span> <span class='ocrx_word' id='word_1_241' title='bbox 1752 965 1875 1001; x_wconf 80' lang='lat' dir='ltr'>forsan</span> <span class='ocrx_word' id='word_1_242' title='bbox 1897 973 1951 1001; x_wconf 89' lang='lat' dir='ltr'>est</span> <span class='ocrx_word' id='word_1_243' title='bbox 1969 964 2162 1010; x_wconf 88' lang='lat' dir='ltr'>docibilis;</span> <span class='ocrx_word' id='word_1_244' title='bbox 2181 975 2217 1002; x_wconf 89' lang='lat' dir='ltr'>et</span> <span class='ocrx_word' id='word_1_245' title='bbox 2231 967 2259 1002; x_wconf 90' lang='lat' dir='ltr'>si</span> <span class='ocrx_word' id='word_1_246' title='bbox 2279 967 2407 1016; x_wconf 88' lang='lat' dir='ltr'>nequit</span> 
     </span>
     <span class='ocr_line' id='line_1_39' title="bbox 1420 1022 2408 1074; baseline 0.003 -15"><span class='ocrx_word' id='word_1_247' title='bbox 1420 1024 1545 1060; x_wconf 85' lang='lat' dir='ltr'>doceri</span> <span class='ocrx_word' id='word_1_248' title='bbox 1559 1053 1567 1069; x_wconf 94' lang='lat'>‚</span> <span class='ocrx_word' id='word_1_249' title='bbox 1588 1024 1709 1059; x_wconf 79' lang='lat' dir='ltr'>forsan</span> <span class='ocrx_word' id='word_1_250' title='bbox 1734 1032 1788 1060; x_wconf 91' lang='lat' dir='ltr'>est</span> <span class='ocrx_word' id='word_1_251' title='bbox 1810 1022 2024 1060; x_wconf 86' lang='lat' dir='ltr'>tractabilis.</span> <span class='ocrx_word' id='word_1_252' title='bbox 2044 1027 2089 1060; x_wconf 81' lang='lat' dir='ltr'>Et</span> <span class='ocrx_word' id='word_1_253' title='bbox 2109 1033 2163 1060; x_wconf 89' lang='lat' dir='ltr'>est</span> <span class='ocrx_word' id='word_1_254' title='bbox 2183 1026 2337 1074; x_wconf 89' lang='lat' dir='ltr'>propria</span> <span class='ocrx_word' id='word_1_255' title='bbox 2356 1025 2408 1062; x_wconf 89' lang='lat' dir='ltr'>ci-</span> 
     </span>
    </p>
   </div>
   <div class='ocr_carea' id='block_1_10' title="bbox 1375 1082 2406 1135">
    <p class='ocr_par' dir='ltr' id='par_1_10' title="bbox 1375 1082 2406 1135">
     <span class='ocr_line' id='line_1_40' title="bbox 1375 1082 2406 1135; baseline 0.001 -14"><span class='ocrx_word' id='word_1_256' title='bbox 1375 1090 1401 1122; x_wconf 82' lang='grc' dir='ltr'>Β</span> <span class='ocrx_word' id='word_1_257' title='bbox 1421 1084 1514 1120; x_wconf 63' lang='lat' dir='ltr'>ritas</span> <span class='ocrx_word' id='word_1_258' title='bbox 1534 1084 1665 1132; x_wconf 75' lang='lat' dir='ltr'>refugii</span> <span class='ocrx_word' id='word_1_259' title='bbox 1684 1083 1931 1133; x_wconf 86' lang='lat' dir='ltr'>simplicitati,</span> <span class='ocrx_word' id='word_1_260' title='bbox 1949 1082 2178 1120; x_wconf 82' lang='lat' dir='ltr'>cohabitatio</span> <span class='ocrx_word' id='word_1_261' title='bbox 2194 1085 2406 1135; x_wconf 83' lang='lat' dir='ltr'>religionis:</span> 
     </span>
    </p>
   </div>
   <div class='ocr_carea' id='block_1_11' title="bbox 1419 1142 2416 1837">
    <p class='ocr_par' dir='ltr' id='par_1_11' title="bbox 1419 1142 2416 1837">
     <span class='ocr_line' id='line_1_41' title="bbox 1419 1142 2406 1191; baseline 0.003 -13"><span class='ocrx_word' id='word_1_262' title='bbox 1419 1144 1488 1179; x_wconf 89' lang='lat' dir='ltr'>nisi</span> <span class='ocrx_word' id='word_1_263' title='bbox 1509 1144 1554 1178; x_wconf 91' lang='lat' dir='ltr'>sit</span> <span class='ocrx_word' id='word_1_264' title='bbox 1575 1143 1654 1178; x_wconf 82' lang='lat' dir='ltr'>talis</span> <span class='ocrx_word' id='word_1_265' title='bbox 1675 1156 1757 1191; x_wconf 79' lang='lat' dir='ltr'>quae</span> <span class='ocrx_word' id='word_1_266' title='bbox 1775 1143 1868 1178; x_wconf 91' lang='lat' dir='ltr'>nolit</span> <span class='ocrx_word' id='word_1_267' title='bbox 1888 1142 2096 1187; x_wconf 89' lang='lat' dir='ltr'>humiliari,</span> <span class='ocrx_word' id='word_1_268' title='bbox 2115 1143 2173 1178; x_wconf 89' lang='lat' dir='ltr'>vel</span> <span class='ocrx_word' id='word_1_269' title='bbox 2192 1151 2264 1180; x_wconf 90' lang='lat' dir='ltr'>tam</span> <span class='ocrx_word' id='word_1_270' title='bbox 2282 1143 2406 1189; x_wconf 89' lang='lat' dir='ltr'>bruta,</span> 
     </span>
     <span class='ocr_line' id='line_1_42' title="bbox 1420 1202 2407 1251; baseline 0.003 -14"><span class='ocrx_word' id='word_1_271' title='bbox 1420 1210 1460 1237; x_wconf 89' lang='lat' dir='ltr'>ut</span> <span class='ocrx_word' id='word_1_272' title='bbox 1492 1215 1567 1237; x_wconf 92' lang='lat' dir='ltr'>non</span> <span class='ocrx_word' id='word_1_273' title='bbox 1599 1202 1716 1251; x_wconf 87' lang='lat' dir='ltr'>possit</span> <span class='ocrx_word' id='word_1_274' title='bbox 1750 1202 1826 1250; x_wconf 82' lang='lat' dir='ltr'>regi</span> <span class='ocrx_word' id='word_1_275' title='bbox 1860 1202 1918 1238; x_wconf 74' lang='lat' dir='ltr'>vel</span> <span class='ocrx_word' id='word_1_276' title='bbox 1952 1202 2116 1238; x_wconf 87' lang='lat' dir='ltr'>tractari.</span> <span class='ocrx_word' id='word_1_277' title='bbox 2151 1204 2255 1238; x_wconf 91' lang='lat' dir='ltr'>Bona</span> <span class='ocrx_word' id='word_1_278' title='bbox 2285 1210 2407 1240; x_wconf 84' lang='lat' dir='ltr'>tamen</span> 
     </span>
     <span class='ocr_line' id='line_1_43' title="bbox 1420 1259 2407 1304; baseline 0.004 -9"><span class='ocrx_word' id='word_1_279' title='bbox 1420 1261 1617 1303; x_wconf 88' lang='lat' dir='ltr'>voluntas,</span> <span class='ocrx_word' id='word_1_280' title='bbox 1650 1260 1718 1295; x_wconf 84' lang='lat' dir='ltr'>etsi</span> <span class='ocrx_word' id='word_1_281' title='bbox 1748 1260 1906 1295; x_wconf 90' lang='lat' dir='ltr'>multum</span> <span class='ocrx_word' id='word_1_282' title='bbox 1940 1261 1986 1296; x_wconf 92' lang='lat' dir='ltr'>sit</span> <span class='ocrx_word' id='word_1_283' title='bbox 2016 1259 2146 1304; x_wconf 90' lang='lat' dir='ltr'>bruta,</span> <span class='ocrx_word' id='word_1_284' title='bbox 2183 1273 2258 1297; x_wconf 91' lang='lat' dir='ltr'>non</span> <span class='ocrx_word' id='word_1_285' title='bbox 2286 1269 2407 1299; x_wconf 89' lang='lat' dir='ltr'>tamen</span> 
     </span>
     <span class='ocr_line' id='line_1_44' title="bbox 1421 1318 2410 1363; baseline 0.002 -7"><span class='ocrx_word' id='word_1_286' title='bbox 1421 1327 1477 1356; x_wconf 89' lang='lat' dir='ltr'>cst</span> <span class='ocrx_word' id='word_1_287' title='bbox 1496 1318 1712 1363; x_wconf 84' lang='lat' dir='ltr'>deserenda,</span> <span class='ocrx_word' id='word_1_288' title='bbox 1733 1319 1796 1354; x_wconf 90' lang='lat' dir='ltr'>sed</span> <span class='ocrx_word' id='word_1_289' title='bbox 1816 1319 1967 1355; x_wconf 89' lang='lat' dir='ltr'>salutari</span> <span class='ocrx_word' id='word_1_290' title='bbox 1991 1320 2147 1355; x_wconf 90' lang='lat' dir='ltr'>consilio</span> <span class='ocrx_word' id='word_1_291' title='bbox 2171 1319 2216 1356; x_wconf 83' lang='lat' dir='ltr'>ad</span> <span class='ocrx_word' id='word_1_292' title='bbox 2242 1319 2410 1358; x_wconf 89' lang='lat' dir='ltr'>laborio-</span> 
     </span>
     <span class='ocr_line' id='line_1_45' title="bbox 1422 1377 2410 1429; baseline 0.002 -15"><span class='ocrx_word' id='word_1_293' title='bbox 1422 1391 1498 1414; x_wconf 86' lang='lat' dir='ltr'>sam</span> <span class='ocrx_word' id='word_1_294' title='bbox 1520 1386 1557 1413; x_wconf 90' lang='lat' dir='ltr'>et</span> <span class='ocrx_word' id='word_1_295' title='bbox 1578 1386 1768 1413; x_wconf 80' lang='lat' dir='ltr'>actuosam</span> <span class='ocrx_word' id='word_1_296' title='bbox 1787 1377 1898 1413; x_wconf 76' lang='lat' dir='ltr'>vitam</span> <span class='ocrx_word' id='word_1_297' title='bbox 1922 1378 2218 1415; x_wconf 86' lang='lat' dir='ltr'>transmittenda.</span> <span class='ocrx_word' id='word_1_298' title='bbox 2242 1378 2410 1429; x_wconf 86' lang='lat' dir='ltr'>Superba</span> 
     </span>
     <span class='ocr_line' id='line_1_46' title="bbox 1423 1436 2410 1486; baseline 0.003 -14"><span class='ocrx_word' id='word_1_299' title='bbox 1423 1444 1546 1472; x_wconf 83' lang='lat' dir='ltr'>autem</span> <span class='ocrx_word' id='word_1_300' title='bbox 1565 1465 1574 1481; x_wconf 95' lang='lat'>,</span> <span class='ocrx_word' id='word_1_301' title='bbox 1612 1436 1854 1484; x_wconf 88' lang='lat' dir='ltr'>quantumvis</span> <span class='ocrx_word' id='word_1_302' title='bbox 1893 1436 2061 1486; x_wconf 86' lang='lat' dir='ltr'>prudens</span> <span class='ocrx_word' id='word_1_303' title='bbox 2099 1437 2168 1474; x_wconf 88' lang='lat' dir='ltr'>sibi</span> <span class='ocrx_word' id='word_1_304' title='bbox 2210 1438 2383 1475; x_wconf 85' lang='lat' dir='ltr'>videatur</span> <span class='ocrx_word' id='word_1_305' title='bbox 2400 1468 2410 1485; x_wconf 95' lang='lat'>,</span> 
     </span>
     <span class='ocr_line' id='line_1_47' title="bbox 1425 1494 2411 1545; baseline 0.005 -15"><span class='ocrx_word' id='word_1_306' title='bbox 1425 1494 1647 1530; x_wconf 85' lang='lat' dir='ltr'>dimittenda</span> <span class='ocrx_word' id='word_1_307' title='bbox 1678 1494 1747 1530; x_wconf 89' lang='lat' dir='ltr'>sibi</span> <span class='ocrx_word' id='word_1_308' title='bbox 1769 1503 1847 1538; x_wconf 88' lang='lat' dir='ltr'>est,</span> <span class='ocrx_word' id='word_1_309' title='bbox 1876 1503 1913 1531; x_wconf 83' lang='lat' dir='ltr'>et</span> <span class='ocrx_word' id='word_1_310' title='bbox 1938 1495 2133 1545; x_wconf 80' lang='lat' dir='ltr'>abigenda.</span> <span class='ocrx_word' id='word_1_311' title='bbox 2159 1497 2195 1535; x_wconf 93' lang='lat' dir='ltr'>Si</span> <span class='ocrx_word' id='word_1_312' title='bbox 2220 1498 2319 1534; x_wconf 92' lang='lat' dir='ltr'>enim</span> <span class='ocrx_word' id='word_1_313' title='bbox 2343 1498 2411 1535; x_wconf 91' lang='lat' dir='ltr'>ad-</span> 
     </span>
     <span class='ocr_line' id='line_1_48' title="bbox 1424 1552 2413 1606; baseline 0.005 -17"><span class='ocrx_word' id='word_1_314' title='bbox 1424 1555 1585 1590; x_wconf 87' lang='lat' dir='ltr'>mittitur</span> <span class='ocrx_word' id='word_1_315' title='bbox 1621 1552 1830 1602; x_wconf 91' lang='lat' dir='ltr'>superbus‚</span> <span class='ocrx_word' id='word_1_316' title='bbox 1856 1554 1975 1602; x_wconf 89' lang='lat' dir='ltr'>prima</span> <span class='ocrx_word' id='word_1_317' title='bbox 2006 1554 2065 1591; x_wconf 86' lang='lat' dir='ltr'>die</span> <span class='ocrx_word' id='word_1_318' title='bbox 2098 1569 2171 1604; x_wconf 89' lang='lat' dir='ltr'>qua</span> <span class='ocrx_word' id='word_1_319' title='bbox 2204 1557 2413 1606; x_wconf 80' lang='lat' dir='ltr'>ingreditur</span> 
     </span>
     <span class='ocr_line' id='line_1_49' title="bbox 1422 1612 2416 1661; baseline 0.005 -13"><span class='ocrx_word' id='word_1_320' title='bbox 1422 1612 1611 1658; x_wconf 87' lang='lat' dir='ltr'>hahitare,</span> <span class='ocrx_word' id='word_1_321' title='bbox 1632 1613 1763 1661; x_wconf 89' lang='lat' dir='ltr'>incipit</span> <span class='ocrx_word' id='word_1_322' title='bbox 1785 1613 1883 1661; x_wconf 81' lang='lat' dir='ltr'>leges</span> <span class='ocrx_word' id='word_1_323' title='bbox 1902 1613 1991 1649; x_wconf 83' lang='lat' dir='ltr'>dare</span> <span class='ocrx_word' id='word_1_324' title='bbox 2009 1628 2016 1649; x_wconf 91' lang='lat'><strong>:</strong></span> <span class='ocrx_word' id='word_1_325' title='bbox 2039 1614 2193 1651; x_wconf 88' lang='lat' dir='ltr'>nimium</span> <span class='ocrx_word' id='word_1_326' title='bbox 2215 1628 2305 1652; x_wconf 89' lang='lat' dir='ltr'>vero</span> <span class='ocrx_word' id='word_1_327' title='bbox 2320 1617 2416 1653; x_wconf 90' lang='lat' dir='ltr'>stul-</span> 
     </span>
     <span class='ocr_line' id='line_1_50' title="bbox 1424 1673 2414 1721; baseline 0.004 -13"><span class='ocrx_word' id='word_1_328' title='bbox 1424 1680 1482 1709; x_wconf 88' lang='lat' dir='ltr'>tus</span> <span class='ocrx_word' id='word_1_329' title='bbox 1507 1673 1648 1708; x_wconf 78' lang='lat' dir='ltr'>discere</span> <span class='ocrx_word' id='word_1_330' title='bbox 1675 1685 1749 1707; x_wconf 92' lang='lat' dir='ltr'>non</span> <span class='ocrx_word' id='word_1_331' title='bbox 1776 1680 1922 1721; x_wconf 86' lang='lat' dir='ltr'>potest,</span> <span class='ocrx_word' id='word_1_332' title='bbox 1945 1685 2037 1721; x_wconf 89' lang='lat' dir='ltr'>quas</span> <span class='ocrx_word' id='word_1_333' title='bbox 2062 1674 2218 1710; x_wconf 82' lang='lat' dir='ltr'>invenit.</span> <span class='ocrx_word' id='word_1_334' title='bbox 2249 1675 2414 1712; x_wconf 79' lang='lat' dir='ltr'>Sollicite</span> 
     </span>
     <span class='ocr_line' id='line_1_51' title="bbox 1422 1730 2413 1783; baseline 0.003 -16"><span class='ocrx_word' id='word_1_335' title='bbox 1422 1744 1511 1779; x_wconf 78' lang='lat' dir='ltr'>ergo</span> <span class='ocrx_word' id='word_1_336' title='bbox 1535 1740 1571 1767; x_wconf 86' lang='lat' dir='ltr'>et</span> <span class='ocrx_word' id='word_1_337' title='bbox 1588 1730 1795 1780; x_wconf 85' lang='lat' dir='ltr'>prudenter</span> <span class='ocrx_word' id='word_1_338' title='bbox 1816 1731 2126 1780; x_wconf 85' lang='lat' dir='ltr'>perpendendum</span> <span class='ocrx_word' id='word_1_339' title='bbox 2148 1741 2222 1778; x_wconf 90' lang='lat' dir='ltr'>est,</span> <span class='ocrx_word' id='word_1_340' title='bbox 2241 1734 2324 1783; x_wconf 89' lang='lat' dir='ltr'>quis</span> <span class='ocrx_word' id='word_1_341' title='bbox 2346 1733 2413 1770; x_wconf 87' lang='lat' dir='ltr'>ad-</span> 
     </span>
     <span class='ocr_line' id='line_1_52' title="bbox 1423 1788 2413 1837; baseline 0.002 -11"><span class='ocrx_word' id='word_1_342' title='bbox 1423 1791 1593 1826; x_wconf 89' lang='lat' dir='ltr'>mittatur</span> <span class='ocrx_word' id='word_1_343' title='bbox 1604 1789 1649 1825; x_wconf 90' lang='lat' dir='ltr'>ad</span> <span class='ocrx_word' id='word_1_344' title='bbox 1661 1788 1903 1825; x_wconf 87' lang='lat' dir='ltr'>habitandum</span> <span class='ocrx_word' id='word_1_345' title='bbox 1919 1803 2058 1826; x_wconf 86' lang='lat' dir='ltr'>secum.</span> <span class='ocrx_word' id='word_1_346' title='bbox 2071 1791 2141 1837; x_wconf 89' lang='lat' dir='ltr'>Qui</span> <span class='ocrx_word' id='word_1_347' title='bbox 2156 1792 2254 1827; x_wconf 89' lang='lat' dir='ltr'>euim</span> <span class='ocrx_word' id='word_1_348' title='bbox 2271 1791 2413 1828; x_wconf 87' lang='lat' dir='ltr'>habitat</span> 
     </span>
    </p>
   </div>
   <div class='ocr_carea' id='block_1_12' title="bbox 365 1848 2415 1899">
    <p class='ocr_par' dir='ltr' id='par_1_12' title="bbox 365 1848 2415 1899">
     <span class='ocr_line' id='line_1_53' title="bbox 365 1848 2415 1899; baseline 0 -14"><span class='ocrx_word' id='word_1_349' title='bbox 365 1850 422 1885; x_wconf 90' lang='lat' dir='ltr'>vel</span> <span class='ocrx_word' id='word_1_350' title='bbox 455 1849 502 1885; x_wconf 89' lang='lat' dir='ltr'>de</span> <span class='ocrx_word' id='word_1_351' title='bbox 536 1850 717 1899; x_wconf 84' lang='lat' dir='ltr'>spirituali</span> <span class='ocrx_word' id='word_1_352' title='bbox 753 1849 933 1898; x_wconf 84' lang='lat' dir='ltr'>sapientia</span> <span class='ocrx_word' id='word_1_353' title='bbox 967 1849 1182 1885; x_wconf 81' lang='lat' dir='ltr'>disserimus</span> <span class='ocrx_word' id='word_1_354' title='bbox 1198 1878 1206 1894; x_wconf 92' lang='lat'>‚</span> <span class='ocrx_word' id='word_1_355' title='bbox 1240 1863 1355 1885; x_wconf 91' lang='lat' dir='ltr'>unum</span> <span class='ocrx_word' id='word_1_356' title='bbox 1377 1856 1404 1891; x_wconf 90' lang='lat' dir='ltr'>C</span> <span class='ocrx_word' id='word_1_357' title='bbox 1425 1862 1548 1886; x_wconf 83' lang='lat' dir='ltr'>secum</span> <span class='ocrx_word' id='word_1_358' title='bbox 1563 1877 1572 1894; x_wconf 86' lang='lat'>,</span> <span class='ocrx_word' id='word_1_359' title='bbox 1588 1848 1735 1884; x_wconf 86' lang='lat' dir='ltr'>nonnisi</span> <span class='ocrx_word' id='word_1_360' title='bbox 1751 1860 1789 1883; x_wconf 86' lang='lat' dir='ltr'>se</span> <span class='ocrx_word' id='word_1_361' title='bbox 1805 1848 1926 1896; x_wconf 90' lang='lat' dir='ltr'>ipsum</span> <span class='ocrx_word' id='word_1_362' title='bbox 1941 1876 1950 1893; x_wconf 89' lang='lat'>,</span> <span class='ocrx_word' id='word_1_363' title='bbox 1975 1848 2095 1896; x_wconf 90' lang='lat' dir='ltr'>qualis</span> <span class='ocrx_word' id='word_1_364' title='bbox 2113 1849 2189 1898; x_wconf 88' lang='lat' dir='ltr'>ipse</span> <span class='ocrx_word' id='word_1_365' title='bbox 2212 1857 2286 1896; x_wconf 88' lang='lat' dir='ltr'>est,</span> <span class='ocrx_word' id='word_1_366' title='bbox 2304 1849 2415 1887; x_wconf 88' lang='lat' dir='ltr'>habet</span> 
     </span>
    </p>
   </div>
   <div class='ocr_carea' id='block_1_13' title="bbox 364 1907 1364 2543">
    <p class='ocr_par' dir='ltr' id='par_1_13' title="bbox 364 1907 1364 2543">
     <span class='ocr_line' id='line_1_54' title="bbox 365 1907 1358 1957; baseline 0.001 -14"><span class='ocrx_word' id='word_1_367' title='bbox 365 1907 555 1944; x_wconf 88' lang='lat' dir='ltr'>hominem</span> <span class='ocrx_word' id='word_1_368' title='bbox 577 1907 821 1944; x_wconf 83' lang='lat' dir='ltr'>describimus</span> <span class='ocrx_word' id='word_1_369' title='bbox 848 1908 884 1943; x_wconf 92' lang='lat' dir='ltr'>in</span> <span class='ocrx_word' id='word_1_370' title='bbox 906 1921 982 1957; x_wconf 86' lang='lat' dir='ltr'>quo</span> <span class='ocrx_word' id='word_1_371' title='bbox 1002 1908 1208 1944; x_wconf 88' lang='lat' dir='ltr'>secundum</span> <span class='ocrx_word' id='word_1_372' title='bbox 1232 1908 1358 1944; x_wconf 78' lang='lat' dir='ltr'>diver-</span> 
     </span>
     <span class='ocr_line' id='line_1_55' title="bbox 364 1967 1356 2016; baseline -0.001 -13"><span class='ocrx_word' id='word_1_373' title='bbox 364 1980 424 2003; x_wconf 90' lang='lat' dir='ltr'>sos</span> <span class='ocrx_word' id='word_1_374' title='bbox 447 1967 637 2015; x_wconf 87' lang='lat' dir='ltr'>profectus</span> <span class='ocrx_word' id='word_1_375' title='bbox 663 1975 698 2002; x_wconf 88' lang='lat' dir='ltr'>et</span> <span class='ocrx_word' id='word_1_376' title='bbox 726 1967 964 2016; x_wconf 86' lang='lat' dir='ltr'>profectuum</span> <span class='ocrx_word' id='word_1_377' title='bbox 990 1975 1216 2016; x_wconf 78' lang='lat' dir='ltr'>proventus,</span> <span class='ocrx_word' id='word_1_378' title='bbox 1239 1975 1275 2002; x_wconf 93' lang='lat' dir='ltr'>et</span> <span class='ocrx_word' id='word_1_379' title='bbox 1295 1967 1356 2002; x_wconf 89' lang='lat' dir='ltr'>in-</span> 
     </span>
     <span class='ocr_line' id='line_1_56' title="bbox 365 2025 1357 2075; baseline 0 -14"><span class='ocrx_word' id='word_1_380' title='bbox 365 2026 544 2061; x_wconf 88' lang='lat' dir='ltr'>tentionis</span> <span class='ocrx_word' id='word_1_381' title='bbox 572 2025 749 2071; x_wconf 84' lang='lat' dir='ltr'>affectus,</span> <span class='ocrx_word' id='word_1_382' title='bbox 773 2026 850 2062; x_wconf 83' lang='lat' dir='ltr'>haec</span> <span class='ocrx_word' id='word_1_383' title='bbox 879 2026 1005 2062; x_wconf 88' lang='lat' dir='ltr'>onmia</span> <span class='ocrx_word' id='word_1_384' title='bbox 1028 2025 1185 2062; x_wconf 81' lang='lat' dir='ltr'>diversis</span> <span class='ocrx_word' id='word_1_385' title='bbox 1207 2034 1357 2075; x_wconf 90' lang='lat' dir='ltr'>tempo-</span> 
     </span>
     <span class='ocr_line' id='line_1_57' title="bbox 367 2083 1357 2133; baseline 0.001 -14"><span class='ocrx_word' id='word_1_386' title='bbox 367 2083 470 2120; x_wconf 84' lang='lat' dir='ltr'>ribus</span> <span class='ocrx_word' id='word_1_387' title='bbox 497 2083 675 2133; x_wconf 89' lang='lat' dir='ltr'>possibile</span> <span class='ocrx_word' id='word_1_388' title='bbox 705 2097 784 2120; x_wconf 88' lang='lat' dir='ltr'>csse</span> <span class='ocrx_word' id='word_1_389' title='bbox 809 2085 989 2130; x_wconf 77' lang='lat' dir='ltr'>inveniri3</span> <span class='ocrx_word' id='word_1_390' title='bbox 1011 2093 1048 2120; x_wconf 91' lang='lat' dir='ltr'>et</span> <span class='ocrx_word' id='word_1_391' title='bbox 1070 2085 1138 2120; x_wconf 89' lang='lat' dir='ltr'>tria</span> <span class='ocrx_word' id='word_1_392' title='bbox 1165 2085 1357 2121; x_wconf 88' lang='lat' dir='ltr'>hominum</span> 
     </span>
     <span class='ocr_line' id='line_1_58' title="bbox 366 2143 1360 2193; baseline 0.001 -15"><span class='ocrx_word' id='word_1_393' title='bbox 366 2156 523 2192; x_wconf 82' lang='lat' dir='ltr'>genera,</span> <span class='ocrx_word' id='word_1_394' title='bbox 544 2143 690 2192; x_wconf 79' lang='lat' dir='ltr'>singula</span> <span class='ocrx_word' id='word_1_395' title='bbox 707 2143 911 2179; x_wconf 86' lang='lat' dir='ltr'>secundum</span> <span class='ocrx_word' id='word_1_396' title='bbox 932 2152 1095 2180; x_wconf 88' lang='lat' dir='ltr'>statuum</span> <span class='ocrx_word' id='word_1_397' title='bbox 1116 2144 1250 2180; x_wconf 91' lang='lat' dir='ltr'>horum</span> <span class='ocrx_word' id='word_1_398' title='bbox 1271 2157 1360 2193; x_wconf 89' lang='lat' dir='ltr'>pro-</span> 
     </span>
     <span class='ocr_line' id='line_1_59' title="bbox 368 2202 1358 2251; baseline 0.001 -14"><span class='ocrx_word' id='word_1_399' title='bbox 368 2203 545 2250; x_wconf 88' lang='lat' dir='ltr'>prietates</span> <span class='ocrx_word' id='word_1_400' title='bbox 571 2203 606 2237; x_wconf 92' lang='lat' dir='ltr'>in</span> <span class='ocrx_word' id='word_1_401' title='bbox 641 2202 874 2251; x_wconf 82' lang='lat' dir='ltr'>professione</span> <span class='ocrx_word' id='word_1_402' title='bbox 896 2202 1085 2250; x_wconf 78' lang='lat' dir='ltr'>religionis</span> <span class='ocrx_word' id='word_1_403' title='bbox 1103 2203 1138 2238; x_wconf 90' lang='lat' dir='ltr'>in</span> <span class='ocrx_word' id='word_1_404' title='bbox 1161 2203 1262 2238; x_wconf 78' lang='lat' dir='ltr'>cellis</span> <span class='ocrx_word' id='word_1_405' title='bbox 1287 2203 1358 2238; x_wconf 92' lang='lat' dir='ltr'>mi-</span> 
     </span>
     <span class='ocr_line' id='line_1_60' title="bbox 367 2261 1360 2309; baseline 0.002 -14"><span class='ocrx_word' id='word_1_406' title='bbox 367 2261 510 2296; x_wconf 87' lang='lat' dir='ltr'>litantia</span> <span class='ocrx_word' id='word_1_407' title='bbox 542 2275 548 2296; x_wconf 92' lang='lat'>:</span> <span class='ocrx_word' id='word_1_408' title='bbox 579 2261 750 2308; x_wconf 81' lang='lat' dir='ltr'>quamvis</span> <span class='ocrx_word' id='word_1_409' title='bbox 789 2262 891 2297; x_wconf 73' lang='lat' dir='ltr'>cellse</span> <span class='ocrx_word' id='word_1_410' title='bbox 928 2262 1111 2309; x_wconf 66' lang='lat' dir='ltr'>dignitas,</span> <span class='ocrx_word' id='word_1_411' title='bbox 1147 2270 1183 2297; x_wconf 88' lang='lat' dir='ltr'>et</span> <span class='ocrx_word' id='word_1_412' title='bbox 1223 2270 1360 2297; x_wconf 84' lang='lat' dir='ltr'>sanctae</span> 
     </span>
     <span class='ocr_line' id='line_1_61' title="bbox 367 2319 1359 2368; baseline 0 -13"><span class='ocrx_word' id='word_1_413' title='bbox 367 2319 580 2355; x_wconf 83' lang='lat' dir='ltr'>solitudinis</span> <span class='ocrx_word' id='word_1_414' title='bbox 606 2328 812 2364; x_wconf 85' lang='lat' dir='ltr'>secretum,</span> <span class='ocrx_word' id='word_1_415' title='bbox 842 2328 878 2355; x_wconf 85' lang='lat' dir='ltr'>et</span> <span class='ocrx_word' id='word_1_416' title='bbox 912 2320 1088 2356; x_wconf 74' lang='lat' dir='ltr'>solitariae</span> <span class='ocrx_word' id='word_1_417' title='bbox 1115 2320 1359 2368; x_wconf 82' lang='lat' dir='ltr'>professionis</span> 
     </span>
     <span class='ocr_line' id='line_1_62' title="bbox 369 2378 1359 2427; baseline 0.002 -14"><span class='ocrx_word' id='word_1_418' title='bbox 369 2378 516 2422; x_wconf 79' lang='lat' dir='ltr'>titulus,</span> <span class='ocrx_word' id='word_1_419' title='bbox 544 2391 618 2413; x_wconf 92' lang='lat' dir='ltr'>non</span> <span class='ocrx_word' id='word_1_420' title='bbox 651 2379 719 2414; x_wconf 85' lang='lat' dir='ltr'>nisi</span> <span class='ocrx_word' id='word_1_421' title='bbox 749 2379 924 2427; x_wconf 82' lang='lat' dir='ltr'>perfectis</span> <span class='ocrx_word' id='word_1_422' title='bbox 953 2379 1155 2414; x_wconf 83' lang='lat' dir='ltr'>convenire</span> <span class='ocrx_word' id='word_1_423' title='bbox 1190 2379 1359 2424; x_wconf 84' lang='lat' dir='ltr'>videtur;</span> 
     </span>
     <span class='ocr_line' id='line_1_63' title="bbox 369 2438 1362 2486; baseline 0 -14"><span class='ocrx_word' id='word_1_424' title='bbox 369 2450 531 2485; x_wconf 83' lang='lat' dir='ltr'>quorum</span> <span class='ocrx_word' id='word_1_425' title='bbox 548 2465 556 2481; x_wconf 92' lang='lat'><strong>‚</strong></span> <span class='ocrx_word' id='word_1_426' title='bbox 584 2438 679 2473; x_wconf 91' lang='lat' dir='ltr'>sicut</span> <span class='ocrx_word' id='word_1_427' title='bbox 707 2438 911 2486; x_wconf 77' lang='lat' dir='ltr'>Apostolus</span> <span class='ocrx_word' id='word_1_428' title='bbox 940 2438 1052 2482; x_wconf 89' lang='lat' dir='ltr'>dicit,</span> <span class='ocrx_word' id='word_1_429' title='bbox 1075 2447 1127 2473; x_wconf 77' lang='lat' dir='ltr'>est</span> <span class='ocrx_word' id='word_1_430' title='bbox 1150 2441 1289 2473; x_wconf 65' lang='lat' dir='ltr'>solidus</span> <span class='ocrx_word' id='word_1_431' title='bbox 1309 2443 1362 2473; x_wconf 87' lang='lat' dir='ltr'>ci-</span> 
     </span>
     <span class='ocr_line' id='line_1_64' title="bbox 370 2494 1364 2543; baseline 0.002 -13"><span class='ocrx_word' id='word_1_432' title='bbox 370 2494 432 2530; x_wconf 82' lang='lat' dir='ltr'>bus</span> <span class='ocrx_word' id='word_1_433' title='bbox 451 2494 463 2529; x_wconf 54' lang='lat'>2·</span> <span class='ocrx_word' id='word_1_434' title='bbox 484 2505 520 2530; x_wconf 74' lang='lat' dir='ltr'>et</span> <span class='ocrx_word' id='word_1_435' title='bbox 537 2501 602 2542; x_wconf 75' lang='lat' dir='ltr'>qui</span> <span class='ocrx_word' id='word_1_436' title='bbox 616 2509 685 2543; x_wconf 73' lang='lat' dir='ltr'>pro</span> <span class='ocrx_word' id='word_1_437' title='bbox 705 2498 968 2531; x_wconf 70' lang='lat' dir='ltr'>consuetmline</span> <span class='ocrx_word' id='word_1_438' title='bbox 987 2501 1209 2532; x_wconf 68' lang='lat' dir='ltr'>ezer-citatos</span> <span class='ocrx_word' id='word_1_439' title='bbox 1230 2496 1364 2532; x_wconf 68' lang='lat' dir='ltr'>habene</span> 
     </span>
    </p>
   </div>
   <div class='ocr_carea' id='block_1_14' title="bbox 369 2555 1363 2604">
    <p class='ocr_par' dir='ltr' id='par_1_14' title="bbox 369 2555 1363 2604">
     <span class='ocr_line' id='line_1_65' title="bbox 369 2555 1363 2604; baseline 0.002 -15"><span class='ocrx_word' id='word_1_440' title='bbox 369 2568 496 2590; x_wconf 78' lang='lat' dir='ltr'>sensus</span> <span class='ocrx_word' id='word_1_441' title='bbox 525 2557 577 2589; x_wconf 85' lang='lat' dir='ltr'>ad</span> <span class='ocrx_word' id='word_1_442' title='bbox 603 2557 856 2590; x_wconf 75' lang='lat' dir='ltr'>discretionem</span> <span class='ocrx_word' id='word_1_443' title='bbox 883 2555 968 2590; x_wconf 69' lang='lat' dir='ltr'>lmm‘</span> <span class='ocrx_word' id='word_1_444' title='bbox 988 2564 1023 2590; x_wconf 71' lang='lat' dir='ltr'>et</span> <span class='ocrx_word' id='word_1_445' title='bbox 1047 2559 1135 2590; x_wconf 77' lang='lat' dir='ltr'>mali</span> <span class='ocrx_word' id='word_1_446' title='bbox 1157 2561 1168 2576; x_wconf 91' lang='lat'>²</span> <span class='ocrx_word' id='word_1_447' title='bbox 1192 2570 1199 2590; x_wconf 89' lang='lat'>:</span> <span class='ocrx_word' id='word_1_448' title='bbox 1223 2556 1260 2591; x_wconf 91' lang='lat' dir='ltr'>in</span> <span class='ocrx_word' id='word_1_449' title='bbox 1287 2569 1363 2604; x_wconf 87' lang='lat' dir='ltr'>quo</span> 
     </span>
    </p>
   </div>
   <div class='ocr_carea' id='block_1_15' title="bbox 1423 1906 2422 2605">
    <p class='ocr_par' dir='ltr' id='par_1_15' title="bbox 1423 1906 2422 2605">
     <span class='ocr_line' id='line_1_66' title="bbox 1423 1906 2416 1955; baseline -0.001 -10"><span class='ocrx_word' id='word_1_450' title='bbox 1423 1921 1561 1945; x_wconf 86' lang='lat' dir='ltr'>secum.</span> <span class='ocrx_word' id='word_1_451' title='bbox 1586 1908 1705 1943; x_wconf 85' lang='lat' dir='ltr'>Malus</span> <span class='ocrx_word' id='word_1_452' title='bbox 1733 1914 1858 1942; x_wconf 90' lang='lat' dir='ltr'>autem</span> <span class='ocrx_word' id='word_1_453' title='bbox 1886 1906 2001 1942; x_wconf 88' lang='lat' dir='ltr'>homo</span> <span class='ocrx_word' id='word_1_454' title='bbox 2028 1920 2219 1955; x_wconf 88' lang='lat' dir='ltr'>nunquam</span> <span class='ocrx_word' id='word_1_455' title='bbox 2246 1916 2326 1944; x_wconf 90' lang='lat' dir='ltr'>tuto</span> <span class='ocrx_word' id='word_1_456' title='bbox 2354 1921 2416 1944; x_wconf 90' lang='lat' dir='ltr'>se-</span> 
     </span>
     <span class='ocr_line' id='line_1_67' title="bbox 1424 1965 2415 2014; baseline -0.001 -10"><span class='ocrx_word' id='word_1_457' title='bbox 1424 1981 1507 2004; x_wconf 87' lang='lat' dir='ltr'>cum</span> <span class='ocrx_word' id='word_1_458' title='bbox 1538 1965 1698 2010; x_wconf 87' lang='lat' dir='ltr'>habitat,</span> <span class='ocrx_word' id='word_1_459' title='bbox 1720 1966 1808 2014; x_wconf 89' lang='lat' dir='ltr'>quia</span> <span class='ocrx_word' id='word_1_460' title='bbox 1837 1978 1920 2001; x_wconf 88' lang='lat' dir='ltr'>cum</span> <span class='ocrx_word' id='word_1_461' title='bbox 1949 1966 2046 2001; x_wconf 88' lang='lat' dir='ltr'>malo</span> <span class='ocrx_word' id='word_1_462' title='bbox 2067 1966 2218 2003; x_wconf 89' lang='lat' dir='ltr'>homine</span> <span class='ocrx_word' id='word_1_463' title='bbox 2238 1966 2382 2003; x_wconf 87' lang='lat' dir='ltr'>habitat</span> <span class='ocrx_word' id='word_1_464' title='bbox 2408 1981 2415 2003; x_wconf 90' lang='lat'>:</span> 
     </span>
     <span class='ocr_line' id='line_1_68' title="bbox 1424 2025 2417 2075; baseline 0 -12"><span class='ocrx_word' id='word_1_465' title='bbox 1424 2036 1461 2063; x_wconf 86' lang='lat' dir='ltr'>et</span> <span class='ocrx_word' id='word_1_466' title='bbox 1482 2040 1593 2063; x_wconf 87' lang='lat' dir='ltr'>nemo</span> <span class='ocrx_word' id='word_1_467' title='bbox 1621 2025 1815 2061; x_wconf 84' lang='lat' dir='ltr'>molestior</span> <span class='ocrx_word' id='word_1_468' title='bbox 1839 2025 1873 2061; x_wconf 90' lang='lat' dir='ltr'>ei</span> <span class='ocrx_word' id='word_1_469' title='bbox 1893 2033 1967 2069; x_wconf 89' lang='lat' dir='ltr'>est,</span> <span class='ocrx_word' id='word_1_470' title='bbox 1990 2039 2102 2074; x_wconf 89' lang='lat' dir='ltr'>quam</span> <span class='ocrx_word' id='word_1_471' title='bbox 2126 2026 2205 2075; x_wconf 86' lang='lat' dir='ltr'>ipse</span> <span class='ocrx_word' id='word_1_472' title='bbox 2223 2026 2306 2063; x_wconf 90' lang='lat' dir='ltr'>sibi.</span> <span class='ocrx_word' id='word_1_473' title='bbox 2324 2030 2417 2064; x_wconf 90' lang='lat' dir='ltr'>Nam</span> 
     </span>
     <span class='ocr_line' id='line_1_69' title="bbox 1425 2083 2418 2133; baseline 0.001 -11"><span class='ocrx_word' id='word_1_474' title='bbox 1425 2086 1546 2122; x_wconf 89' lang='lat' dir='ltr'>insani</span> <span class='ocrx_word' id='word_1_475' title='bbox 1572 2093 1608 2121; x_wconf 87' lang='lat' dir='ltr'>et</span> <span class='ocrx_word' id='word_1_476' title='bbox 1639 2085 1795 2120; x_wconf 88' lang='lat' dir='ltr'>nimium</span> <span class='ocrx_word' id='word_1_477' title='bbox 1825 2083 2041 2128; x_wconf 86' lang='lat' dir='ltr'>dementes,</span> <span class='ocrx_word' id='word_1_478' title='bbox 2066 2093 2103 2120; x_wconf 90' lang='lat' dir='ltr'>et</span> <span class='ocrx_word' id='word_1_479' title='bbox 2131 2085 2196 2133; x_wconf 88' lang='lat' dir='ltr'>qui</span> <span class='ocrx_word' id='word_1_480' title='bbox 2226 2098 2302 2121; x_wconf 91' lang='lat' dir='ltr'>non</span> <span class='ocrx_word' id='word_1_481' title='bbox 2331 2087 2418 2123; x_wconf 89' lang='lat' dir='ltr'>satis</span> 
     </span>
     <span class='ocr_line' id='line_1_70' title="bbox 1425 2143 2418 2194; baseline 0.001 -14"><span class='ocrx_word' id='word_1_482' title='bbox 1425 2157 1663 2193; x_wconf 87' lang='lat' dir='ltr'>quacumque</span> <span class='ocrx_word' id='word_1_483' title='bbox 1683 2143 1728 2179; x_wconf 87' lang='lat' dir='ltr'>de</span> <span class='ocrx_word' id='word_1_484' title='bbox 1746 2156 1855 2179; x_wconf 90' lang='lat' dir='ltr'>causa</span> <span class='ocrx_word' id='word_1_485' title='bbox 1883 2143 2016 2179; x_wconf 89' lang='lat' dir='ltr'>mentis</span> <span class='ocrx_word' id='word_1_486' title='bbox 2039 2156 2114 2180; x_wconf 86' lang='lat' dir='ltr'>suae</span> <span class='ocrx_word' id='word_1_487' title='bbox 2138 2143 2233 2180; x_wconf 88' lang='lat' dir='ltr'>bene</span> <span class='ocrx_word' id='word_1_488' title='bbox 2258 2157 2418 2194; x_wconf 90' lang='lat' dir='ltr'>compo-</span> 
     </span>
     <span class='ocr_line' id='line_1_71' title="bbox 1426 2203 2418 2253; baseline 0 -13"><span class='ocrx_word' id='word_1_489' title='bbox 1426 2213 1479 2240; x_wconf 92' lang='lat' dir='ltr'>tes</span> <span class='ocrx_word' id='word_1_490' title='bbox 1499 2213 1605 2250; x_wconf 88' lang='lat' dir='ltr'>sunt‚</span> <span class='ocrx_word' id='word_1_491' title='bbox 1627 2203 1807 2239; x_wconf 87' lang='lat' dir='ltr'>custodiri</span> <span class='ocrx_word' id='word_1_492' title='bbox 1834 2203 1976 2249; x_wconf 87' lang='lat' dir='ltr'>solent,</span> <span class='ocrx_word' id='word_1_493' title='bbox 1999 2217 2066 2240; x_wconf 87' lang='lat' dir='ltr'>nec</span> <span class='ocrx_word' id='word_1_494' title='bbox 2086 2203 2156 2240; x_wconf 89' lang='lat' dir='ltr'>sibi</span> <span class='ocrx_word' id='word_1_495' title='bbox 2178 2204 2338 2253; x_wconf 88' lang='lat' dir='ltr'>relinqui</span> <span class='ocrx_word' id='word_1_496' title='bbox 2358 2205 2418 2241; x_wconf 87' lang='lat' dir='ltr'>vel</span> 
     </span>
     <span class='ocr_line' id='line_1_72' title="bbox 1426 2262 2420 2306; baseline 0 -7"><span class='ocrx_word' id='word_1_497' title='bbox 1426 2263 1629 2306; x_wconf 90' lang='lat' dir='ltr'>committi,</span> <span class='ocrx_word' id='word_1_498' title='bbox 1658 2275 1704 2298; x_wconf 91' lang='lat' dir='ltr'>ne</span> <span class='ocrx_word' id='word_1_499' title='bbox 1725 2262 1928 2298; x_wconf 89' lang='lat' dir='ltr'>solitudine</span> <span class='ocrx_word' id='word_1_500' title='bbox 1950 2275 2016 2298; x_wconf 87' lang='lat' dir='ltr'>sua</span> <span class='ocrx_word' id='word_1_501' title='bbox 2038 2263 2133 2299; x_wconf 89' lang='lat' dir='ltr'>male</span> <span class='ocrx_word' id='word_1_502' title='bbox 2153 2271 2319 2299; x_wconf 91' lang='lat' dir='ltr'>utantur.</span> <span class='ocrx_word' id='word_1_503' title='bbox 2341 2263 2420 2299; x_wconf 87' lang='lat' dir='ltr'>Ad-</span> 
     </span>
     <span class='ocr_line' id='line_1_73' title="bbox 1427 2321 2420 2371; baseline 0 -13"><span class='ocrx_word' id='word_1_504' title='bbox 1427 2323 1624 2358; x_wconf 88' lang='lat' dir='ltr'>mittantur</span> <span class='ocrx_word' id='word_1_505' title='bbox 1641 2334 1730 2370; x_wconf 83' lang='lat' dir='ltr'>ergo</span> <span class='ocrx_word' id='word_1_506' title='bbox 1748 2321 1925 2357; x_wconf 87' lang='lat' dir='ltr'>animales</span> <span class='ocrx_word' id='word_1_507' title='bbox 1940 2321 2126 2366; x_wconf 88' lang='lat' dir='ltr'>homines,</span> <span class='ocrx_word' id='word_1_508' title='bbox 2146 2334 2331 2370; x_wconf 86' lang='lat' dir='ltr'>pauperes</span> <span class='ocrx_word' id='word_1_509' title='bbox 2347 2322 2420 2371; x_wconf 92' lang='lat' dir='ltr'>spi-</span> 
     </span>
     <span class='ocr_line' id='line_1_74' title="bbox 1428 2379 2421 2417; baseline 0 -1"><span class='ocrx_word' id='word_1_510' title='bbox 1428 2382 1500 2417; x_wconf 88' lang='lat' dir='ltr'>ritu</span> <span class='ocrx_word' id='word_1_511' title='bbox 1529 2380 1575 2416; x_wconf 88' lang='lat' dir='ltr'>ad</span> <span class='ocrx_word' id='word_1_512' title='bbox 1605 2379 1919 2416; x_wconf 87' lang='lat' dir='ltr'>cohabitationem</span> <span class='ocrx_word' id='word_1_513' title='bbox 1952 2380 2128 2416; x_wconf 90' lang='lat' dir='ltr'>cellarum</span> <span class='ocrx_word' id='word_1_514' title='bbox 2151 2394 2158 2415; x_wconf 91' lang='lat'>:</span> <span class='ocrx_word' id='word_1_515' title='bbox 2182 2379 2246 2416; x_wconf 91' lang='lat' dir='ltr'>sed</span> <span class='ocrx_word' id='word_1_516' title='bbox 2267 2387 2308 2415; x_wconf 91' lang='lat' dir='ltr'>ut</span> <span class='ocrx_word' id='word_1_517' title='bbox 2333 2380 2421 2416; x_wconf 86' lang='lat' dir='ltr'>fiant</span> 
     </span>
     <span class='ocr_line' id='line_1_75' title="bbox 1428 2439 2422 2489; baseline 0 -13"><span class='ocrx_word' id='word_1_518' title='bbox 1428 2441 1497 2489; x_wconf 90' lang='lat' dir='ltr'>ipsi</span> <span class='ocrx_word' id='word_1_519' title='bbox 1535 2439 1733 2476; x_wconf 87' lang='lat' dir='ltr'>rationales</span> <span class='ocrx_word' id='word_1_520' title='bbox 1765 2452 1806 2475; x_wconf 91' lang='lat' dir='ltr'>ac</span> <span class='ocrx_word' id='word_1_521' title='bbox 1833 2439 2065 2488; x_wconf 85' lang='lat' dir='ltr'>spirituales,</span> <span class='ocrx_word' id='word_1_522' title='bbox 2097 2452 2173 2475; x_wconf 89' lang='lat' dir='ltr'>nou</span> <span class='ocrx_word' id='word_1_523' title='bbox 2198 2447 2238 2475; x_wconf 92' lang='lat' dir='ltr'>ut</span> <span class='ocrx_word' id='word_1_524' title='bbox 2264 2448 2422 2489; x_wconf 90' lang='lat' dir='ltr'>propter</span> 
     </span>
     <span class='ocr_line' id='line_1_76' title="bbox 1429 2497 2422 2548; baseline -0.001 -13"><span class='ocrx_word' id='word_1_525' title='bbox 1429 2512 1493 2535; x_wconf 89' lang='lat' dir='ltr'>eos</span> <span class='ocrx_word' id='word_1_526' title='bbox 1522 2499 1592 2548; x_wconf 87' lang='lat' dir='ltr'>ipsi</span> <span class='ocrx_word' id='word_1_527' title='bbox 1619 2498 1683 2547; x_wconf 87' lang='lat' dir='ltr'>qui</span> <span class='ocrx_word' id='word_1_528' title='bbox 1704 2497 1781 2546; x_wconf 86' lang='lat' dir='ltr'>jam</span> <span class='ocrx_word' id='word_1_529' title='bbox 1808 2498 1879 2533; x_wconf 92' lang='lat' dir='ltr'>hoc</span> <span class='ocrx_word' id='word_1_530' title='bbox 1899 2511 1978 2533; x_wconf 86' lang='lat' dir='ltr'>esse</span> <span class='ocrx_word' id='word_1_531' title='bbox 2001 2506 2241 2543; x_wconf 84' lang='lat' dir='ltr'>meruerunt,</span> <span class='ocrx_word' id='word_1_532' title='bbox 2262 2511 2422 2534; x_wconf 88' lang='lat' dir='ltr'>conver-</span> 
     </span>
     <span class='ocr_line' id='line_1_77' title="bbox 1432 2556 2420 2605; baseline -0.001 -12"><span class='ocrx_word' id='word_1_533' title='bbox 1432 2565 1558 2593; x_wconf 88' lang='lat' dir='ltr'>tantur</span> <span class='ocrx_word' id='word_1_534' title='bbox 1577 2565 1678 2592; x_wconf 89' lang='lat' dir='ltr'>retro</span> <span class='ocrx_word' id='word_1_535' title='bbox 1690 2584 1698 2600; x_wconf 91' lang='lat'>‚</span> <span class='ocrx_word' id='word_1_536' title='bbox 1716 2564 1752 2591; x_wconf 89' lang='lat' dir='ltr'>et</span> <span class='ocrx_word' id='word_1_537' title='bbox 1769 2556 1979 2591; x_wconf 80' lang='lat' dir='ltr'>efficiantur</span> <span class='ocrx_word' id='word_1_538' title='bbox 1993 2557 2184 2592; x_wconf 63' lang='lat' dir='ltr'>animales</span> <span class='ocrx_word' id='word_1_539' title='bbox 2203 2557 2420 2605; x_wconf 87' lang='lat' dir='ltr'>Suscipian-</span> 
     </span>
    </p>
   </div>
   <div class='ocr_carea' id='block_1_16' title="bbox 369 2614 2422 2664">
    <p class='ocr_par' dir='ltr' id='par_1_16' title="bbox 369 2614 2422 2664">
     <span class='ocr_line' id='line_1_78' title="bbox 369 2614 2422 2664; baseline 0 -14"><span class='ocrx_word' id='word_1_540' title='bbox 369 2615 437 2651; x_wconf 87' lang='lat' dir='ltr'>etsi</span> <span class='ocrx_word' id='word_1_541' title='bbox 466 2615 674 2659; x_wconf 89' lang='lat' dir='ltr'>rationalis,</span> <span class='ocrx_word' id='word_1_542' title='bbox 700 2615 763 2663; x_wconf 84' lang='lat' dir='ltr'>qui</span> <span class='ocrx_word' id='word_1_543' title='bbox 797 2615 992 2663; x_wconf 79' lang='lat' dir='ltr'>proximus</span> <span class='ocrx_word' id='word_1_544' title='bbox 1019 2623 1073 2650; x_wconf 86' lang='lat' dir='ltr'>est</span> <span class='ocrx_word' id='word_1_545' title='bbox 1097 2615 1274 2664; x_wconf 88' lang='lat' dir='ltr'>sapienti,</span> <span class='ocrx_word' id='word_1_546' title='bbox 1298 2624 1358 2651; x_wconf 90' lang='lat' dir='ltr'>ut-</span> <span class='ocrx_word' id='word_1_547' title='bbox 1377 2623 1409 2655; x_wconf 92' lang='lat' dir='ltr'>D</span> <span class='ocrx_word' id='word_1_548' title='bbox 1431 2626 1489 2652; x_wconf 88' lang='lat' dir='ltr'>tur</span> <span class='ocrx_word' id='word_1_549' title='bbox 1510 2616 1548 2652; x_wconf 92' lang='lat' dir='ltr'>in</span> <span class='ocrx_word' id='word_1_550' title='bbox 1568 2615 1669 2651; x_wconf 89' lang='lat' dir='ltr'>omni</span> <span class='ocrx_word' id='word_1_551' title='bbox 1701 2614 1964 2650; x_wconf 77' lang='lat' dir='ltr'>benevolentia</span> <span class='ocrx_word' id='word_1_552' title='bbox 1990 2615 2200 2661; x_wconf 82' lang='lat' dir='ltr'>eharitatis3</span> <span class='ocrx_word' id='word_1_553' title='bbox 2222 2623 2422 2664; x_wconf 88' lang='lat' dir='ltr'>portentur</span> 
     </span>
    </p>
   </div>
   <div class='ocr_carea' id='block_1_17' title="bbox 370 2673 1370 3252">
    <p class='ocr_par' dir='ltr' id='par_1_17' title="bbox 370 2673 1370 3252">
     <span class='ocr_line' id='line_1_79' title="bbox 370 2673 1361 2721; baseline 0.001 -13"><span class='ocrx_word' id='word_1_554' title='bbox 370 2686 532 2721; x_wconf 86' lang='lat' dir='ltr'>cumque</span> <span class='ocrx_word' id='word_1_555' title='bbox 564 2673 757 2709; x_wconf 76' lang='lat' dir='ltr'>videretur</span> <span class='ocrx_word' id='word_1_556' title='bbox 784 2686 862 2709; x_wconf 85' lang='lat' dir='ltr'>esse</span> <span class='ocrx_word' id='word_1_557' title='bbox 896 2673 1135 2719; x_wconf 82' lang='lat' dir='ltr'>tolerandus3</span> <span class='ocrx_word' id='word_1_558' title='bbox 1162 2674 1226 2710; x_wconf 90' lang='lat' dir='ltr'>sed</span> <span class='ocrx_word' id='word_1_559' title='bbox 1262 2682 1361 2710; x_wconf 81' lang='lat' dir='ltr'>certe</span> 
     </span>
     <span class='ocr_line' id='line_1_80' title="bbox 371 2732 1361 2781; baseline 0 -14"><span class='ocrx_word' id='word_1_560' title='bbox 371 2732 540 2768; x_wconf 90' lang='lat' dir='ltr'>animalis</span> <span class='ocrx_word' id='word_1_561' title='bbox 558 2732 621 2780; x_wconf 86' lang='lat' dir='ltr'>qui</span> <span class='ocrx_word' id='word_1_562' title='bbox 645 2745 720 2767; x_wconf 93' lang='lat' dir='ltr'>non</span> <span class='ocrx_word' id='word_1_563' title='bbox 738 2732 896 2781; x_wconf 88' lang='lat' dir='ltr'>percipit</span> <span class='ocrx_word' id='word_1_564' title='bbox 913 2745 954 2767; x_wconf 89' lang='lat' dir='ltr'>ea</span> <span class='ocrx_word' id='word_1_565' title='bbox 971 2745 1054 2780; x_wconf 79' lang='lat' dir='ltr'>quae</span> <span class='ocrx_word' id='word_1_566' title='bbox 1075 2733 1142 2769; x_wconf 89' lang='lat' dir='ltr'>Dei</span> <span class='ocrx_word' id='word_1_567' title='bbox 1164 2741 1272 2777; x_wconf 89' lang='lat' dir='ltr'>sunt,</span> <span class='ocrx_word' id='word_1_568' title='bbox 1294 2745 1361 2781; x_wconf 88' lang='lat' dir='ltr'>pe—</span> 
     </span>
     <span class='ocr_line' id='line_1_81' title="bbox 374 2791 1362 2840; baseline 0.002 -15"><span class='ocrx_word' id='word_1_569' title='bbox 374 2791 472 2826; x_wconf 88' lang='lat' dir='ltr'>nitus</span> <span class='ocrx_word' id='word_1_570' title='bbox 499 2799 695 2840; x_wconf 87' lang='lat' dir='ltr'>putaretur</span> <span class='ocrx_word' id='word_1_571' title='bbox 725 2791 922 2827; x_wconf 85' lang='lat' dir='ltr'>arcendus.</span> <span class='ocrx_word' id='word_1_572' title='bbox 945 2791 1014 2827; x_wconf 89' lang='lat' dir='ltr'>Sed</span> <span class='ocrx_word' id='word_1_573' title='bbox 1042 2792 1206 2828; x_wconf 88' lang='lat' dir='ltr'>occurrit</span> <span class='ocrx_word' id='word_1_574' title='bbox 1232 2794 1362 2827; x_wconf 89' lang='lat' dir='ltr'>Petrus</span> 
     </span>
     <span class='ocr_line' id='line_1_82' title="bbox 374 2849 1064 2899; baseline 0.003 -15"><span class='ocrx_word' id='word_1_575' title='bbox 374 2849 586 2898; x_wconf 88' lang='lat' dir='ltr'>apostolus,</span> <span class='ocrx_word' id='word_1_576' title='bbox 613 2849 740 2885; x_wconf 80' lang='lat' dir='ltr'>(licens</span> <span class='ocrx_word' id='word_1_577' title='bbox 765 2849 811 2885; x_wconf 90' lang='lat' dir='ltr'>‹le</span> <span class='ocrx_word' id='word_1_578' title='bbox 839 2850 1064 2899; x_wconf 86' lang='lat' dir='ltr'>quibusdam</span> 
     </span>
     <span class='ocr_line' id='line_1_83' title="bbox 375 2912 1363 2958; baseline 0.001 -16"><span class='ocrx_word' id='word_1_579' title='bbox 375 2917 538 2943; x_wconf 77' lang='lat' dir='ltr'>sanctum</span> <span class='ocrx_word' id='word_1_580' title='bbox 566 2912 634 2956; x_wconf 68' lang='lat' dir='ltr'>ips(</span> <span class='ocrx_word' id='word_1_581' title='bbox 665 2918 894 2955; x_wconf 61' lang='lat' dir='ltr'>acceperunt,</span> <span class='ocrx_word' id='word_1_582' title='bbox 917 2914 1009 2944; x_wconf 76' lang='lat' dir='ltr'>sicut</span> <span class='ocrx_word' id='word_1_583' title='bbox 1029 2918 1064 2944; x_wconf 80' lang='lat' dir='ltr'>et</span> <span class='ocrx_word' id='word_1_584' title='bbox 1090 2923 1179 2953; x_wconf 71' lang='lat'><em>&#39;1⁰55</em></span> <span class='ocrx_word' id='word_1_585' title='bbox 1200 2924 1265 2958; x_wconf 77' lang='lat' dir='ltr'>ego</span> <span class='ocrx_word' id='word_1_586' title='bbox 1284 2913 1363 2957; x_wconf 78' lang='lat' dir='ltr'>quis</span> 
     </span>
     <span class='ocr_line' id='line_1_84' title="bbox 372 2965 1364 3017; baseline 0.003 -17"><span class='ocrx_word' id='word_1_587' title='bbox 372 2980 475 3001; x_wconf 78' lang='lat' dir='ltr'>cram</span> <span class='ocrx_word' id='word_1_588' title='bbox 508 2971 573 3014; x_wconf 75' lang='lat' dir='ltr'>qni</span> <span class='ocrx_word' id='word_1_589' title='bbox 599 2966 830 3014; x_wconf 69' lang='lat' dir='ltr'>prohiberem</span> <span class='ocrx_word' id='word_1_590' title='bbox 863 2969 978 3002; x_wconf 79' lang='lat' dir='ltr'>Deam</span> <span class='ocrx_word' id='word_1_591' title='bbox 1002 2965 1041 3002; x_wconf 77' lang='lat'>³?</span> <span class='ocrx_word' id='word_1_592' title='bbox 1074 2968 1232 3017; x_wconf 86' lang='lat' dir='ltr'>Spiritus</span> <span class='ocrx_word' id='word_1_593' title='bbox 1266 2968 1364 3003; x_wconf 85' lang='lat' dir='ltr'>enim</span> 
     </span>
     <span class='ocr_line' id='line_1_85' title="bbox 374 3025 1367 3075; baseline 0.003 -16"><span class='ocrx_word' id='word_1_594' title='bbox 374 3033 524 3060; x_wconf 76' lang='lat' dir='ltr'>sanctus</span> <span class='ocrx_word' id='word_1_595' title='bbox 545 3025 644 3060; x_wconf 87' lang='lat' dir='ltr'>bona</span> <span class='ocrx_word' id='word_1_596' title='bbox 666 3026 841 3061; x_wconf 77' lang='lat' dir='ltr'>voluntas</span> <span class='ocrx_word' id='word_1_597' title='bbox 855 3035 920 3062; x_wconf 89' lang='lat' dir='ltr'>est.</span> <span class='ocrx_word' id='word_1_598' title='bbox 936 3030 1009 3063; x_wconf 75' lang='lat' dir='ltr'>Nec</span> <span class='ocrx_word' id='word_1_599' title='bbox 1026 3027 1125 3063; x_wconf 91' lang='lat' dir='ltr'>enim</span> <span class='ocrx_word' id='word_1_600' title='bbox 1143 3027 1221 3063; x_wconf 87' lang='lat' dir='ltr'>sine</span> <span class='ocrx_word' id='word_1_601' title='bbox 1236 3027 1367 3075; x_wconf 71' lang='lat' dir='ltr'>grandi</span> 
     </span>
     <span class='ocr_line' id='line_1_86' title="bbox 379 3084 1369 3135; baseline 0.003 -16"><span class='ocrx_word' id='word_1_602' title='bbox 379 3084 558 3132; x_wconf 76' lang='lat' dir='ltr'>scrupulo</span> <span class='ocrx_word' id='word_1_603' title='bbox 578 3085 712 3120; x_wconf 87' lang='lat' dir='ltr'>mentis</span> <span class='ocrx_word' id='word_1_604' title='bbox 732 3098 750 3119; x_wconf 90' lang='lat' dir='ltr'>a</span> <span class='ocrx_word' id='word_1_605' title='bbox 766 3098 1002 3134; x_wconf 80' lang='lat' dir='ltr'>quacumque</span> <span class='ocrx_word' id='word_1_606' title='bbox 1021 3087 1265 3135; x_wconf 88' lang='lat' dir='ltr'>professionis</span> <span class='ocrx_word' id='word_1_607' title='bbox 1285 3087 1369 3122; x_wconf 91' lang='lat' dir='ltr'>alti—</span> 
     </span>
     <span class='ocr_line' id='line_1_87' title="bbox 381 3143 1370 3189; baseline 0.003 -10"><span class='ocrx_word' id='word_1_608' title='bbox 381 3143 510 3180; x_wconf 87' lang='lat' dir='ltr'>tudine</span> <span class='ocrx_word' id='word_1_609' title='bbox 543 3144 726 3180; x_wconf 88' lang='lat' dir='ltr'>arcendus</span> <span class='ocrx_word' id='word_1_610' title='bbox 755 3154 831 3189; x_wconf 87' lang='lat' dir='ltr'>est,</span> <span class='ocrx_word' id='word_1_611' title='bbox 855 3146 913 3181; x_wconf 92' lang='lat' dir='ltr'>cui</span> <span class='ocrx_word' id='word_1_612' title='bbox 945 3147 1048 3182; x_wconf 90' lang='lat' dir='ltr'>testis</span> <span class='ocrx_word' id='word_1_613' title='bbox 1072 3145 1312 3183; x_wconf 85' lang='lat' dir='ltr'>inhabitantis</span> <span class='ocrx_word' id='word_1_614' title='bbox 1333 3155 1370 3182; x_wconf 90' lang='lat' dir='ltr'>et</span> 
     </span>
     <span class='ocr_line' id='line_1_88' title="bbox 377 3203 1369 3252; baseline 0.003 -14"><span class='ocrx_word' id='word_1_615' title='bbox 377 3203 556 3239; x_wconf 86' lang='lat' dir='ltr'>trahentis</span> <span class='ocrx_word' id='word_1_616' title='bbox 579 3203 740 3252; x_wconf 82' lang='lat' dir='ltr'>Spiritus</span> <span class='ocrx_word' id='word_1_617' title='bbox 760 3205 876 3240; x_wconf 90' lang='lat' dir='ltr'>sancti</span> <span class='ocrx_word' id='word_1_618' title='bbox 901 3204 997 3240; x_wconf 89' lang='lat' dir='ltr'>bona</span> <span class='ocrx_word' id='word_1_619' title='bbox 1023 3205 1197 3241; x_wconf 71' lang='lat' dir='ltr'>voluntas</span> <span class='ocrx_word' id='word_1_620' title='bbox 1218 3213 1285 3241; x_wconf 86' lang='lat' dir='ltr'>est.</span> <span class='ocrx_word' id='word_1_621' title='bbox 1308 3206 1369 3242; x_wconf 87' lang='lat' dir='ltr'>Si-</span> 
     </span>
    </p>
   </div>
   <div class='ocr_carea' id='block_1_18' title="bbox 1091 2852 1360 2899">
    <p class='ocr_par' dir='ltr' id='par_1_18' title="bbox 1091 2852 1360 2899">
     <span class='ocr_line' id='line_1_89' title="bbox 1091 2852 1360 2899; baseline -0.004 -14"><span class='ocrx_word' id='word_1_622' title='bbox 1091 2865 1097 2885; x_wconf 91' lang='lat'><strong>:</strong></span> <span class='ocrx_word' id='word_1_623' title='bbox 1123 2852 1162 2885; x_wconf 77' lang='lat' dir='ltr'>Si</span> <span class='ocrx_word' id='word_1_624' title='bbox 1187 2853 1360 2899; x_wconf 77' lang='lat' dir='ltr'>Spiritum</span> 
     </span>
    </p>
   </div>
   <div class='ocr_carea' id='block_1_19' title="bbox 431 3328 1387 3362">
    <p class='ocr_par' dir='ltr' id='par_1_19' title="bbox 431 3328 1387 3362">
     <span class='ocr_line' id='line_1_90' title="bbox 431 3328 1387 3362; baseline 0.002 -5"><span class='ocrx_word' id='word_1_625' title='bbox 431 3334 436 3348; x_wconf 88' lang='lat'>¹</span> <span class='ocrx_word' id='word_1_626' title='bbox 460 3330 548 3357; x_wconf 62' lang='lat' dir='ltr'>Prot,</span> <span class='ocrx_word' id='word_1_627' title='bbox 566 3338 642 3362; x_wconf 67' lang='lat' dir='ltr'>xxi,</span> <span class='ocrx_word' id='word_1_628' title='bbox 670 3331 720 3358; x_wconf 71' lang='lat'>10.</span> <span class='ocrx_word' id='word_1_629' title='bbox 740 3346 775 3349; x_wconf 84' lang='lat'><strong>—</strong></span> <span class='ocrx_word' id='word_1_630' title='bbox 800 3334 809 3347; x_wconf 93' lang='lat'>’</span> <span class='ocrx_word' id='word_1_631' title='bbox 827 3328 921 3358; x_wconf 70' lang='lat' dir='ltr'>lin-br.</span> <span class='ocrx_word' id='word_1_632' title='bbox 939 3340 968 3360; x_wconf 69' lang='lat' dir='ltr'>v.</span> <span class='ocrx_word' id='word_1_633' title='bbox 994 3332 1040 3360; x_wconf 82' lang='lat' dir='ltr'>li.</span> <span class='ocrx_word' id='word_1_634' title='bbox 1066 3349 1087 3351; x_wconf 92' lang='lat'>-</span> <span class='ocrx_word' id='word_1_635' title='bbox 1120 3328 1130 3350; x_wconf 71' lang='lat'>&#39;⁵</span> <span class='ocrx_word' id='word_1_636' title='bbox 1155 3333 1203 3359; x_wconf 59' lang='grc' dir='ltr'>Δλιι</span> <span class='ocrx_word' id='word_1_637' title='bbox 1234 3332 1387 3362; x_wconf 58' lang='lat' dir='ltr'>x·1.l7.-v</span> 
     </span>
    </p>
   </div>
   <div class='ocr_carea' id='block_1_20' title="bbox 1427 2673 2425 3254">
    <p class='ocr_par' dir='ltr' id='par_1_20' title="bbox 1427 2673 2423 2946">
     <span class='ocr_line' id='line_1_91' title="bbox 1428 2673 2422 2724; baseline 0 -13"><span class='ocrx_word' id='word_1_638' title='bbox 1428 2677 1464 2711; x_wconf 93' lang='lat' dir='ltr'>in</span> <span class='ocrx_word' id='word_1_639' title='bbox 1504 2675 1607 2711; x_wconf 91' lang='lat' dir='ltr'>omni</span> <span class='ocrx_word' id='word_1_640' title='bbox 1643 2674 1822 2724; x_wconf 82' lang='lat' dir='ltr'>patientia</span> <span class='ocrx_word' id='word_1_641' title='bbox 1866 2673 2118 2723; x_wconf 79' lang='lat' dir='ltr'>benignitatis.</span> <span class='ocrx_word' id='word_1_642' title='bbox 2161 2674 2233 2712; x_wconf 87' lang='lat' dir='ltr'>Sed</span> <span class='ocrx_word' id='word_1_643' title='bbox 2272 2675 2336 2724; x_wconf 90' lang='lat' dir='ltr'>qui</span> <span class='ocrx_word' id='word_1_644' title='bbox 2369 2675 2422 2711; x_wconf 88' lang='lat' dir='ltr'>eis</span> 
     </span>
     <span class='ocr_line' id='line_1_92' title="bbox 1427 2733 2423 2783; baseline -0.001 -12"><span class='ocrx_word' id='word_1_645' title='bbox 1427 2734 1728 2783; x_wconf 90' lang='lat' dir='ltr'>compatiuntur,</span> <span class='ocrx_word' id='word_1_646' title='bbox 1760 2746 1835 2769; x_wconf 91' lang='lat' dir='ltr'>non</span> <span class='ocrx_word' id='word_1_647' title='bbox 1862 2734 1914 2769; x_wconf 91' lang='lat' dir='ltr'>eis</span> <span class='ocrx_word' id='word_1_648' title='bbox 1945 2734 2257 2770; x_wconf 89' lang='lat' dir='ltr'>conformentur:</span> <span class='ocrx_word' id='word_1_649' title='bbox 2280 2746 2349 2770; x_wconf 91' lang='lat' dir='ltr'>nec</span> <span class='ocrx_word' id='word_1_650' title='bbox 2371 2733 2423 2770; x_wconf 90' lang='lat' dir='ltr'>sic</span> 
     </span>
     <span class='ocr_line' id='line_1_93' title="bbox 1427 2792 2423 2842; baseline -0.001 -13"><span class='ocrx_word' id='word_1_651' title='bbox 1427 2801 1596 2842; x_wconf 53' lang='lat' dir='ltr'>quaerant</span> <span class='ocrx_word' id='word_1_652' title='bbox 1617 2805 1747 2828; x_wconf 83' lang='lat' dir='ltr'>eorum</span> <span class='ocrx_word' id='word_1_653' title='bbox 1776 2792 2004 2841; x_wconf 88' lang='lat' dir='ltr'>profectum,</span> <span class='ocrx_word' id='word_1_654' title='bbox 2026 2801 2067 2828; x_wconf 88' lang='lat' dir='ltr'>ut</span> <span class='ocrx_word' id='word_1_655' title='bbox 2093 2800 2250 2841; x_wconf 88' lang='lat' dir='ltr'>propter</span> <span class='ocrx_word' id='word_1_656' title='bbox 2268 2804 2333 2828; x_wconf 91' lang='lat' dir='ltr'>eos</span> <span class='ocrx_word' id='word_1_657' title='bbox 2358 2805 2423 2828; x_wconf 90' lang='lat' dir='ltr'>co-</span> 
     </span>
     <span class='ocr_line' id='line_1_94' title="bbox 1428 2850 2422 2900; baseline 0 -13"><span class='ocrx_word' id='word_1_658' title='bbox 1428 2860 1562 2900; x_wconf 71' lang='lat' dir='ltr'>gantur</span> <span class='ocrx_word' id='word_1_659' title='bbox 1586 2852 1773 2886; x_wconf 86' lang='lat' dir='ltr'>incurrere</span> <span class='ocrx_word' id='word_1_660' title='bbox 1800 2850 1984 2899; x_wconf 85' lang='lat' dir='ltr'>propositi</span> <span class='ocrx_word' id='word_1_661' title='bbox 2018 2851 2054 2886; x_wconf 92' lang='lat' dir='ltr'>in</span> <span class='ocrx_word' id='word_1_662' title='bbox 2088 2850 2267 2899; x_wconf 82' lang='lat' dir='ltr'>religione</span> <span class='ocrx_word' id='word_1_663' title='bbox 2291 2850 2422 2899; x_wconf 80' lang='lat' dir='ltr'>rigoris</span> 
     </span>
     <span class='ocr_line' id='line_1_95' title="bbox 1431 2910 1631 2946; baseline -0.005 0"><span class='ocrx_word' id='word_1_664' title='bbox 1431 2910 1631 2946; x_wconf 87' lang='lat' dir='ltr'>defectum.</span> 
     </span>
    </p>

    <p class='ocr_par' dir='ltr' id='par_1_21' title="bbox 1437 2969 2425 3254">
     <span class='ocr_line' id='line_1_96' title="bbox 1486 2969 2423 3018; baseline 0.001 -14"><span class='ocrx_word' id='word_1_665' title='bbox 1486 2970 1549 3005; x_wconf 84' lang='lat'>36.</span> <span class='ocrx_word' id='word_1_666' title='bbox 1572 2969 1664 3006; x_wconf 87' lang='lat' dir='ltr'>Inde</span> <span class='ocrx_word' id='word_1_667' title='bbox 1680 2969 1869 3018; x_wconf 86' lang='lat' dir='ltr'>enimjam</span> <span class='ocrx_word' id='word_1_668' title='bbox 1892 2969 2118 3006; x_wconf 83' lang='lat' dir='ltr'>subintravit</span> <span class='ocrx_word' id='word_1_669' title='bbox 2135 2969 2182 3006; x_wconf 91' lang='lat' dir='ltr'>de</span> <span class='ocrx_word' id='word_1_670' title='bbox 2203 2982 2276 3007; x_wconf 89' lang='lat' dir='ltr'>aere</span> <span class='ocrx_word' id='word_1_671' title='bbox 2301 2970 2423 3007; x_wconf 88' lang='lat' dir='ltr'>alieno</span> 
     </span>
     <span class='ocr_line' id='line_1_97' title="bbox 1437 3028 2423 3078; baseline 0.002 -14"><span class='ocrx_word' id='word_1_672' title='bbox 1437 3037 1678 3078; x_wconf 88' lang='lat' dir='ltr'>sumptuosa,</span> <span class='ocrx_word' id='word_1_673' title='bbox 1699 3037 1753 3072; x_wconf 86' lang='lat' dir='ltr'>et,</span> <span class='ocrx_word' id='word_1_674' title='bbox 1774 3037 1954 3077; x_wconf 88' lang='lat' dir='ltr'>quantum</span> <span class='ocrx_word' id='word_1_675' title='bbox 1983 3028 2106 3078; x_wconf 89' lang='lat' dir='ltr'>pudor</span> <span class='ocrx_word' id='word_1_676' title='bbox 2128 3029 2190 3065; x_wconf 82' lang='lat' dir='ltr'>vix</span> <span class='ocrx_word' id='word_1_677' title='bbox 2211 3029 2319 3074; x_wconf 87' lang='lat' dir='ltr'>sinit,</span> <span class='ocrx_word' id='word_1_678' title='bbox 2342 3041 2423 3066; x_wconf 88' lang='lat' dir='ltr'>am-</span> 
     </span>
     <span class='ocr_line' id='line_1_98' title="bbox 1437 3086 2425 3137; baseline 0 -13"><span class='ocrx_word' id='word_1_679' title='bbox 1437 3087 1571 3124; x_wconf 89' lang='lat' dir='ltr'>bitiosa</span> <span class='ocrx_word' id='word_1_680' title='bbox 1601 3087 1777 3123; x_wconf 87' lang='lat' dir='ltr'>cellarum</span> <span class='ocrx_word' id='word_1_681' title='bbox 1809 3087 2006 3123; x_wconf 69' lang='lat' dir='ltr'>aedificatio</span> <span class='ocrx_word' id='word_1_682' title='bbox 2029 3102 2035 3122; x_wconf 90' lang='lat'>:</span> <span class='ocrx_word' id='word_1_683' title='bbox 2061 3095 2097 3123; x_wconf 84' lang='lat' dir='ltr'>et</span> <span class='ocrx_word' id='word_1_684' title='bbox 2125 3086 2269 3137; x_wconf 82' lang='lat' dir='ltr'>abjecta</span> <span class='ocrx_word' id='word_1_685' title='bbox 2299 3095 2425 3124; x_wconf 88' lang='lat' dir='ltr'>sancta</span> 
     </span>
     <span class='ocr_line' id='line_1_99' title="bbox 1437 3146 2422 3196; baseline -0.001 -13"><span class='ocrx_word' id='word_1_686' title='bbox 1437 3147 1673 3196; x_wconf 86' lang='lat' dir='ltr'>simplicitate</span> <span class='ocrx_word' id='word_1_687' title='bbox 1692 3156 1728 3183; x_wconf 91' lang='lat' dir='ltr'>et</span> <span class='ocrx_word' id='word_1_688' title='bbox 1750 3147 1974 3192; x_wconf 86' lang='lat' dir='ltr'>rusticitate,</span> <span class='ocrx_word' id='word_1_689' title='bbox 2003 3147 2096 3183; x_wconf 85' lang='lat' dir='ltr'>sicut</span> <span class='ocrx_word' id='word_1_690' title='bbox 2117 3147 2293 3185; x_wconf 89' lang='lat' dir='ltr'>Salomon</span> <span class='ocrx_word' id='word_1_691' title='bbox 2314 3146 2422 3190; x_wconf 85' lang='lat' dir='ltr'>dicit,</span> 
     </span>
     <span class='ocr_line' id='line_1_100' title="bbox 1437 3205 2424 3254; baseline 0.001 -13"><span class='ocrx_word' id='word_1_692' title='bbox 1437 3205 1484 3241; x_wconf 92' lang='lat' dir='ltr'>ab</span> <span class='ocrx_word' id='word_1_693' title='bbox 1505 3205 1696 3242; x_wconf 84' lang='lat' dir='ltr'>Altissimo</span> <span class='ocrx_word' id='word_1_694' title='bbox 1715 3214 1837 3241; x_wconf 78' lang='lat' dir='ltr'>ereata</span> <span class='ocrx_word' id='word_1_695' title='bbox 1856 3207 1887 3251; x_wconf 66' lang='lat'>⁴,</span> <span class='ocrx_word' id='word_1_696' title='bbox 1908 3206 2013 3254; x_wconf 85' lang='lat' dir='ltr'>quasi</span> <span class='ocrx_word' id='word_1_697' title='bbox 2037 3205 2226 3253; x_wconf 72' lang='lat' dir='ltr'>religiosas</span> <span class='ocrx_word' id='word_1_698' title='bbox 2246 3205 2424 3254; x_wconf 89' lang='lat' dir='ltr'>quasdam</span> 
     </span>
    </p>
   </div>
   <div class='ocr_carea' id='block_1_21' title="bbox 1428 3329 2372 3368">
    <p class='ocr_par' dir='ltr' id='par_1_22' title="bbox 1428 3329 2372 3368">
     <span class='ocr_line' id='line_1_101' title="bbox 1428 3329 2372 3368; baseline 0.001 -8"><span class='ocrx_word' id='word_1_699' title='bbox 1428 3331 1438 3354; x_wconf 65' lang='lat'><em>5</em></span> <span class='ocrx_word' id='word_1_700' title='bbox 1456 3331 1547 3361; x_wconf 76' lang='lat' dir='ltr'>Fccli.</span> <span class='ocrx_word' id='word_1_701' title='bbox 1572 3342 1628 3362; x_wconf 70' lang='lat' dir='ltr'>vn.</span> <span class='ocrx_word' id='word_1_702' title='bbox 1650 3335 1699 3361; x_wconf 67' lang='lat'>1⁴3.</span> <span class='ocrx_word' id='word_1_703' title='bbox 2053 3335 2064 3347; x_wconf 79' lang='lat'><em>&#39;</em></span> <span class='ocrx_word' id='word_1_704' title='bbox 2079 3331 2185 3368; x_wconf 81' lang='lat' dir='ltr'>Alias,</span> <span class='ocrx_word' id='word_1_705' title='bbox 2204 3329 2328 3361; x_wconf 71' lang='lat' dir='ltr'>habiles.</span> <span class='ocrx_word' id='word_1_706' title='bbox 2348 3330 2372 3366; x_wconf 65' lang='lat' dir='ltr'>&#39;l‘</span> 
     </span>
    </p>
   </div>
  </div>
 </body>
</html>
