2418 3949
61 224 134 260 293

61 314 126 336 cor
151 313 270 336 meum
296 302 443 348 vigilat.
474 298 631 335 Dormio
656 305 815 347 propter
844 297 952 334 amici
982 310 1045 333 re-

763 224 812 257 IN
841 220 1068 265 CANTICA,
1097 220 1259 256 SERMO
1286 221 1403 256 XLII.

2034 218 2108 258 294

1118 296 1330 345 praesentis,
1351 296 1428 332 sive
1444 295 1482 331 in
1500 295 1806 346 concupiscentia
1825 295 2003 334 absentis.
2022 300 2111 335 Haec

61 360 206 409 quiem,
222 367 380 409 propter
395 366 543 407 raptum
560 357 727 406 invigilo.
740 359 784 392 ln
800 369 934 393 somno
952 355 1050 391 dulci
1069 358 1101 391 A
1121 368 1190 392 nec
1203 355 1351 403 vigilat,
1370 364 1439 391 nec
1454 355 1571 404 viget,
1589 356 1659 391 nisi
1676 356 1860 404 inquieta,
1877 365 1914 393 et
1928 366 2110 406 quantum

62 419 197 468 quietis
220 431 331 463 meae,
354 416 567 454 sollicitudo
583 416 770 465 vigilantis
790 424 824 452 te
840 414 1054 463 vigilantius

62 479 234 515 somniat.
252 478 379 514 Dulcis
395 489 570 520 somnus,
589 484 626 512 et
642 476 751 512 dulce
766 475 974 519 somnium,
992 486 1055 510 ne-

64 539 156 575 scire
186 538 277 583 alia,
306 538 428 574 solum
460 545 495 572 te
522 536 617 572 scire
645 550 653 572 :
680 548 812 571 vacare
836 533 924 579 tibi,
956 541 992 569 et
1021 541 1054 569 te

62 597 192 634 videre
206 625 215 642 ,
241 597 335 634 sicut
351 596 411 632 hic
428 596 538 632 datur
556 607 624 644 per
643 594 830 630 somnium
844 621 853 637 ,
873 600 913 628 ut
933 592 984 628 sic
1002 591 1056 627 di—

65 669 164 699 cam,
184 664 221 691 et
242 654 413 691 umbram
430 662 467 689 et
485 654 654 701 aenigma.
677 655 780 689 Bona
799 651 951 700 crapula
964 679 973 696 ‚
992 663 1055 686 co-

63 715 126 763 pia
146 713 349 750 vacationis
370 721 407 749 et
427 713 583 748 visionis
600 712 718 748 istius.
739 710 841 749 Visio
863 710 930 746 ista
944 709 1058 746 habet

65 773 205 822 aliquid
237 772 384 809 somnio
409 771 552 816 simile,
582 784 627 806 eo
656 770 760 819 quod
788 783 865 806 non
892 770 1057 806 lmmano

65 831 221 869 arbitrio
242 839 280 868 et
300 830 484 866 industria
506 831 587 875 fiat,
608 842 684 865 non
705 842 750 865 ex
772 829 1058 879 investigatione

67 899 195 928 nostra
207 919 216 936 ,
239 890 303 927 sed
323 903 369 926 ex
385 889 597 926 visitatione
614 888 770 924 orientis
789 901 835 924 ex
853 890 942 925 alto.
963 892 1060 926 Pau-

68 951 126 987 lus
151 950 258 999 quasi
285 949 427 985 dormit
442 976 451 994 ,
479 961 564 984 cum
585 947 728 984 mundo
749 948 910 984 moritur
928 963 935 985 z
955 948 1061 997 quasi

67 1010 213 1059 vigilat,
230 1022 314 1046 cum
335 1008 429 1045 vivit
445 1008 603 1044 Christo.
620 1007 792 1044 Dormiat
806 1008 949 1043 utinam
962 1036 970 1052 ,
989 1008 1063 1044 fra-

1119 414 1166 451 ad
1197 414 1321 450 saeculi
1352 414 1410 449 vel
1444 414 1565 451 studia
1601 415 1660 451 vel
1694 414 1879 452 desideria
1914 418 2110 467 consopita

1120 482 1258 509 mente.
1284 472 1375 509 Ideo
1404 472 1519 509 dicit:
1539 474 1618 521 Ego
1642 476 1806 518 dormio,
1842 484 1878 510 ec
1903 489 1965 511 cor
1991 489 2110 513 meum

1120 535 1264 580 vigilat.
1288 535 1334 568 Et
1350 532 1388 567 in
1407 531 1480 568 Job
1503 532 1658 581 legitur,
1683 534 1784 582 quod
1815 538 1853 569 in
1878 539 2023 570 visione
2042 549 2111 570 no-

1122 601 1250 626 cturna
1262 619 1272 634 ,
1291 604 1369 626 cum
1390 604 1499 638 sopor
1515 596 1623 627 irruit
1637 605 1750 640 super
1765 594 1930 629 immines
1940 623 1951 639 ,
1976 603 2012 630 et
2028 597 2113 630 dor-

1123 654 1242 685 miunt
1263 654 1300 684 in
1322 654 1410 686 lecto
1424 664 1439 693 ;
1467 659 1552 685 tanc
1578 655 1700 698 aperit
1720 655 1819 687 Deus
1848 653 2000 701 αιινεεῧ,
2023 663 2113 691 tune

1120 708 1306 758 loquitur,
1332 717 1422 744 tunc
1443 709 1579 758 pulsat.
1600 709 1691 746 Ideo
1712 710 1771 746 hic
1791 713 1961 760 sequitur
1979 728 1987 750 ε

1176 767 1211 803 4.
1238 770 1318 802 Vooe
1348 769 1473 803 dilecti
1493 771 1716 815 pulsantis:
1741 773 1858 816 Aperi
1886 773 1990 808 milti.
2022 777 2114 810 Jurc

1123 826 1252 875 vigilat
1284 827 1452 863 nesciens
1479 839 1553 875 qua
1579 827 1670 863 hora
1700 829 1803 864 venit
1836 829 1994 867 dilectus
2024 832 2114 880 ejus.

1125 886 1239 934 Quasi
1256 886 1444 922 continuae
1464 894 1552 922 sunt
1567 886 1701 936 vigiliae
1722 900 1870 937 sponsae
1883 917 1892 934 ,
1911 898 1947 925 et
1964 903 2039 927 vox
2057 893 2117 929 di-

1126 946 1224 982 lecti.
1249 947 1338 991 Cor,
1363 946 1506 994 inquit,
1528 960 1646 982 meum
1667 950 1800 995 vigilat
1819 962 1830 983 .·
1850 956 1886 984 et
1909 950 2032 987 statim
2053 953 2119 988 ad»

1124 1003 1238 1053 jecit,
1272 1007 1354 1040 Vox·
1373 1008 1496 1041 dilecti
1513 1010 1701 1053 pulsantis
1729 1021 1740 1041 :
1769 1010 1887 1056 Aperi
1916 1011 2016 1046 milei.
2048 1014 2121 1049 Cor

70 1077 145 1105 tres
158 1097 167 1114 ‚
188 1068 311 1104 anima
330 1080 412 1104 mea
431 1066 698 1103 dormitatione
720 1066 809 1111 ista,
830 1074 868 1102 et
890 1066 981 1102 fiant
1002 1066 1060 1102 vi-
1079 1066 1107 1099 B
1129 1078 1253 1101 meum
1272 1065 1418 1113 vigilat,
1435 1073 1471 1101 et
1487 1064 1644 1101 dilectus
1659 1079 1764 1102 meus
1778 1080 1854 1103 non
1870 1068 2021 1105 dormit.
2039 1074 2120 1108 Vox

71 1129 165 1178 giliae
182 1140 271 1164 meae
286 1127 411 1163 talium
429 1126 577 1163 similes.
592 1125 742 1163 Utinam
754 1124 863 1174 juges
877 1125 968 1171 sint,
985 1138 1061 1161 non

71 1187 359 1236 interpolentur.
376 1190 482 1223 Nunc
497 1194 620 1222 autem
635 1198 743 1221 versa
758 1184 837 1221 viee
853 1197 922 1233 ego
935 1184 1062 1233 vigilo,

73 1259 138 1283 cor
153 1259 275 1282 meum
292 1245 448 1290 dormit;
465 1244 605 1280 dormit
621 1243 794 1292 spiritus,
809 1256 894 1279 caro
910 1243 1037 1292 vigilat
1054 1257 1061 1279 :

74 1313 110 1341 et
138 1305 167 1340 si
198 1317 284 1340 caro
314 1303 476 1348 dormit,
507 1316 585 1339 non
609 1311 732 1339 tamen
762 1303 884 1338 statim
913 1303 1063 1352 spiritus

73 1363 211 1412 vigilat.
231 1362 452 1411 Indulgetur
468 1362 594 1398 animo
616 1361 785 1410 requies,
810 1361 978 1397 nondum
1006 1370 1063 1398 ta—

73 1435 158 1458 men
181 1420 227 1458 ab
249 1421 309 1457 illa
329 1421 489 1470 gloriosa
509 1420 688 1456 ebrietate
711 1419 886 1456 sorbetur
904 1427 941 1455 et
961 1420 1064 1468 rapi-

77 1488 148 1516 tur.
170 1480 319 1517 Dormit
340 1479 599 1523 tentamentis,
630 1478 797 1514 nondum
821 1487 943 1514 tamen
963 1478 1067 1513 exci-

76 1547 177 1576 tatur
189 1539 260 1575 illis
271 1538 543 1575 inebriantibus
555 1537 820 1573 blandimentis
833 1552 839 1572 :
852 1546 888 1573 et
898 1537 1069 1586 quamvis

79 1598 296 1647 frequenter
320 1606 534 1647 gustentur,
564 1597 732 1633 rediviva
758 1605 881 1633 tamen
903 1596 1069 1633 novitate

79 1658 261 1702 animam,
284 1670 396 1706 quam
414 1656 622 1700 inebriant,
644 1656 821 1692 excitant.

132 1717 167 1752 3.
182 1721 271 1753 Jure
286 1717 415 1765 vigiles
431 1716 518 1751 dicti
534 1723 637 1760 sunt,
652 1715 715 1763 qui
732 1727 923 1763 nunquam
939 1714 1069 1751 vinum

78 1775 171 1812 illud
201 1775 392 1812 inebrians
420 1774 619 1823 digerunt,
651 1774 714 1822 qui
747 1786 895 1823 semper
920 1773 1072 1809 madent

1129 1121 1210 1171 ejus
1237 1124 1379 1172 pulsat,
1411 1131 1448 1159 et
1478 1123 1596 1159 dicit:
1619 1127 1738 1172 Aperi
1768 1127 1869 1163 milei.
1899 1130 1973 1164 Cor
1996 1143 2120 1167 meum

1131 1182 1279 1232 vigilat,
1311 1191 1348 1218 et
1368 1183 1448 1232 ipse
1468 1183 1591 1219 statim
1613 1183 1783 1230 advolat,
1809 1194 1846 1222 et
1871 1187 2023 1226 auditur
2045 1204 2121 1227 vox

1130 1241 1236 1290 ejus:
1264 1245 1366 1287 Vox,
1386 1242 1531 1291 inquit,
1553 1244 1687 1279 dilecti.
1708 1246 1797 1280 Haee
1818 1246 1908 1282 mihi
1935 1260 2008 1284 vox
2033 1258 2120 1287 nota

1130 1310 1206 1347 est,
1223 1302 1303 1338 haec
1323 1302 1411 1337 mihi
1426 1310 1529 1351 grata
1548 1317 1556 1338 z
1577 1302 1623 1338 ad
1645 1303 1732 1339 alias
1747 1303 1976 1345 obsurdesco
1993 1321 2103 1346 voces
2115 1341 2123 1355 ,

1130 1362 1175 1398 ad
1196 1361 1292 1397 hane
1309 1363 1571 1410 expergefacta
1587 1375 1691 1408 sum3
1714 1364 1836 1400 statim
1853 1378 1939 1402 cum
1956 1367 2125 1406 insonuit

1131 1420 1169 1456 in
1197 1419 1349 1456 auribus
1371 1421 1480 1465 meis,
1510 1421 1694 1457 exsultavi
1718 1434 1797 1470 prae
1824 1424 1974 1471 gaudio.
1999 1428 2126 1464 Multae

1132 1492 1242 1515 voees
1272 1478 1491 1528 obstrepere
1520 1480 1661 1524 solent,
1693 1488 1730 1516 et
1758 1481 1865 1518 falsas
1889 1483 2126 1525 insusurrare

1133 1537 1356 1584 blanditias,
1386 1539 1450 1575 sed
1477 1552 1553 1575 non
1582 1539 1678 1575 sicut
1701 1553 1777 1576 vox
1797 1540 1934 1579 dilecti.
1967 1548 2124 1595 Magna,

1136 1598 1286 1643 fratres,
1308 1597 1509 1646 prudentia
1526 1611 1696 1647 sponsae,
1716 1607 1753 1635 et
1772 1599 1998 1640 discretione
2014 1606 2128 1655 spiri—

1137 1665 1196 1693 tus
1211 1657 1357 1706 pollens
1369 1686 1378 1703 ,
1394 1670 1478 1706 quae
1494 1657 1546 1693 sic.
1560 1658 1790 1707 distinguere
1807 1661 1914 1697 novit
1932 1662 2032 1700 inter
2048 1678 2128 1702 ver-

1137 1716 1251 1752 sutias
1284 1716 1522 1761 daemonum,
1553 1724 1589 1752 et
1617 1716 1818 1754 blanditias
1846 1732 1953 1757 veras
1989 1722 2126 1761 dilecti.

1143 1777 1246 1825 ἴσῳ,
1272 1775 1416 1823 inquit,
1448 1777 1572 1810 dilecti
1591 1779 1793 1823 pulsantis,
1828 1781 1920 1825 Quae
1949 1781 2030 1817 talis
2055 1796 2128 1819 vox

79 1844 227 1871 aeternae
247 1834 502 1871 delectationis
521 1833 703 1870 ubertate.
723 1834 829 1869 Tales
849 1833 886 1867 in
906 1833 1070 1868 Danielis
1091 1836 1118 1872 C
1138 1834 1257 1881 qualis
1269 1834 1581 1881 JesuE‘Numquid
1596 1835 2129 1890 philosophorum?numquid

79 1893 177 1930 libro
195 1894 323 1943 vigiles
340 1893 429 1942 legis
444 1900 466 1928 ¹.
488 1896 587 1929 Bene
604 1893 751 1940 vigiles,
771 1893 808 1927 in
826 1890 964 1940 quibus
980 1892 1069 1927 nihil

81 1960 136 1988 est
157 1953 258 2001 quod
278 1952 519 2000 soporatione
540 1951 720 1999 indigeat,
744 1951 808 1987 sed
827 1960 947 1988 totum
974 1950 1071 1985 invi-

81 2012 169 2059 gilat
197 2016 288 2048 Deo.
313 2015 412 2047 Bene
434 2010 582 2059 vigiles,
615 2023 777 2059 quorum
806 2024 881 2046 non
903 2011 1070 2059 interpo-

82 2071 209 2106 lantur
240 2070 385 2119 vigiliae.
420 2070 550 2106 Nullus
577 2070 613 2105 in
645 2070 697 2105 eis
727 2070 894 2106 animalis
916 2070 1072 2106 affectus

83 2129 242 2165 sentitur
256 2142 368 2177 quem
389 2128 517 2165 deccat
536 2129 747 2177 consopiri,
764 2138 804 2165 ut
820 2129 1072 2178 expeditiores

84 2188 158 2223 sint
177 2188 301 2224 cordis
323 2188 470 2235 vigilize.
496 2191 589 2225 Sunt
613 2187 783 2235 quaedam
811 2188 946 2236 vigiliae
967 2188 1071 2223 solli-

84 2247 291 2283 citudinum
312 2248 465 2295 repletae
486 2246 677 2290 molestia,
700 2245 745 2281 de
763 2246 900 2294 quibus
917 2249 1069 2290 Petrus,

84 2305 202 2341 Sobrie·
222 2314 334 2340 estote
353 2313 387 2339 et
408 2307 582 2351 vigilate,
601 2309 690 2351 quia
710 2306 938 2339 adversarius
954 2313 1075 2339 vestm·

85 2363 254 2398 diabolus
282 2372 461 2410 tanquam
493 2365 548 2397 leo
577 2366 723 2409 rugiens
750 2366 877 2396 circuit
901 2374 1074 2409 (luterens

85 2435 192 2470 quem
222 2423 387 2457 devorem
415 2435 422 2456 :
453 2429 490 2457 et
515 2421 651 2457 Paulus
676 2421 821 2469 inquit,
855 2422 1014 2469 Vigilate
1039 2429 1075 2455 et

85 2490 177 2517 state
193 2485 229 2516 in
260 2483 320 2516 ule
334 2481 359 2516 3.
378 2480 449 2518 Sed
471 2481 542 2516 illae
561 2480 692 2529 vigiliae
712 2480 955 2516 nihilominus
971 2479 1074 2515 solli-

87 2540 252 2576 citudine
270 2553 346 2575 non
367 2548 515 2584 carent,
537 2539 673 2588 quibus
694 2540 866 2575 Ecclesiae
888 2548 1074 2575 vexantur

1137 1893 1427 1929 baereticorum?
1448 1897 1542 1929 Num
1563 1894 1696 1941 Legis?
1718 1907 1807 1930 num
1827 1898 2130 1946 Prophetarum?

1136 1951 1267 1987 Valida
1289 1964 1362 1986 vox
1382 1950 1463 1999 ejus
1481 1961 1556 1996 cst,
1577 1953 1728 1988 stultam
1753 1954 1836 1990 fecit
1858 1955 1971 2004 liujus
1995 1961 2125 1997 mundi

1138 2011 1356 2058 sapientiam
1372 2009 1398 2046 ⁶.
1414 2014 1490 2048 Lex
1509 2020 1545 2047 et
1561 2012 1758 2061 Prophetae
1772 2016 1959 2053 neminem
1982 2019 2028 2054 ad
2045 2033 2131 2069 per-

1139 2070 1273 2105 fectum
1295 2070 1536 2106 adduxerunt
1558 2085 1565 2106 :
1589 2084 1662 2107 vox
1683 2075 1770 2107 Jesu
1792 2079 2128 2116 consummationis

1138 2141 1320 2164 summam
1340 2129 1625 2177 complectitur,
1644 2143 1718 2166 vox
1739 2131 1819 2179 ejus
1835 2139 2132 2174 consummatio-

1138 2187 1195 2222 nis
1212 2195 1398 2235 praeccpta
1419 2188 1604 2232 continet,
1624 2201 1699 2223 vox
1715 2189 1796 2236 ejus
1817 2202 1943 2229 movet
1963 2195 2129 2234 affectus.

1142 2248 1244 2288 Var,
1272 2245 1411 2294 inquit,
1425 2249 1625 2294 pulsantis.
1645 2248 1771 2285 Pulsat
1790 2251 1888 2286 enim
1909 2261 1946 2288 et
1962 2264 2134 2302 penetrat

1140 2305 1270 2340 efficax
1293 2305 1408 2340 instar
1427 2306 1599 2354 ancipitis
1619 2307 1730 2355 gladii
1757 2323 1764 2344 :
1789 2309 1924 2346 leniter
1942 2313 2130 2359 illabitur,

1141 2372 1178 2400 et
1209 2363 1346 2400 blande
1378 2365 1602 2413 persuadet,
1640 2366 1743 2415 quod
1778 2369 1879 2405 nulla
1909 2374 2032 2420 potuit
2062 2376 2133 2412 alia

1141 2423 1311 2459 doctrina
1346 2422 1530 2460 obtinere.
1566 2428 1648 2461 Non
1669 2427 1764 2462 altus
1789 2441 1932 2476 sermO,
1966 2433 2030 2469 sed
2059 2436 2133 2473 alta

1141 2483 1329 2530 mysteria.
1374 2483 1633 2520 Humilitatem
1671 2487 1908 2525 conscientiae
1931 2519 1940 2535 ,
1984 2506 2133 2532 morum

1140 2543 1520 2590 contemperantiam,
1537 2541 1874 2593 obtemperantiam
1892 2548 2131 2598 obedientiae,

89 2598 262 2635 doctores
277 2627 286 2644 ‚
303 2598 397 2634 sicut
413 2599 616 2646 evangelici
633 2598 684 2634 illi
699 2606 866 2647 pastores
883 2599 1078 2647 vigilantes
1095 2606 1127 2639 D
1145 2601 1265 2638 carnis
1296 2601 1539 2646 munditiam,
1568 2612 1828 2653 contemptum
1857 2609 1987 2645 mundi
1999 2639 2008 2654 ,
2038 2626 2133 2649 con—

90 2665 126 2694 et
158 2657 409 2693 custodientes
445 2657 588 2705 vigilias
626 2657 747 2693 noctis
778 2670 891 2707 super
925 2670 1074 2706 gregem

90 2717 233 2752 suum&
248 2717 386 2765 vigiliae
401 2716 478 2751 istae
491 2716 651 2765 quadam
669 2725 891 2765 torquentur
908 2717 1077 2753 molestia

92 2775 141 2811 ob
167 2775 394 2811 imminentis
423 2776 507 2811 mali
535 2776 727 2812 cautelam.
760 2777 900 2825 Vigiliae
930 2790 1077 2826 sponsae

93 2834 313 2871 dormientis
336 2848 411 2871 non
432 2835 627 2871 continent
647 2836 733 2871 mali
754 2837 984 2882 cautionem,
1012 2837 1076 2872 sed

94 2894 240 2943 copiam
256 2894 358 2930 boni.
375 2898 622 2944 Exoccupatae
636 2895 733 2931 enim
751 2896 864 2932 menti
878 2896 1079 2933 vehemens

95 2965 201 2988 amor
214 2952 398 2989 aviditatis
415 2953 610 3002 inexpletae
626 2954 765 3003 vigilias
782 2955 923 2991 indicit.
937 2956 1080 3005 vigiliae

96 3011 266 3060 quaedam
284 3020 370 3048 sunt
386 3013 443 3048 vel
464 3012 686 3050 desiderium
706 3022 841 3063 optatae
859 3016 1080 3064 przescntim,

99 3070 157 3105 vel
175 3069 370 3106 delectatio
386 3071 559 3121 indeptae.
583 3072 725 3121 Vigiliae
742 3072 852 3109 bonae
864 3102 873 3119 ,
900 3074 1029 3123 vigens
1046 3083 1082 3109 ct.

98 3140 174 3165 non
195 3130 429 3166 somnolenta
457 3129 629 3178 devotio,
661 3133 738 3169 sive
761 3132 798 3168 in
825 3133 934 3182 copia
955 3132 1082 3168 dilecti

1142 2660 1411 2709 cupiscentiam
1435 2669 1685 2708 aetcrnorum,
1711 2662 1917 2702 divinitatis
1943 2670 2134 2718 notitiam,

1142 2732 1226 2769 quae
1240 2733 1405 2768 unquam
1422 2720 1645 2768 disputatio,
1660 2735 1743 2769 quse
1758 2723 1939 2761 districtio
1957 2736 2056 2766 tanta
2073 2740 2135 2767 aut

1143 2792 1316 2815 sermone
1335 2779 1504 2823 tradidit,
1521 2788 1584 2815 aut
1601 2780 1820 2829 inspirando
1843 2788 2050 2832 persuasit?
2066 2793 2134 2827 Re-

1144 2837 1320 2886 surgendi
1355 2838 1510 2885 gratiam
1531 2867 1539 2883 ,
1574 2839 1907 2888 impassibilitatem
1940 2859 2137 2897 resurgen-

1147 2898 1258 2941 tium,
1274 2897 1519 2933 :rtcruitatem
1534 2897 1638 2943 vitae,
1654 2899 1856 2948 majestatis
1871 2907 2136 2947 revelationem

1146 2955 1214 2991 hac
1247 2955 1407 2991 docente
1437 2969 1588 3004 sperare
1619 2957 1835 3006 didicimus,
1869 2971 1904 2998 et
1936 2968 2135 3016 suspirare.

1148 3016 1262 3050 Notus
1280 3019 1317 3049 in
1337 3016 1470 3049 Jmloea
1488 3018 1584 3050 Deus
1594 3045 1604 3060 ‚
1625 3021 1662 3052 in
1680 3021 1799 3054 [crae-l
1813 3035 1987 3068 inagnum
2004 3040 2137 3064 nomen

1148 3079 1264 3120 cjus7.
1287 3073 1476 3122 Numquid
1499 3078 1667 3111 tantum?
1688 3081 1871 3129 numquid
1889 3090 1962 3119 tam
1983 3097 2138 3135 expres-

1149 3135 1256 3169 sum?
1278 3133 1461 3181 numquid
1482 3142 1554 3170 tam
1578 3135 1830 3185 impressum?
1851 3145 2033 3191 numquid
2062 3155 2134 3182 tam

151 3263 259 3292 1D2n.
283 3271 328 3299 iv,
351 3264 401 3292 10.
426 3280 466 3285 ——
491 3266 629 3295 ²1Petr.
650 3275 682 3301 v,
706 3267 736 3295 8.
759 3283 801 3288 —
823 3262 836 3284 ³
858 3267 869 3295 1
890 3266 961 3295 Cor.
982 3276 1050 3302 xvi,
1082 3268 1132 3297 13.
1156 3284 1198 3288 ——
1221 3265 1234 3291 ⁴⁸
1255 3269 1326 3297 Luc.
1342 3277 1378 3304 u,
1399 3269 1428 3297 8.
1452 3285 1492 3289 -—
1512 3265 1525 3289 ⁵
1544 3268 1606 3300 Job
1622 3280 1740 3305 xxxin.
1763 3275 1799 3302 15
1815 3296 1822 3306 ,
1849 3277 1896 3303 1⁶,
1913 3293 1955 3298 -.,
1972 3274 2011 3306 61
2029 3279 2098 3309 ΕΜ..
2120 3294 2142 3315 1,

103 3316 156 3343 20.
171 3332 213 3336 —-
230 3320 243 3343 7
261 3314 337 3345 Psal.
356 3326 453 3351 mxxv,
473 3319 502 3347 2.
