2418 3949
91 117 162 154 189
767 116 814 150 IN
844 113 1074 155 CANTICA,
1103 113 1265 148 SERMO
1293 115 1450 150 XXVII.
2060 115 2134 151 190

84 192 164 229 bus.
180 191 237 229 Jbi
250 191 475 228 affectabant
487 203 566 227 esse
579 190 617 226 in
633 190 751 240 gratia
764 191 833 228 soli
848 190 905 226 hic
920 189 1068 234 summi,
1090 186 1121 204 ⁸⁰
1142 201 1291 236 aequarc
1312 189 1580 238 fragrantiam?
1601 190 1757 237 Qualem
1777 189 1842 226 tibi
1860 190 2027 227 refundit
2043 192 2138 228 odo-

85 253 255 289 nolentes
283 251 422 288 habere
447 263 662 299 compares,
680 263 776 299 quos
798 263 874 286 non
900 256 1075 299 poterant
1091 248 1121 281 A
1140 260 1218 283 rem
1246 248 1381 292 Maria,
1411 249 1559 297 qualem
1586 253 1771 295 Joannes,
1797 250 1945 298 qualem
1981 254 2134 296 Petrus,

84 324 160 347 non
181 310 319 347 habere
339 310 551 360 participes.
570 312 710 347 Gentes
729 317 853 345 autem
872 308 957 345 fecit
973 312 1074 345 Deus

84 383 168 407 cum
196 371 310 407 Israel
337 369 629 418 concorporales
649 377 686 405 et
709 368 995 418 comparticipes
1016 375 1073 404 te-

84 438 374 475 stamentorum,
396 437 433 465 et
452 429 489 464 in
512 429 619 465 nullo
643 428 840 473 discrevit,
865 426 936 463 lide
961 440 1074 463 mun-

84 488 177 525 dans
199 488 313 525 corda
332 501 475 525 earum.
494 487 583 524 Ideo
604 488 783 524 dicuntur
802 487 968 535 gemelli,
986 485 1074 535 quia

84 547 175 584 fides
197 548 310 584 nullis
330 547 508 597 gradibus
536 555 705 596 separat,
724 559 818 595 quos
840 558 945 595 aeque
964 557 1072 594 rege-

83 616 201 644 nerat.
222 607 400 656 Alioquin
423 607 488 655 qui
507 607 679 643 nesciunt
695 619 774 642 esse
799 605 964 654 gemelli,
982 606 1076 642 effe-

82 666 131 703 cti
152 674 241 703 sunt
258 665 352 701 nulli
373 679 381 701 z
402 673 440 701 et
459 665 496 700 in
514 664 689 700 convivio
707 665 830 700 locum
849 673 1077 714 occupantes

81 723 346 776 primum,jam
362 737 430 760 nec
447 723 585 760 habent
600 723 860 759 novissimum.
873 726 965 771 Quae
982 724 1077 761 ratio

82 798 159 822 non
179 784 376 820 interillos
395 791 539 819 tantum
560 783 735 828 vertitur,
747 783 811 819 sed
827 796 866 819 se
883 783 1013 820 dilatat
1030 784 1077 820 ad

83 856 233 889 omnes,
254 850 295 879 ut
320 854 431 878 nemo
455 841 518 878 alii
541 841 578 877 in
604 841 744 890 gratia,
770 854 1011 890 quocumque
1037 842 1075 878 in

90 902 208 954 gradu
236 901 366 947 fuerit,
391 909 456 937 aut
479 900 737 950 participium,
758 908 823 936 aut
847 901 1073 949 parilitatem

1139 308 1288 356 qualem
1323 308 1385 344 alii
1420 309 1623 357 evangelici
1660 310 1731 346 viri
1748 338 1757 355 ,
1792 310 1939 358 qualem
1971 309 2134 359 denique

1139 367 1218 416 ipse
1239 371 1362 412 Jesus,
1384 367 1447 416 qui
1468 369 1707 417 singulariter
1729 378 1765 405 et
1789 370 1823 405 in
1847 382 1886 406 se
1908 369 2077 416 redolet,
2097 379 2135 407 et

1138 426 1175 462 in
1203 426 1355 474 reliquis
1379 426 1555 463 omnibus
1581 428 1683 463 solus
1713 428 1791 478 ipse
1819 429 2000 473 sentitur,
2021 429 2136 478 quid-

1139 485 1230 534 quid
1253 498 1367 522 suave
1394 486 1529 535 fragrat
1552 487 1589 522 in
1611 487 1722 535 ipsis?
1743 487 1833 535 Ejus
1857 487 1973 524 verba
1996 501 2138 525 novum

1140 544 1283 580 mundo
1309 553 1492 594 spargunt
1518 545 1694 591 odorem,
1716 559 1799 581 cum
1824 548 2001 595 mysteria
2028 561 2137 585 reve-

1142 603 1221 639 lant
1234 603 1438 648 Trinitatis,
1460 617 1544 639 cum
1560 604 1846 652 Redemptionis
1861 606 2016 653 gratiam
2033 636 2042 652 ,
2057 621 2141 644 cum

1143 662 1290 711 copiam
1311 663 1515 704 virtutum,
1535 675 1618 698 cum
1641 663 1796 711 gloriam
1818 666 2142 711 Resurrecfionis,

1141 735 1225 758 cum
1244 731 1394 759 aeternae
1415 723 1502 758 vitae
1519 730 1656 759 statum
1673 732 1886 771 exponunt.
1911 724 2028 759 Verba
2045 731 2141 761 vitoe

1142 791 1298 818 oeternoe
1314 781 1442 825 hahes,
1456 785 1589 819 Petrus
1605 782 1655 818 ait
1671 797 1680 828 ;
1699 790 1748 828 et,
1764 786 1828 818 Ad
1840 796 1946 830 quem
1962 783 2094 819 ibimus
2108 787 2145 821 ²?

1142 844 1188 877 Et
1213 854 1282 878 nos
1302 841 1402 878 idem
1426 841 1593 877 dicam'us
1614 840 1714 878 dulci
1735 840 1817 890 ejus
1839 841 1958 878 odore
1978 843 2136 892 perfusi.

1140 903 1182 937 In
1211 908 1265 946 te,
1287 904 1377 938 Jesu
1400 899 1520 946 bone,
1544 900 1662 937 Patris
1685 899 1803 936 deitas
1826 901 1924 946 olet,
1949 902 2012 950 qui
2031 910 2085 937 est
2102 902 2140 938 in

86 961 261 998 invideat.
287 960 378 1008 Quis
408 960 506 996 enim
535 959 667 996 merita
696 959 925 1009 praetendat,
948 959 1013 996 ubi
1039 961 1077 997 in
1099 961 1126 995 B
1145 967 1192 996 te.
1213 963 1256 996 In
1276 968 1311 996 te
1329 960 1447 1009 gratia
1463 959 1646 1009 Spiritus,
1665 959 1730 1009 qui
1747 960 1856 995 unxit
1872 968 1927 996 te:
1949 960 1987 996 in
2006 969 2040 997 te
2060 964 2142 997 Ma-

84 1033 239 1058 munere
254 1020 332 1057 sola
345 1028 400 1055 est
419 1018 559 1067 gratia?
577 1021 660 1055 Non
680 1018 819 1054 debent
837 1026 964 1055 vetera
979 1033 1077 1069 prae—

81 1080 269 1130 judicare,
288 1078 352 1115 ubi
374 1092 473 1115 nova
492 1079 587 1115 facta
608 1086 696 1115 sunt
719 1078 857 1114 omnia.
873 1081 920 1115 Et
934 1078 972 1114 in
989 1079 1075 1115 hin-

86 1140 182 1176 nulis
208 1138 499 1188 regenerationis
518 1138 664 1174 novitas
686 1137 902 1183 intimatur,
922 1139 1016 1175 sicut
1037 1139 1073 1176 in

84 1199 270 1249 gemellis,
296 1197 334 1233 in
363 1197 647 1246 regeneratione
672 1197 850 1246 parilitas.
875 1198 949 1245 Qui
978 1197 1074 1235 bene

85 1272 232 1307 capreoe
250 1255 494 1302 dicuntur‚id
510 1264 566 1292 est
587 1256 761 1292 Ecclesiae
779 1256 844 1292 lilii
860 1285 870 1302 ,
892 1265 1073 1306 propter-

85 1331 128 1354 ea
142 1316 245 1366 quod
264 1317 359 1353 sicut
376 1329 520 1366 capreae
536 1324 644 1353 acute
661 1324 831 1352 cernant.
853 1321 972 1353 Acuta
987 1325 1074 1353 sunt

84 1377 184 1414 enim
206 1377 379 1414 Ecclesiae
400 1375 542 1412 lumina
557 1404 566 1421 ,
582 1376 874 1425 contemplantis
891 1388 969 1412 non
990 1389 1074 1425 quae

84 1437 262 1474 videntur
277 1465 286 1482 ,
304 1436 368 1472 sed
387 1448 471 1484 quae
491 1448 567 1471 non
590 1435 778 1471 videntur.

137 1496 173 1533 4.
209 1495 326 1531 Ubera
358 1504 422 1531 tua
447 1499 544 1530 sicut
567 1496 640 1529 dun
665 1495 812 1529 hinnali
839 1508 988 1542 capreoe
1007 1507 1074 1542 ge—

87 1556 205 1599 melli,
231 1559 296 1602 qul
317 1563 524 1602 pascuntur
545 1559 584 1588 in
613 1556 704 1589 liliis
729 1568 740 1588 .·
767 1553 796 1589 si
824 1562 947 1590 tamen
976 1554 1075 1590 lilio-

85 1627 167 1650 rum
194 1613 355 1650 sentiant
373 1613 550 1661 gratiam;
567 1613 596 1648 si
617 1612 707 1661 ipsis
729 1612 804 1648 lilia
820 1612 1018 1648 redoleant
1033 1620 1074 1648 ut

86 1674 173 1718 lilia,
188 1681 224 1709 et
242 1686 318 1709 non
335 1672 528 1709 insuavem
547 1671 704 1708 odorem
724 1671 937 1708 refundant.
949 1675 1075 1708 Bonus

1143 1019 1210 1056 tris
1229 1019 1445 1068 virginitas,
1462 1019 1500 1055 in
1522 1027 1557 1056 te
1583 1019 1747 1069 propriae
1770 1021 1891 1055 carnis
1919 1019 2114 1069 integritas
2128 1048 2138 1066 ,

1140 1079 1179 1116 in
1201 1087 1236 1115 te
1258 1080 1378 1116 nostri
1395 1079 1541 1116 medela
1560 1078 1765 1127 languoris.
1783 1078 1915 1116 Omnia
1933 1078 2012 1115 haec
2028 1079 2138 1116 nobis

1140 1139 1244 1175 olent
1270 1139 1308 1175 in
1334 1147 1370 1175 te
1397 1153 1404 1175 :
1431 1147 1468 1175 et
1491 1138 1537 1175 ad
1558 1151 1671 1188 quem
1691 1138 1807 1174 alium
1828 1138 1886 1174 vel
1906 1151 2055 1184 amore,
2074 1139 2135 1175 vel

1140 1198 1321 1235 memoria
1339 1197 1498 1234 ibimus?
1514 1197 1656 1247 Injuria
1676 1206 1732 1234 est
1751 1198 1862 1247 plane
1889 1197 2016 1234 talium
2038 1198 2136 1234 lilio-

1139 1272 1242 1304 rum,
1266 1259 1295 1295 si
1319 1258 1454 1307 aliquis
1481 1258 1704 1308 peregrinus
1728 1257 1826 1294 odor
1856 1270 1895 1294 se
1921 1258 1994 1294 illis
2014 1258 2140 1294 immi-

1139 1326 1257 1363 sceat,
1284 1318 1348 1366 qui
1375 1317 1597 1353 suavitatem
1624 1316 1776 1352 illorum
1805 1316 2025 1362 contristet,
2054 1316 2140 1353 ani-

1139 1376 1266 1425 mique
1302 1377 1449 1413 afssatus
1485 1375 1638 1412 naribus
1669 1376 1792 1424 ipsum
1829 1384 2070 1425 corrumpat,
2099 1385 2139 1413 et

1139 1443 1335 1471 convertat
1361 1434 1409 1471 ad
1436 1434 1613 1471 saeculum
1630 1462 1640 1478 ,
1669 1442 1706 1470 et
1744 1442 1830 1484 post
1853 1435 1948 1471 coeni
1978 1436 2137 1472 fetorem

1139 1508 1292 1531 currere
1325 1494 1444 1531 faciat.
1476 1493 1619 1542 Injuria
1647 1503 1720 1540 est,
1742 1495 1771 1530 si
1799 1493 1865 1530 tibi
1888 1495 2040 1532 suavius
2061 1496 2140 1532 sra-

1139 1563 1248 1604 grant
1268 1555 1370 1598 vitia,
1391 1567 1503 1602 quam
1521 1554 1705 1589 virtutum
1724 1554 1813 1590 lilia.
1835 1554 2063 1591 Fastidiosus
2084 1564 2140 1592 est

1141 1627 1250 1658 vere,
1273 1614 1338 1663 qui
1358 1614 1453 1650 lacte
1478 1621 1515 1649 et
1534 1613 1572 1648 in
1594 1613 1678 1649 liliis
1699 1614 1800 1662 pasci
1820 1626 1896 1649 non
1915 1614 2137 1651 delectatur.

1140 1678 1223 1712 Non
1244 1682 1300 1710 est
1315 1674 1413 1710 enim
1432 1686 1545 1710 omne
1565 1674 1619 1709 lac
1637 1674 1899 1722 parvulorum.
1919 1677 2054 1710 Nonne
2069 1674 2137 1710 tihi

84 1742 121 1770 et
139 1741 266 1782 gratus
282 1740 336 1768 est
353 1732 449 1768 odor
471 1732 536 1768 lilii
555 1746 562 1767 :
581 1731 646 1769 sed
667 1740 789 1768 tamen
809 1732 933 1781 ipsum
956 1732 1074 1768 lilium
1096 1737 1122 1772 C
1141 1733 1247 1782 quasi
1262 1734 1318 1770 lac
1333 1733 1482 1769 videtur
1499 1733 1622 1769 omnis
1638 1733 1830 1779 doctrina,
1849 1734 1970 1770 omnis
1985 1734 2143 1770 affectus

84 1792 165 1829 aliis
197 1792 342 1828 redolet
372 1791 515 1836 lilium,
544 1791 625 1827 aliis
656 1790 898 1828 absinthium.
934 1791 1071 1828 Lilium

84 1852 338 1896 convallium,
374 1851 493 1887 lilium
533 1850 720 1899 singulare
751 1850 919 1887 Christus
955 1866 962 1887 :
999 1851 1073 1887 lilia

85 1919 192 1948 erant
218 1911 288 1959 ipsi
316 1910 520 1946 imitatores
547 1909 640 1958 ejus.
667 1909 766 1946 Audi
791 1910 881 1958 quid
909 1910 1073 1947 liliorum

86 1983 201 2006 unum
219 1969 386 2018 loquitur
402 1983 409 2005 :
433 1969 567 2004 Clara-a
585 1968 700 2004 bouus
720 1971 947 2005 edors-umus
963 1982 974 2005 ;·
989 1973 1076 2005 aliis

84 2032 177 2064 odor
200 2032 325 2064 mortIs
350 2033 388 2063 in
414 2036 585 2070 111‹1rtem,·
605 2030 701 2072 aliis,
723 2032 817 2063 vitre
836 2031 890 2063 acl
911 2033 1030 2063 vitam
1050 2035 1073 2064 ¹.

84 2087 196 2124 Vides
223 2085 415 2136 quomodo
443 2086 630 2135 singulare
652 2085 769 2121 lilium
795 2085 909 2131 illud,
935 2086 974 2122 in
998 2099 1074 2135 quo

83 2147 271 2184 bonorum
308 2146 476 2181 omnium
514 2144 709 2194 plenitudo
747 2144 895 2189 olebat,
930 2146 1073 2182 tristem

84 2215 207 2243 tamen
240 2203 437 2242 videbatur
468 2203 693 2253 quibusdam
727 2203 882 2240 odorem
917 2204 1071 2254 spirare.

83 2264 148 2302 Isti
175 2271 262 2300 sunt
289 2263 354 2312 qui
379 2270 528 2312 ponunt
554 2261 663 2298 dulce
686 2262 724 2298 in
745 2276 936 2308 amarum,
959 2272 995 2300 et
1017 2264 1075 2299 lu-

83 2336 162 2360 cem
190 2323 227 2359 in
257 2321 441 2359 tenebras.
473 2320 544 2359 Sed
570 2321 632 2357 ille
659 2334 745 2358 vere
774 2322 873 2358 inter
901 2323 976 2359 lilia
1005 2336 1074 2373 pa-

83 2383 219 2428 scitur,
246 2382 311 2432 qui
340 2382 504 2418 liliorum
531 2381 648 2418 odore
678 2382 834 2431 potitur.
863 2382 956 2419 Lilia
987 2392 1075 2420 sunt

83 2442 255 2491 exempla
281 2441 481 2486 castitatis,
511 2453 595 2489 quae
628 2453 705 2476 non
740 2441 861 2477 solum
891 2441 1072 2478 moderna

1139 1793 1223 1842 pius
1243 1792 1369 1829 animo
1391 1793 1544 1841 illapsus
1567 1793 1753 1829 dulciter?
1767 1792 1961 1842 Quidquid
1978 1793 2084 1830 facilc
2101 1802 2139 1830 et

1138 1851 1296 1888 dulciter
1316 1851 1482 1900 sugitur,
1506 1852 1561 1887 lac
1582 1851 1744 1887 videtur.

1192 1912 1227 1947 5.
1259 1911 1337 1946 Tali
1369 1911 1463 1945 lacte
1491 1909 1736 1945 abundabant
1764 1909 1880 1945 ubera
1901 1923 2075 1958 sponsae:
2101 1920 2139 1948 et

1139 1969 1225 2005 ideo
1242 1969 1421 2005 dicuntur
1438 1973 1535 2004 sicut
1551 1969 1717 2013 hinnuli,
1740 1968 1843 2017 quod
1864 1969 1911 2004 sit
1925 1969 1962 2004 in
1985 1970 2057 2006 illis
2076 1983 2140 2006 re-

1140 2041 1247 2071 cens,
1270 2035 1307 2063 ct
1327 2027 1433 2076 quasi
1454 2040 1604 2076 semper
1628 2040 1727 2063 nova
1753 2035 1790 2063 et
1822 2040 2022 2065 renascens
2045 2042 2139 2065 con-

1140 2086 1272 2122 solatio
1293 2085 1420 2131 verbi,
1443 2095 1479 2122 et
1506 2085 1688 2122 doctrinae
1711 2085 1844 2122 alacris
1873 2087 1994 2136 copia.
2011 2087 2140 2125 Ubera

1139 2145 1218 2180 haec
1243 2145 1438 2181 vetustatis
1469 2145 1520 2180 nil
1554 2144 1718 2190 habent,
1754 2145 1840 2181 ideo
1866 2146 2023 2183 meliora
2049 2156 2138 2183 sunt

1140 2204 1231 2239 vino
1252 2201 1279 2249 ³,
1297 2203 1361 2239 scd
1390 2203 1524 2239 similia
1547 2212 1684 2240 musto.
1719 2204 1859 2248 Ubera,
1895 2205 2041 2254 inquit,
2074 2216 2140 2242 tua

1139 2260 1233 2298 botri
1255 2262 1283 2307 ⁴,
1306 2275 1382 2297 non
1403 2261 1579 2298 habentia
1597 2263 1735 2299 scilicet
1756 2264 2010 2300 austeritatem
2037 2265 2138 2311 vini,

1139 2320 1204 2357 sed
1235 2321 1346 2357 musti
1376 2334 1513 2357 novam
1544 2321 1795 2359 dulcedinem.
1818 2322 1946 2360 Ubera
1973 2324 2045 2361 alia
2070 2338 2140 2374 pa-

1139 2388 1267 2426 scunt;
1300 2380 1368 2417 ista
1399 2380 1597 2417 inebriant.
1626 2385 1727 2418 Bene
1767 2395 1858 2431 crgo
1893 2383 2009 2420 ubera
2045 2386 2139 2421 sicut

1138 2441 1307 2486 hinnuli,
1331 2442 1416 2490 quia
1433 2443 1537 2478 nulla
1556 2450 1742 2479 vetustate
1766 2443 1934 2480 infracta.
1957 2448 2135 2494 Magnum

82 2509 120 2538 et
145 2501 363 2550 praesentia,
382 2499 446 2536 sed
477 2508 514 2536 et
543 2499 733 2549 praeterita
758 2508 795 2537 et
817 2500 928 2549 longe
950 2502 1071 2551 posita
1088 2503 1120 2536 D
1137 2514 1283 2551 sponsae
1306 2502 1471 2550 pectoris
1494 2510 1780 2547 ornamentum,
1804 2503 1832 2539 si
1855 2502 1970 2539 ubera
1993 2504 2136 2553 integra

83 2561 225 2610 optime
251 2559 434 2596 redolent.
456 2560 551 2597 Lilia
570 2567 657 2596 sunt
678 2560 788 2596 etiam
813 2561 908 2597 sacri
928 2574 1071 2598 sermo-

84 2632 171 2664 nes,
192 2619 230 2655 in
257 2617 393 2667 quibus
417 2627 566 2655 aeternae
586 2619 672 2655 vita:
695 2619 891 2656 olfacimus
911 2620 1066 2669 gaudia,

83 2686 120 2714 et
145 2677 304 2714 odorum
323 2677 542 2714 attrahimus
563 2677 748 2726 spiritum.
771 2681 891 2726 Quam
918 2679 1067 2725 multis,

85 2736 233 2782 fratres,
255 2737 342 2773 estis
366 2735 582 2784 hujusmodi
610 2736 736 2773 vallati
757 2737 859 2773 liliis!
882 2738 959 2774 Etsi
983 2751 1070 2774 om-

83 2808 150 2832 nes
170 2795 342 2832 Ecclesiae
363 2796 426 2832 lilii
439 2825 449 2842 ‚
466 2808 535 2832 vos
556 2796 769 2845 copiosius:
789 2810 953 2846 quorum
977 2798 1073 2834 nari-

82 2854 153 2892 bus
173 2855 327 2904 singulis
344 2855 420 2891 fere
443 2855 647 2891 momentis
662 2868 763 2892 nunc
781 2856 1071 2906 Prophetarum,

84 2928 182 2951 nunc
212 2914 502 2964 Apostolorum,
525 2927 624 2951 nunc
650 2916 971 2964 Evangelistarum
996 2917 1074 2966 spi-

83 2982 167 3011 rant
192 2981 290 3010 casta
317 2974 487 3023 eloquia,
515 2982 691 3023 tanquam
717 2975 811 3021 lilia,
834 2984 870 3012 et
893 2975 1008 3012 verba
1037 2984 1074 3012 et

83 3033 157 3069 vita
177 3046 306 3070 eorum
323 3041 428 3083 grato
451 3034 615 3083 fragrant
638 3034 768 3071 odore.
790 3038 881 3082 Quae
905 3036 1005 3072 enim
1027 3036 1074 3072 li—

83 3092 130 3129 lia
161 3093 312 3130 suavius
344 3093 564 3139 redoleant,
597 3107 681 3143 qua:
710 3103 892 3144 poterunt
926 3096 1075 3132 illorum

1130 2620 1194 2669 jus
1231 2625 1396 2670 AEgypto
1429 2622 1564 2657 saeculi.
1606 2621 1697 2658 Ideo
1727 2621 1820 2657 dixit
1851 2637 1858 2658 :

1135 2684 1242 2715 turris
1268 2679 1293 2716 ⁵.
1326 2679 1638 2729 Inexpugnabilia
1669 2680 1785 2717 ubera
1821 2681 1921 2725 haec,
1959 2691 1995 2718 et
2029 2683 2134 2720 laetis

1136 2560 1292 2605 hal›cat;
1316 2574 1391 2597 non
1420 2561 1520 2606 laxa,
1550 2575 1626 2597 non
1648 2561 1781 2598 fractas
1803 2575 1986 2599 mammas
2007 2564 2042 2599 in
2060 2564 2134 2600 hu-

1897 2622 2019 2658 l'bera
2052 2637 2135 2658 mea

1137 2738 1308 2775 ubertate
1329 2739 1533 2784 tumentia,
1563 2752 1647 2788 quae,
1676 2740 1712 2775 in
1745 2740 1857 2776 turris
1883 2751 2134 2779 excreverunt

1140 2798 1307 2835 modum.
1331 2802 1433 2835 Bona
1451 2812 1540 2847 ergo
1559 2798 1676 2835 ubera
1706 2808 1779 2835 tam
1812 2799 1994 2845 distenta,
2014 2801 2133 2839 ubera

1140 2858 1309 2907 pietatis,
1330 2857 1446 2894 ubera
1466 2859 1634 2907 gemina,
1664 2872 1709 2895 eo
1736 2859 1839 2908 quod
1861 2861 1979 2909 pietas
1995 2875 2136 2898 conso-

1141 2917 1318 2953 lationem
1344 2916 1478 2953 habeat
1496 2918 1580 2954 vitae
1606 2931 1690 2967 quae
1714 2932 1815 2955 nunc
1833 2928 1909 2965 est,
1935 2928 1971 2956 et
1989 2920 2135 2958 suturae.

1143 2979 1329 3021 Gaudete,
1352 2977 1492 3026 inquit,
1510 2980 1653 3025 gaudio
1677 2992 1829 3026 magno,
1852 2988 1891 3014 ut
1912 2986 2094 3027 potemini
2113 2994 2138 3016 a

1141 3039 1248 3081 lacte,
1267 3045 1301 3071 vt
1315 3041 1502 3072 satfmniui
1519 3037 1565 3072 al)
1583 3037 1753 3073 uberibus
1770 3041 2029 3075 co'avolationis
2049 3042 2134 3084 cyma

1142 3098 1191 3131 lit
1212 3110 1291 3131 rum
1317 3099 1437 3131 avulsi
1446 3095 1599 3144 fueritis
1621 3111 1644 3132 (ι
1664 3100 1771 3143 lacte,
1795 3101 1996 3146 epulemini
2015 3098 2061 3134 al)
2078 3104 2137 3135 in-

131 3225 140 3240 ¹
156 3220 184 3250 11
198 3220 268 3252 Cor.
289 3231 327 3258 n,
347 3221 383 3252 15
399 3244 406 3258 ,
433 3222 484 3252 16.
501 3239 540 3243 -
560 3227 570 3243 ²
587 3224 681 3253 Joan.
698 3231 729 3251 vt
744 3245 752 3257 .
770 3225 824 3253 09.
839 3242 880 3245 —
898 3220 910 3243 ³
925 3221 1090 3260 Cantic.1,
1119 3226 1127 3254 1
1159 3241 1201 3245 -—-
1223 3221 1297 3254 ild.
1314 3233 1370 3260 vn,
1389 3225 1419 3254 7.
1438 3243 1467 3246 —
1499 3221 1739 3261 ⁵ltl.vu1,i‹›.
