2418 3949
51 231 119 267 133

765 234 812 266 IN
844 232 1070 275 CANTICA,
1100 232 1260 269 SERMO
1292 237 1393 270 xlx.

2027 238 2093 274 132‘1

45 306 228 357 numquid
248 307 332 343 ideo
353 319 429 343 non
447 305 570 355 rapis?
589 306 790 354 Quomodo
816 320 892 344 non
917 319 1029 356 rapa-
1050 305 1082 324 ⁵⁹
1096 308 1193 344 Nihil
1233 309 1345 349 habet
1388 312 1536 359 poenale
1577 313 1745 349 charitas.
1783 314 1911 351 Timor
1947 328 2094 365 poenam

44 366 159 413 citas,
194 365 260 402 ubi
294 366 447 403 evidens
487 365 629 402 bonum
668 365 796 402 debito
834 366 1213 403 defraudasAhabet
1237 381 1244 403 :
1271 368 1357 404 ideo
1385 382 1462 405 non
1492 379 1546 406 est
1579 371 1615 406 in
1651 371 1830 408 charitate
1865 373 1998 418 timor,
2028 373 2092 410 sed

44 425 259 462 testimonio
273 453 283 471 ‚
301 433 338 462 et
359 438 483 461 veram
499 425 653 462 alterius
667 425 822 474 gloriam
843 425 912 461 etsi
932 437 1037 460 men-

44 483 151 520 dacio
178 497 255 521 non
284 485 516 534 corrumpis,
546 485 696 522 silentio
725 493 850 521 tamen
879 483 1035 533 suppri-

45 544 140 580 mis?
175 545 238 581 Vis
271 544 401 581 audire
440 545 480 581 in
516 544 594 580 sola
636 544 747 580 etiam
787 543 1034 580 aestimatione

44 602 284 652 rapacitatem
312 605 422 640 esse?
442 605 524 639 Non
555 607 748 651 rapinam,
776 602 900 650 inquit
926 605 1034 651 Apo-

44 662 180 707 stolus,
200 662 401 698 arbitratus
419 671 473 698 est
489 675 567 697 esse
583 675 623 697 se
640 663 825 709 (equalem
846 663 925 696 Deo
943 666 968 695 ¹.
989 663 1033 696 In

43 720 209 757 invidam
235 720 398 757 animam
422 732 499 756 non
522 727 648 769 potest
672 720 813 755 intrare
838 718 1033 755 aestimatio

42 777 144 815 bona
163 778 208 814 de
225 777 336 814 bonis
352 778 493 815 alienis.
511 781 593 815 Non
611 778 692 814 vult
707 779 806 814 enim
825 778 1033 827 intelligere

42 837 146 886 quod
171 837 265 874 alius
287 836 384 873 bene
410 845 493 886 agat
515 851 523 873 ε
546 837 614 873 etsi
642 836 766 885 palam
791 850 869 873 non
895 836 1032 882 audet,

43 908 158 945 penes
192 907 230 932 se
269 903 392 931 tamen
427 895 486 931 vel
519 895 747 939 dissimulat,
774 896 833 931 vel
865 903 1035 933 attenuat

43 955 196 991 alterius
216 955 358 991 merita.
385 954 529 1004 thuid
550 954 671 999 istud,
694 954 764 990 nisi
789 955 892 1004 quod
920 955 1031 1002 livor,

43 1013 132 1050 dum
165 1014 350 1064 privatam
385 1026 534 1064 semper
571 1013 830 1050 excellentiam
872 1015 1032 1063 cogitat,

1101 427 1266 475 perfecta
1293 427 1454 465 charitas
1484 429 1582 465 foras
1607 430 1721 466 mittit
1749 431 1922 467 timorem
1939 430 1967 467 ⁶.
1993 431 2090 479 Quid

1101 485 1200 521 enim
1236 486 1380 522 timebit
1412 487 1594 524 charitas?
1624 492 1776 526 Veteres
1805 490 1993 527 offensas?
2019 490 2090 527 Sed

1102 543 1261 580 charitas
1283 546 1406 594 operit
1426 546 1703 583 multitudinem
1723 557 1963 597 peecatorum
1983 556 2009 584 7.
2027 553 2091 586 Ιη-

1100 602 1254 639 firmitas
1284 604 1448 652 propriae
1477 604 1714 641 conscientiae
1743 606 1887 643 timebit
1914 620 1961 643 ne
1985 607 2089 643 deci—

1099 660 1192 697 dat?
1211 662 1282 698 Sed
1301 662 1406 698 sortis
1431 671 1486 699 est
1505 671 1547 698 ut
1570 676 1671 699 mors
1696 664 1857 701 dilectio.
1875 670 2089 714 Utrumque

1099 727 1241 756 metum
1267 720 1426 757 charitas
1455 722 1554 757 foras
1579 722 1702 758 mittit.
1735 723 1806 758 Sed
1833 737 1899 759 nec
1924 726 2089 773 perfecta

1099 779 1261 816 charitas
1288 781 1514 830 temporales
1540 794 1611 830 pro
1631 781 1777 818 Christo
1799 782 1943 818 timebit
1967 785 2090 820 mole-

1099 839 1198 876 stias.
1217 839 1289 877 Sed
1313 852 1359 876 ne
1380 840 1533 889 quidem
1553 848 1702 876 aeternae
1725 841 1754 877 si
1775 841 1936 887 fuerint,
1954 842 2089 878 defati-

1100 897 1175 946 gari
1193 906 1230 934 et
1246 911 1468 935 evanescere
1488 900 1628 948 poterit
1647 908 1907 936 consummata
1924 900 2086 937 dilectio.

1099 960 1181 993 Non
1203 965 1326 1006 potest
1352 958 1466 994 semel
1491 958 1621 995 hausta
1642 958 1857 1007 cognitione
1881 967 1991 996 tantae
2011 973 2089 996 non

1100 1015 1278 1053 delectari
1297 1016 1521 1054 dulcedinis.
1545 1020 1630 1053 Non
1645 1017 1730 1054 ideo
1749 1026 1848 1054 amat
1865 1018 2025 1055 charitas
2043 1032 2089 1055 ne

42 1073 201 1110 alienam
230 1073 436 1111 obscurat?
464 1074 634 1109 Charitas
652 1083 777 1110 autem
802 1087 875 1109 non
903 1075 1038 1122 cogitat
1055 1077 1082 1111 B
1101 1085 1229 1124 pereat
1246 1091 1254 1112 :
1274 1076 1338 1112 sed
1360 1077 1502 1113 mavult
1523 1077 1613 1113 foris
1632 1077 1831 1126 poenaliter
1849 1079 1887 1113 in
1906 1086 2090 1114 aeternum

42 1135 203 1177 matam,
221 1146 296 1168 non
312 1134 454 1181 gaudet
471 1146 582 1182 super
599 1136 793 1180 iniquitate
802 1146 816 1176 ,·
844 1141 900 1178 et,
923 1141 965 1169 ut
984 1133 1035 1169 sic

42 1191 162 1228 dicam
178 1220 188 1238 ,
210 1204 326 1241 super
353 1191 606 1241 inaequalitate

41 1255 228 1287 veritati2.
245 1251 437 1288 Privatum
453 1263 531 1286 non
553 1249 712 1299 cogitat3
731 1249 854 1285 medio
870 1249 1034 1298 quodam

41 1317 79 1346 et
91 1310 283 1346 communi
303 1310 451 1346 laetatur
469 1324 477 1346 :
496 1322 580 1358 quae
599 1321 665 1345 sua
681 1316 770 1344 sunt
785 1321 861 1344 non
880 1308 1033 1357 quaerit,

41 1369 106 1406 sed
123 1382 206 1419 quae
223 1369 360 1407 Christi
376 1372 476 1406 Jesu.
496 1368 586 1417 Ejus
602 1369 639 1404 in
656 1367 833 1404 omnibus
852 1369 1010 1418 gloriam
1023 1397 1032 1415 ,

41 1429 101 1465 vel
131 1437 251 1475 amat,
270 1428 330 1464 vel
359 1436 478 1478 optat.
506 1428 726 1466 Communis
754 1435 810 1464 est
836 1427 1030 1473 Christus;

44 1487 230 1524 mediator
245 1487 346 1524 enim
363 1496 419 1524 est
433 1487 447 1510 3
465 1502 473 1523 :
495 1495 533 1524 et
547 1487 633 1523 ideo
651 1486 734 1535 ejus
751 1499 828 1522 non
843 1495 930 1522 sunt
950 1499 1034 1535 quae

42 1546 166 1583 media
188 1559 265 1583 non
287 1555 397 1591 sunt,
421 1546 486 1582 sed
506 1547 545 1582 in
565 1554 711 1595 partem
728 1558 766 1582 se
786 1546 1030 1594 restringunt.

41 1606 141 1654 Quid
159 1614 198 1642 tu
216 1607 336 1642 livore
351 1606 539 1643 Christum
558 1606 612 1642 vis
627 1605 664 1641 in
680 1613 823 1655 partem
839 1606 1035 1642 contrahe-

42 1667 105 1702 re?
116 1670 277 1703 Avaram
291 1666 348 1702 vis
360 1678 439 1702 esse
453 1665 608 1714 gratiam
623 1665 782 1714 Spiritus
792 1693 802 1710 ,
817 1664 924 1713 cujus
937 1665 1035 1701 circa

42 1733 78 1762 te
98 1725 220 1762 solum
241 1733 349 1775 optas
373 1724 555 1761 beneficia
579 1724 782 1773 restringi?
802 1724 887 1761 Sine
908 1732 950 1760 ut
968 1738 1034 1761 ex-

41 1792 184 1821 crescat
206 1793 244 1821 et
268 1783 470 1830 exuberet,
494 1792 531 1820 et
555 1783 726 1820 effundat
747 1796 786 1820 se
810 1796 925 1832 super
948 1797 1033 1820 om-

637 1205 644 1227 :
672 1192 876 1240 congaudet
911 1200 1034 1227 autem

1101 1135 1225 1183 perire
1238 1163 1247 1181 ,
1282 1149 1394 1184 quam
1430 1149 1501 1173 usu
1538 1137 1675 1172 amoris
1702 1137 1833 1173 aeterni
1866 1137 2021 1186 privari.
2053 1138 2090 1175 Si

1101 1193 1200 1231 enim
1235 1194 1381 1231 dederit
1411 1195 1526 1231 homo
1557 1208 1707 1232 omnem
1743 1195 1989 1233 substantiam
2019 1210 2090 1246 pro

1101 1251 1302 1299 charitate,
1320 1254 1426 1302 quasi
1447 1253 1538 1289 nihil
1563 1253 1744 1303 despiciet
1759 1266 1840 1290 eam
1855 1252 1882 1290 ⁸.
1904 1257 2000 1290 Vere
2020 1254 2089 1290 hoc

1102 1311 1213 1347 molle
1233 1320 1389 1348 stratum
1405 1341 1414 1358 ,
1434 1313 1471 1348 in
1493 1325 1568 1361 quo
1590 1313 1699 1348 etiam
1720 1313 1820 1349 inter
1841 1312 1998 1361 injurias
2014 1321 2088 1349 tam

1099 1370 1264 1406 suaviter
1283 1384 1395 1420 quam
1416 1379 1542 1407 sancte
1559 1371 1777 1420 quiescitur.
1796 1374 1851 1407 Da
1872 1371 1981 1416 mihi,
2000 1374 2090 1408 Jesu

1098 1427 1222 1473 bone,
1242 1437 1283 1465 ut
1303 1442 1416 1479 super
1436 1438 1593 1466 stratum
1614 1430 1685 1465 hoc
1704 1443 1850 1466 memor
1866 1430 1934 1466 sim
1953 1430 2028 1475 tui,
2051 1439 2087 1465 et

1100 1488 1259 1525 mediter
1277 1489 1314 1525 in
1335 1497 1370 1525 te
1386 1490 1424 1525 in
1445 1490 1648 1526 matutinis.
1666 1489 1794 1526 Dulcis
1818 1490 1929 1538 plane
1949 1503 2090 1525 memo-

1101 1547 1174 1591 ria,
1194 1561 1305 1596 quam
1323 1561 1430 1584 amor
1444 1548 1586 1585 inducit
1603 1562 1610 1584 :
1627 1557 1730 1597 grata
1747 1549 1960 1593 meditatio,
1977 1562 2088 1598 qnam

1100 1608 1264 1655 suggerit
1283 1608 1455 1644 charitas.
1476 1608 1573 1645 Nihil
1595 1609 1694 1644 enim
1715 1617 1769 1644 est
1793 1608 1896 1656 quod
1919 1621 1993 1644 non
2010 1608 2089 1657 jam

1102 1666 1260 1703 dulciter
1289 1675 1326 1703 et
1357 1676 1461 1716 grate
1493 1667 1539 1704 de
1573 1667 1721 1705 Christo
1750 1668 1947 1717 cogitetur.
1972 1673 2092 1705 Amor

1100 1725 1265 1774 proximi
1307 1725 1607 1774 compassionem
1650 1725 1764 1761 habet
1780 1754 1789 1771 ,
1821 1734 1857 1761 et
1888 1726 2090 1774 quemdam

1099 1784 1223 1821 minus
1246 1797 1398 1821 suavem
1425 1793 1573 1834 gustum
1588 1814 1597 1831 ‚
1618 1784 1707 1820 dum
1726 1783 1962 1833 gementibus
1983 1784 2090 1821 novit

42 1855 127 1880 nem
145 1856 295 1880 carnem
313 1843 475 1893 Spiritus
496 1843 670 1888 Domini,
687 1851 723 1879 et
743 1843 885 1892 repleat
901 1843 1032 1880 orbem
1052 1847 1080 1882 C
1099 1843 1314 1880 condolere.
1339 1845 1486 1881 Christo
1509 1845 1545 1880 in
1571 1857 1647 1893 quo
1672 1844 1901 1880 condoleas?
1918 1844 1986 1880 etsi
2007 1857 2094 1880 cru-

42 1910 239 1939 terrarum.
256 1901 341 1939 Noli
361 1914 602 1938 communem
629 1900 806 1937 omnibus
822 1901 1031 1938 beneficen-

43 1961 131 1997 tiam
150 1961 248 1997 intra
268 1960 392 1997 cordis
413 1960 465 1996 tui
488 1959 678 2009 angustias
701 1959 944 1996 incarcerare.
966 1961 1032 1997 Di-

40 2033 105 2057 ves
127 2028 183 2056 est
202 2020 302 2056 enim
323 2020 362 2056 in
386 2019 542 2055 omnes4
566 2033 574 2054 :
597 2027 634 2054 et
658 2026 696 2054 tu
721 2018 892 2055 minuere
916 2027 1036 2055 tentas

42 2079 274 2116 affluentiam
304 2079 453 2128 gratiae,
478 2086 515 2114 et
546 2077 834 2114 immensitatem
866 2077 1036 2127 redigere

41 2138 89 2175 ad
109 2137 312 2175 minutias?
333 2137 475 2174 AEmuli
501 2136 625 2173 cordis
648 2148 780 2172 avaras
810 2136 1036 2185 dedignatur

40 2198 208 2237 Christus
231 2198 433 2247 angustias.
461 2197 585 2234 Nescit
604 2195 844 2232 aemulatione
868 2204 930 2231 tua
951 2196 1034 2243 ejus

40 2256 190 2293 bonitas
209 2255 379 2292 detineri.
403 2255 553 2291 Proflua
570 2262 626 2290 est
647 2268 654 2290 :
678 2266 755 2289 non
777 2253 845 2290 tibi
861 2254 948 2299 soli,
967 2254 1032 2290 sed

37 2316 170 2354 vicinis
186 2316 296 2352 etiam
318 2328 356 2352 se
378 2316 475 2351 vasis
500 2314 582 2363 ejus
611 2314 737 2351 oleum
762 2313 941 2350 infundit.
960 2318 1033 2352 Fac

42 2382 85 2411 ut
103 2374 165 2410 illa
193 2381 326 2410 mutuo
354 2381 417 2409 tua
444 2372 529 2408 sint.
557 2375 678 2408 Erunt
703 2379 848 2417 autem,
867 2371 897 2407 si
925 2384 1032 2408 com-

42 2434 146 2471 muni
175 2434 290 2470 fueris
317 2432 421 2470 bono
451 2432 595 2469 laetatus
617 2445 624 2467 :
646 2431 815 2480 alioquin
841 2439 878 2467 et
899 2432 1034 2468 animae

42 2502 114 2530 tuae
133 2493 258 2530 oleum
281 2505 440 2529 evacuas
454 2520 464 2538 ,
485 2499 523 2528 et
543 2491 614 2527 illis
637 2489 881 2526 nihilominus
908 2498 1032 2526 tamen

39 2552 253 2590 infunditur
278 2551 463 2588 mediator
487 2550 679 2595 Christu53
700 2557 737 2585 et
757 2548 843 2585 ideo
864 2562 947 2598 quae
967 2561 1034 2585 sua

1099 1902 1230 1938 cifixus
1255 1911 1311 1939 est
1337 1916 1382 1939 ex
1407 1902 1644 1948 infirmitate,
1671 1901 1736 1938 sed
1762 1902 1854 1937 vivit
1880 1915 1927 1938 ex
1953 1902 2091 1939 virtute

1101 1961 1181 1997 Dei.
1210 1965 1293 1998 Non
1323 1961 1572 2007 condolendi,
1601 1961 1665 1997 sed
1696 1960 1957 2009 congaudendi
1985 1961 2023 1996 in
2054 1974 2092 1997 se

1101 2020 1210 2057 vobis
1230 2021 1395 2070 undique
1416 2021 1610 2057 materiam
1632 2029 1793 2070 praestat.
1813 2024 1928 2056 Totus
1949 2020 2091 2056 deside-

1103 2078 1250 2125 rabilis,
1276 2089 1313 2116 et
1335 2080 1638 2130 concupiscentia
1665 2088 1787 2125 totus,
1808 2087 1844 2115 et
1869 2079 1974 2128 quasi
2000 2079 2092 2115 cha-

1101 2138 1209 2175 ritate
1227 2148 1450 2176 constratus.
1471 2139 1570 2186 Quid
1589 2139 1688 2174 enim
1706 2137 1850 2174 videbis
1867 2138 1905 2173 in
1920 2138 2089 2182 Christo,

1100 2198 1203 2243 quod
1221 2211 1297 2232 non
1315 2197 1396 2244 ejus
1418 2197 1526 2231 nohis
1546 2206 1582 2231 et
1599 2197 1816 2231 charitatem
1839 2195 2035 2238 exhibeat,
2056 2204 2093 2231 ct

1098 2264 1263 2292 nostram
1287 2255 1438 2303 exigat?
1454 2258 1571 2290 Totus
1592 2252 1701 2290 nobis
1723 2262 1779 2289 est
1798 2253 1990 2289 charitatis
2009 2254 2092 2290 ille-

1100 2313 1232 2359 cebra,
1250 2314 1525 2350 irritamentum
1548 2313 1697 2349 amoris.
1723 2313 1873 2349 Nullum
1895 2313 1932 2349 in
1955 2325 1993 2349 se
2015 2326 2093 2349 me-

1101 2373 1261 2409 ticuloso
1287 2372 1466 2420 relinquit
1488 2372 1611 2407 locum
1640 2371 1802 2407 affectui.
1834 2375 1949 2407 Totus
1975 2371 2092 2407 amari

1099 2433 1181 2469 vult
1195 2461 1204 2477 ,
1227 2432 1290 2481 qui
1318 2440 1417 2467 totus
1435 2439 1601 2467 meretur
1621 2431 1749 2466 amari.
1771 2430 1878 2475 Noli,
1902 2430 2028 2479 virgo,
2045 2430 2092 2466 ad

1100 2500 1287 2528 tormenta
1299 2491 1483 2541 respicere
1495 2520 1503 2536 ‚
1519 2491 1577 2527 cui
1595 2499 1693 2526 tanta
1713 2490 1907 2539 proposita
1920 2498 2006 2526 sunt
2023 2489 2092 2525 ob-

1101 2552 1321 2588 lectamenta
1341 2551 1377 2586 in
1397 2563 1549 2599 sponso.
1572 2549 1724 2587 Otiosus
1742 2548 1853 2584 debet
1870 2561 1948 2584 esse
1966 2549 2091 2593 timor,

41 2621 130 2649 sunt
147 2612 268 2649 media
284 2612 366 2648 vult
381 2623 473 2647 esse.
489 2613 536 2646 In
556 2610 639 2654 hoc,
659 2609 781 2657 inquit
794 2637 803 2654 ,
819 2617 1034 2657 cognoscent
1048 2615 1081 2648 D
1105 2610 1168 2646 ubi
1199 2619 1254 2646 tot
1286 2610 1444 2659 insignia
1481 2610 1649 2645 relucent
1679 2608 1831 2644 amoris.
1858 2607 2093 2656 Dedignatur

41 2686 180 2717 omnes,
202 2676 293 2720 qaia
313 2675 387 2707 mei
414 2675 500 2706 estis
527 2671 722 2718 discipuli,
746 2672 777 2704 si
802 2670 1031 2704 dilectionem

42 2730 241 2767 habueritis
259 2733 312 2767 acl
330 2735 483 2766 invicem
501 2728 527 2765 ⁵.

95 2791 131 2827 5.
144 2789 255 2827 Vides
269 2789 463 2838 quomodo
483 2788 643 2825 charitas
663 2786 822 2836 speciale
840 2786 1032 2835 quoddam

43 2857 99 2887 est
113 2849 256 2898 insigne
276 2849 522 2899 discipulatus
538 2847 694 2891 Christi,
707 2855 744 2882 et
758 2846 939 2883 doctrina:
952 2846 1033 2894 ejus

43 2909 231 2959 singulare
265 2909 474 2945 indicium?
501 2908 592 2945 Ideo
621 2907 679 2945 hic
711 2907 748 2944 in
781 2907 913 2942 ultimo
950 2908 1033 2943 loco

42 2968 149 3018 quasi
166 2976 322 3005 ornatus
343 2968 495 3018 quidam
517 2968 673 3004 aliarum
693 2967 1035 3015 inducitur‘gratia·

45 3040 143 3064 rum.
179 3029 334 3073 Media,
363 3027 485 3077 inquit
501 3055 510 3072 ‚
549 3028 731 3062 charitate
763 3028 969 3062 constravit.
1004 3029 1035 3063 O

45 3099 157 3136 quam
197 3087 308 3124 molle
342 3095 398 3124 est
435 3095 591 3124 stratum
626 3086 829 3123 charitatis.
873 3086 1037 3122 Proximi

46 3147 205 3184 charitas
236 3147 376 3194 livore,
400 3147 561 3184 charitas
588 3146 723 3185 Christi
758 3146 894 3182 timore
925 3153 1037 3181 caret.

97 3284 105 3298 ¹
125 3277 255 3320 Philipp.
274 3290 317 3316 ιι,
340 3283 371 3309 ὓ.
387 3298 426 3301 —
449 3284 460 3299 ²
480 3282 491 3309 Ι
508 3281 580 3310 Cor.
602 3290 664 3308 xiii
680 3303 686 3315 ,
712 3282 750 3315 ἶ),
773 3284 803 3309 s».
820 3297 851 3300 -
884 3276 1030 3309 ³1'1i1n.
1054 3281 1186 3312 11‚.'1.›-

1099 2668 1259 2705 charitas
1292 2668 1436 2704 timoris
1468 2667 1758 2710 commercium,
1784 2666 1865 2715 cogi
1902 2665 2090 2710 nesciens,

1099 2741 1182 2778 quae
1203 2728 1334 2776 nequit
1353 2727 1553 2776 compesci.

1152 2792 1188 2825 (5.
1213 2788 1302 2824 Ideo
1329 2787 1488 2823 charitas
1518 2786 1678 2835 perfecta
1711 2785 1807 2820 foras
1835 2784 1947 2820 mittit
1976 2783 2090 2819 timo—

1100 2861 1200 2892 rcm,
1222 2847 1323 2882 velut
1354 2846 1522 2881 inutilem
1547 2853 1584 2880 ct
1606 2856 1902 2893 superva‹·uum;
1926 2842 1990 2879 scd
2014 2855 2091 2878 non

1101 2907 1277 2942 timorem
1301 2905 1402 2940 illum
1420 2933 1429 2949 ‚
1453 2904 1518 2952 qui
1541 2912 1664 2939 castus
1691 2911 1884 2952 permanet
1911 2903 1947 2938 in
1974 2915 2092 2937 saecu-

1101 2965 1179 3001 lum
1197 2964 1358 3000 saeculio.
1379 2962 1445 2999 Est
1466 2964 1566 2998 enim
1590 2963 1716 3007 timor,
1735 2975 1847 3011 quem
1863 2962 1961 2997 {oras
1980 2961 2094 2996 mittit

1103 3025 1261 3061 charitas
1282 3039 1289 3059 ε
1310 3033 1346 3060 et
1367 3032 1421 3059 cst
1447 3024 1577 3068 timor,
1595 3036 1707 3072 quem
1730 3023 1843 3058 mittit
1869 3021 2005 3057 veritas
2028 3035 2035 3056 τ
2057 3029 2095 3056 ct

1104 3092 1159 3119 est
1180 3085 1304 3127 timor,
1328 3097 1440 3132 qucm
1464 3083 1679 3119 intromittit
1703 3090 1739 3117 et
1760 3082 1920 3117 charitas
1940 3089 1975 3116 ct
1997 3080 2095 3116 wri-

1107 3152 1169 3180 tas.
1201 3144 1345 3180 Primus
1371 3151 1522 3188 cautus;
1549 3142 1736 3179 secundus
1762 3150 1904 3186 castus,
1928 3141 1990 3175 scd
2021 3152 2095 3175 non

1224 3277 1236 3301 ·'¹
1253 3279 1341 3306 nom.
1360 3288 1377 3305 x
1391 3301 1397 3311 ,
1424 3280 1537 3307 1‘1.—
1560 3274 1572 3296 5
1593 3279 1684 3307 Joan.
1706 3287 1767 3304 xm
1782 3299 1788 3309 ,
1814 3277 1867 3304 Ῑῐζ».
1889 3293 1926 3296 ψ
1948 3272 1986 3303 ‘³1
2004 3276 2096 3303 Joau.

50 3341 94 3367 tv,
121 3333 173 3361 18.
191 3348 231 3353 ——
253 3333 463 3369 71Pcu-.1v,
484 3334 570 3361 8.-
593 3329 606 3351 3
622 3331 739 3361 Cantic.
756 3342 816 3360 vm
833 3355 839 3367 ,
863 3334 902 3369 ὓ,
924 3333 952 3361 7.
970 3348 1006 3351 ⁷—
1031 3336 1046 3358 9
1063 3329 1140 3360 Psal.
1165 3339 1267 3365 xviii,
1294 3332 1342 3359 lo.
