2418 3949
190 249 286 286 1317

777 252 841 286 DE
869 251 1208 287 EXCELLENTIA
1239 252 1299 287 SS.
1331 253 1649 291 SACRAMENTI.

2138 262 2235 296 1318

224 536 373 624 DE
424 534 1217 627 EXCELLENTIA
1271 535 1419 629 SS.
1474 536 2195 634 SACRAMENTI

633 756 732 810 ET
777 756 1206 813 DIGNITATE

1250 755 1797 835 SACERDOTUM‚

1111 912 1302 963 SERMO.

244 1205 335 1245 Non
362 1214 420 1244 est
448 1204 489 1243 S.
518 1203 726 1250 Bernardi,
757 1202 826 1242 sed
849 1203 1054 1253 cujusdam
1077 1217 1158 1242 non
1181 1203 1408 1251 sacerdotis,
1429 1212 1476 1243 ut
1497 1217 1542 1242 ex
1568 1219 1681 1245 num.
1710 1209 1748 1254 3,
1777 1210 1800 1245 5
1825 1217 1862 1246 et
1890 1211 1936 1247 16
1963 1211 2169 1264 colligitur.

879 1359 1544 1382 ψ--ΰῡῦῡῶῌ-

207 1506 325 1534 Panem
352 1499 548 1543 Angelorum
571 1497 774 1530 manducavit
793 1498 896 1531 ltomo.
916 1499 997 1531 Psal.
1021 1507 1154 1539 Lxxvu,
1191 1501 1375 1552 ⁶⁸⁷0perae
1404 1503 1568 1553 pretium
1605 1513 1661 1541 est
1705 1516 1980 1556 consequenter
2023 1513 2238 1561 attendere,

623 1551 662 1590 ju
685 1556 738 1584 25.

238 1685 271 1721 1.
289 1686 373 1721 Non
395 1682 507 1719 lateat
532 1693 623 1726 vos,
658 1678 816 1716 verendi
847 1679 1059 1717 sacerdotes
1074 1709 1084 1726 ‚
1112 1692 1179 1717 se—

184 1742 276 1779 riem
297 1742 394 1779 hanc
414 1740 522 1778 vobis
543 1740 734 1776 recitatam
750 1767 759 1784 ‚
787 1738 911 1775 verbis
932 1739 1175 1784 succinctam,

184 1815 363 1839 sensuum
396 1800 646 1852 spiritualium
678 1798 872 1847 majestate
899 1800 1070 1849 apprime
1098 1800 1178 1835 fore

183 1861 394 1899 secundam.
417 1859 534 1898 Vobis
564 1868 688 1896 autem
724 1859 959 1908 potissimum
994 1858 1179 1896 incumbit

183 1934 261 1971 prae
282 1921 427 1958 caeteris
449 1921 580 1957 audire
601 1919 704 1969 quod
731 1919 1003 1968 proponimu53
1031 1932 1099 1955 nec
1121 1932 1181 1955 so—

184 1983 262 2019 lum
280 1982 431 2026 audire,
453 1981 518 2018 sed
540 1980 688 2017 fidelius
717 1992 904 2028 reponere
920 2009 928 2024 ‚
943 1988 980 2016 et
1002 1988 1178 2028 tanquam

183 2042 360 2079 animalia
389 2041 531 2078 munda
557 2040 784 2090 propensius
808 2038 953 2075 debetis
978 2039 1177 2075 ruminare.

183 2103 318 2138 Beatus
340 2101 404 2137 ille
435 2099 556 2137 David
590 2098 865 2148 Prophetarum
895 2098 1055 2135 eximius
1071 2127 1080 2144 ,
1101 2102 1180 2135 Deo

184 2161 328 2197 viventi
344 2160 604 2204 charissimus,
635 2160 673 2195 in
705 2159 839 2209 spiritu
868 2167 954 2194 ante
987 2158 1180 2195 sedentem

184 2219 223 2256 in
253 2220 398 2256 thronis
423 2228 571 2269 raptus,
601 2219 738 2268 legerat
766 2219 803 2254 in
827 2217 991 2267 quodam
1018 2231 1181 2268 promp-

1194 1568 1226 1600 A
1245 1574 1356 1610 quam
1375 1563 1539 1612 graviter
1559 1563 1703 1599 corruit
1724 1565 1847 1601 minus
1868 1569 2064 1615 pensando
2086 1572 2176 1619 quid
2193 1586 2238 1609 ex

1244 1633 1282 1656 se
1297 1649 1306 1666 ,
1327 1622 1382 1657 vel
1399 1621 1490 1671 quid
1508 1631 1605 1659 esset
1633 1636 1679 1660 ex
1696 1627 1788 1660 Deo.
1810 1625 1955 1662 Primus
1978 1640 2140 1678 namque
2168 1644 2239 1680 pa-

1243 1692 1330 1716 rens
1356 1689 1484 1717 noster
1509 1682 1670 1731 paradisi
1697 1684 1824 1720 accola
1843 1691 1858 1706 ³
1895 1688 2121 1726 constitutus
2153 1700 2235 1736 est,

1243 1738 1418 1777 dominus
1454 1749 1562 1777 terrae
1595 1742 1782 1780 stabilitus
1813 1753 1868 1781 est
1892 1774 1901 1791 ,
1938 1747 2028 1783 civis
2062 1761 2236 1798 supernae

1241 1801 1449 1836 Jerusalem
1475 1800 1691 1850 designatus
1721 1811 1801 1847 est,
1830 1803 2055 1843 domesticus
2084 1810 2238 1846 Domini

1246 1859 1362 1896 factus
1377 1868 1455 1897 est:
1477 1860 1584 1909 cujus
1598 1875 1726 1898 amore
1745 1871 1781 1898 et
1800 1865 1991 1912 agnitione
2011 1866 2150 1904 ditatus
2166 1879 2235 1915 est,

1244 1932 1400 1956 consors
1413 1921 1658 1970 Angelorum,
1674 1922 1786 1958 frater
1801 1932 1837 1959 et
1851 1924 2016 1962 cohaeres
2032 1928 2239 1966 coelestium

1245 1980 1428 2016 virtutum
1444 2011 1453 2027 ‚
1486 1981 1577 2017 nihil
1598 1995 1753 2031 prorsus
1773 1983 1991 2033 indigentiae
2005 2015 2013 2031 ,
2038 1987 2130 2024 nihil
2154 2002 2241 2025 sen-

1247 2039 1342 2076 tiens
1359 2040 1538 2077 molestiae
1560 2056 1568 2077 ι
1597 2042 1655 2077 cui
1675 2050 1780 2077 erant
1797 2043 1832 2078 in
1853 2053 2033 2093 promptu
2057 2060 2141 2095 quae
2167 2061 2244 2097 po-

1247 2099 1429 2144 stulabat,
1466 2113 1541 2136 non
1564 2100 1649 2136 dico
1677 2102 1878 2138 necessitas
1897 2101 1923 2147 ὓ,
1954 2103 2018 2140 sed
2048 2106 2158 2142 etiam
2183 2107 2245 2156 pia

1247 2158 1423 2195 voluntas
1438 2166 1466 2204 ⁰,
1489 2172 1573 2195 cum
1592 2159 1682 2195 nihil
1703 2168 1799 2196 esset
1816 2161 1852 2196 in
1867 2161 1990 2197 anima
2005 2164 2105 2211 quod
2121 2165 2245 2201 offen-

1249 2217 1379 2263 deret,
1401 2219 1491 2255 nihil
1513 2219 1549 2255 in
1578 2232 1690 2255 carne
1709 2220 1811 2268 quod
1831 2220 2004 2269 puderet.
2027 2223 2096 2259 Hic
2122 2224 2246 2262 honor

187 2281 308 2317 tuario
340 2280 606 2328 mysteriorum
642 2291 725 2327 quae
755 2286 792 2314 et
824 2286 964 2326 quanta
995 2278 1225 2316 DominusB
1246 2286 1282 2314 et
1318 2278 1396 2315 haec
1434 2288 1513 2315 erat
1547 2279 1708 2328 dignitas
1741 2280 1928 2327 hominis,
1962 2286 2177 2332 prosperari
2211 2295 2247 2321 et

189 2339 427 2388 naufraganti
448 2338 590 2375 mundo
609 2352 677 2388 per
693 2346 861 2374 vestrum
881 2338 1085 2374 clementer
1104 2346 1184 2374 erat

187 2399 426 2436 exhibiturus
452 2399 724 2443 ministerium,
755 2398 820 2446 qui
847 2397 1006 2433 coelestis
1039 2397 1184 2433 consilii

187 2467 338 2495 sanctus
355 2459 558 2508 interpres,
577 2459 809 2507 gratulanter
825 2457 991 2493 concinit
1011 2470 1018 2491 :
1040 2458 1184 2492 Panem

189 2520 420 2566 Angelorum
448 2520 684 2553 manducavit
710 2518 831 2553 homo.
855 2516 966 2553 L‘nde
991 2516 1035 2552 ad
1057 2517 1187 2567 expri-

189 2578 363 2614 mendam
387 2578 441 2614 rei
464 2587 537 2614 tam
569 2578 768 2614 fructuosae
790 2576 1053 2613 certitudinem
1085 2578 1184 2614 dilu—

190 2636 272 2673 cide
297 2637 456 2686 signavit
476 2637 708 2686 praeteritum
739 2649 809 2685 pro
837 2636 985 2681 futuro,
1019 2638 1183 2682 Panem,

191 2697 386 2746 inquiens,
411 2700 638 2744 Angelorum
664 2698 896 2731 manducavit
918 2697 1035 2732 homo.
1058 2700 1089 2734 Ο
1107 2706 1188 2734 stu-

191 2757 316 2806 penda
342 2757 410 2793 Dei
439 2756 650 2793 miseratio!
683 2755 849 2792 Verbum
879 2769 1051 2802 carnem,
1088 2760 1188 2793 Deus

191 2817 376 2862 cinerem,
399 2817 534 2866 figulus
563 2816 707 2861 lutum,
739 2815 816 2851 vita
848 2815 1089 2851 morticinum
1125 2817 1186 2852 in-

193 2877 296 2923 duit,
317 2885 358 2913 ut
373 2876 547 2926 jumenta
572 2875 840 2912 manducarent
864 2888 999 2924 panem
1021 2877 1189 2926 Angelo-

194 2949 292 2973 rum.
314 2937 497 2973 Homines
510 2935 681 2985 jumenta
697 2943 816 2970 erant.
842 2938 965 2970 Homo
984 2934 1083 2970 enim
1103 2948 1186 2971 cum

192 2997 230 3033 in
252 2997 398 3032 honore
413 3005 527 3042 esset,
550 3009 625 3031 non
646 2995 849 3038 intellexit3
875 3003 1116 3043 comparatus
1135 3003 1190 3031 est

1251 2337 1385 2374 ssorere
1406 2339 1442 2374 in
1466 2339 1683 2388 praemissis.
1703 2343 1747 2376 Et
1768 2339 1846 2375 liaec
1865 2353 1912 2375 ex
1930 2344 2021 2377 Deo.

1305 2398 1339 2434 2.
1358 2398 1428 2435 Sed
1456 2399 1583 2448 potius
1601 2400 1637 2434 in
1659 2400 1803 2435 honore
1824 2400 1914 2449 quid
1936 2414 1981 2436 ex
1998 2414 2035 2437 se
2054 2402 2148 2439 soret
2170 2417 2246 2440 non

1251 2457 1458 2503 intellexit,
1484 2458 1594 2494 limus
1618 2459 1815 2505 videlicet,
1845 2460 1991 2509 pulvis,
2013 2461 2141 2498 folium
2173 2464 2249 2500 ari-

1253 2516 1360 2562 dum,
1383 2517 1521 2567 stipula
1540 2518 1655 2563 sicca,
1675 2519 1774 2554 lutea
1791 2527 1827 2554 et
1853 2520 1990 2568 fragilis
2013 2530 2122 2566 testa,
2141 2524 2248 2572 pellis

1253 2577 1451 2613 morticina
1471 2592 1477 2614 :
1500 2577 1564 2613 sed
1584 2578 1784 2619 intumuit,
1806 2586 1841 2613 et
1860 2579 1970 2627 plane
1987 2579 2163 2629 desipuit,
2186 2582 2251 2619 ho-

1254 2637 1357 2672 noris
1381 2637 1525 2685 fastigio
1547 2637 1764 2673 delectatus.
1794 2640 1837 2673 Et
1861 2639 2042 2674 continuo
2071 2642 2106 2675 in
2126 2654 2164 2677 se
2185 2655 2252 2678 ex-

1253 2705 1383 2745 pertus
1412 2706 1486 2741 est,
1521 2697 1621 2745 quod
1647 2705 1750 2732 tanto
1772 2705 1855 2746 post
1877 2707 2048 2747 tempore
2073 2700 2187 2736 homo
2205 2701 2251 2737 de

1255 2755 1338 2790 liliis
1360 2756 1588 2804 captivitatis
1606 2764 1641 2791 et
1659 2755 1868 2805 prudenter
1883 2757 1946 2792 adx
1958 2759 2043 2794 ertit
2056 2788 2064 2802 ‚
2090 2768 2125 2795 et
2144 2773 2254 2797 vera-

1254 2815 1345 2850 citer
1362 2816 1538 2864 protulit,
1561 2815 1689 2852 diceus
1711 2831 1717 2852 :
1743 2818 1812 2861 Qut
1835 2828 1988 2865 sepum!
2006 2822 2157 2867 aliquid
2173 2835 2250 2856 csse

1255 2889 1336 2910 cum
1355 2876 1455 2910 nilal
1469 2885 1528 2919 stt,
1549 2881 1628 2923 ipse
1646 2890 1684 2911 Ae
1702 2878 1880 2911 sulm-11².
1902 2880 1961 2912 Va*
1977 2879 2130 2922 misero,
2151 2881 2255 2928 quod

1257 2948 1333 2971 nun
1356 2935 1424 2971 suit
1447 2936 1510 2984 qui
1530 2935 1605 2984 jam
1635 2945 1723 2972 tunc
1743 2936 1884 2972 diceret
1904 2937 1936 2972 ei
1960 2951 1966 2971 :
1995 2941 2098 2983 Queri
2124 2954 2254 2988 ⁸supcr-

1257 2995 1332 3039 bls,
1356 3004 1453 3029 terra
1474 3005 1507 3029 ct
1533 3000 1628 3030 emis
1652 2996 1690 3031 3?
1714 2997 1926 3045 Repentina
1950 2997 2060 3045 igitur
2090 3013 2252 3036 conver—

191 3054 373 3104 jumentis
391 3054 669 3105 insipientibuS,
688 3062 724 3090 et
737 3054 867 3089 similis
884 3054 1000 3090 sactus
1014 3062 1067 3089 est
1082 3054 1151 3090 illis
1166 3061 1188 3089 ¹.
1210 3060 1237 3095 C
1258 3055 1361 3089 sione
1381 3068 1419 3090 se
1441 3055 1562 3103 ipsum
1589 3055 1731 3091 invenit
1750 3056 1863 3092 homo
1882 3066 2038 3106 propter
2059 3059 2256 3096 infirmita·

195 3117 277 3151 Non
306 3123 362 3150 est
384 3114 602 3164 indignum,
628 3114 704 3149 imo
733 3114 928 3159 festivum,
959 3114 1125 3150 recolere
1155 3114 1192 3150 iu

196 3182 337 3222 quanta
367 3172 596 3210 sublimitate
622 3174 738 3210 homo
759 3173 933 3210 conditus
963 3174 1082 3211 luerit.
1123 3174 1193 3209 Sed

1262 3122 1333 3149 tem
1365 3113 1552 3161 jacentem
1584 3116 1620 3151 in
1649 3115 1810 3152 stabulo.
1841 3116 2036 3154 Stabulum
2060 3120 2255 3167 quidest?

1261 3174 1424 3210 Mundus
1436 3183 1503 3210 est.
1519 3178 1561 3211 Et
1576 3183 1732 3225 propter
1744 3176 1960 3225 pecorinam
1975 3178 2256 3215 similitudinem

251 3318 258 3332 ¹
283 3313 509 3349 l‘sal.111vnr.
537 3318 590 3352 13,
613 3318 667 3346 21.
691 3332 729 3335 —
752 3321 761 3335 ²
777 3313 879 3344 Galat.
901 3317 1061 3351 v1,‡’..--
1091 3311 1104 3334 3
1119 3312 1212 3343 Eccli.
1229 3323 1248 3342 x
1266 3337 1272 3347 .
1290 3316 1323 3343 9.

247 3373 259 3387 ⁸
276 3370 360 3401 Alias
376 3395 383 3408 ,
404 3371 520 3403 incola.
541 3391 580 3396 —
597 3367 611 3388 ¹¹
626 3373 711 3404 Alias
723 3396 730 3409 ,
748 3371 941 3402 necessitate.
957 3389 997 3394 -
1020 3376 1033 3392 Ε
1051 3371 1135 3402 Alias
1150 3396 1155 3409 ,
1179 3369 1355 3402 ἰὐΙιιΙιΙαΙσ.
