2504 3928
353 124 427 160 319
1122 125 1414 160 Giuffissizn'ri
1443 126 1640 161 animus
2324 130 2400 166 320

354 199 447 234 tiens
465 197 645 233 fomitem.
661 196 919 232 sollicitudine
939 205 1069 242 exuta,
1092 198 1220 235 dilecti
1245 199 1339 236 libe·
1354 198 1396 216 '³⁷
1410 199 1552 245 oblata,
1570 201 1626 236 vel
1642 209 1788 249 parata,
1805 201 1840 237 in
1858 215 1965 238 usum
1983 203 2120 239 amoris
2133 231 2143 249 ,
2158 204 2194 240 in
2211 205 2400 254 sapientiae

356 257 429 292 rius
449 263 572 304 captat
595 267 731 303 sponsa
756 255 933 290 l'avorem.
952 256 1220 305 Imaginatione
1241 259 1344 307 quasi
1365 264 1392 296 Α
1414 260 1715 303 meditationem,
1729 260 1763 295 in
1783 260 1906 296 dilecti
1929 262 1984 297 vel
2004 262 2193 310 quaerendi
2212 264 2395 310 studium,

355 315 536 351 velamine
559 321 706 348 tenetur
725 313 957 357 intellectus,
982 327 1026 350 ne
1050 315 1232 352 sinceram
1254 330 1346 352 con-

355 374 555 422 templetur
589 371 798 407 veritatem.
834 375 1029 408 Honorum
1059 382 1095 408 et
1125 374 1344 423 dignitatum

354 432 509 467 allectus
534 429 751 465 obvolvitur
773 431 909 479 pallio,
935 444 980 466 ne
1009 431 1124 468 libere
1152 443 1281 482 pergat
1308 435 1344 470 in

353 503 395 525 ea
420 502 503 538 quae
533 489 598 524 Dei
624 497 722 524 sunt.
745 489 966 526 Sollicitudo
987 504 1135 527 onmem
1164 492 1199 527 in
1224 493 1346 528 anima

355 548 517 584 laetitiam
541 546 757 592 obnubilat,
780 548 993 598 imaginatio
1010 549 1207 595 obscurat,
1226 551 1346 587 honor

356 617 483 645 tentat.
504 612 543 644 ln
560 609 682 658 primo
702 607 864 644 tent-luxu
877 637 887 654 ‚
908 610 944 644 in
962 610 1127 646 secundo
1147 611 1342 656 illecebrae,

355 669 389 704 in
412 669 521 704 tertio
540 667 656 704 labor.
681 672 720 704 lu
744 669 865 717 primo
882 670 1021 717 caligo,
1041 670 1075 705 in
1095 671 1259 707 secundo
1280 685 1344 707 eu—

353 727 508 776 piditas,
531 728 568 763 in
596 727 705 762 tertio
730 741 830 762 ctu·a.
858 730 1026 763 Tulcrtmt
1043 732 1202 776 pallium
1224 744 1343 764 meum

353 789 518 823 custodes
539 800 735 822 [lucrorum.
761 787 851 822 Boni
870 787 1066 823 custodes:
1090 788 1184 824 bene
1207 797 1344 824 norunt

353 847 413 882 cui
439 859 611 882 curarum
638 845 905 894 impedimenta
934 846 1087 891 tollant,
1114 861 1225 895 quam
1248 861 1342 883 exo-

355 913 485 941 nerent
505 904 665 940 animam
683 932 692 949 ‚
716 913 752 940 ct
772 904 816 940 ad
839 904 1088 941 deliciandum
1106 920 1188 942 cum
1206 906 1342 942 dilecto

1413 319 1468 354 vel
1498 319 1639 354 inventi
1671 320 1909 368 complexum
1944 329 2020 356 tota
2054 330 2242 358 converte.
2266 323 2331 359 llis
2364 332 2399 360 et

1413 377 1626 425 hujusmodi
1649 378 1893 414 hortamentis
1912 380 2078 415 tulerunt
2098 381 2252 429 pallium
2275 395 2397 418 meum

1411 436 1583 472 custodes
1605 449 1810 471 murorum.
1833 437 2012 473 Custodes
2029 438 2086 474 isti
2103 447 2189 474 sunt
2204 439 2249 475 de
2264 439 2399 488 quibus

1410 494 1460 529 ait
1482 495 1591 530 Isaias
1609 509 1616 530 :
1635 497 1886 542 .S'1qu·1·111n1·05
1902 498 2106 532 Jerusalem
2124 500 2289 533 custodes
2309 512 2398 534 con-

1409 559 1527 599 stimi,
1554 564 1628 589 tum
1647 556 1706 588 dia
1724 564 1759 589 et
1779 563 1855 589 com
1879 564 1983 590 nocte
2006 569 2078 590 mm
2099 556 2269 592 tacebunt
2282 563 2308 592 ².
2327 557 2397 595 Sed

1412 613 1562 662 nosjam
1579 613 1637 649 hic
1654 622 1857 658 taceamus;
1879 622 2065 650 taceamus
2080 628 2099 650 a
2114 628 2287 651 sermone
2303 616 2374 652 hoc
2388 645 2398 662 ‚

1410 674 1622 708 orationum
1644 680 1681 707 et
1701 671 1851 707 laudum
1874 672 1998 708 debita
2018 674 2224 719 solventes,
2243 687 2307 710 ore
2326 675 2397 711 ali-

1410 732 1562 780 quando
1594 731 1757 775 tacituri,
1782 731 1907 767 animo
1933 745 2082 781 semper
2110 733 2309 770 reddentes
2335 747 2398 770 so-

1410 791 1544 826 lemnia
1580 791 1730 826 laudum
1767 792 1929 827 Domino
1954 796 2061 836 Jesu,
2091 793 2166 840 regi
2195 801 2231 828 et
2259 806 2398 842 sponso

1409 850 1548 885 coelesti
1573 863 1639 898 per
1665 851 1809 886 inlinita
1840 851 1973 886 saecula
2003 851 2237 887 saeculorum.
2262 856 2395 888 Amen.

354 977 422 999 suo
447 963 602 999 reddant
625 964 837 1012 expeditam
865 963 910 999 ad
936 964 1218 1010 delectandum,
1241 974 1277 1000 et
1297 966 1341 1001 ad
1363 967 1387 999 B
1407 987 2398 997 ---------------------------------------------------------------------

351 1022 609 1070 qurerendtun.
626 1026 716 1058 Nam
732 1022 947 1070 frequenter
959 1022 1132 1068 elabitur,
1148 1037 1216 1059 nee
1230 1025 1346 1072 quseri

352 1089 475 1129 potest
496 1081 564 1116 nisi
586 1081 762 1129 expedito
783 1082 932 1117 al'seetu.
963 1086 1112 1118 Norunt
1139 1096 1228 1131 crgo
1254 1083 1343 1119 boni

351 1140 545 1185 custodes,
567 1141 626 1176 cui
653 1149 806 1189 pareant
827 1141 873 1177 ab
895 1141 1076 1178 oneribus
1097 1151 1133 1177 et
1153 1143 1342 1179 actionum

350 1199 528 1248 angustiis
555 1199 829 1247 molestiisque,
854 1207 895 1234 ut
917 1199 1126 1248 expeditius
1154 1200 1190 1235 in
1212 1214 1344 1236 occur-

349 1270 429 1293 sum
446 1258 737 1307 amplexumque
754 1266 960 1306 properent
977 1258 1100 1303 verbi,
1116 1259 1173 1293 eui
1191 1259 1342 1307 pallium

349 1318 651 1365 persuasionibus
671 1318 844 1353 auferant
867 1318 955 1354 suis.
981 1321 1086 1353 Exui
1107 1331 1178 1362 me,
1199 1318 1342 1366 inquit,

350 1381 475 1411 Ῑιιιιὶᾱι
493 1390 575 1411 mea
591 1383 614 1411 ¹.

401 1436 435 1471 8.
461 1438 541 1471 lloc
561 1434 712 1484 quidem
735 1435 771 1470 in
794 1434 1066 1480 anterioribus,
1089 1448 1189 1471 nunc
1218 1444 1340 1471 autem

349 1493 437 1530 dicit
460 1509 466 1529 :
493 1496 667 1529 Tuleruue
684 1496 843 1540 pallium
869 1508 1002 1530 [neum.
1031 1494 1148 1531 Nudae
1175 1503 1211 1530 et
1238 1508 1342 1543 purfe

348 1566 387 1589 se
409 1553 657 1602 simplicitatis
686 1553 911 1597 innotescit,
935 1562 971 1589 et
994 1553 1114 1589 libero
1141 1553 1275 1589 affectu
1303 1554 1339 1589 in

349 1613 487 1649 amoris
508 1613 678 1662 negotiis.
708 1616 881 1648 Tulemmt
896 1616 1056 1660 pallium
1082 1627 1221 1655 meum,
1244 1626 1342 1661 quo-

348 1672 431 1707 dam
449 1671 562 1707 modo
580 1672 746 1708 dicentes
766 1686 772 1707 z
793 1672 890 1719 Quid
908 1673 1118 1721 compedita
1131 1673 1228 1708 curis
1244 1686 1343 1721 quac·-

1647 1108 1897 1163 SERMO
1962 1109 2165 1164 XLVI.

1409 1248 1532 1291 Aaeljuro
1546 1260 1619 1285 fros,
1632 1248 1714 1291 filim
1734 1247 1906 1278 Jerusalem
1918 1271 1927 1284 ,
1945 1248 1970 1277 si
1989 1247 2163 1277 [avenel-ilis
2180 1244 2325 1277 dilectum
2337 1271 2346 1284 ,
2364 1255 2396 1278 ut

1456 1303 1644 1332 annuntietis
1663 1303 1690 1332 ei
1710 1301 1781 1345 qula
1806 1312 1910 1331 amore
1926 1299 2064 1343 langueo
2078 1324 2087 1337 ,
2110 1307 2167 1332 etc.
2186 1301 2304 1332 Cantic.
2326 1311 2394 1343 cap.

1457 1365 1489 1391 v,
1511 1352 1549 1390 j.
1568 1358 1599 1385 8.

1796 1428 2008 1442 »QDDDQ-r—

1464 1556 1493 1591 1.
1510 1555 1613 1592 Ordo
1630 1554 1870 1590 conveniens.
1892 1557 1980 1590 Post
2000 1553 2300 1590 exhortationem
2321 1553 2394 1590 do-

1407 1623 1552 1650 ctorum
1565 1642 1574 1659 ,
1591 1614 1804 1650 orationum
1819 1626 1839 1649 a
1853 1612 2042 1649 sodalibus
2057 1613 2232 1661 suffragia
2247 1612 2397 1649 videtur

1409 1686 1563 1721 rogare-3
1587 1686 1655 1708 nec
1680 1672 1898 1720 simpliciter
1920 1684 2073 1720 rogare,
2094 1671 2158 1707 sed
2177 1684 2260 1707 cum
2282 1670 2393 1707 obse-

347 1731 396 1766 ris
422 1731 623 1767 dilectum?
645 1731 733 1779 quid
758 1731 836 1766 istis
859 1740 892 1767 te
913 1731 1109 1767 convolvis
1137 1732 1338 1767 molestiis?
1356 1734 1382 1769 C
1402 1732 1580 1768 erationis
1597 1732 1848 1767 obtestatione
1869 1745 1876 1766 ε
1902 1733 2044 1775 Adsum
2066 1730 2264 1776 vos‚filioe
2282 1730 2393 1765 Jeru-

348 1792 384 1827 Si
406 1803 481 1825 non
503 1790 652 1839 penitus
673 1790 833 1839 deponis
850 1791 1034 1834 officium,
1054 1804 1121 1826 cur
1142 1804 1217 1825 non
1239 1791 1339 1826 solli-

347 1847 532 1884 citudines
552 1848 597 1884 ad
618 1849 748 1884 horam
769 1849 899 1884 saltem
917 1849 1093 1897 seponis?
1111 1852 1192 1885 Non
1212 1848 1338 1884 detra-

344 1915 486 1943 etamus
503 1907 654 1949 studiis,
673 1907 736 1943 sed
755 1908 940 1943 instantiae
958 1908 1133 1943 volumus
1153 1907 1336 1944 detrahas.

346 1966 429 2002 Noli
464 1966 693 2002 nimietatem
727 1974 912 2014 quaestus,
951 1965 1180 2002 necessitatis
1218 1965 1336 2001 verbo

344 2033 563 2074 praetexere.
593 2025 692 2072 Quid
721 2024 862 2060 bonum
889 2025 926 2061 in
957 2033 991 2060 te
1021 2025 1110 2060 sinis
1144 2024 1335 2073 ingenium

344 2085 502 2120 terrenis
537 2085 675 2119 obrui?
711 2083 802 2132 quid
834 2084 916 2119 illos
948 2083 1158 2127 aemularis,
1195 2083 1259 2130 qui
1299 2083 1335 2117 in

342 2142 549 2178 honoribus
577 2142 710 2190 positi,
734 2141 916 2189 jumentis
945 2149 1233 2190 comparantur,
1263 2149 1336 2175 ter-

341 2201 440 2237 renis
469 2201 637 2244 inhiant,
665 2209 812 2236 terrena
839 2200 1045 2243 mandunt,
1066 2200 1190 2235 studio
1212 2201 1331 2234 rumi-

339 2269 450 2304 nant,
469 2268 604 2295 vorant
624 2260 780 2303 affectu,
805 2267 1000 2307 ponuntur
1019 2259 1053 2293 in
1077 2258 1247 2302 sublimi,
1269 2258 1332 2294 sed

337 2320 557 2355 volutantur
587 2318 623 2353 in
653 2317 766 2352 limo?
803 2317 884 2353 Noli
909 2317 1074 2353 annulari
1104 2317 1141 2352 in
1167 2317 1244 2352 istis
1267 2330 1333 2352 ve—

339 2376 599 2421 hementibus;
631 2389 697 2411 nec
726 2375 904 2411 zelaveris
933 2376 1028 2410 hanc
1058 2375 1233 2411 facientes
1259 2375 1332 2410 ini-

339 2437 531 2486 quitatem.
551 2440 609 2472 An
628 2448 704 2471 non
728 2435 905 2482 iniquitas
925 2442 962 2469 et
982 2434 1212 2482 insequalitas
1232 2434 1331 2469 mul-

1403 1794 1541 1834 salem,
1563 1794 1593 1825 si
1612 1793 1819 1825 inveneritis
1841 1791 2013 1824 dilectum
2022 1816 2034 1833 ,
2059 1799 2097 1824 ιιι
2118 1792 2344 1823 annuntietis
2363 1791 2396 1822 ei

1403 1855 1491 1897 quia
1525 1863 1650 1884 amore
1681 1852 1849 1896 langueo,
1884 1847 2082 1895 Adjuratio
2119 1847 2393 1883 vehementiam

1403 1908 1585 1958 precandi
1612 1908 1834 1944 manifestat.
1863 1906 1984 1943 Anxia
2009 1915 2097 1942 vota
2126 1905 2201 1942 suis
2221 1906 2394 1942 nesciunt

1402 1981 1482 2004 esse
1499 1975 1675 2004 contenta
1697 1967 1839 2003 meritis
1860 1981 1867 2002 :
1891 1966 1975 2002 ideo
1997 1966 2126 2002 alienae
2147 1965 2268 2014 precis
2293 1977 2394 2001 men-

1402 2028 1527 2063 dicant
1553 2027 1742 2075 suffragia.
1773 2026 1940 2062 Perfecta
1965 2025 2154 2061 humilitas
2182 2023 2227 2060 de
2253 2023 2394 2060 meritis

1401 2100 1549 2134 semper
1573 2087 1702 2122 alienis
1730 2086 1935 2135 praesumit.
1957 2086 2101 2130 Adjnro
2131 2098 2221 2129 vos,
2247 2083 2390 2132 inquit,

1388 2146 1488 2190 filice
1504 2147 1709 2180 Jerusalem
1721 2173 1729 2188 ‚
1744 2148 1776 2179 si
1791 2148 2001 2179 ilem-neritis
2015 2147 2203 2179 dilectum.
2219 2143 2394 2181 Conditio

1400 2204 1485 2249 ista*¹
1502 2217 1576 2239 non
1610 2202 1815 2239 dubitantis
1844 2212 1919 2247 est,
1952 2203 2017 2239 sed
2051 2210 2391 2251 temperamentum

1399 2262 1564 2309 rogantis
1580 2276 1586 2296 :
1605 2275 1646 2297 ac
1663 2262 1689 2297 si
1706 2261 1823 2307 (licat,
1838 2264 1870 2296 si
1885 2266 2110 2304 itzvenm‘iti.s·,·
2126 2261 2196 2296 hoc
2215 2269 2288 2305 est,
2308 2273 2392 2296 cum

1399 2321 1617 2356 inveneritis
1633 2335 1640 2356 ε
1656 2321 1962 2357 conditionaliter
1982 2319 2173 2369 suspendo
2187 2348 2197 2365 ,
2217 2332 2292 2355 non
2313 2332 2390 2356 am-

1398 2379 1529 2428 bigens
1552 2380 1596 2415 de
1620 2380 1838 2415 inventione
1861 2389 1983 2415 vestra
2001 2408 2010 2423 ,
2033 2380 2097 2415 sed
2120 2379 2234 2427 magis
2253 2391 2391 2415 consu-

1399 2439 1479 2475 lens
1506 2439 1752 2475 verecundize.
1780 2443 1871 2475 Nam
1899 2439 1968 2474 sul)
1993 2438 2211 2474 conditione
2237 2436 2390 2485 ancipiti

339 2505 372 2532 ta
388 2495 452 2541 ‚ad
471 2495 684 2531 transitoria
702 2495 888 2529 intensum
909 2493 1127 2541 impendere
1144 2493 1309 2528 animum
1324 2521 1332 2536 ‚
1352 2502 1383 2535 D
1400 2497 1478 2533 haec
1506 2497 1614 2533 vobis
1640 2497 1709 2532 (lici
1733 2497 2003 2545 tmnpcrantius
2034 2496 2170 2532 auditis
2185 2524 2194 2541 ‚
2222 2508 2333 2544 quam
2361 2495 2391 2530 si

337 2554 383 2590 ad
417 2562 554 2589 ceterna
582 2553 803 2589 remissum?
828 2551 926 2599 Quid
949 2551 1052 2600 quod
1082 2564 1157 2587 non
1185 2564 1334 2600 semper

339 2612 540 2648 intendunt
578 2611 769 2660 negotiis?
801 2610 898 2657 Quid
936 2609 1039 2659 quod
1071 2610 1221 2658 quidam
1264 2609 1333 2646 snb

338 2672 496 2707 obtentu
524 2670 772 2720 providentiae
802 2670 1055 2713 necessitatis,
1082 2677 1119 2705 et
1144 2668 1191 2704 ab
1219 2682 1333 2718 opere

340 2743 518 2766 manuum
531 2758 540 2774 ,
559 2737 596 2765 et
612 2743 632 2765 a
657 2728 898 2764 meditatione
918 2742 960 2764 ac
982 2727 1106 2764 studio
1124 2727 1333 2764 scrutandae

339 2789 504 2824 veritatis
530 2796 708 2824 excusant
741 2801 807 2833 se,
842 2788 926 2836 plus
957 2786 1047 2822 dant
1084 2786 1330 2835 negotiationi

340 2862 450 2896 quam
471 2848 586 2896 quieti
603 2863 612 2892 ;
631 2849 716 2896 plus
736 2847 948 2883 scurrilitati
971 2846 1195 2891 verborum,
1218 2860 1330 2895 quam

340 2906 541 2955 Scripturae
575 2919 686 2941 sacrae
722 2906 940 2951 collationi;
976 2906 1060 2954 plus
1100 2905 1178 2941 otio
1217 2919 1329 2954 quam

341 2966 472 3014 operi?
496 2969 664 3001 Fratrum
694 2965 863 3001 oslicinas
890 2966 1125 3001 circumeunt
1145 2973 1180 3001 et
1202 2966 1329 3011 cellas,

343 3026 482 3068 otiose,
515 3024 683 3068 curiose,
711 3023 881 3061 verbose.
912 3025 995 3062 Noli
1021 3024 1185 3060 aemulari
1215 3025 1252 3060 in
1281 3025 1332 3060 sic

341 3083 636 3133 negotiantibus,
655 3096 722 3119 nec
752 3084 787 3119 in
817 3084 867 3119 sic
896 3084 1113 3121 otiantibus.
1144 3084 1248 3129 Otia,
1273 3084 1330 3120 vel

395 3214 402 3228 ¹
419 3208 536 3238 Cantic.
553 3220 583 3243 v,
607 3211 636 3238 3.
714 3214 725 3228 ²
746 3208 814 3237 lsai.
833 3219 914 3243 ixii,
939 3214 967 3237 (ἱ.

1401 2556 1546 2592 dicatur
1565 2557 1740 2605 praecise,
1762 2558 1852 2592 Cum
1874 2555 2107 2592 inveneritis.
2132 2559 2213 2592 Non
2235 2562 2388 2591 veretur

1400 2628 1446 2651 ne
1471 2616 1728 2664 suspensivam
1757 2615 1988 2665 rogationem
2021 2614 2066 2650 ad
2098 2613 2274 2662 injuriam
2312 2621 2390 2648 tra-

1399 2673 1488 2709 hant
1510 2688 1516 2708 ι
1542 2674 1644 2709 novit
1670 2674 1938 2710 verecundiam
1967 2674 2126 2709 [iliarum
2153 2672 2360 2709 Jerusalem
2377 2699 2387 2716 ,

1399 2732 1505 2767 novit
1525 2732 1703 2767 humilem
1723 2733 1895 2781 spiritum
1913 2761 1922 2777 ,
1940 2740 1976 2768 et
1995 2731 2099 2781 quod
2123 2739 2292 2767 tenerum
2315 2743 2388 2779 pu-

1399 2791 1529 2826 dorem
1566 2792 1649 2839 plus
1682 2791 1832 2827 lfederet
1863 2792 2015 2841 praecisa
2050 2790 2244 2835 definitio,
2276 2802 2386 2838 quam

1397 2863 1574 2898 suspensa
1596 2851 1774 2886 conditi0.
1793 2853 1848 2893 Si,
1869 2851 2011 2900 inquit,
2031 2852 2247 2885 inveneritis.
2270 2848 2386 2893 Dico,

1396 2913 1428 2944 si
1444 2913 1672 2951 im›em·1·iti.s·‚·
1693 2923 1768 2945 non
1788 2910 1872 2945 dico
1888 2938 1896 2954 ‚
1922 2914 2013 2947 Cum
2036 2907 2266 2945 inveneritis.
2288 2906 2385 2944 Illud

1397 2967 1480 3003 dico
1495 2995 1504 3012 ‚
1523 2967 1586 3003 scd
1609 2967 1705 3003 istud
1732 2967 1912 3015 intelligo.
1939 2971 1994 3003 De
2013 2979 2096 3003 meo
2116 2966 2253 3002 al'feetu
2273 2963 2387 3000 dubi-

1400 3026 1489 3062 tatio
1518 3025 1587 3061 ista
1623 3039 1698 3061 non
1733 3025 1885 3075 prodit,
1915 3025 1978 3061 sed
2011 3024 2159 3061 affectui
2194 3032 2319 3060 vestro
2352 3030 2388 3060 et

1397 3084 1616 3121 humillimae
1639 3084 1904 3122 existimationi
1929 3084 1974 3120 de
2001 3083 2108 3121 vobis
2129 3083 2217 3133 ipsis
2244 3095 2385 3119 morem
