2418 3949
146 121 219 158 605

146 256 376 292 subsannet?

190 385 238 414 Ne
252 407 258 420 ,
280 393 349 413 cum
364 381 442 412 forte
458 390 527 410 suas
540 379 705 421 repetitum
722 379 839 410 venerit
852 379 926 409 olim

190 438 274 466 Grex
293 436 395 466 avium
412 434 532 475 plumas
547 456 554 471 ‚
576 438 698 463 moveat
712 432 870 463 cornicula
886 431 981 462 risum

192 489 325 520 Furtivis
347 488 461 518 nudata
481 485 639 517 coloribus
655 490 676 516 ¹.

144 608 260 658 Magis
275 616 397 644 autem
416 618 571 654 magnus
587 605 650 641 ille
667 603 854 654 propheta
873 611 909 639 et
924 603 1009 652 plus
1023 614 1135 650 quam

144 667 329 717 propheta
360 664 577 701 terribiliter
609 664 799 712 increpet,
839 661 966 698 dicens
988 675 995 698 :
1023 663 1137 696 Geni-

143 731 244 762 mina
259 729 490 773 viperarum,
509 727 592 769 quis
609 723 874 756 demonstravit
891 718 1138 767 vobi5sugere

142 798 167 820 a
182 792 336 821 ventura
354 788 412 818 ira
428 788 440 802 ²
453 783 467 816 ἐ’
482 780 557 818 Ubi
580 781 680 816 enim
698 788 785 816 sunt
808 779 1040 828 poenitentiae
1064 778 1138 814 sru-

142 844 250 880 ctus?
270 845 362 879 Cum
392 840 576 888 coeperint
603 851 798 887 resurgere
824 839 996 874 homines
1016 849 1136 873 unus·

142 902 302 952 quisque
328 901 366 937 in
396 899 530 936 ordine
559 912 650 943 suo,
673 897 761 941 ubi,
787 906 916 946 putas,
947 897 1138 946 generatio

761 116 1106 152 DECLAMATION
1115 114 1165 148 Es
1192 112 1261 148 EX
1290 112 1348 146 BE
1356 112 1449 146 RNA
1457 113 1569 146 RDO.

145 197 264 246 copiis
280 195 438 232 affluunt
458 194 578 230 otiosi.
596 197 651 230 An
671 205 746 229 non
767 193 900 229 merito
918 193 1006 229 tales
1026 186 1176 240 poetam

1153 251 1183 283 A
1237 258 1313 285 xll.
1337 272 1381 277 —-
1404 254 1569 285 Excusatio
1587 253 1672 295 quod
1691 254 1814 284 nonnisi
1831 252 1992 284 manifesta
2007 253 2165 294 loquatur.

2113 111 2146 143 6(
2153 111 2187 143 lo

1259 367 1316 403 13.
1336 370 1454 403 Nemo
1472 373 1596 401 tamen
1619 365 1839 413 indignetur
1856 364 1985 409 nobis,
2004 373 2069 401 aut
2086 365 2205 401 molc-

1201 434 1255 462 ste
1272 425 1430 474 accipiat
1446 437 1529 473 quae
1547 424 1736 459 dicuntur.
1754 424 1789 461 Si
1808 432 1958 460 sanctus
1975 432 2051 469 est,
2068 433 2105 460 et
2127 425 2199 460 mi-

1204 485 1305 521 nime
1325 484 1394 520 sibi
1422 483 1593 519 conscius
1621 483 1755 518 borum
1772 511 1780 526 ‚
1805 483 2112 532 congratulamur
2140 484 2171 520 ei
2193 498 2200 519 :

1203 544 1328 580 doleat
1339 552 1375 579 et
1388 543 1467 592 ipse
1485 541 1679 577 nobiscum
1694 541 1730 576 in
1746 540 1919 590 pluribus
1937 542 2012 578 haec
2026 543 2199 579 inveniri.

1202 607 1278 640 'Nec
1308 603 1408 638 enim
1441 601 1652 637 revelamus
1687 612 1787 635 nunc
1825 600 1970 635 occulta
1997 600 2205 645 dedecoris,

1202 676 1271 699 nec
1301 661 1484 711 parietem
1517 659 1705 702 fodimus,
1739 667 1780 694 ut
1813 657 2044 695 abominatio
2082 659 2205 708 major

1203 718 1421 771 appareat8.
1444 719 1596 755 Nullum
1626 717 1748 753 adhuc
1780 717 1825 752 de
1847 717 2095 754 fornicatione
2116 720 2202 755 seci-

1204 794 1285 817 mus
1297 778 1475 824 verbum,
1493 778 1666 827 quamvis
1683 786 1720 813 et
1738 777 1815 812 haec
1835 777 1870 812 in
1892 776 2017 812 multis
2036 778 2144 814 etiam
2165 788 2202 815 et

1204 838 1464 888 multipliciter
1484 845 1635 885 regnet,
1660 836 1724 885 qui
1749 836 1923 885 puritatis
1946 837 2112 882 auctori,
2129 838 2202 874 im-

1206 912 1302 948 puro
1331 897 1446 934 corde
1467 905 1504 932 et
1530 909 1692 945 corpore
1726 896 1997 940 ministrantes,
2024 908 2100 932 non
2135 909 2202 932 ve-

140 962 209 999 ista
239 958 451 997 locabitur?
471 958 507 995 Si
529 957 576 994 ad
603 957 740 993 milites
772 957 868 992 forte
891 956 1134 998 diverterint,
1159 956 1184 989 B
1204 966 1336 994 rentur
1354 964 1452 992 stare
1483 963 1568 991 ante
1600 954 1774 1003 angelum
1809 954 1983 1000 Domini,
2006 955 2070 1003 qui
2101 964 2201 992 secet

142 1018 396 1057 exsufflabunt
415 1030 479 1054 eos
496 1045 506 1062 ‚
524 1016 627 1066 quod
643 1016 795 1052 minime
817 1029 942 1052 seeum
969 1014 1138 1051 laborem

140 1089 204 1118 aut
231 1079 395 1130 pericula
423 1077 631 1114 tolerarint.
657 1076 716 1112 Sic
735 1075 927 1124 agricolae3
948 1076 999 1112 sic
1020 1087 1140 1123 nego-

143 1141 313 1185 tiatores,
333 1147 370 1175 et
390 1137 526 1186 singuli
548 1136 690 1185 quique
720 1134 873 1171 ordines
896 1134 1091 1171 hominum
1117 1147 1138 1170 a

142 1200 218 1237 suis
236 1211 300 1236 eos
321 1198 491 1235 similiter
521 1195 703 1232 arcebunt
729 1193 885 1239 finibus,
912 1203 1043 1243 utpote
1072 1194 1136 1242 qui

141 1260 178 1296 in
213 1259 407 1296 hominum
439 1256 568 1293 labore
603 1269 679 1292 non
713 1255 862 1291 suerint.
896 1254 995 1302 Quid
1025 1255 1138 1303 igitur

142 1327 274 1365 restat,
295 1318 366 1355 nisi
387 1325 428 1354 ut
443 1329 538 1365 quos
566 1316 689 1352 omnis
712 1314 808 1350 ordo
829 1314 977 1363 repellit
994 1314 1138 1363 pariter

141 1386 179 1413 et
197 1384 368 1421 accusat,
397 1388 484 1411 eum
520 1374 728 1410 sortiantur
753 1373 899 1416 locum,
923 1371 988 1408 ubi
1010 1371 1136 1407 nullus

141 1435 256 1481 ordo,
278 1433 343 1471 sed
359 1433 612 1482 sempiternus
634 1432 772 1467 horror
791 1430 1004 1466 inhabitat?

375 1564 436 1592 XI.
457 1580 499 1583 ——
515 1563 563 1591 De
586 1559 689 1591 officio
706 1559 899 1590 clericorum.

197 1672 256 1710 12.
276 1677 333 1710 An
355 1672 450 1708 forte
470 1671 516 1708 ad
531 1671 753 1707 electionem
778 1670 868 1706 cleri
890 1669 1053 1706 audeant
1067 1668 1134 1704 ad-

1206 1015 1349 1052 medios
1371 1024 1408 1051 et
1430 1013 1622 1064 disperdat
1635 1020 1650 1043 9
1669 1027 1675 1048 :
1697 1013 1761 1049 sed
1780 1014 1936 1049 omnino
1951 1013 2091 1050 audent
2104 1016 2202 1063 Agni

1207 1074 1436 1112 immaculati
1458 1086 1581 1110 sacras
1601 1073 1822 1122 contingere
1848 1085 1979 1108 carnes
1993 1100 2002 1117 ,
2026 1081 2063 1108 et
2083 1073 2201 1108 intin-

1203 1149 1289 1185 gere
1329 1135 1367 1171 in
1403 1134 1582 1183 sanguine
1617 1132 1820 1170 Salvatoris
1855 1144 1987 1168 manus
2019 1132 2197 1177 nefarias,

1203 1195 1342 1245 quibus
1364 1195 1480 1243 paulo
1505 1201 1593 1229 ante
1614 1205 1765 1237 carnes,
1788 1191 1885 1241 proh
1919 1191 2051 1228 dolor!
2074 1205 2200 1228 mere-

1204 1254 1331 1291 tricias
1351 1260 1622 1297 attrectarunt3
1639 1251 1691 1287 sic
1707 1250 1839 1286 altaria
1859 1250 2017 1286 circuire
2032 1278 2041 1294 ‚
2062 1251 2114 1286 sie
2131 1251 2205 1286 fre—

1203 1321 1387 1363 quentare
1411 1312 1575 1361 psalmos
1591 1339 1600 1355 ,
1617 1323 1702 1347 cuni
1721 1318 1758 1346 et
1780 1309 1968 1358 ejusmodi
1990 1309 2069 1345 laus
2092 1322 2203 1346 exse-

1203 1371 1365 1415 crabilis,
1379 1379 1416 1407 et
1431 1370 1551 1406 oratio
1567 1370 1614 1405 sit
1629 1370 1666 1405 in
1682 1377 1876 1418 peccatum
1899 1375 1939 1402 ¹⁰.
1962 1369 2034 1405 Sed
2051 1382 2119 1405 nec
2140 1382 2203 1406 eo-

1205 1444 1284 1467 rum
1298 1430 1486 1479 sacrilegia
1504 1441 1756 1473 recensemus,
1774 1427 1837 1476 qui
1855 1427 2017 1476 diligunt
2031 1441 2202 1474 munera,

1202 1498 1414 1539 sequuntur
1444 1488 1732 1533 retributiones,
1748 1486 1921 1524 vendunt
1943 1496 2177 1524 sacramenta
2190 1516 2200 1532 ‚

1197 1549 1384 1598 justitiam
1420 1549 1589 1598 produnt
1617 1561 1812 1597 :quorum
1850 1556 2002 1596 guttura
2036 1548 2199 1584 necdum

1203 1610 1316 1645 traxit
1336 1609 1381 1645 ad
1407 1610 1606 1658 laqueum,
1635 1607 1797 1644 necdum
1826 1606 2046 1656 praefocavit
2076 1608 2200 1643 fauces

1202 1667 1359 1704 verbum
1391 1667 1632 1717 blasphemiae
1646 1696 1655 1711 ‚
1676 1679 1753 1702 vox
1773 1666 1971 1715 sacrilega,
1989 1678 2112 1702 sermo
2136 1679 2203 1702 ne—

142 1732 285 1781 spirare
299 1733 314 1767 ?
327 1734 484 1780 Magnus
501 1731 599 1767 enim
619 1744 707 1766 vere
727 1743 858 1766 eorum
879 1730 982 1765 locus
1012 1729 1049 1765 in
1071 1742 1129 1764 re-
1146 1733 1171 1767 C
1196 1741 1330 1777 quam,
1356 1729 1459 1773 Quid
1478 1730 1585 1763 valiis
1606 1727 1694 1761 milti
1709 1729 1800 1761 clare
1816 1753 1824 1769 ‚
1842 1735 1875 1761 et
1895 1740 1960 1774 ego
1989 1725 2092 1761 vobis
2120 1740 2202 1761 eum

142 1804 216 1840 gno
237 1790 336 1828 Dei:
362 1798 399 1827 et
417 1790 561 1827 bonum
595 1790 685 1835 sibi,
707 1789 772 1825 sed
801 1790 865 1838 qui
897 1788 992 1825 bene
1021 1788 1133 1824 mini—

143 1849 343 1887 straverint
357 1878 366 1894 ,
394 1849 550 1898 gradum
569 1849 769 1897 acquirunt
784 1846 809 1884 3.
834 1850 1017 1885 Caeterum
1045 1860 1134 1883 suus

143 1919 180 1946 et
202 1910 292 1958 ipsis
313 1922 381 1945 nec
407 1909 578 1945 modicus
604 1908 710 1944 labor
731 1921 810 1944 esse
834 1907 995 1952 videtur,
1020 1915 1057 1943 et
1076 1906 1135 1942 di-

144 1967 251 2005 cebat
266 1968 331 2018 qui
345 1969 429 2018 plus
449 1967 624 2004 omnibus
650 1967 834 2004 laboravit
855 1982 862 2004 ε
889 1970 962 2013 Qui
982 1981 1054 2002 ηυιι
1073 1969 1133 2001 Ια-

143 2028 269 2074 borat,
291 2042 365 2064 non
395 2030 592 2063 manducet
606 2028 632 2063 ⁴.
660 2030 707 2063 Et
734 2030 844 2063 Petro
877 2026 1018 2063 dictum
1047 2035 1131 2063 est:

143 2091 271 2125 Slmon
292 2089 468 2132 loannis,
499 2102 602 2124 amas
632 2091 718 2124 me?
738 2101 854 2136 pasce
881 2101 961 2122 oves
990 2101 1091 2122 meas
1107 2086 1133 2124 ⁵.

143 2147 324 2196 Idemque
338 2147 448 2183 tertio
464 2147 663 2196 repetitum
680 2162 689 2192 ;
707 2147 816 2182 tertio
825 2145 979 2191 dictum,
997 2147 1136 2190 Pasce;

144 2219 213 2242 nec
238 2206 383 2254 Mulge,
405 2219 470 2242 seu
501 2205 632 2242 Tonde
656 2206 713 2242 vel
742 2206 854 2242 semel
875 2205 1045 2241 additum
1064 2214 1132 2243 est.

144 2268 276 2314 Speret
295 2278 385 2314 ergo
409 2264 581 2314 discipuli
601 2265 724 2300 locum
739 2293 748 2309 ‚
773 2264 930 2313 gradum
950 2264 1133 2308 ministri,

144 2324 207 2373 qui
240 2324 470 2360 dominicum
503 2337 654 2373 pascere
677 2337 825 2373 gregem
847 2324 997 2372 satagit,
1021 2337 1132 2372 quam

144 2384 300 2421 tondere
316 2399 323 2421 :
343 2397 495 2434 pascere
511 2397 601 2420 vero
624 2384 832 2433 tripliciter,
851 2384 1026 2433 exemplo
1045 2397 1136 2419 con-

145 2443 388 2488 versationis,
420 2442 538 2479 verbo
572 2443 869 2492 praedicationis,
900 2443 1020 2478 fructu
1048 2455 1139 2478 ora-

1200 1790 1347 1823 trcnlmn
1365 1794 1389 1808 ¹¹
1409 1786 1423 1823 ?
1446 1786 1624 1823 Videmus
1654 1785 1732 1822 liaec
1763 1785 1911 1830 onmia,
1934 1784 1998 1820 sed
2036 1785 2200 1834 quodam

1202 1847 1314 1884 modo
1344 1861 1420 1884 non
1441 1846 1611 1883 videntes
1626 1875 1635 1891 ,
1655 1846 1796 1895 qnippe
1819 1844 1956 1894 quibus
1977 1858 2045 1881 nec
2069 1845 2200 1894 flagel-

1201 1907 1276 1942 lum
1294 1915 1362 1952 est,
1375 1919 1443 1942 nec
1454 1906 1516 1941 ille
1529 1904 1732 1941 comedens
1744 1905 1856 1940 zelus.
1872 1903 2067 1940 Manifesta
2082 1904 2202 1953 loqui-

1201 1979 1297 2012 mur,
1315 1975 1352 2002 et
1372 1978 1455 2014 quae
1476 1965 1539 2000 vix
1557 1964 1671 2013 aliqui
1688 1963 1930 2000 erubescunt.
1950 1966 2144 2000 Postremo
2165 1972 2202 1999 et

1202 2039 1270 2062 nos
1290 2026 1328 2062 in
1354 2026 1455 2062 clero
1482 2025 1618 2061 suimus
1640 2039 1646 2060 :
1670 2024 1777 2060 liceat
1802 2023 1856 2059 vel
1881 2031 2007 2059 nostra
2027 2023 2198 2060 scrutari.

1240 2156 1331 2184 XIII.
1358 2170 1403 2176 —
1428 2151 1594 2194 Quomodo
1624 2151 1740 2181 intrent
1764 2150 1867 2182 elerici
1894 2149 1933 2180 ad
1958 2149 2163 2181 ecclesiastica

1619 2204 1781 2235 beneficia.

1259 2320 1316 2357 14.
1339 2322 1468 2355 Videte
1491 2322 1723 2355 vocationem
1746 2327 1907 2353 vestram
1923 2345 1933 2360 ‚
1968 2316 2020 2352 ait
2047 2324 2202 2352 vocatus

1203 2380 1410 2429 Apostolus
1426 2386 1466 2415 ¹².
1487 2377 1778 2416 Consideremus
1805 2385 1841 2412 et
1857 2389 1926 2412 nos
1938 2389 1984 2412 an
2003 2377 2126 2412 vocati
2142 2389 2204 2412 ve-

1206 2441 1393 2484 nerimus,
1418 2448 1455 2475 et
1471 2439 1593 2475 vocati
1620 2452 1641 2474 a
1660 2441 1740 2474 Deo
1755 2466 1763 2482 ,
1785 2437 1892 2485 cujus
1919 2436 2097 2472 nimirum
2128 2437 2206 2473 liaee

147 2503 279 2548 tionis,
318 2511 355 2539 et
386 2515 537 2552 pascere
575 2502 622 2538 ad
657 2502 873 2538 mandatum
904 2502 1061 2547 Christi,
1097 2511 1137 2538 ut
1159 2510 1187 2542 1)
1207 2500 1354 2536 vocatio
1371 2508 1438 2536 est.
1460 2502 1534 2536 Nec
1560 2511 1800 2534 communem
1824 2497 1938 2533 modo
1963 2497 2204 2533 vocationem

147 2574 259 2597 nemo
274 2560 345 2597 sibi
365 2560 463 2596 liunc
475 2569 596 2596 sumat
614 2561 811 2605 honorem,
825 2561 888 2597 sed
901 2561 965 2609 qui
984 2569 1138 2597 vocatus

149 2620 262 2656 suerit
279 2633 298 2656 a
314 2623 394 2656 Deo
423 2628 599 2668 tanquam
621 2625 744 2656 Aaron
757 2620 784 2656 ⁶.
805 2624 874 2657 Per
896 2634 981 2656 eum
1004 2634 1138 2670 nempe

149 2680 178 2716 si
206 2679 290 2728 quis
321 2679 532 2722 introierit,
556 2678 782 2723 salvabitur,
813 2688 850 2715 et
878 2680 1043 2715 inveniet
1071 2693 1139 2729 pa—

149 2752 248 2775 scua.
277 2738 313 2776 Si
334 2751 423 2774 vero
452 2738 661 2774 ascenderit
678 2739 830 2775 aliunde
844 2768 852 2784 ,
871 2740 982 2788 plane
1005 2739 1064 2775 sur
1085 2748 1139 2775 est

148 2807 184 2835 et
202 2799 298 2834 latro
315 2804 339 2833 7.
359 2802 481 2847 Atque
498 2798 640 2834 utinam
659 2798 717 2834 vet
738 2807 928 2847 quaeratur
943 2798 1020 2847 jam
1041 2798 1140 2836 inter

150 2857 447 2906 dispensatores,
471 2864 510 2892 ut
532 2855 650 2893 lidelis
665 2858 748 2906 quis
766 2858 990 2895 inveniatur.

1206 2561 1385 2605 dixerim,
1409 2573 1481 2608 qua
1513 2572 1602 2594 sane
1625 2557 1735 2606 juxta
1765 2557 1938 2592 cunulem
1971 2557 2204 2606 apostolum,

2033 2615 2097 2650 sed
2121 2615 2205 2664 quis

1209 2678 1400 2714 xoeaverit
1422 2690 1490 2712 nos
1507 2677 1543 2712 in
1566 2676 1748 2711 honorem
1776 2675 1864 2710 cleri
1882 2703 1891 2718 ,
1916 2675 2119 2710 convenire
2138 2687 2203 2710 ve-

1205 2634 1296 2668 (Juos
1320 2621 1605 2668 prtedestimwit
1619 2646 1627 2661 ‚
1651 2618 1714 2651 lms
1737 2626 1770 2651 ec
1788 2622 1931 2651 ror-avit
1949 2615 1978 2638 ¹3
1999 2629 2006 2650 ε

1208 2740 1269 2775 lim
1292 2736 1519 2773 conscientia
1537 2735 1793 2783 singulorum,
1818 2742 1856 2769 ut
1875 2733 2080 2769 secundum
2105 2746 2202 2782 prse-

1206 2806 1354 2847 ‹·eptum
1374 2796 1524 2833 Domini
1537 2795 1581 2831 ad
1599 2808 1665 2830 coi·
1678 2795 1885 2831 Jerusalem
1904 2794 2036 2842 loquat·
2054 2800 2093 2828 ¹⁴.
2111 2797 2204 2830 llinc

1206 2871 1305 2893 emm
1327 2856 1486 2905 parvulo
1505 2854 1626 2890 aillme.
1642 2883 1651 2898 ‚
1670 2861 1733 2889 aut
1750 2853 1902 2889 forsitan
1922 2852 2081 2888 necdum
2104 2862 2204 2897 nato,

1207 2916 1452 2952 (eclesiastica
1476 2913 1552 2962 jam
1575 2913 1754 2950 beneficia
1777 2912 1934 2962 provida
1955 2925 2042 2948 sane
2066 2925 2205 2961 paren-

1211 2986 1287 3012 tum
1323 2974 1534 3011 sollicitudo
1570 2974 1737 3023 parabat.
1762 2976 1870 3009 llune
1893 2986 1980 3015 nos,
2011 2973 2205 3020 i1.‹piiens,

201 3125 207 3139 ¹
228 3121 383 3156 Horatius.
406 3121 610 3163 Epistularum
633 3121 684 3152 lil).
708 3125 740 3154 1.
764 3121 852 3162 epist.
873 3123 904 3157 3,
926 3131 1005 3151 vers.
1029 3124 1140 3151 iti-20.
1168 3138 1196 3141 —
1234 3125 1244 3139 ²
1272 3122 1341 3149 1,ιιι·.
1373 3130 1423 3151 ιιι,
1447 3120 1476 3147 7.
1496 3134 1533 3138 —0
1560 3117 1571 3137 ³
1592 3120 1601 3146 1
1625 3117 1704 3147 lim.
1731 3127 1780 3150 ιιι.
1803 3120 1854 3147 13.
1872 3134 1911 3137 --
1935 3121 1946 3140 ⁴
1975 3119 2000 3146 ΙΙ
2023 3115 2130 3146 ἸΙιι·<ς.
2153 3127 2202 3148 ιιι.

156 3177 207 3203 to.
254 3192 257 3194 -
292 3172 409 3204 fisonu.
427 3185 497 3209 xxi,
521 3177 628 3205 15-17.
651 3194 658 3197 -

385 3232 409 3246 ¹¹
430 3227 539 3256 Manli.
556 3239 645 3260 xxxi.
670 3232 719 3257 la.
794 3233 820 3246 ¹¹
843 3228 939 3256 lCor.
958 3238 981 3260 ι,
1002 3231 1055 3256 ¹20.
1087 3245 1114 3247 »

151 3239 159 3254 ι
174 3238 183 3253 x
198 3238 248 3262 ιιι,
271 3228 299 3255 7.

706 3175 720 3194 ”
738 3176 832 3204 lli-br.
850 3185 880 3207 v.
903 3176 932 3204 4.
950 3193 991 3197 —
1007 3180 1020 3203 7
1039 3177 1130 3204 .Ιο;ιιι.
1152 3185 1184 3206 x,
1205 3175 1238 3205 9,
1268 3176 1293 3202 l.
1312 3190 1350 3194 --
1377 3172 1389 3191 ⁸
1410 3169 1520 3201 lin-cli.
1546 3181 1605 3199 xii.
1632 3187 1673 3191 >—
1692 3176 1707 3197 9
1733 3172 1810 3200 Dan.
1836 3180 1911 3201 xiii.
1934 3172 1986 3198 ³5».
2031 3187 2040 3189 -

1139 3224 1166 3245 ’ἲ
1182 3228 1269 3254 llnm.
1289 3236 1362 3258 ιιιι,
1383 3227 1436 3255 Ill),
1460 3242 1498 3246 μ-

2083 3174 2111 3187 ¹⁰
2129 3169 2204 3197 l‘sal.

1519 3225 1548 3247 '⁴²
1565 3223 1632 3252 lsai.
1652 3234 1705 3257 xii,
1725 3226 1754 3252 2.
