2504 3928
331 179 404 211 (51:ss
1126 182 1363 217 GALFRlDl
1394 183 1590 216 ABBA't'ls

331 255 464 301 ‹pm-rit
491 257 642 297 alit-vui,
666 256 806 304 duplici
835 255 927 304 petit
958 256 1190 302 intentione,
1218 256 1469 293 atiud-'·⁰¹’N‹›n
1496 264 1551 291 cst
1578 255 1676 291 unde
1703 266 1874 293 causetur
1898 258 1961 305 qni
1983 256 2167 305 ejusmodi
2188 268 2265 305 est,
2293 269 2373 296 tan-

334 312 402 348 sihi
423 314 604 362 refugium
626 327 779 363 paraus,
799 315 826 349 si
847 315 941 350 forte
959 327 1039 350 eam
1058 329 1133 351 non
1151 315 1322 352 obtinere
1346 320 1369 350 Α
1391 330 1501 364 quam
1523 316 1558 351 in
1583 329 1628 350 eo
1648 316 1820 352 videatur
1840 317 1986 353 irritum
2017 316 2171 353 verbum
2200 320 2373 364 Domini,

2299 184 2343 220 (isi
2351 183 2369 221 li

335 372 538 420 contingat.
558 375 683 415 stlajm·
696 383 747 408 est
763 379 937 422 iniquitas
955 388 1052 419 mea,
1071 375 1120 410 ait
1139 375 1324 411 fratricida

338 431 502 478 primus,
523 446 634 479 quam
661 442 699 468 u!
726 438 870 468 veniam
901 447 1055 470 merc-ar.
1081 434 1179 481 Quid
1205 435 1326 482 ergo?

340 491 482 526 Renuat
515 493 700 528 consolari
733 492 856 528 anima
895 501 974 537 tua,
1004 493 1030 528 si
1065 493 1211 529 veniam
1247 506 1323 528 non

339 557 516 584 meretur.
540 553 618 586 lloc
637 551 759 586 solum
783 551 962 600 deplora,
983 552 1053 587 hoe
1077 553 1197 588 solum
1215 552 1326 601 plan·

339 619 405 652 005
430 608 529 644 aliud
552 623 597 645 ne
615 611 754 659 cogites
773 610 938 659 quidem.
961 611 1031 648 Sed
1049 626 1166 655 mene,
1186 612 1325 660 inquit,

338 671 455 700 amnis
481 673 542 714 qui
569 673 745 705 invenerit
774 672 886 713 Cain,
912 673 1051 706 occidet
1076 678 1171 706 me'.
1202 674 1324 708 Grave

337 727 477 763 seilicet
497 728 700 773 damnum,
716 730 867 778 grandis
880 729 1027 778 jactura
1042 759 1050 774 ,
1068 732 1096 766 si
1121 731 1327 780 perimatur

341 798 499 835 corpus,
519 789 824 838 ‹plaudoquidem
846 789 967 826 anima
992 790 1113 840 periit.
1134 790 1204 827 Sed
1225 791 1328 826 occi-

341 843 506 882 dendum
535 861 613 884 sese
640 847 862 885 causabatur
888 849 1014 885 infelix
1030 878 1038 894 ,
1061 858 1237 898 tanquam
1259 863 1329 898 pro

341 916 476 952 magno
502 905 683 943 beneficio
708 908 902 944 habiturus
924 909 952 944 si
977 908 1240 957 prohiberetur
1263 923 1328 945 oc-

341 963 424 999 cidi.
446 966 555 1012 Quod
577 975 613 1002 et
638 968 772 1003 sactum
795 976 861 1004 est.
884 969 1187 1005 Consolationem
1217 969 1328 1004 mise-

1391 383 1451 410 aut
1473 383 1648 410 evacuata
1667 376 1875 424 promissio.
1898 381 1993 413 Dum
2013 377 2111 412 enim
2131 377 2279 425 reliquit
2298 391 2376 414 om-

1392 435 1470 477 nia,
1499 433 1628 469 habuit
1657 434 1736 470 sine
1768 434 1884 471 dubio
1921 435 2182 484 repromissam
2211 437 2376 486 centupli

1393 492 1705 528 bont-dictionem.
1735 493 1821 529 Sine
1852 507 1960 529 eausa
1989 493 2184 529 contendit
2207 508 2214 530 :
2237 507 2314 530 non
2344 495 2376 530 ei

1394 551 1507 599 magis
1527 564 1637 599 quam
1661 551 1807 588 Christo
1825 552 2033 598 credimu53
2052 565 2120 588 nec
2140 553 2296 589 omnino
2317 566 2377 589 ac—

1393 611 1618 659 quiescimus
1637 611 1853 647 mendaeem
1872 624 1956 647 euin
1977 611 2096 647 faeere
2112 611 2175 660 qui
2193 611 2376 660 promisit.

1576 744 1653 771 le.
1669 760 1711 764 —-
1724 744 1770 772 Dc
1789 743 1932 784 centuplo
1946 748 1974 773 et
1994 741 2055 772 xita
2073 747 2199 772 oeterna.

1448 850 1509 885 68.
1542 850 1779 897 Centaplnm,
1812 850 1933 898 inquit
1951 879 1960 896 ‚
1989 854 2171 898 accipiet,
2201 858 2235 884 et
2262 853 2379 884 vitam

1395 918 1575 943 (eremum
1594 909 1810 956 possidebit.
1834 908 1930 945 Illud
1958 909 2056 945 enim
2082 909 2118 944 in
2140 909 2198 944 via
2216 937 2225 953 ,
2247 908 2325 944 haec
2342 909 2380 944 in

1395 968 1513 1016 patria
1542 976 1597 1003 est
1626 983 1633 1003 :
1664 968 1738 1003 imo
1766 968 1844 1003 hrec
1877 968 2017 1016 patria,
2044 967 2134 1003 illud
2166 968 2225 1003 via
2251 982 2259 1003 :
2290 966 2381 1003 illud

342 1035 419 1058 ram
455 1023 617 1062 obtinuit
648 1040 759 1075 quam
797 1027 1007 1076 qua‘rebat,
1037 1036 1073 1063 ct
1106 1027 1244 1064 oblitus
1275 1036 1329 1064 cst
1350 1029 1376 1061 B
1397 1027 1605 1063 consolatio
1622 1028 1816 1076 praesentis
1837 1027 1996 1073 laboris,
2013 1027 2091 1063 haec
2110 1027 2243 1063 suturae
2265 1027 2382 1063 setici-

340 1081 580 1121 desolationis
592 1092 604 1106 ·¹
629 1087 798 1122 maxim-‘e
814 1115 822 1131 ‚
847 1101 915 1137 pro
941 1101 1013 1136 qua
1036 1088 1153 1123 multo
1182 1087 1327 1123 studio-

340 1143 415 1179 sius
431 1145 641 1194 supplicare
655 1154 690 1182 ct
706 1146 910 1183 remedium
929 1160 1098 1195 quaerere
1115 1146 1328 1196 oportebat.

344 1202 470 1240 Simile
490 1204 667 1253 quiddam
686 1214 720 1241 et
739 1205 783 1241 de
800 1207 908 1242 Saule
923 1206 1040 1254 legisti
1055 1235 1064 1250 ‚
1083 1219 1166 1241 cum
1183 1206 1331 1242 Amale—

342 1262 498 1298 citarum
522 1277 606 1312 rege
627 1273 792 1309 serrato,
814 1265 975 1314 primum
999 1264 1150 1312 quidem
1172 1264 1331 1301 Samueli

341 1331 469 1357 sancto
486 1323 587 1358 visus
604 1332 658 1358 est
676 1336 746 1371 pro
765 1323 994 1372 indulgentia
1010 1323 1222 1371 supplicare
1241 1337 1248 1358 t
1268 1321 1332 1357 sed

341 1393 386 1417 eo
405 1390 527 1418 tamen
545 1382 580 1417 in
599 1382 783 1418 sententia
800 1382 1043 1431 persistente,
1059 1384 1178 1425 Nunc,
1195 1381 1331 1429 inquit,

342 1442 478 1475 honora
501 1454 558 1475 me
574 1454 696 1475 coram
713 1443 866 1488 populo,
885 1441 1052 1476 Hoccine
1070 1448 1127 1475 est
1147 1439 1252 1488 quod
1273 1439 1332 1475 di-

345 1499 455 1535 cebas
475 1514 481 1534 :
503 1501 672 1544 Pereat-i,
695 1513 784 1548 roga
804 1503 1005 1535 Dominum
1023 1513 1094 1547 pro
1117 1513 1175 1534 me
1193 1500 1232 1534 ²?
1251 1502 1333 1535 Me-

340 1559 412 1594 rito
431 1572 506 1594 non
525 1559 694 1608 pepercit
710 1559 773 1608 qui
795 1558 1014 1594 intuebatur
1026 1572 1105 1602 cor,
1128 1571 1196 1594 nec
1217 1558 1334 1594 simu-

343 1619 424 1654 latae
450 1626 504 1654 est
534 1618 786 1654 humiliationi
813 1619 1004 1654 misertus.
1033 1621 1117 1654 Non
1145 1617 1195 1653 ita
1225 1630 1333 1662 sane,

344 1685 429 1726 post
457 1676 598 1726 majora
625 1678 710 1714 licet
743 1677 922 1721 crimina,
949 1676 1220 1713 inexorabilem
1248 1689 1333 1712 eum

346 1736 466 1773 David
508 1737 631 1786 potuit
688 1737 868 1773 invenire.
899 1736 1070 1784 Denique
1109 1735 1171 1770 vix
1213 1734 1335 1771 adhuc

1396 1087 1480 1123 tatis
1502 1087 1775 1123 consummatio
1791 1095 1855 1123 cst.
1876 1087 1935 1124 Sic
1953 1086 2128 1122 nimirum
2147 1094 2184 1122 et
2200 1085 2381 1135 operariis

1395 1146 1505 1195 liujus
1519 1146 1643 1182 saecuti
1658 1147 1753 1182 solet
1767 1146 1871 1182 cibus
1887 1147 1922 1182 in
1939 1159 2054 1195 opere
2066 1175 2075 1191 ,
2093 1158 2234 1182 merces
2252 1145 2289 1181 in
2308 1145 2381 1180 fine

1396 1205 1475 1242 dari
1496 1221 1504 1243 ε
1522 1206 1574 1242 sic
1595 1204 1840 1242 militantibus
1860 1214 1896 1241 et
1915 1205 2101 1254 stipendia
2123 1205 2381 1241 ministrantur

1399 1278 1468 1313 pro
1489 1265 1709 1301 necessitate
1731 1264 1908 1313 temporis
1922 1292 1931 1308 ,
1953 1272 1989 1300 et
2010 1263 2209 1299 novissime
2230 1261 2381 1298 donati·

1398 1336 1486 1359 vum
1506 1323 1623 1371 majus
1644 1332 1820 1371 erogatur
1841 1336 1910 1372 pro
1929 1323 2136 1372 quantitate
2158 1321 2308 1357 laboris.
2327 1320 2385 1357 Sic

1399 1390 1434 1417 et
1450 1382 1532 1418 titiis
1549 1383 1660 1418 Israel
1675 1409 1684 1426 ,
1704 1382 1824 1418 donec
1845 1390 1980 1418 terram
1998 1381 2257 1430 promissionis
2273 1380 2386 1416 intra—

1400 1449 1509 1485 rent,
1533 1441 1570 1476 in
1593 1440 1740 1477 deserto
1761 1453 1898 1476 manna
1919 1453 1993 1476 non
2018 1441 2136 1476 defuit
2156 1455 2163 1476 :
2182 1449 2219 1476 et
2239 1439 2286 1476 ab
2313 1443 2385 1476 Ec-

1400 1499 1510 1535 clesia
1531 1508 1616 1549 post
1639 1500 1834 1548 quaesitum
1856 1500 1959 1548 regni
1980 1499 2138 1536 eoelestis
2159 1499 2361 1536 adventum
2375 1528 2384 1546 ‚

1400 1559 1642 1607 quotidianus
1662 1559 1769 1608 panis
1788 1559 1956 1608 quotidie
1984 1559 2124 1608 petitur
2151 1559 2187 1595 in
2218 1559 2387 1595 oratione

1401 1630 1512 1665 quam
1543 1619 1622 1667 ipse
1648 1618 1820 1655 Salvator
1846 1618 2017 1655 instituit.
2045 1617 2169 1655 Habes
2198 1617 2294 1654 hanc
2318 1617 2388 1654 du-

1401 1677 1534 1725 plicem
1557 1677 1842 1726 promissionem
1868 1678 1960 1713 etin
1984 1678 2170 1727 propheta
2195 1677 2389 1714 evidenter

1400 1749 1613 1785 expressam
1631 1765 1640 1781 ‚
1671 1736 1735 1773 ubi
1765 1737 1815 1773 ait
1845 1752 1852 1773 :
1885 1739 2030 1773 Reddet
2057 1740 2156 1773 Deus
2186 1740 2386 1773 mercedem

345 1795 490 1832 dixerat
518 1796 637 1833 David
653 1825 662 1841 ‚
683 1797 863 1831 Peccavi!
882 1803 919 1831 et
941 1807 1164 1844 responsum
1184 1794 1239 1830 illi
1260 1802 1335 1840 est,
1358 1797 1384 1832 C
1403 1796 1566 1832 laborum
1589 1806 1798 1832 sanctorum
1824 1811 1985 1840 suorum,
2005 1806 2040 1832 et
2062 1799 2216 1833 deducet
2240 1799 2324 1833 illos
2349 1801 2387 1832 in

344 1858 527 1890 Dominus
546 1858 735 1891 transtulit
749 1864 940 1903 peccatum
961 1864 1060 1890 tuum
1081 1868 1104 1889 a
1124 1864 1158 1889 te
1176 1852 1202 1890 3.

400 1916 462 1952 67.
484 1915 541 1952 Sic
559 1915 758 1958 nimirum,
779 1915 830 1950 sic
850 1928 968 1963 usque
986 1914 1098 1950 hodie
1113 1942 1122 1959 ‚
1142 1913 1337 1949 dilectissi-

352 1975 422 2020 mi,
437 1973 544 2022 cujus
558 1987 661 2010 mens
678 1974 724 2011 ad
742 1975 830 2010 alias
846 1974 1123 2010 consolationes
1140 1973 1279 2019 inhiat,
1302 1981 1338 2009 et

352 2047 426 2069 non
460 2034 610 2083 penitus
641 2033 678 2069 in
712 2033 860 2069 caducis
890 2041 927 2068 et
959 2032 1182 2069 transitoriis
1215 2031 1339 2068 renuit

351 2093 560 2137 consolari,
579 2093 658 2141 ipse
684 2092 751 2128 sibi
776 2093 945 2141 profecto
968 2092 1127 2128 coelestis
1155 2091 1340 2127 subtrahit

349 2153 503 2201 gratiam
526 2152 792 2188 consolationis
813 2166 820 2187 :
843 2164 954 2200 quam
977 2151 1006 2187 si
1038 2150 1148 2199 digna
1168 2150 1341 2187 devotio-

352 2224 400 2247 ne
415 2240 424 2256 ,
446 2212 560 2260 pleno
577 2211 712 2247 affectu
726 2238 735 2254 ‚
759 2210 943 2246 desiderio
963 2210 1176 2246 vehementi
1194 2218 1320 2259 petere
1332 2238 1341 2255 ,

352 2284 520 2321 qiiaerere
536 2300 544 2315 ,
566 2271 714 2319 pulsare
735 2278 939 2318 satageret,
963 2269 1042 2305 siue
1065 2269 1180 2305 dubio
1208 2278 1340 2317 petens

354 2331 540 2379 acciperet
553 2357 562 2373 ‚
582 2342 753 2377 quat-rens
772 2329 983 2373 inveniret,
1001 2327 1164 2377 pulsanti
1182 2327 1344 2376 aperire-

357 2398 428 2425 tur.
450 2388 626 2436 Alioquin
653 2387 681 2423 si
708 2388 801 2423 forte
823 2386 952 2436 (quod
979 2386 1101 2435 absit)
1123 2385 1341 2435 pudendum

356 2448 459 2483 illum
487 2447 681 2495 apostasiae
707 2447 840 2482 saltum
872 2446 1173 2494 praesumpserit,
1201 2453 1343 2480 certum

357 2507 513 2542 omnino
530 2505 577 2541 sit
592 2504 844 2540 testimonium
863 2503 1027 2539 veritatis
1049 2502 1319 2551 accipientibus
1333 2530 1342 2545 ‚

1402 1859 1467 1890 via
1485 1855 1685 1891 nutabili&
1709 1859 1792 1905 lpsa
1813 1864 1869 1892 est
1887 1856 1985 1892 enim
2008 1857 2065 1892 via
2086 1856 2388 1893 testimoniorum

1403 1915 1576 1959 Domini,
1593 1916 1629 1951 in
1647 1929 1721 1964 qua
1741 1916 1925 1965 propheta
1943 1916 2036 1951 alius
2052 1915 2145 1951 sicut
2163 1916 2199 1951 in
2215 1915 2391 1952 omnibus

1404 1971 1544 2008 divitiis
1563 1972 1783 2009 delectatum
1808 1986 1845 2009 se
1866 1986 1945 2009 esse
1963 1973 2153 2010 testatur5.
2170 1973 2315 2023 thuid
2333 1987 2392 2010 er-

1404 2043 1450 2079 go
1476 2031 1512 2066 in
1540 2031 1800 2067 incredulitate
1822 2031 2057 2076 moriemini,
2082 2031 2146 2067 tilii
2171 2030 2393 2067 hominum?

1510 2161 1608 2190 LVII.
1625 2177 1666 2181 -—
1689 2159 1781 2199 Quod
1798 2160 1975 2201 centuplum
1993 2158 2053 2190 hoc
2066 2158 2225 2201 spirituale
2237 2158 2287 2190 sit.

1461 2267 1522 2301 65).
1541 2269 1588 2302 At
1606 2266 1700 2302 forte
1713 2265 1834 2301 adhuc
1850 2266 2036 2302 saecularis
2053 2266 2098 2302 ad
2116 2266 2193 2302 haec
2209 2267 2392 2316 quispiam

1409 2324 1506 2360 dicat
1525 2339 1531 2360 :
1552 2325 1715 2361 Ostende
1732 2324 1820 2360 mihi
1838 2325 2054 2373 centuplum
2073 2325 2174 2373 quod
2189 2325 2394 2374 promittis,

1409 2392 1445 2419 et
1468 2383 1585 2419 libens
1610 2384 1788 2419 universa
1807 2383 1992 2432 relinquo.
2011 2384 2154 2432 thuid
2173 2384 2395 2420 ostendam?

1409 2442 1516 2479 Fides
1542 2443 1640 2478 enim
1673 2456 1748 2478 non
1778 2441 1889 2478 habet
1916 2443 2089 2478 meritum
2107 2470 2116 2487 ,
2147 2443 2207 2478 cui
2234 2443 2395 2478 humana

1412 2502 1504 2539 ratio
1522 2501 1664 2550 praebet
1680 2502 1980 2551 experimentum
1991 2500 2017 2537 ⁶.
2033 2506 2090 2538 An
2110 2502 2236 2551 potius
2253 2502 2397 2538 homini

357 2574 420 2601 aut
441 2577 634 2612 nunquam
654 2576 738 2600 eum
760 2563 886 2598 omnia
907 2561 1114 2610 reliquisse,
1133 2570 1197 2597 aut
1217 2562 1336 2610 ipsum
1357 2565 1388 2597 D
1406 2561 1634 2606 ostendenti,
1657 2575 1765 2610 quam
1780 2561 1935 2597 Veritati
1956 2561 2127 2597 crederes
2142 2561 2399 2610 promittenti?

360 2636 511 2673 quoque
536 2631 664 2672 postea
689 2622 896 2658 deseruisse
920 2621 1137 2670 centuplum
1161 2620 1261 2669 quod
1283 2634 1346 2656 ac-

360 2683 469 2732 cepit.
492 2681 669 2718 Nonnulli
691 2681 875 2730 siquidem
896 2694 979 2716 cum
1001 2681 1133 2729 spiritu
1151 2680 1346 2728 coeperint,

363 2742 454 2777 heu!
476 2753 587 2776 carne
608 2748 736 2789 postea
760 2747 1081 2775 consummantur.
1102 2738 1211 2785 Quod
1234 2738 1261 2774 si
1282 2739 1344 2774 in-

361 2813 492 2837 sanum
515 2807 569 2835 est
592 2799 809 2848 centuplum
831 2799 930 2833 nolle
956 2797 1146 2846 recipere,
1169 2797 1263 2832 velle
1286 2810 1346 2832 re-

361 2860 532 2908 linquere
553 2858 636 2907 plus
657 2871 767 2906 quam
792 2857 963 2893 insanum
983 2857 1067 2905 jure
1088 2865 1271 2892 censetur.
1293 2861 1348 2892 An

365 2932 455 2954 vero
478 2915 711 2966 plangendus
739 2915 803 2951 tibi
825 2915 972 2951 videtur
995 2915 1057 2964 qui
1085 2915 1290 2951 abstractus
1314 2924 1350 2951 et

364 2979 509 3013 illectus
525 2990 544 3012 a
560 2975 862 3024 concupiscentia
882 2988 947 3010 sua
960 3003 969 3019 ‚
990 2983 1123 3023 sponte
1139 2974 1174 3009 id
1193 2974 1349 3020 deserit,

368 3037 486 3073 libens
520 3035 670 3083 abjicit,
699 3035 910 3070 voluntarie
943 3033 1194 3082 derelinquit3
1224 3042 1260 3069 et
1288 3034 1351 3082 qui

367 3095 603 3133 nutriebatur
634 3095 668 3129 in
703 3094 861 3139 croceis,
894 3095 1129 3143 amplexatur
1160 3095 1353 3129 stercora?

1413 2621 1547 2657 Delicis
1568 2629 1735 2657 scrutans
1757 2621 1937 2657 scrutinio
1957 2636 1965 2657 ι
1986 2621 2054 2657 nisi
2077 2620 2299 2665 credideris,
2321 2633 2396 2657 non

1411 2680 1604 2727 intelliges.
1642 2684 1778 2716 Manna
1814 2680 2075 2716 absconditum
2111 2689 2190 2724 est,
2224 2680 2326 2729 quod
2361 2679 2399 2715 in

1410 2739 1637 2788 Apocalypsi
1650 2739 1806 2775 Joannis
1819 2739 1953 2775 victori
1969 2739 2238 2788 promittitur-⁷.
2252 2742 2398 2776 Novum

1414 2811 1552 2833 nomen
1585 2806 1663 2842 est,
1689 2798 1791 2847 quod
1821 2811 1932 2833 nemo
1959 2798 2026 2834 scit
2058 2798 2128 2834 nisi
2159 2797 2223 2847 qui
2253 2797 2398 2847 accipit.

1415 2858 1570 2894 Videtur
1586 2858 1685 2893 enim
1703 2859 1795 2893 sorte
1813 2858 2004 2893 nonnullis
2020 2866 2241 2907 praesentem
2258 2865 2401 2894 sancto-

1416 2931 1497 2953 rum
1520 2917 1825 2953 communionem
1843 2946 1852 2962 ,
1873 2918 2087 2953 facultatum
2110 2917 2249 2966 pariter
2272 2925 2308 2952 et
2331 2928 2401 2951 vo-

1416 2978 1625 3022 luntatum,
1646 2977 1717 3012 hoc
1738 2977 1821 3012 loeo
1842 2977 2007 3026 centupli
2030 2977 2181 3012 nomine
2203 2975 2400 3024 designari.

1418 3039 1463 3071 Et
1479 3049 1609 3085 magua
1630 3035 1780 3084 quidem
1798 3036 1875 3071 haec
1890 3036 1968 3084 ipsa
1984 3035 2190 3071 consolatio
2212 3050 2219 3070 :
2242 3034 2304 3071 sed
2326 3047 2402 3070 non

1419 3095 1512 3130 adeo
1529 3095 1731 3143 generalis,
1754 3102 1792 3130 ut
1812 3095 1929 3143 possit
1948 3094 2206 3130 universaliter
2226 3092 2403 3129 omnibus

421 3229 427 3241 ¹
450 3222 747 3256 ‹20n.1v,t:3.1'..
764 3237 805 3240 —
831 3222 1051 3259 ²1Reg.xv,
1082 3221 1254 3249 2‘1-30.—
1282 3218 1861 3262 311811g.x11,13.--⁴Snp.x‚
1893 3223 2001 3251 17.-
2027 3218 2039 3240 5
2060 3220 2138 3251 Psal.
2160 3230 2276 3254 cxviii,
2297 3221 2344 3249 lli.
2363 3236 2402 3240 —

369 3276 384 3295 ὁ
403 3282 430 3304 5,
450 3278 541 3311 (iri-g.
564 3276 654 3302 llom.
674 3271 945 3310 2ni111‹'.xnng.—
965 3277 976 3298 ‘5
998 3274 1091 3310 Apoc.
1110 3282 1130 3298 11
1148 3295 1154 3302 .
1181 3273 1229 3301 17.

1651 3279 1663 3293 ³
1681 3273 1761 3303 Alias
1776 3273 1853 3303 male
1868 3297 1874 3307 ,
1891 3270 2125 3303 maculationis.
