2418 3949
340 280 462 310 XXIII.
480 296 521 301 —
540 282 587 310 De
600 277 718 320 judicio
735 277 882 310 Abrahae.

168 388 231 425 27.
254 392 365 426 Forte
393 389 492 426 enim
521 389 637 438 aliqui
673 388 823 425 dicant:
843 387 942 436 Quid
971 399 1107 436 pecca-

118 450 232 484 mus?
254 448 354 485 bona
369 457 425 486 est
443 449 565 486 omnis
595 457 766 485 creatura
795 447 885 492 Dei,
911 454 1038 482 nostra
1059 445 1106 480 li-

120 508 191 544 cite
211 508 469 558 possidemus,
492 509 629 544 nostris
644 508 787 544 utimur
802 504 1043 543 facultatibus
1059 532 1069 546 ‚
1089 516 1110 539 a

119 568 262 617 rapinis
275 576 312 604 et
327 568 534 605 latrociniis
550 567 794 604 abstinentes.
810 566 1014 602 Enimvero
1032 575 1108 599 non

121 627 280 675 pascetis
314 627 351 663 in
380 640 491 663 cruce
525 640 673 663 corvos.
716 629 795 675 Ego
830 637 918 661 sane
957 622 1111 658 divitem

120 687 244 732 illum,
265 686 371 735 cujus
397 686 564 723 Salvator
581 685 753 721 meminit
772 685 808 720 in
829 682 1054 732 Evangelio,
1074 681 1112 717 in

120 747 224 782 nullo
258 746 392 782 horum
413 744 524 781 audio
553 745 729 780 accusari.
766 743 993 779 Incluebamr
1014 754 1111 790 pur-

116 818 215 852 pura
240 814 274 840 et
298 804 424 851 bysso,
454 806 618 852 quotidie
648 803 872 852 epulabatur
890 802 1085 850 splemlitle
1102 814 1113 834 :

120 863 185 900 sed
228 863 459 900 crudelitatis
496 863 686 912 arguitur,
725 862 829 911 quod
866 860 1112 897 substantiam

121 922 252 959 mundi
274 922 436 968 liabens,
461 931 498 958 et
521 922 654 958 videns
672 922 822 958 fratrem
852 933 960 957 suum
977 932 1087 969 egere
1101 947 1110 964 ,

736 133 1141 172 DECLAMATIONES
1170 133 1236 167 Ex
1266 132 1544 166 BERNARDO.

1117 206 1166 225 2925

2091 128 2168 163 618

1178 207 1292 244 nun13
1308 222 1315 243 ε
1333 221 1416 243 cum
1434 207 1472 243 in
1489 205 1747 256 superioribus
1777 205 1922 242 inventi
1953 204 2027 242 sint
2055 204 2171 253 aliqui

1126 268 1158 301 A
1175 268 1221 304 de
1246 267 1429 317 sapientia
1446 267 1568 303 carnis
1591 267 1751 303 scientes
1782 267 1820 303 in
1847 264 2025 302 omnibus
2051 273 2088 301 et
2104 278 2172 315 per

1173 327 1299 364 omnia
1331 325 1535 376 reprobare
1575 326 1712 362 malum
1726 354 1734 370 ‚
1766 334 1802 362 et
1832 325 1969 376 eligere
1998 323 2141 360 bonum
2162 339 2171 369 ;

1173 385 1346 435 quisnam
1364 397 1493 421 eorum
1514 385 1652 434 poterit
1672 397 1752 421 esse
1785 385 1890 430 finis,
1910 384 1940 421 si
1965 383 2170 420 secundum

1174 445 1450 482 multitudinem
1465 444 1762 481 consolationum
1777 457 1929 481 suarum
1947 443 2096 480 dolores
2107 457 2170 493 ap·
2210 476 2214 479 s

1174 504 1444 556 prelienderint
1470 504 1614 540 animas
1646 504 1868 540 miserorum
1889 505 1904 539 ἓ
1927 506 2171 552 Consequens

1175 565 1276 601 enim
1298 564 1448 600 videtur
1461 591 1470 608 ,
1488 571 1529 599 ut
1546 562 1644 598 bona
1661 563 1786 599 omnia
1798 591 1807 607 ,
1827 571 1864 599 et
1877 575 2027 598 omnem
2048 562 2172 600 saeculi

1175 622 1289 672 hujus
1318 622 1542 671 recipientes
1570 621 1864 657 consolationem
1884 650 1894 666 ,
1927 622 2173 658 nihilominus

1177 682 1395 719 universum
1415 695 1478 716 να)
1492 709 1503 724 ,
1523 689 1560 716 et
1579 681 1746 716 universi
1774 689 1949 716 maneant
1972 681 2170 716 cruciatus.

1177 746 1236 779 An
1252 754 1344 778 vero
1359 749 1396 777 et
1412 739 1505 776 illud
1519 752 1625 788 aeque
1641 752 1688 775 ex
1704 739 1834 775 eadem
1846 738 2005 776 Abrahae
2023 748 2175 776 senten-

1179 801 1228 837 tia
1245 799 1520 849 conjiciendum
1537 798 1702 843 videtur,
1722 810 1788 835 eos
1805 798 1870 847 qui
1890 799 2078 834 contrario
2097 798 2172 834 du-

1179 859 1228 896 cti
1243 859 1391 909 spiritu‚
1405 858 1490 894 vitae
1510 857 1703 907 praesentis
1718 858 1845 893 omnia
1861 856 1962 893 bona
1979 865 2174 907 respuunt,

1178 926 1215 955 et
1239 918 1383 967 eligunt
1407 917 1525 962 mala,
1551 917 1678 952 onmia
1703 929 1856 965 quoque
1876 915 1975 952 bona
2001 916 2175 961 Domini,

119 983 294 1019 clauserit
325 983 467 1019 viscera
486 995 552 1018 sua
576 981 623 1018 ab
642 994 701 1018 eo.
723 980 883 1028 Quando
903 980 982 1015 haec
1002 978 1109 1014 diviti
1126 979 1153 1013 B
1175 986 1212 1014 et
1227 990 1377 1014 omnem
1397 976 1592 1013 habituros
1607 976 1926 1012 consolationem?
1949 979 2058 1014 Forte
2076 976 2176 1012 enim

120 1042 254 1080 deest?
270 1046 438 1090 Quantos
453 1042 584 1079 videtis
603 1051 639 1078 et
656 1042 728 1091 ipsi
743 1045 901 1078 Lazaros
913 1068 922 1085 ,
947 1039 1112 1075 esurien-

121 1110 195 1146 tes,
219 1102 358 1148 nudos,
391 1110 573 1151 aegrotos;
602 1109 639 1137 et
670 1101 758 1150 plus
777 1100 823 1137 de
840 1099 1023 1148 jumentis
1045 1111 1111 1133 ve—

121 1161 206 1198 stris
219 1189 229 1207 ,
248 1162 332 1210 plus
346 1161 392 1198 de
406 1174 537 1198 eorum
558 1160 740 1210 phaleris,
758 1173 872 1209 quam
887 1158 932 1195 de
951 1158 1109 1195 istorum

122 1221 280 1258 miseriis
305 1221 502 1270 cogitatis?
519 1220 590 1258 Sed
608 1220 655 1256 ad
681 1219 919 1256 tremendum
955 1217 1116 1255 Abrahae

116 1279 302 1328 judicium
333 1281 542 1317 veniamus.
575 1284 656 1317 'Non
694 1280 793 1316 enim
834 1279 1014 1324 Abrahae,
1051 1277 1116 1314 sed

123 1341 190 1376 Dei
222 1339 381 1377 Abrahae
415 1341 600 1377 sententia
630 1348 698 1376 est.
722 1341 912 1375 Memento
924 1369 935 1384 ,
972 1337 1115 1388 inquit,

108 1400 175 1445 fili
188 1427 199 1443 ‚
217 1401 317 1447 quod
330 1405 498 1448 recepisti
514 1399 610 1435 bona
627 1404 665 1435 in
683 1403 764 1435 vita
781 1408 847 1434 tua
861 1426 870 1443 ,
892 1408 927 1434 et
950 1400 1114 1433 Lazarus

119 1461 294 1495 similiter
310 1461 424 1494 mala.
458 1462 597 1495 Verum
618 1467 823 1507 utrumque
841 1466 917 1504 est,
945 1470 1019 1493 non
1042 1470 1115 1506 po-

120 1525 192 1554 test
207 1517 363 1554 omnino
380 1518 520 1566 negari.
547 1521 618 1554 Fer
635 1517 857 1554 sententiam
869 1546 879 1562 ,
901 1517 989 1566 quia
1021 1529 1117 1566 pau-

124 1577 178 1613 cis
188 1589 364 1626 expressa
381 1578 495 1614 totins
513 1591 659 1615 summa
676 1578 814 1627 negotii
832 1586 900 1614 est.
917 1577 985 1614 Ille
1001 1575 1116 1621 bona,

124 1643 162 1671 ct
179 1635 247 1672 iste
267 1637 363 1672 mala
383 1637 537 1686 recepit.
560 1636 660 1684 Quid
683 1636 797 1672 modo
812 1638 826 1672 Ρ
841 1639 951 1672 Nunc
973 1646 1094 1671 (netem
1109 1663 1118 1681 ,

127 1695 270 1744 inquit,
301 1696 360 1731 hic
379 1699 609 1742 consolatur,
638 1706 675 1732 tu
701 1710 790 1732 vero
812 1701 1027 1732 cruciat-[5¹.
1051 1699 1127 1732 Ex-

127 1755 404 1805 pergiscimini,
438 1754 559 1801 ebrii,
597 1763 634 1791 et
668 1755 765 1791 flete.
803 1753 996 1792 Terribilis
1024 1755 1123 1791 enim
1144 1755 1171 1791 C
1191 1758 1399 1806 reliquisse.
1432 1756 1541 1794 L'nde
1569 1764 1781 1792 sanctorum
1808 1756 1994 1806 quispiam

124 1817 225 1851 Deus
244 1815 283 1851 in
297 1814 448 1864 judiciis
465 1828 577 1864 super
594 1814 690 1851 filios
709 1814 922 1851 hominum.
948 1814 1120 1851 Haeccine

123 1874 354 1910 cruciatuum
372 1887 480 1911 causa
497 1882 571 1910 tota
584 1903 593 1919 ,
609 1874 711 1923 quod
728 1875 767 1910 in
784 1874 854 1910 hoc
871 1874 1008 1910 saeculo
1021 1873 1121 1911 bona

125 1934 292 1984 recepit?
307 1938 391 1984 Ipsa
412 1935 534 1984 plane.
567 1937 697 1983 Neque
713 1935 813 1971 enim
831 1934 876 1970 ad
894 1935 965 1971 hoc
986 1947 1054 1971 nos
1073 1935 1119 1972 de

124 1994 297 2044 paradiso
313 1995 516 2044 voluptatis
533 1994 808 2031 animadversio
824 1995 951 2031 divina
967 1994 1120 2044 ejecisse

127 2053 296 2098 videtur,
334 2062 376 2089 ut
401 2054 558 2090 alterum
587 2053 659 2090 sibi
688 2054 749 2090 hic
776 2054 988 2104 paradisum
1008 2054 1118 2090 adin-

127 2112 256 2149 ventio
272 2113 433 2149 humana
450 2121 610 2162 pararet.
642 2116 764 2149 Homo
787 2113 833 2149 ad
860 2112 1024 2149 laborem
1047 2126 1117 2149 na-

128 2172 263 2208 scitur:
277 2173 307 2209 si
336 2171 503 2208 laborem
533 2172 691 2222 refugit,
724 2185 801 2208 non
832 2173 916 2208 facit
941 2172 986 2208 ad
1017 2173 1117 2222 quod

127 2239 237 2268 natus
252 2239 329 2276 est,
346 2231 391 2268 ad
413 2231 514 2280 quod
534 2232 638 2268 veuit
656 2232 695 2268 in
716 2231 912 2268 mundum.
943 2231 1040 2279 Quid
1058 2245 1119 2268 re-

127 2290 329 2341 spondebit
344 2291 379 2328 ei
398 2291 463 2340 qui
482 2290 582 2327 misit
600 2303 685 2328 euin
699 2319 708 2336 ‚
737 2292 801 2340 qui
819 2291 979 2327 instituit
995 2299 1035 2326 ut
1061 2291 1118 2326 la-

126 2349 261 2387 boret?
276 2353 461 2387 Memento
472 2379 482 2394 ‚
500 2351 551 2387 ait
562 2380 573 2395 ‚
588 2353 687 2399 quod
697 2355 864 2400 recepisti
878 2350 973 2386 bona
989 2356 1026 2386 iu
1042 2356 1119 2386 vita

128 2422 212 2456 tun,
233 2421 267 2447 et
285 2414 453 2447 Lazarus
463 2414 636 2447 similiter
649 2414 773 2454 malu;
793 2425 891 2447 nuuc
916 2421 1038 2446 tudem
1065 2413 1125 2447 hic

129 2474 358 2515 consolatur,
378 2480 415 2507 tu
438 2484 526 2506 vero
544 2476 735 2507 cruciaris.
769 2471 868 2518 Quid
888 2470 1054 2507 dicemus
1079 2470 1124 2507 ad

1177 1037 1343 1073 hocerat
1365 1036 1468 1085 quod
1488 1039 1617 1072 Petrus
1643 1035 1774 1071 audire
1798 1035 1942 1081 voluit,
1967 1048 2051 1072 cum
2079 1044 2180 1071 tanta

1176 1096 1312 1133 fiducia
1338 1095 1543 1132 Dominum
1574 1104 1750 1143 tantaque
1772 1094 1945 1139 libertate
1968 1095 2147 1131 convenit
2166 1110 2173 1130 :

1176 1158 1293 1201 Ecce,
1323 1155 1465 1204 inquit,
1487 1168 1554 1190 nos
1581 1157 1800 1202 reliquimus
1831 1159 1973 1198 munia,
2005 1163 2039 1190 et
2068 1160 2183 1190 secuti

1181 1229 1302 1252 sumus
1321 1224 1356 1251 te
1372 1229 1383 1250 .·
1398 1217 1493 1263 quid
1506 1228 1592 1263 ergo
1613 1219 1682 1249 erit
1698 1213 1800 1249 nobis
1811 1214 1824 1240 ⁴¹
1841 1215 1856 1249 ?

1206 1387 1331 1417 XXIV.
1348 1404 1390 1408 —
1411 1383 1580 1426 Quomodo
1608 1382 1769 1424 reliquerit
1798 1383 1901 1415 omnia
1923 1384 1975 1425 qui
1998 1383 2073 1414 nihil
2097 1383 2160 1415 sere

1492 1437 1628 1469 habebat
1648 1448 1685 1469 ex
1710 1436 1865 1468 omnibus.

1240 1578 1302 1615 29.
1326 1581 1420 1615 Nota
1440 1576 1642 1614 admodum
1662 1576 1820 1626 quaestio
1837 1585 1916 1622 est,
1936 1577 2182 1626 quemadmo-

1193 1637 1281 1674 dum
1302 1641 1455 1682 Petrus,
1473 1649 1556 1673 cuin
1578 1636 1629 1672 nil
1651 1636 1727 1673 sere
1747 1649 1794 1672 ex
1815 1635 1993 1673 omnibus
2008 1636 2185 1674 habuisse

1193 1698 1347 1742 sciatur,
1378 1705 1450 1733 tam
1483 1695 1704 1732 fiducialiter
1735 1696 1915 1745 glorietur
1941 1709 2022 1733 sese
2060 1698 2185 1733 onmia

2023 1772 2030 1793 ε
2053 1774 2067 1790 «
2086 1757 2186 1794 Mul-

1189 1834 1204 1850 »
1230 1826 1306 1853 tum
1321 1845 1330 1862 ‚
1350 1836 1363 1849 υ
1382 1817 1504 1866 inquit
1519 1845 1527 1861 ,
1553 1834 1565 1847 ο
1582 1816 1766 1861 deseruit,
1787 1817 1851 1865 qui
1869 1817 2100 1853 voluntatem
2119 1817 2184 1853 ha—

1190 1894 1204 1910 »
1228 1876 1343 1913 bendi
1364 1876 1526 1926 reliquit.
1553 1893 1567 1908 »
1589 1879 1634 1912 Et
1654 1884 1739 1925 post
1764 1889 1880 1926 pauca
1900 1890 1906 1911 z
1930 1893 1945 1907 «
1964 1880 1995 1913 A
2022 1889 2187 1926 sequen·

1186 1954 1200 1969 υ
1223 1936 1325 1973 tibus
1341 1948 1431 1985 ergo
1465 1943 1564 1972 tanta
1598 1935 1724 1972 relicta
1754 1943 1862 1981 sunt,
1895 1944 2033 1984 quanta
2061 1949 2081 1972 a
2110 1949 2185 1972 non

1190 2014 1204 2029 υ
1230 1995 1478 2046 sequentibus
1508 1995 1711 2032 desiderari
1742 1994 2020 2044 potue1·unt⁵.»
2046 1996 2183 2033 Fidelis

1186 2068 1330 2101 sermo,
1363 2054 1427 2091 sed
1461 2054 1614 2091 forsitan
1643 2055 1790 2091 clausus
1816 2063 1852 2090 et
1870 2054 1950 2104 ipse
1967 2063 2035 2091 est.
2059 2058 2180 2092 Num-

1184 2114 1274 2163 quid
1293 2114 1392 2150 enim
1411 2114 1586 2149 voluntas
1603 2112 1770 2149 habendiv
1785 2121 1858 2148 tam
1882 2114 1997 2150 multa
2012 2115 2181 2164 comple-

1184 2175 1314 2217 ctitur‚
1331 2182 1371 2210 ut
1385 2173 1580 2222 reliquisse
1596 2174 1697 2209 illam
1714 2202 1723 2218 ,
1740 2173 1786 2209 sit
1807 2174 1933 2210 onmia
1949 2173 2183 2212 deseruisse?

1184 2234 1275 2281 Quis
1287 2233 1482 2269 hominum
1495 2233 1620 2268 omnia
1635 2231 1874 2268 desiderare³
1894 2232 2030 2281 possit,
2044 2233 2182 2270 nedum

1184 2294 1347 2343 piscator
1365 2292 1433 2329 iste
1453 2304 1598 2342 pauper
1622 2300 1660 2328 et
1683 2291 1881 2328 modicus?
1896 2292 1967 2328 sed
1991 2293 2083 2342 quid
2100 2295 2183 2331 cui-

1190 2365 1263 2401 que
1294 2351 1464 2388 sufficere
1493 2352 1632 2401 possit,
1665 2350 1881 2399 diligentius
1910 2352 2114 2401 vestigato,
2151 2363 2185 2391 et

1191 2412 1296 2449 sacile
1321 2420 1378 2448 est
1406 2411 1577 2448 invenire
1594 2411 1722 2447 omnia
1739 2410 2026 2448 desiderantem.
2057 2416 2186 2463 Neque

1191 2473 1289 2509 enim
1310 2484 1450 2522 ponere
1469 2480 1524 2508 est
1538 2471 1851 2521 concupiscentiae
1874 2471 2025 2508 modum
2038 2501 2048 2518 ,
2067 2473 2187 2511 done(-

131 2529 210 2565 liaec
227 2529 290 2566 ?Si
315 2530 397 2566 talis
414 2538 470 2567 est
487 2530 591 2575 linis,
616 2539 653 2567 et
672 2531 743 2566 tale
761 2530 969 2579 judicium,
993 2539 1034 2567 ut
1051 2544 1120 2567 ex·
1141 2536 1173 2569 D
1187 2533 1361 2569 videatur
1377 2532 1530 2581 impleta
1542 2561 1551 2576 ,
1569 2531 1688 2567 donec
1702 2530 1835 2580 adepta
1851 2532 1895 2567 sit
1913 2531 2054 2581 quibus
2068 2534 2186 2570 valeat

131 2597 247 2625 trema
262 2588 386 2638 gaudii
403 2589 522 2626 luctus
537 2598 715 2639 occupet3
731 2590 915 2638 numquid
933 2603 1010 2626 non
1028 2604 1119 2640 prae·

131 2648 282 2685 l'erenda
301 2657 387 2685 sunt
404 2649 440 2684 in
460 2648 532 2685 hoc
549 2649 685 2686 saeculo
702 2650 797 2685 mala
817 2649 926 2686 bonis
941 2652 955 2686 ?
973 2650 1120 2701 Quippe

131 2722 199 2745 uec
217 2709 278 2744 illa
295 2721 382 2745 vera
399 2707 496 2744 bona
509 2736 518 2753 ‚
539 2721 607 2745 nec
621 2709 690 2745 ista
705 2722 794 2746 vera
817 2710 912 2745 mala
937 2722 1017 2746 esse
1041 2723 1120 2746 ma-

133 2769 307 2805 nifestum
326 2776 393 2804 cst.
413 2771 507 2804 Vera
529 2768 653 2818 potius
681 2769 865 2805 sententia
882 2769 1093 2806 Salomonis
1112 2785 1118 2805 :

134 2832 272 2865 Melius
285 2838 335 2863 cst
348 2831 398 2863 ire
411 2829 465 2863 ad
475 2829 557 2863 dnm
564 2842 621 2863 um
639 2831 754 2864 luctus
764 2857 776 2873 ‚
790 2842 901 2877 quam
914 2830 966 2864 ad
976 2831 1122 2864 domum

134 2891 284 2923 1¹ttllt'it'l'l
303 2894 328 2922 ².

184 2949 245 2984 28.
269 2951 449 2984 Caeterum
480 2947 508 2984 si
527 2948 578 2983 sic
592 2949 780 2985 cruciandi
796 2957 882 2985 sunt
899 2949 962 2998 qui
991 2949 1026 2984 in
1049 2949 1123 2984 vita

133 3022 197 3044 sua
216 3007 313 3043 bona
336 3006 566 3056 rect-perium
592 3015 626 3043 et
644 3006 870 3045 habentibus
893 3008 1121 3043 consolatio-

135 3081 220 3104 nem
247 3074 490 3117 pra-sentem,
518 3081 580 3102 vm
611 3067 815 3117 repositum
844 3075 898 3103 est
925 3067 1121 3115 sempiter-

134 3165 149 3180 Ο

188 3201 193 3214 “
218 3197 288 3238 κων..
309 3205 383 3230 xvi,
409 3197 519 3223 tit-25.
542 3212 578 3215 --—

186 3257 196 3269 ³
220 3254 300 3283 ,ilias
315 3277 321 3284 ,

597 3200 607 3216 ²
627 3195 725 3226 [ζα-10.
747 3205 790 3224 ιιι
807 3218 813 3229 ,
833 3198 862 3225 ξ’».
891 3214 919 3215 *⁷

345 3253 506 3285 alh-sture.

946 3192 1119 3227 31,ιιι·,ιι,
1145 3197 1197 3225 2'1.

1185 2605 1265 2629 esse
1296 2599 1484 2627 contenta.
1519 2593 1703 2627 Crterum
1743 2602 1810 2625 uec
1841 2597 1985 2627 amator
2016 2594 2185 2641 pecunia*

1186 2651 1282 2687 (licet
1297 2649 1498 2698 aliquando
1513 2677 1522 2693 ,
1542 2649 1710 2693 Sullicit3
1738 2661 1806 2684 nec
1824 2648 2047 2686 libidinosus
2068 2653 2179 2689 satia-

1187 2709 1290 2746 bitur
1307 2710 1513 2758 voluptate.
1536 2708 1594 2744 Sic
1611 2717 1647 2743 et
1672 2707 1835 2743 crudelis
1861 2709 2019 2757 quisqu(¹
2041 2722 2189 2761 semper

1189 2770 1409 2818 sanguinem
1429 2768 1526 2811 sitit,
1546 2776 1582 2803 et
1602 2765 1824 2803 ambitiosus
1843 2776 1906 2803 aut
1926 2769 2084 2818 cupidus
2104 2771 2185 2807 lau-

1191 2829 1248 2866 dis
1262 2829 1457 2872 humanae,
1480 2827 1627 2876 adeptis
1647 2826 1872 2876 dignitatum
1902 2827 2017 2864 titulis
2045 2843 2108 2866 seu
2132 2831 2186 2868 sa—

1192 2888 1366 2932 voribus,
1397 2888 1541 2923 nullum
1576 2885 1714 2922 exinde
1744 2886 1841 2936 capit
1878 2888 2034 2924 omuino
2067 2903 2187 2927 remc-

1191 2948 1316 2992 dium3
1347 2946 1410 2983 scd
1443 2946 1632 2982 desiderio
1666 2954 1795 2982 aestuat
1832 2947 2019 2996 ampliori.
2065 2950 2189 2988 Minus

1191 3016 1312 3043 autem
1343 3007 1487 3042 invenit
1513 3004 1678 3054 requiem
1701 3006 1764 3054 qui
1782 3005 1850 3042 sibi
1883 3007 2031 3055 placere
2063 3013 2185 3060 cupit.

1190 3074 1224 3101 et
1242 3067 1337 3111 suis,
1361 3074 1394 3102 et
1415 3066 1501 3101 latui
1520 3065 1715 3114 cujusdam
1737 3065 1784 3102 (le
1804 3068 2006 3116 semetipso
2024 3071 2191 3107 testim«.-

1276 3194 1287 3218 4
1309 3192 1419 3224 Manli.
1438 3203 1493 3222 ,xix
1507 3216 1514 3227 ‚
1534 3194 1585 3221 527.
1663 3191 1710 3222 58
1734 3191 1957 3225 ‹zu-v:.lw==1..··
1978 3204 2006 3224 ιιι
2030 3197 2141 3237 lsxnng.
