2418 3949
209 207 282 243 789
849 214 1130 249 TRACTATUS
1157 214 1222 248 DE
1252 213 1436 248 ORDINE
1465 216 1602 250 Vl'l'AE.
2182 213 2255 248 790

258 285 320 321 32.
357 285 583 323 Cenodoxiae
614 288 772 324 alterum
804 297 934 337 caput,
963 286 1251 325 multiforme³⁸⁷

205 343 418 393 prodigium
430 374 439 390 ,
465 353 502 381 et
519 346 715 395 multiplex
736 347 894 393 malum,
911 347 1010 384 diras
1028 360 1139 383 voces
1159 355 1196 383 et
1212 353 1245 385 A

1615 355 1789 393 CAPUT
1820 355 1891 393 XI.

206 401 351 450 rugitus
377 402 560 440 terribiles
582 417 627 439 ex
651 404 807 453 turgidis
839 404 1008 442 faucibus
1041 405 1196 454 quadri-

205 462 344 509 partito
361 463 474 499 modo
492 464 600 500 altius
618 464 731 500 afflat.
756 468 845 501 Nam
863 473 950 501 sunt
970 467 1035 513 qui
1056 463 1196 500 habent

205 519 322 566 dona,
343 529 379 557 et.
395 521 598 558 donantem
615 523 801 571 ignorant.
825 527 871 559 Et
889 532 977 559 sunt
997 523 1063 572 qui
1080 535 1118 558 se
1136 522 1195 558 di—

203 588 293 615 cunt
319 593 388 629 pro
404 582 478 617 suis
498 582 796 631 praecedentibus
818 583 959 619 meritis
976 582 1075 618 dona
1089 594 1194 618 acce—

203 639 314 688 pisse,
326 653 400 676 non
414 654 484 690 pro
496 641 612 690 gratia
625 642 822 689 largientis.
835 646 928 678 Item
941 642 1094 690 quidam
1107 650 1193 678 sunt

203 699 267 747 qui
296 700 396 748 quod
418 713 494 735 non
523 700 684 746 habent,
705 701 844 737 habere
860 714 898 738 se
921 714 989 751 per
1009 710 1193 737 tumorem

206 759 431 795 existimant.
451 762 545 795 Sunt
561 767 598 794 et
619 759 680 795 alii
699 760 763 808 qui
778 759 1057 796 contemnendo
1078 767 1192 795 caete-

202 832 283 863 ros,
307 826 440 867 putant
460 831 498 854 se
519 818 657 854 habere
675 820 815 868 aliquid
842 819 1091 868 singulariter.
1122 818 1193 856 Sed

202 878 272 914 ista
296 878 406 914 elatio
424 878 569 916 caeteris
600 879 850 927 perniciosior
872 888 945 925 est,
963 879 1008 916 de
1034 879 1195 927 singula-

201 937 311 973 ritate
328 936 517 985 jactantiae
536 938 706 974 veniens.
742 942 830 975 Haec
845 947 969 975 autem
990 938 1071 974 dira
1091 938 1191 981 lues,

199 997 371 1045 quamvis
384 1010 423 1033 se
437 997 483 1033 ad
497 998 570 1033 alta
591 997 719 1045 erigat,
733 1005 771 1032 et
790 997 944 1046 impleat
965 995 1193 1033 clamoribus

1261 468 1332 497 Non
1345 466 1452 498 iisdem
1467 478 1586 505 omnes,
1603 468 1656 499 sed
1671 469 1747 499 alios
1760 469 1827 499 aliis
1840 469 1920 499 vitiis
1931 468 2054 509 gravius
2068 467 2252 510 impugnari.

1313 585 1373 621 34.
1394 586 1466 622 Sed
1486 586 1582 622 inter
1597 586 1675 622 haec
1692 586 1883 623 sciendum
1902 596 1978 633 est,
1995 589 2097 636 quod
2116 589 2152 624 in
2170 589 2251 637 qui-

1261 642 1418 679 busdam
1430 645 1570 681 ventris
1587 645 1790 693 ingluvies,
1807 646 1843 681 in
1856 646 2078 694 quibusdam
2091 647 2250 683 fornica-

1262 702 1313 737 tio
1329 703 1572 752 principalem
1587 703 1734 740 obtinet
1749 705 1885 741 locum.
1901 709 1943 741 In
1959 707 2038 742 aliis
2056 706 2250 756 superbia,

1260 760 1297 796 in
1330 761 1411 796 aliis
1437 761 1646 797 cenodoxia
1675 775 1796 798 arcem
1828 771 1937 799 tenet.
1966 767 2008 800 In
2024 764 2248 813 quibusdam

1261 820 1334 865 ira,
1371 820 1408 855 in
1439 819 1662 868 quibusdam
1693 822 1873 866 avaritia,
1901 835 1966 858 seu
1992 823 2160 868 tristitia,
2187 833 2250 859 aut

1259 878 1398 926 aliquid
1420 892 1550 914 corum
1572 878 1642 916 sibi
1661 880 1898 928 tyrannidem
1912 881 2089 917 vindicat.
2104 885 2149 918 Et
2164 882 2249 918 ideo

1260 946 1411 986 oportet
1430 951 1738 987 unumquemque
1753 948 1922 976 nostrum
1938 940 2143 976 secundum
2163 954 2251 989 qua<

1259 997 1399 1033 litatem
1426 996 1536 1042 belli,
1555 1010 1631 1045 quo
1659 997 1917 1047 principaliter
1936 999 2153 1043 infestatur,
2176 1012 2247 1048 pu-

200 1070 330 1103 aures3
360 1069 437 1092 non
461 1065 584 1093 tamen
605 1057 638 1093 ei
657 1055 766 1105 juxta
786 1070 897 1106 quam
929 1055 1040 1092 babet
1068 1057 1192 1092 extol·
1211 1062 1239 1095 B
1257 1069 1367 1106 gnam
1385 1058 1551 1106 arripere
1570 1071 1577 1093 ε
1597 1057 1646 1093 ita
1660 1066 1701 1093 ut
1715 1058 1828 1093 alium
1846 1071 1996 1095 necesse
2013 1060 2058 1095 sit
2072 1059 2250 1095 adversus

199 1116 351 1153 lentiam
374 1125 430 1153 cst
444 1117 498 1152 vis
515 1125 553 1153 et
568 1117 748 1166 potentia.
767 1120 851 1166 Ipsa
878 1130 1031 1165 quoque
1050 1116 1191 1152 invidia

200 1175 367 1226 duplices
398 1177 539 1212 evomit
571 1176 750 1212 flammas.
788 1179 868 1212 Hoc
899 1189 1060 1224 namque
1079 1183 1191 1224 caput

200 1236 370 1280 tertium,
393 1235 506 1271 modo
526 1236 629 1271 illurn
649 1235 725 1271 urit
744 1235 807 1284 qui
827 1235 971 1271 meliori
989 1234 1132 1270 invidet
1152 1235 1189 1270 in

198 1294 234 1330 id
257 1294 358 1343 quod
385 1294 466 1344 ipse
492 1308 568 1330 non
592 1303 667 1340 est3
696 1294 810 1331 modo
837 1295 942 1330 illum
969 1294 1104 1340 aflicit,
1126 1294 1189 1343 qui

200 1353 408 1402 quemlibet
430 1354 662 1391 consimilem
687 1354 790 1390 dolet
809 1353 878 1390 sibi
896 1367 975 1390 csse
994 1354 1188 1402 aequalem.

198 1417 248 1451 Ut
268 1413 346 1450 liaec
366 1415 435 1450 tria
452 1414 662 1451 discernere
684 1415 807 1451 valeas
823 1442 832 1459 ,
855 1414 925 1450 ista
943 1413 990 1449 do
1009 1413 1076 1449 tibi
1092 1413 1191 1450 indi-

199 1472 266 1508 cia.
289 1472 471 1521 Superbia
491 1473 591 1508 enim
616 1472 743 1518 rubet,
766 1472 974 1509 cenodoxia
990 1471 1112 1517 albet,
1129 1472 1189 1507 in—

199 1530 299 1566 vidia
321 1532 447 1580 pallet.
474 1535 595 1568 Furor
615 1532 744 1581 igneus
764 1532 801 1567 in
823 1530 996 1580 superbis
1025 1544 1070 1567 ex
1092 1530 1191 1566 indi-

199 1590 394 1637 gnatione,
417 1591 558 1627 candor
584 1592 620 1627 in
640 1591 845 1640 hypocritis
865 1604 911 1626 ex
928 1589 1166 1626 simulatione
1181 1618 1190 1634 ,

200 1650 322 1698 pallor
339 1651 374 1686 in
395 1651 531 1687 invidis
560 1664 604 1687 ex
631 1651 746 1686 nimio
768 1650 910 1686 dolore.
934 1651 999 1685 His
1017 1649 1066 1685 ita
1088 1648 1192 1697 dige-

199 1709 263 1744 stis
278 1738 288 1754 ,
308 1710 444 1746 rectius
464 1719 606 1758 septem
629 1709 837 1745 criminalia
854 1709 943 1745 vitia
964 1708 1192 1744 denotantur

198 1780 310 1815 quam
347 1768 656 1814 dinumerantur,
692 1777 733 1804 ut
765 1768 854 1804 mihi
887 1768 1036 1804 videtur
1067 1782 1074 1802 :
1105 1768 1192 1816 quia

198 1826 293 1862 sicut
322 1827 498 1876 princeps
530 1836 672 1876 septem
712 1827 892 1863 vitiorum
924 1826 1093 1863 diabolus
1125 1840 1193 1862 nos
1213 1834 1238 1868 C

198 1898 329 1921 eorum
355 1886 482 1922 subdit
516 1886 784 1936 potestatibus;
814 1887 864 1923 ita
890 1887 1058 1924 Christus
1093 1890 1192 1922 Deus

199 1954 339 1991 noster,
361 1946 500 1994 Spiritu
516 1947 743 1995 septiformis
763 1947 889 1995 gratia¹
910 1947 1062 1995 plenus,
1083 1960 1103 1982 a
1124 1946 1191 1981 do-

199 2004 341 2040 minatu
364 2005 532 2054 ipsorum
555 2006 674 2049 eruit,
700 2015 736 2042 et
751 2005 821 2041 sibi
841 2005 1014 2042 subditos
1036 2006 1132 2041 lacit.

252 2065 313 2100 33.
333 2065 403 2101 Sed
415 2065 509 2101 scire
525 2074 558 2101 te
574 2074 725 2115 oportet
738 2094 746 2110 ,
773 2066 860 2115 quia
878 2066 946 2102 ista
963 2065 1051 2101 vitia
1069 2065 1191 2100 diver-

199 2136 260 2160 sos
275 2133 381 2160 ortus
397 2133 433 2160 et
450 2124 647 2161 dissimiles
671 2125 901 2161 deficientias
926 2124 1076 2161 liabent.
1094 2125 1191 2162 Gula

199 2184 298 2220 enim
321 2193 358 2220 et
376 2185 589 2230 fornicatio,
607 2185 694 2233 quia
718 2185 865 2220 nonnisi
885 2197 950 2234 per
967 2198 1105 2233 corpus
1122 2197 1190 2220 ex—

199 2243 292 2292 pleri
316 2251 496 2292 possunt,
526 2244 686 2279 carnalia
705 2252 791 2280 sunt
809 2257 816 2278 :
835 2252 871 2279 et
897 2242 981 2279 ideo
1003 2243 1191 2291 corporali

198 2301 368 2351 indigent
387 2302 589 2339 afflictione
605 2332 613 2347 ,
633 2303 820 2351 simulque
841 2301 1108 2338 remotioribus
1130 2302 1187 2337 lo-

198 2361 249 2397 cis
263 2390 272 2407 ,
301 2370 342 2398 ut
369 2363 533 2398 velocius
554 2364 676 2398 curari
693 2371 843 2411 queant.
864 2362 1030 2398 Avaritia
1052 2370 1089 2397 ct
1110 2362 1186 2405 ira,

201 2421 287 2458 licet
312 2435 388 2457 non
418 2422 492 2458 sint
521 2422 631 2458 unius
659 2431 800 2458 naturae
827 2435 938 2459 :nam
958 2421 1063 2470 prior
1085 2430 1191 2457 extra

200 2490 369 2517 naturam
396 2490 468 2527 est,
489 2496 648 2531 sequens
665 2491 788 2518 autem
808 2482 997 2531 originalis
1015 2481 1186 2525 videtur,

198 2541 286 2589 quia
307 2541 420 2577 liomo
449 2541 632 2577 irascibile
657 2543 792 2578 animal
818 2550 873 2577 est
895 2556 901 2577 :
927 2541 1036 2577 simili
1066 2549 1188 2577 tamen

1258 1117 1388 1152 vitium
1408 1117 1510 1166 quod
1530 1117 1679 1153 tertium
1695 1118 1871 1166 ponitur,
1892 1118 2054 1167 primum
2073 1131 2249 1154 exercere

1256 1176 1496 1222 conflictum3
1520 1177 1653 1222 alium,
1683 1185 1814 1212 contra
1840 1185 2015 1225 quartum
2050 1190 2113 1212 seu
2137 1177 2249 1225 quin-

1258 1243 1335 1271 tum
1356 1250 1363 1271 :
1385 1244 1421 1272 et
1439 1236 1490 1272 ita
1518 1244 1634 1285 prout
1653 1235 1744 1272 vitia
1763 1236 1801 1272 in
1822 1235 1933 1272 nobis
1954 1235 2126 1272 obtinent
2145 1236 2251 1284 prin-

1256 1295 1435 1344 cipatum,
1457 1303 1573 1344 utque
1590 1295 1885 1344 impugnationis
1905 1296 2066 1344 exigitur
2092 1295 2226 1331 modus
2239 1323 2247 1339 ,

1257 1367 1326 1390 uos
1349 1367 1502 1403 quoque
1524 1362 1676 1403 oportet
1692 1354 1864 1391 ordinem
1888 1355 2074 1391 instruere
2093 1354 2248 1403 praelio-

1257 1426 1353 1449 rum.
1376 1416 1423 1449 Et
1439 1413 1490 1449 sic
1512 1421 1645 1449 contra
1670 1413 1760 1450 illud
1783 1427 1898 1450 unum
1928 1414 2076 1450 sortiter
2100 1426 2249 1463 pugne—

1258 1485 1359 1516 mus,
1381 1481 1422 1509 ut
1439 1473 1510 1509 alia
1530 1486 1550 1508 a
1570 1472 1708 1521 quibus
1727 1473 1850 1509 minus
1867 1473 2133 1522 impugnamur
2146 1502 2155 1518 ,
2175 1486 2249 1509 non

1258 1532 1501 1580 negligamus.
1532 1536 1656 1581 Atque
1680 1533 1728 1568 ita
1748 1533 1833 1569 totis
1858 1533 2000 1568 viribus
2021 1532 2248 1577 laboremus,

1257 1603 1298 1627 ut
1312 1604 1386 1627 non
1404 1591 1449 1627 de
1472 1592 1608 1628 nostris
1638 1591 1848 1636 laboribus,
1868 1592 1932 1628 sed
1954 1592 2000 1628 de
2021 1592 2086 1628 Dei
2110 1591 2249 1627 auxilio

1258 1651 1503 1687 confidamus.
1527 1655 1607 1688 Hoc
1626 1652 1725 1687 enim
1750 1652 1863 1687 niodo
1884 1652 1929 1688 ad
1952 1652 2151 1700 puritatem
2169 1664 2249 1687 cor-

1258 1710 1335 1755 dis,
1371 1718 1406 1746 et
1439 1710 1485 1746 ad
1523 1711 1794 1759 plenitudinem
1822 1712 2003 1747 virtutum
2043 1710 2250 1747 valebimus

1259 1770 1405 1805 Christo
1431 1768 1634 1818 adjuvante
1668 1771 1879 1820 pervenire.

1312 1830 1373 1865 35.
1393 1829 1489 1865 Illud
1510 1829 1618 1865 ctiam
1637 1842 1712 1865 non
1733 1830 1855 1865 minus
1873 1838 1907 1866 te
1925 1830 2018 1866 seire
2033 1830 2120 1865 volo
2134 1858 2142 1874 ,
2162 1829 2249 1878 quia

1258 1889 1371 1924 variae
1390 1889 1425 1923 in
1452 1889 1630 1925 omnibus
1657 1898 1743 1925 sunt
1769 1902 1916 1925 morum
1947 1889 2246 1938 conspersiones.

1257 1947 1367 1984 Unde
1394 1948 1463 1984 alia
1485 1949 1574 1984 vitia
1605 1949 1813 1998 tranquillis
1843 1957 1878 1984 et
1899 1949 2043 1985 lenibus
2064 1948 2250 1992 moribus,

1257 2007 1326 2042 alia
1356 2008 1459 2044 duris
1486 2017 1522 2044 et
1542 2009 1682 2057 asperis
1711 2009 1830 2044 vicina
1861 2017 1959 2044 sunt.
1992 2013 2097 2057 Saepe
2127 2015 2249 2043 autem

1257 2066 1359 2114 quod
1382 2067 1459 2103 istis
1476 2068 1623 2116 placet,
1648 2068 1720 2103 illis
1745 2068 1928 2117 displicet.
1948 2067 2128 2104 Diabolus
2150 2068 2247 2102 enim

1258 2126 1348 2162 dum
1370 2126 1542 2176 decipere
1570 2141 1796 2176 quemquam
1823 2128 1958 2176 quaerit
1976 2156 1984 2170 ‚
2009 2128 2112 2176 prius
2139 2134 2251 2162 natu-

1258 2199 1334 2221 ram
1353 2186 1646 2235 uniuscujusque
1662 2187 1840 2233 intendit;
1858 2196 1895 2223 et
1912 2186 1997 2223 inde
2015 2201 2052 2222 se
2069 2186 2251 2234 applicat,

1257 2244 1358 2280 unde
1379 2245 1569 2281 hominem
1592 2254 1720 2294 aptum
1740 2246 1784 2281 ad
1810 2254 2004 2295 peccatum
2030 2244 2247 2294 inspexerit.

1258 2307 1312 2339 Ex
1338 2316 1380 2339 ea
1404 2304 1546 2353 quippe
1565 2313 1669 2353 parte
1691 2304 1882 2340 bominem
1913 2303 2086 2340 diabolus
2108 2312 2246 2345 tentat,

1256 2376 1330 2411 qua
1355 2376 1439 2399 cum
1467 2376 1534 2411 per
1553 2372 1830 2399 excrescentem
1857 2364 2053 2399 lunnorem
2078 2363 2182 2398 facile
2203 2361 2248 2398 ad

1257 2421 1346 2457 vitia
1372 2422 1542 2458 inclinari
1571 2423 1772 2471 conspicit3
1795 2431 1833 2458 ut
1851 2423 2057 2459 secundum
2082 2422 2251 2458 humoris

1259 2482 1584 2530 conspersionem,
1619 2482 1793 2518 adhibeat
1830 2483 2085 2519 tentationem.
2119 2482 2249 2518 Nullus

1256 2554 1346 2589 ergo
1361 2542 1509 2590 culpam
1529 2555 1606 2578 non
1623 2542 1779 2578 aestimet
1795 2556 1906 2591 quam
1923 2556 1966 2578 ex
1982 2542 2248 2592 conspersione

198 2601 374 2636 oriuntur
402 2601 536 2646 modo;
567 2601 749 2649 siquidem
768 2602 1032 2637 commotionis
1063 2614 1190 2637 causas
1210 2606 1240 2639 l)
1256 2602 1410 2651 propria
1432 2602 1611 2647 sustinet,
1638 2602 1722 2648 sed,
1752 2611 1934 2650 (plantum
1966 2603 2083 2644 valet,
2117 2610 2247 2637 contra

199 2660 420 2696 intrinsecus
443 2660 676 2709 concipiunt.
698 2661 859 2697 Tristitia
883 2669 919 2697 et
937 2660 1062 2697 acedia
1088 2661 1190 2696 nulla

197 2720 428 2755 extrinsecus
455 2719 683 2755 accendente
715 2720 986 2768 provocatione
1017 2720 1186 2768 generari

197 2779 328 2814 solent.
345 2778 547 2827 Superbia,
567 2779 794 2825 cenodoxia,
808 2788 919 2828 atque
935 2778 1072 2815 invidia
1087 2807 1096 2823 ,
1111 2779 1189 2815 sinc

197 2838 384 2887 corporali
422 2838 630 2873 ministerio
668 2846 990 2874 consunnnantur.
1024 2837 1080 2874 Ad
1113 2837 1189 2873 haee

197 2897 362 2933 curamda
379 2911 462 2945 quae
484 2897 691 2946 spiritualia
709 2898 904 2943 dicuntur,
925 2898 1081 2933 multum
1105 2911 1188 2947 pro-

197 2967 283 2994 sunt
300 2958 462 2994 lmmana
482 2958 693 3002 consortia,
720 2959 880 2994 maxime
897 2959 925 2994 si
952 2959 1048 2994 inter
1071 2957 1190 2994 bonos

197 3018 477 3067 prudentesque
500 3018 601 3054 viros
620 3019 744 3063 vivas,
765 3019 829 3068 qui
853 3019 913 3055 illa
934 3031 1082 3067 semper
1105 3018 1189 3053 red-

197 3086 365 3126 arguant.

1256 2661 1293 2697 id
1309 2661 1410 2710 qnod
1430 2662 1562 2698 tolerat
1583 2671 1736 2711 pugnet.
1754 2666 1844 2699 Nam
1867 2663 1895 2698 si
1910 2661 2168 2711 conspersioni
2188 2675 2249 2696 ce—

1256 2721 1331 2767 dit,
1351 2721 1547 2757 tentationi
1564 2722 1620 2757 vel
1644 2721 1735 2757 vitio
1756 2735 1991 2770 nequaquam
2010 2722 2156 2757 resistit.
2176 2723 2247 2770 Igi—

1257 2789 1317 2816 tur
1346 2789 1559 2816 constantes
1590 2789 1625 2816 et
1659 2781 1741 2816 duri
1781 2794 1904 2816 mores
1936 2794 2086 2830 semper
2117 2790 2246 2817 contra

1256 2840 1472 2889 superbiam
1487 2868 1495 2883 ‚
1517 2841 1606 2876 iram
1631 2848 1667 2875 et,
1687 2839 1945 2875 crudelitatem
1974 2840 2112 2889 pariter
2129 2853 2243 2889 repu-

1256 2908 1381 2949 gnent.
1404 2899 1568 2935 jucundi
1599 2908 1722 2935 alitem
1745 2908 1779 2934 et
1810 2900 1910 2935 lenes
1934 2908 2065 2935 eontra
2096 2899 2242 2934 inanem

1256 2960 1436 3008 gloriam,
1461 2959 1687 3008 hypocrisim
1710 2968 1745 2995 et
1764 2959 1888 2995 salsam
1914 2960 2087 3008 pietatem
2112 2961 2243 3008 purci—

1256 3033 1329 3068 puc
1359 3028 1502 3055 certare
1531 3032 1603 3055 non
1627 3028 1782 3055 cessent.
1818 3019 1919 3054 lstud
1942 3033 2102 3068 namque
2127 3019 2246 3054 homi*

1258 3092 1346 3114 num
1362 3092 1479 3127 genus
1492 3079 1610 3115 landis
1624 3093 1751 3115 amore
1771 3079 1912 3115 facilius
1927 3080 2084 3128 capitur.
2102 3079 2245 3114 Nemini

1257 3138 1389 3172 volunt
1412 3137 1631 3186 displicere,
1656 3152 1787 3173 omncs
1815 3139 2075 3186 mquanimitcr
2097 3147 2246 3186 portare

1258 3197 1454 3241 ridentur,
1483 3198 1671 3246 decipiunt
1695 3207 1728 3233 et
1755 3198 1996 3247 decipiuntur
2025 3207 2082 3232 :ct
2103 3208 2244 3245 quanto

1259 3257 1472 3292 bominibus
1501 3259 1665 3306 placent,
1696 3267 1797 3294 tanto
1831 3260 1920 3293 liunt
1956 3262 2032 3293 Ιὶιυ
2065 3257 2243 3294 ...lauh-s.

1259 3317 1347 3352 sieut
1374 3319 1549 3366 seriptum
1575 3328 1646 3365 est,
1673 3324 1785 3354 Assum
1810 3322 2242 3364 11*mamalumsm.-
