2418 3949
203 244 299 281 1157

970 243 1035 276 DE
1064 240 1175 276 JESU
1203 239 1471 276 DUODENNI.

198 321 293 367 quid
307 317 437 366 fecisti
471 318 575 354 nohis
601 320 678 353 sic?
695 330 778 353 ecce
802 325 914 364 pater
944 324 1024 351 tiens
1055 324 1090 350 et
1123 313 1228 363 egam*

2152 241 2248 277 1158

1233 312 1246 329 ⁵
1258 316 1515 361 quaerebamus
1534 325 1577 351 te.
1593 319 1635 352 Et
1651 317 1855 365 aliquando
1875 316 2026 365 quidem
2045 316 2171 353 multis
2187 319 2247 353 in-

198 379 361 413 dolentes
371 377 622 425 quaerebamus
642 385 686 412 te.
708 375 806 423 Quid
825 374 964 419 fecisti,
984 387 1007 409 ο
1024 373 1185 423 Joseph?
1203 377 1233 410 Α
1253 373 1358 410 diciis
1378 382 1463 410 tuus
1495 374 1603 410 nobis
1627 375 1858 424 probabatur
1881 375 2082 421 adventus,
2109 375 2172 411 sed
2199 376 2248 412 ol)

198 438 318 472 Mater
338 436 512 480 moritur,
533 443 640 485 pater
657 443 842 484 perpetuo
862 433 950 469 fletu
970 433 1189 478 conteritur,

199 494 460 543 periclitantur
476 495 626 540 fratres,
643 503 721 530 tota
742 494 895 542 insuper
910 491 1045 528 domus
1064 499 1191 540 pater—

198 566 247 589 na
263 554 488 604 languescit3
502 562 539 590 et
555 562 607 599 tu,
620 561 770 590 tuorum
790 552 992 601 negligens,
1007 550 1192 599 AEgyptiis

199 614 365 650 consulis
381 612 427 649 ad
444 613 625 650 salutem?
641 615 729 655 Fili,
748 609 971 659 qnidficisti
989 609 1090 644 nobis
1111 611 1191 644 sic?

202 674 304 708 Eunt
322 673 454 710 fratres
472 672 511 708 in
531 675 734 720 AEgyptum
749 699 758 716 ‚
775 678 812 705 et
834 668 992 705 redeunt
1008 683 1016 704 :
1032 675 1193 704 cernunt

200 739 236 766 te
265 731 460 768 dominum
486 740 617 776 terrae,
636 742 705 765 nec
728 735 1003 776 recognoscunt
1024 741 1031 762 :
1053 735 1089 762 ct
1108 738 1192 775 spe-

198 790 322 826 ciosus
338 791 400 826 ille
419 791 566 832 vultus⁷
589 801 700 838 quem
719 791 904 836 AEgyptus
924 794 1000 822 tota
1018 786 1190 828 miratur,

199 847 414 884 domesticis
429 856 571 884 tantum
592 856 664 883 tuae
681 846 802 882 carnis
819 844 1076 881 absconditur.
1093 846 1190 888 Fili,

199 909 293 954 quid
297 905 428 954 fecisti
444 906 548 942 nobis
567 911 620 942 sic
633 910 652 942 fl
673 905 841 954 Respicis
864 913 948 941 tuos
972 903 1078 953 quasi
1096 903 1190 938 alie-

198 977 269 1002 nos
282 993 292 1010 ,
326 966 490 1015 imponis
521 965 676 1001 crimina
689 993 698 1010 ‚
730 964 883 1000 minaris
917 961 1100 1012 supplicia
1113 988 1123 1006 ,
1156 968 1193 996 et

198 1037 312 1073 quem
336 1025 668 1062 clementissimum
699 1024 898 1060 inveniunt
921 1022 1049 1066 alieni,
1076 1020 1129 1056 tui
1158 1028 1193 1057 te

1254 432 1430 471 Gentium
1457 434 1717 479 vocationem,
1736 442 1772 470 et
1800 442 1964 470 nostram
1993 435 2246 484 repulsionem

1256 503 1383 527 rursus
1401 491 1682 541 desperabatur.
1701 492 1792 528 Ideo
1807 494 1970 527 dolentes
1984 492 2249 539 quaerebamus

1256 557 1303 585 te.
1325 552 1370 585 Et
1389 549 1452 586 ille
1469 564 1475 585 ι
1498 552 1601 596 Quid
1619 560 1687 594 est,
1707 551 1850 600 inquit,
1869 553 1969 599 qnod
1984 565 2040 586 me
2054 551 2250 599 quoereba-

1258 613 1301 644 tis
1314 612 1333 645 P
1346 609 1564 645 nesciebatis
1582 615 1676 657 quia
1696 615 1733 645 in
1751 615 1795 645 iis
1815 625 1901 658 qicoe
1922 613 2047 646 Patris
2065 616 2137 646 inei
2153 622 2246 651 sunl,

1258 676 1400 716 oportet
1418 682 1476 704 me
1492 682 1569 704 esse
1577 673 1596 704 .³
1620 671 1652 704 Ο
1669 672 1789 715 stulti,
1811 679 1847 704 et
1860 673 1956 705 tardi
1976 673 2086 706 corde
2106 674 2160 706 ad
2173 685 2250 706 cre-

1257 728 1420 762 dendum
1432 755 1442 770 ‚
1461 731 1497 761 in
1513 728 1677 764 omnibus
1695 743 1780 777 qicoe
1799 732 1908 763 loculi
1927 738 2008 764 sunl
2024 730 2222 777 Propleetoe
2237 733 2250 764 Ι

1257 798 1380 820 nonne
1399 789 1451 820 ila
1472 792 1631 833 oportuit
1643 792 1727 835 pati
1751 788 1954 831 Christum,
1977 795 2011 822 el
2036 792 2087 822 ita
2114 792 2252 823 intrare

1258 847 1296 879 in
1326 846 1485 893 gloriam
1511 859 1636 891 suam,
1659 855 1695 882 et
1707 848 1913 895 praedicari
1936 851 1972 881 in
2001 851 2151 881 nomine
2171 853 2250 892 ejiis

1252 907 1511 951 poenitentiam
1542 918 1614 953 per
1645 919 1771 941 omnes
1798 906 1974 953 gentesss?
2002 905 2146 942 Siccine
2173 918 2248 941 non

1258 961 1415 998 audistis
1438 976 1505 1012 per
1523 976 1564 999 os
1586 964 1707 1000 David
1728 976 1856 999 vocem
1877 963 1996 1000 Patris
2016 963 2061 998 ad
2085 963 2218 1000 Filium
2242 979 2247 999 :

1260 1021 1412 1056 Postula
1432 1035 1456 1056 (ι
1472 1035 1550 1066 me,
1576 1031 1611 1058 et
1635 1022 1730 1057 (labo
1757 1021 1824 1057 tibi
1850 1030 1976 1070 gentes
1996 1022 2253 1057 lioereditntem

198 1083 502 1120 crudelissimum
523 1083 733 1134 reperiunt.
761 1084 850 1126 Fili,
873 1083 969 1129 quid
976 1079 1105 1128 fecisti
1130 1093 1196 1114 no-
1213 1076 1240 1109 B
1263 1088 1382 1125 taam,
1412 1089 1446 1116 et
1467 1085 1733 1129 possessionem
1762 1090 1860 1116 tuam
1895 1085 2067 1116 terminos
2093 1081 2254 1116 terroe5?

203 1141 260 1177 bis
287 1146 374 1178 sici’
400 1143 583 1192 Prodigus
615 1143 678 1178 ille
710 1141 807 1177 filius
835 1149 938 1186 tuus,
964 1140 1029 1188 qui
1060 1139 1197 1188 dilapi-

199 1199 304 1237 davit
328 1214 478 1238 omnem
504 1200 748 1237 substantiam
781 1212 884 1236 suam
910 1211 995 1234 cum
1024 1197 1198 1234 meretri-

198 1258 322 1306 cibus;
336 1261 401 1309 qui
416 1260 619 1296 fornicatus
633 1260 669 1295 in
682 1259 785 1308 ligno
802 1266 839 1294 et
855 1257 978 1307 lapide
992 1264 1017 1302 ¹,
1038 1256 1196 1292 mutavit

199 1319 355 1368 gloriam
385 1318 685 1369 incorruptibilis
715 1319 784 1355 Dei
816 1318 855 1354 in
886 1317 1084 1366 imaginem
1116 1328 1196 1352 cor-

201 1377 391 1428 ruptibilis
421 1378 604 1423 hominis,
637 1385 672 1413 et
706 1377 927 1422 volucrum,
960 1385 997 1412 et
1029 1374 1197 1424 quadru-

203 1437 363 1487 pedum,
385 1446 497 1487 atque
518 1437 790 1487 serpentium²;
813 1435 1054 1472 introductus
1072 1435 1106 1470 in
1124 1433 1194 1470 do-

201 1509 304 1532 mum
329 1505 454 1542 tuam,
482 1510 567 1533 ecce
588 1496 664 1545 jam
692 1503 748 1532 tot
775 1495 884 1531 annis
910 1494 1017 1530 vituli
1038 1493 1194 1543 saginati

198 1555 376 1592 carnibus
399 1564 546 1606 pastus,
567 1564 604 1591 et
626 1555 806 1603 sanguine
830 1567 913 1590 uvae
941 1553 1193 1590 meracissimo

199 1614 413 1661 debriatus,
437 1616 476 1651 in
506 1615 626 1652 nostri
650 1613 771 1651 David
801 1613 943 1649 deliciis
972 1611 1194 1661 symphonia

199 1674 307 1720 lusit,
331 1683 369 1711 et
392 1675 527 1721 choi-03
549 1683 585 1710 et
608 1687 677 1710 nos
697 1685 859 1722 quorum
884 1680 964 1708 erat
992 1679 1194 1708 testamen-

201 1742 299 1780 tum,
317 1743 353 1770 et
383 1734 584 1783 legislatio,
604 1742 641 1769 et
664 1732 909 1781 obsequium,
932 1739 968 1767 et
987 1731 1191 1781 promissa,

198 1801 236 1829 et
261 1806 424 1842 quorum
445 1801 571 1842 patres
592 1806 639 1829 ex
658 1791 796 1841 quibus
818 1800 857 1828 tu
884 1791 1090 1828 secundum
1112 1802 1195 1826 car-

1262 1137 1361 1185 Quid
1384 1147 1439 1174 est
1463 1138 1565 1187 quod
1594 1152 1654 1175 me
1683 1138 1927 1188 quaerebatis,
1959 1147 1995 1174 et
2027 1152 2103 1174 non
2132 1140 2252 1175 statim

1263 1197 1362 1233 inter
1394 1206 1524 1247 gentes
1552 1198 1824 1235 inveniebatis?
1854 1202 1987 1235 Nonne
2015 1197 2175 1234 Abraliae
2197 1198 2254 1233 ‹li-

1262 1265 1362 1293 ctum
1385 1266 1467 1294 est:
1496 1261 1539 1293 In
1571 1262 1711 1293 semine
1740 1267 1797 1293 tuo
1836 1257 2097 1292 benedicentur
2133 1271 2257 1292 onmes

1261 1316 1376 1353 tribus
1400 1315 1565 1353 terroe6?
1588 1317 1813 1353 Nesciebatis
1835 1321 1921 1364 qnia
1943 1321 1980 1352 in
2004 1320 2049 1351 iis
2069 1330 2157 1364 qnoe
2177 1319 2257 1352 Pa-

1262 1380 1327 1412 tris
1350 1381 1423 1412 mei
1443 1387 1547 1420 sunt,
1568 1386 1710 1425 oportet
1732 1390 1790 1412 me
1811 1378 1917 1411 esse?
1941 1375 2079 1413 Audite
2109 1379 2254 1412 Patrem

1262 1447 1332 1484 per
1355 1434 1488 1472 Isaiam
1517 1436 1735 1485 loquentem
1767 1435 1856 1472 mihi
1877 1449 1884 1470 :
1907 1436 2046 1469 Parum
2082 1436 2176 1470 milii
2205 1443 2257 1469 est

1260 1503 1299 1529 ut
1326 1498 1376 1529 sis
1401 1495 1490 1529 milli
1528 1507 1647 1530 servus
1681 1495 1735 1529 ad
1768 1494 2001 1528 suscitandas
2039 1492 2153 1528 tribus
2186 1495 2255 1527 Ja-

1260 1553 1338 1597 coh,
1359 1562 1393 1589 et
1404 1551 1523 1600 foeces
1542 1556 1661 1590 Israel
1680 1555 1953 1589 convertendas.
1979 1554 2074 1588 Dedi
2091 1561 2124 1587 te
2145 1557 2182 1587 in
2199 1556 2256 1587 lic-

1260 1625 1338 1648 cem
1367 1618 1546 1661 gentium,
1570 1622 1607 1649 ut
1637 1618 1685 1647 sis
1712 1616 1813 1648 saliis
1838 1626 1919 1648 mea
1952 1625 2065 1660 usqne
2088 1614 2141 1646 ad
2152 1612 2255 1658 fines

1261 1681 1372 1708 terroe
1384 1680 1409 1707 7.
1436 1676 1569 1709 Nonne
1593 1686 1661 1722 ego
1682 1686 1762 1709 sum
1785 1672 1885 1722 apud
1905 1671 2157 1720 patriarcham
2187 1675 2253 1708 Ja-

1259 1730 1331 1767 cob
1349 1735 1578 1779 exspectatio
1600 1733 1771 1766 Gentium
1785 1729 1820 1775 ⁸3
1839 1738 1872 1765 et
1895 1729 1996 1778 apud
2014 1730 2254 1774 Malachiam,

1260 1792 1502 1826 Desideratus
1527 1804 1652 1825 eorum
1667 1796 1700 1835 ³3
1724 1798 1761 1825 et
1780 1790 1874 1825 sieut
1894 1789 1992 1824 idem
2019 1789 2088 1833 ait,
2109 1794 2143 1824 A
2162 1793 2252 1824 solis

199 1864 307 1897 nem,
330 1852 435 1901 quasi
465 1852 576 1888 alieni
611 1852 709 1888 foras
737 1850 945 1888 stetimus³.
976 1852 1073 1894 Fili,
1106 1849 1200 1897 quid
1216 1850 1242 1885 C
1261 1859 1342 1885 ortu
1361 1863 1474 1897 usqne
1496 1852 1550 1884 ad
1570 1862 1738 1884 occasum
1752 1877 1761 1894 ,
1782 1862 1955 1896 inagnum
1978 1862 2109 1884 nomen
2139 1863 2256 1884 meum

191 1909 322 1958 fecisti
352 1911 457 1947 nobis
490 1914 574 1947 sic?
604 1925 684 1946 ecce
707 1919 822 1959 pater
847 1919 929 1946 taus
961 1918 993 1945 et
1026 1923 1090 1957 ego
1123 1911 1192 1944 do-

200 1974 315 2006 lentes
334 1970 594 2018 quoerebamns
620 1979 664 2006 te.
685 1973 864 2007 Putamus
889 1981 991 2005 novo
1011 1969 1192 2005 miraculo

201 2031 382 2080 templum
410 2029 737 2075 reaedificandum,
761 2027 1048 2065 restaurandum
1074 2041 1191 2064 sacer-

199 2088 368 2134 dotium,
402 2089 675 2140 dispersionem
708 2089 821 2126 Israel
853 2089 891 2125 in
922 2088 1093 2124 dilectam
1123 2087 1193 2124 sibi

199 2149 475 2197 ,lerosolymam
496 2147 770 2192 revocandum,
795 2156 832 2184 et
852 2147 904 2183 sic
923 2146 1111 2184 Christum
1137 2146 1196 2182 in-

201 2207 429 2244 veniendum
460 2208 497 2244 in
526 2207 665 2244 finibus
689 2206 847 2252 Judaeae,
873 2218 985 2255 quem
1012 2218 1114 2241 nune
1138 2205 1197 2242 in-

201 2266 374 2303 venimus
394 2267 430 2303 in
452 2268 592 2317 campis
611 2267 726 2303 silvae.

245 2327 305 2362 18.
318 2329 491 2362 Dolentes
503 2325 761 2374 quaerebamus
777 2334 822 2361 te.
836 2324 1034 2361 Doluimus
1046 2324 1198 2372 antiqua

199 2383 343 2421 sublata
370 2386 570 2432 miracula,
600 2385 751 2421 oracula
781 2385 926 2421 siluisse
954 2384 1194 2433 prophetica,

199 2444 332 2481 ducem
353 2445 400 2482 de
420 2445 561 2482 femore
579 2443 696 2482 Jacob
719 2444 884 2489 nullum,
902 2443 1118 2480 unctionem
1139 2455 1196 2479 re-

199 2515 286 2552 gum
314 2512 351 2540 et
370 2504 593 2554 pontificum
616 2504 759 2540 nullam
784 2516 791 2538 :
812 2511 849 2538 et
867 2515 950 2538 cum
972 2501 1050 2537 haec
1071 2501 1197 2537 onmia

201 2569 305 2598 tuum
338 2571 567 2600 testarentur
594 2563 818 2608 adventum,
852 2575 929 2598 non
968 2561 1197 2598 credidimus

202 2629 324 2657 tamen
346 2630 400 2666 te,
423 2621 532 2658 nobis
557 2623 714 2668 relictis,
739 2622 903 2658 alienum
927 2621 1099 2670 dignasse
1123 2620 1195 2657 ho-
1213 2622 1246 2656 D

200 2680 374 2729 spitium;
398 2681 483 2718 ideo
503 2683 666 2716 dolentes
681 2681 939 2729 quaerebonms
957 2689 1002 2715 te.
1022 2682 1106 2715 Non
1129 2692 1193 2728 pu—

203 2739 373 2777 tabamus
396 2740 505 2777 nobis
526 2740 772 2790 promissum,
793 2738 902 2775 nobis
920 2738 1125 2781 redditum,
1145 2737 1195 2774 ob

200 2799 343 2835 aemulae
370 2800 490 2848 gentis
519 2799 675 2835 salutem
706 2798 898 2846 reliquisse
927 2809 1023 2845 quos
1048 2797 1195 2845 genuit,

201 2858 386 2905 sprevisse
403 2871 499 2908 quos
520 2858 633 2894 fovit:
652 2857 778 2902 ethis,
795 2855 932 2905 quibus
948 2869 1050 2892 mare
1067 2856 1195 2901 cessit,

201 2928 296 2964 quos
316 2918 450 2953 coelum
470 2918 594 2967 pavit,
612 2930 708 2967 quos
727 2916 872 2966 potavit
890 2928 1040 2959 saxum,
1059 2914 1197 2964 quibus

202 2987 298 3024 aqua
318 2988 446 3013 murus
463 2977 624 3021 exstitit,
643 2975 780 3026 quibus
798 2987 926 3011 murus
940 2975 1091 3024 pervius
1109 2974 1195 3020 suit,

202 3033 338 3082 quibus
353 3037 476 3084 paruit
491 3036 566 3081 sol,
585 3036 721 3085 quibus
736 3035 825 3071 luna
845 3033 1022 3079 substitit,
1038 3035 1195 3070 immun-

202 3093 267 3130 das
287 3094 497 3132 idololatria
522 3098 661 3134 Gentes
683 3095 902 3145 praetulisse.
922 3094 1011 3131 Ideo
1034 3097 1197 3130 dolentes

253 3236 261 3251 ¹
279 3234 394 3263 Jereni.
420 3244 482 3272 111,
501 3237 532 3265 9.
551 3252 594 3256 ——
620 3239 631 3254 ²
651 3237 743 3265 Rom.
763 3245 772 3263 ι
788 3257 795 3270 ‚
818 3235 869 3263 23.
894 3251 937 3255 —-
957 3230 970 3253 3
989 3235 1062 3262 Luc..
1088 3244 1144 3269 xv,
1170 3237 1282 3264 11-37..
1305 3251 1345 3255 ——
1364 3230 1377 3256 ⁴
1398 3230 1556 3264 1d.xx1v,
1578 3233 1634 3263 25.
1656 3232 1711 3263 20,
1735 3231 1775 3258 fn'·
1793 3252 1800 3265 ‚
1825 3231 1873 3258 37.

203 3281 312 3314 GGen.
335 3295 404 3315 xxu
419 3308 426 3322 ,
449 3289 498 3316 18.
519 3305 558 3308 -
580 3293 593 3316 7
613 3286 684 3317 lsai.
704 3297 781 3315 xi.1x
796 3310 803 3318 ,
822 3290 852 3315 (ὶ.
869 3303 910 3307 —-
931 3283 944 3304 ⁸
972 3286 1053 3314 Gru.
1073 3295 1151 3314 xiiix
1166 3309 1173 3322 ,
1198 3289 1248 3316 10,
1271 3302 1309 3306 -
1327 3290 1342 3312 9
1361 3282 1495 3313 Malacln.
1518 3293 1547 3311 1.
1571 3285 1620 3312 11.
1645 3298 1683 3302 w·
1707 3287 1735 3300 ¹⁰
1759 3281 1835 3310 l'sal.
1861 3292 1910 3313 ci,
1940 3284 1987 3309 13.
2033 3300 2038 3302 -

204 3347 312 3365 xxvni
326 3361 333 3373 ,
353 3341 405 3367 720.

1259 1913 1297 1944 in
1314 1908 1485 1957 gentibus
1500 1910 1538 1944 9?
1555 1908 1760 1945 Tumuistis
1781 1907 2003 1944 muneribus
2027 1908 2135 1952 meis,
2156 1908 2254 1944 invi-

1258 1968 1364 2005 distis
1385 1967 1593 2005 visceribus
1620 1968 1733 2013 meis;
1758 1976 1794 2003 et
1814 1968 1901 2016 quia
1932 1980 2092 2015 nequam
2127 1968 2258 2003 oculus

1258 2027 1367 2064 saluti
1396 2026 1612 2076 poenitentis
1640 2026 1793 2070 invidit,
1824 2026 1942 2061 livore
1971 2034 2129 2062 caecatus
2161 2039 2250 2075 pro-

1258 2086 1350 2136 priae
1374 2086 1503 2122 salutis
1529 2094 1723 2122 auctorem
1750 2084 1878 2121 videre
1907 2097 1981 2120 non
2009 2085 2143 2134 potuit.
2165 2085 2256 2122 Ideo

1261 2144 1495 2181 naturalibus
1513 2145 1624 2182 ramis
1641 2158 1714 2180 non
1733 2144 1904 2194 peperci,
1919 2143 1983 2179 sed
2001 2143 2073 2180 illis
2093 2157 2112 2179 a
2133 2144 2256 2179 radice

1263 2205 1442 2240 naturalis
1471 2204 1580 2240 olivae
1610 2203 1758 2247 decisis,
1781 2214 1905 2238 ramos
1932 2202 2073 2237 alienos
2104 2203 2255 2238 inserui.

1263 2263 1335 2300 Sed
1360 2277 1458 2300 nunc
1475 2276 1681 2312 exsurgens
1705 2261 1912 2298 miserebor
1927 2261 2014 2297 Sion
2028 2289 2036 2305 ,
2058 2262 2145 2310 quia
2163 2270 2253 2297 tcm—

1266 2337 1337 2373 pus
1352 2323 1552 2359 miserendi
1565 2322 1658 2371 ejus,
1673 2322 1758 2371 quia
1771 2322 1873 2357 venit
1889 2329 2037 2370 tempus
2049 2328 2091 2356 ¹⁰.
2107 2325 2257 2358 Rex-oco

1264 2396 1361 2432 quos
1388 2382 1621 2431 abjeceram;
1647 2381 1826 2428 recolligo
1855 2393 1950 2428 quos
1986 2379 2257 2429 disperseram:

1264 2441 1429 2490 suscipio
1453 2453 1549 2489 quos
1572 2439 1800 2488 repuleram,
1818 2439 1868 2473 Et
1883 2451 1965 2472 ecre
1988 2450 2052 2485 ego
2072 2437 2258 2474 vobiscum

1261 2514 1341 2537 stem
1359 2499 1527 2535 omnibus
1542 2498 1687 2543 diebus,
1711 2510 1824 2545 nsque
1841 2498 1895 2531 ml
1905 2503 2257 2533 consuinitiationem

1261 2564 1439 2597 soeculi¹¹.
1455 2563 1544 2596 Haec
1557 2558 1706 2594 interim
1724 2557 1922 2606 allegorice
1938 2557 2035 2592 dicta
2051 2558 2255 2593 sufficiunt.

1322 2621 1377 2656 19.
1395 2622 1503 2655 Nunc
1524 2616 1757 2653 redeundum
1775 2624 1831 2652 est
1852 2616 1938 2651 mihi
1959 2615 2005 2651 ad
2026 2624 2079 2661 te,
2102 2616 2152 2651 lili
2171 2616 2257 2651 clia—

1262 2679 1426 2723 rissime,
1447 2678 1506 2714 cui
1535 2677 1682 2713 animus
1706 2684 1759 2711 cst
1782 2675 2008 2711 conformari
2031 2675 2197 2717 Christo,
2221 2684 2255 2709 ct

1261 2737 1425 2786 vestigiis
1439 2740 1526 2773 Jesu
1545 2736 1683 2772 arctius
1700 2735 1900 2779 intimi-ore,
1915 2734 1944 2770 si
1965 2734 2058 2769 forte·
2073 2735 2254 2769 sulliciani

1262 2798 1308 2834 (le
1327 2796 1539 2845 evangelica
1563 2795 1724 2831 lectione
1746 2803 1850 2830 tuum
1873 2793 1938 2829 tibi
1959 2794 2145 2842 explicare
2166 2807 2254 2843 pro-

1263 2858 1422 2897 fectum,
1451 2863 1491 2890 ut
1522 2854 1591 2889 hoc
1621 2854 1742 2903 ipsum
1768 2853 1804 2888 in
1835 2852 1890 2888 his
1921 2853 2019 2900 legas
2051 2851 2254 2893 schedulis.

1263 2915 1366 2966 quod
1396 2915 1432 2950 in
1456 2913 1653 2962 temetipso
1679 2911 1726 2948 ab
1752 2913 1851 2947 intus
1884 2912 2034 2947 suavius
2060 2912 2253 2961 experiris.

1263 2974 1383 3011 Credo
1397 2973 1495 3009 cuitu
1516 2981 1549 3007 tc
1567 2972 1741 3008 transisse
1758 2971 1802 3007 ad
1822 2974 2028 3006 Nazarcuas
2045 2971 2090 3006 dc
2110 2972 2256 3008 Bethle-

1263 3032 1434 3070 hcniitica
1451 3039 1670 3081 paupertate
1688 3029 1857 3074 ‹livitias3
1875 3029 1998 3077 etjam
2016 3030 2255 3066 ‹luodcnuciu

1263 3094 1436 3130 clscctuni
1453 3120 1461 3136 ,
1485 3090 1530 3126 ‹lc
1561 3089 1716 3126 floribus
1742 3090 1939 3127 Natat-ruis
1960 3090 2005 3126 ad
2029 3091 2253 3127 l'1·uctus.l‹=-

1960 3229 1971 3249 3·
1997 3228 2072 3257 l‘sal.
2099 3240 2142 3261 ιι,
2166 3233 2195 3258 S.
2235 3246 2248 3249 -

2086 3287 2109 3300 ¹¹
2139 3280 2253 3310 walth.

923 3338 934 3351 ¹
960 3339 1076 3378 Lapsus
1099 3338 1273 3372 nwnmriw,
1291 3338 1336 3367 wl
1358 3347 1445 3367 error
1465 3336 1594 3368 scriba-2
1618 3341 1743 3365 naun-51
1769 3335 1870 3373 ,agga-⁴1
1889 3345 1907 3363 ii
1926 3358 1931 3366 .
1951 3338 1980 3362 S.
