2504 3928
378 222 472 255 12³⁴.)st

373 299 418 333 de
439 297 646 346 Sapientia,
679 296 765 343 quia
789 304 1029 342 prce-oeensml
1051 301 1115 342 qui
1135 297 1393 344 .u·i·i1ii‹·iipi-¹³·

999 221 1160 253 SERMO
1191 221 1236 254 ΙΝ
1268 221 1407 255 1·“Ι·“,Ι“ιΙΛ
1442 221 1472 254 ΙΙ
1506 221 1781 262 t‘AscttA't'ts,

2313 226 2408 261 1300

1395 296 1663 344 '²'passionibus
1687 296 1782 340 tuis,
1809 309 1875 331 nec
1897 296 2042 344 fugere,
2071 310 2136 332 nec
2167 311 2298 346 negare
2327 309 2404 336 tui·-

371 366 492 395 ‚slms'
521 360 557 389 ῃ,
590 360 661 389 mis
685 355 843 388 ostendit
871 368 908 387 si·
933 356 1004 388 illis
1032 355 1225 398 hilariter,
1257 365 1291 390 ee
1320 360 1356 390 iu
1378 363 1405 394 Α
1427 353 1578 390 batione
1595 353 1753 401 alicujus
1775 355 1990 390 tentationis
2012 354 2166 399 subita-3
2187 357 2250 392 sed
2271 358 2408 408 iniqui-

370 422 473 450 nmm'
485 416 717 462 providentia
729 415 889 448 ostendit
901 427 939 447 se
954 415 1027 448 iliis
1040 420 1061 448 ¹.
1078 416 1119 449 Et
1131 414 1178 449 ait
1193 414 1238 450 ad
1257 415 1357 450 illos:

423 479 459 509 (ἰ.
493 478 565 519 Qui
591 485 672 507 sim!
704 474 742 508 lii
763 485 967 514 .i'‹'l*l11‹›ln·s‚
991 486 1078 520 quos
1109 472 1282 519 coristi-tis
1311 476 1363 508 ml

372 539 523 569 invicem
539 533 783 575 (ambulantes,
801 541 836 566 et
851 536 934 566 estis
953 534 1098 566 tristes?
1113 533 1359 581 interrogatio

372 594 438 628 ista
473 592 612 628 amoris
648 590 908 626 subministrat
943 590 1113 626 incendia
1137 618 1146 635 ,
1183 600 1219 627 et
1253 592 1357 640 quasi

369 654 493 687 oleum
515 650 712 700 projicitur
729 651 763 686 in
784 649 942 685 llamma.
964 653 1059 686 Dum
1077 650 1174 685 enim
1198 650 1358 699 peregri-

371 726 439 748 nus
455 713 654 758 interrogat
671 710 761 759 quid
776 711 897 745 tristes
910 709 954 745 ad
969 710 1125 746 invicem
1138 711 1357 759 colloquun-

371 781 450 813 tur,
477 779 512 806 ct
539 771 599 806 ille
616 783 726 818 quem
747 778 818 804 tam
836 769 1044 804 dilexerant
1066 778 1101 805 et
1127 769 1248 805 adhuc
1272 769 1355 804 ‹lili-

370 839 486 878 gunt,
518 829 563 865 ad
597 830 813 864 memoriam
850 828 1068 872 rc‹lucitur;
1100 828 1218 864 dulcis
1249 829 1359 864 dolor

369 897 644 938 augmentatur,
660 897 695 923 ct
713 901 818 923 amor
834 887 1099 923 semimortuus
1117 887 1152 923 in
1170 888 1356 923 caminum

369 962 620 999 prorumpens
656 947 702 983 de
731 947 915 996 igniculo,
950 947 984 982 in
1015 947 1190 983 cordibus
1224 961 1355 983 eorum

367 1024 381 1044 x
393 1009 625 1045 ehementius
640 1006 903 1043 debacchatur.
923 1008 996 1052 Qui
1010 1008 1354 1050 ³11thliiacrmoiies,

1428 421 1481 448 tas
1499 426 1628 448 eorum
1652 413 1821 461 procedit
1842 414 1946 462 quasi
1965 427 2008 448 ex
2030 414 2158 463 adipe,
2181 417 2409 454 transierunt

1426 473 1462 508 iu
1485 473 1659 508 affectum
1686 472 1822 508 cordis.
1852 474 2089 522 Apponendo
2112 475 2209 510 enim
2233 475 2407 524 iniquita—

1427 540 1524 574 tem,
1559 544 1633 566 non
1664 539 1843 567 verentur
1868 545 1982 580 super
2012 532 2180 569 dolorem
2208 535 2406 571 xulneriim

1425 599 1574 626 tuorum
1595 590 1733 627 addere
1746 620 1754 635 ,
1771 591 1834 640 qui
1853 605 1936 626 cum
1955 592 2092 628 sanetis
2112 593 2330 630 mulieribus
2347 595 2407 631 de-

1424 650 1582 686 buerant
1600 650 1668 698 pia»
1688 650 1899 686 devotionis
1914 650 2144 688 aromatibus
2164 652 2332 689 delinire.
2358 655 2408 688 Tu

1423 712 1519 744 solus
1531 715 1749 757 peregrinus
1765 724 1801 743 es
1817 714 1854 744 iu
1870 712 2102 746 Jerusalem?
2119 712 2408 760 l)ereli‹pi‹.=run[

1426 777 1459 803 te
1480 781 1609 804 omncs
1629 769 1735 804 amici
1759 769 1808 804 tui
1824 797 1833 811 ‚
1862 770 1970 818 longe
1999 771 2082 805 faeti
2103 779 2189 806 sunt
2219 785 2238 807 a
2270 781 2304 807 tc
2330 772 2407 807 noti

1426 828 1501 872 tui,
1525 836 1733 877 posuerunt
1766 837 1800 864 te
1828 827 2143 865 abominationem
2165 829 2246 866 sibi.
2268 834 2407 867 Omnes

1424 900 1507 935 quae
1530 901 1594 923 sua
1622 896 1707 923 sunt
1737 896 1931 936 quaerunt,
1952 902 1990 924 se
2017 888 2116 937 ipsos
2136 889 2295 937 diligunt
2323 903 2330 925 ε
2361 890 2408 925 de

1422 946 1552 982 exsilio
1570 946 1736 982 fecerunt
1756 947 1933 995 patriam;
1951 946 2128 997 operibus
2145 947 2353 984 diffitentur
2370 962 2408 985 se

1424 1006 1642 1054 peregrinos
1662 1019 1775 1055 super
1797 1014 1931 1041 terrain
1959 1015 1994 1042 et
2022 1006 2199 1055 hospites.
2235 1008 2284 1042 'I'u
2311 1010 2409 1042 solus

366 1083 455 1116 qeins
470 1096 478 1111 ,
502 1076 569 1103 ete.
599 1070 708 1102 Putas
723 1094 731 1110 ‚
761 1066 796 1101 in
820 1066 1049 1101 allocutione
1077 1066 1264 1114 peregrini
1289 1066 1356 1101 ali-
1374 1068 1401 1101 B
1417 1070 1633 1112 peregrinus
1658 1080 1695 1100 ex
1715 1070 1751 1100 iii
1768 1067 2006 1101 J‹›1·11.s·aie111:³
2026 1069 2101 1102 Nos
2121 1065 2230 1101 etiam
2255 1066 2318 1115 qui
2339 1079 2406 1102 ex-

367 1141 479 1176 ‹piam
503 1140 576 1162 nou
601 1126 852 1175 persentirent
875 1125 1108 1161 dulcedinem
1133 1126 1271 1161 amoris
1296 1125 1354 1161 di-

367 1187 466 1222 xini?
497 1190 575 1222 lino
606 1194 704 1221 totus
728 1186 763 1221 in
792 1185 964 1221 medullis
993 1199 1124 1221 eorum
1159 1185 1292 1220 revixit
1319 1194 1355 1221 ct

368 1246 536 1281 relloruit
556 1258 662 1280 amor
688 1244 834 1280 Christi.
871 1247 942 1289 Qui
970 1253 1053 1278 um!
1081 1245 1119 1278 lii⁴
1144 1256 1352 1286 A‘e'rlllvllt'a‘,

366 1320 475 1353 qia»,
509 1313 579 1340 ete.
611 1307 729 1347 Deus,
768 1307 893 1347 Deus,
927 1311 1085 1351 quantas
1110 1302 1354 1351 jubilationes

368 1365 444 1399 istae
463 1362 618 1398 tristitize
635 1369 866 1409 genuerunt,
886 1369 922 1395 et
942 1374 1053 1408 quam
1076 1373 1207 1396 suaves
1228 1361 1355 1396 suavi—

368 1430 460 1457 tates
489 1420 705 1463 ruminatae,
734 1427 770 1454 et
798 1431 908 1467 quam
941 1418 1063 1454 dulcia
1086 1418 1245 1468 suspiria
1275 1431 1355 1467 pcr-

365 1487 522 1515 eurrunt
555 1479 590 1514 in
623 1478 756 1513 eorde!
788 1481 888 1513 Bone
913 1481 1021 1522 Jesu,
1054 1490 1165 1525 quam
1183 1476 1354 1525 jucundo

366 1538 571 1575 consolaris
588 1537 774 1581 susurrio,
797 1550 891 1585 quos
912 1536 957 1572 de
980 1545 1040 1572 tua
1061 1535 1164 1572 vides
1187 1535 1355 1572 absentia

365 1596 632 1632 contristatos!
663 1598 783 1642 Quam
818 1594 978 1630 libenter
1006 1603 1102 1630 astas
1133 1593 1352 1639 orantibus,

365 1665 401 1692 ct
431 1655 568 1691 assistis
592 1653 888 1702 suspirantibus,
919 1653 1122 1702 respiciens
1154 1666 1221 1702 per
1247 1653 1353 1690 fene-

365 1725 480 1759 stras,
503 1714 735 1764 prospiciens
759 1726 826 1762 per
843 1713 1050 1749 cancellos!
1071 1716 1190 1760 Quam
1217 1711 1354 1761 jucun-

365 1776 435 1811 dus
457 1775 576 1810 latitas
607 1782 691 1822 post
719 1774 899 1823 parietem
931 1781 1126 1819 nostrum,
1159 1781 1199 1808 ut
1227 1772 1355 1808 audias

1421 1123 1627 1159 cellentiori
1669 1124 1909 1172 professionis
1950 1125 2148 1173 privilegio
2181 1125 2409 1160 aestimamur

1420 1182 1631 1230 expressius
1650 1182 1726 1218 lieri
1745 1183 1958 1218 conformes
1979 1183 2195 1218 humilitatis
2213 1191 2284 1218 tua:
2300 1196 2398 1232 pere-

1419 1241 1664 1289 grinationis,
1687 1241 1858 1277 collocati
1891 1255 2018 1278 sumus
2050 1242 2086 1277 in
2114 1240 2284 1277 obscuris
2313 1242 2408 1277 sicut

1421 1301 1558 1335 mortui
1588 1301 1727 1335 saeculi.
1755 1300 1826 1337 Sed
1853 1309 1889 1335 et
1922 1301 2183 1349 prudentiores
2213 1313 2342 1337 sumus
2368 1302 2406 1337 in

1420 1358 1720 1406 possessionibus
1748 1360 1996 1407 ampliandis,
2031 1368 2067 1394 ct
2096 1360 2335 1407 gloriosiores
2370 1361 2405 1397 in

1421 1416 1586 1453 aedificiis
1600 1417 1805 1466 erigendis,
1831 1417 2041 1454 callidiores
2063 1419 2099 1454 in
2128 1419 2298 1467 pecuniis
2313 1433 2407 1456 con-

1421 1475 1630 1523 gregandis.
1663 1476 1828 1511 Inveniri
1857 1485 2014 1524 possunt
2042 1477 2152 1512 etiam
2182 1477 2310 1525 pauci,
2343 1479 2406 1526 qui

1422 1535 1582 1571 lideliter
1598 1535 1773 1571 incedant
1791 1535 1940 1571 semitas
1959 1535 2136 1571 veritatis.
2162 1537 2212 1570 Tu
2230 1539 2407 1584 Sttlusste-

1421 1601 1585 1642 regimus
1615 1598 1683 1630 (πυ)
1713 1599 1794 1630 ,lam
1828 1608 1903 1630 non
1939 1596 2095 1631 miratur
2122 1595 2347 1641 Bchemoth,
2379 1597 2409 1633 si

1420 1654 1620 1702 absorptus
1637 1661 1691 1689 est
1709 1653 1844 1689 fluvius
1859 1659 1895 1698 ²3
1918 1654 2005 1702 quia
2031 1667 2117 1703 pars
2138 1653 2297 1690 maxima
2321 1658 2407 1691 Jor-

1421 1712 1528 1749 danis
1544 1712 1668 1748 influit
1684 1713 1720 1748 in
1735 1726 1776 1748 os
1793 1712 1891 1761 ejus,
1908 1721 1945 1748 et
1961 1711 2093 1760 dejecit
2109 1712 2155 1748 de
2174 1713 2405 1758 fortitudine,

1421 1779 1458 1808 et
1477 1771 1523 1807 de
1543 1772 1678 1816 stellis,
1701 1771 1831 1807 stravit
1850 1771 1918 1807 sibi
1937 1784 2066 1808 aurum
2085 1772 2190 1819 quasi
2208 1771 2347 1818 lutum,
2371 1780 2408 1808 et

366 1847 475 1870 voces
495 1833 706 1877 orantium,
726 1841 763 1868 et
784 1832 999 1868 dulcescant
1018 1831 1083 1867 tibi
1105 1831 1255 1868 dolores
1273 1831 1356 1868 dili-
1378 1838 1404 1874 C
1420 1830 1490 1868 sub
1508 1832 1590 1881 ipso
1606 1840 1693 1868 sunt
1711 1830 1804 1867 radii
1823 1831 1924 1867 sotis.

365 1894 529 1941 :gentium
545 1921 553 1937 ,
579 1892 625 1928 de
642 1892 764 1941 poenis
786 1891 906 1927 rideas
925 1891 1207 1927 innocentium!

418 1954 451 1989 7.
478 1954 521 1987 El
543 1953 767 1999 respondens
788 1964 881 1986 unus
894 1979 902 1995 ,
923 1956 984 1986 cici
1000 1965 1131 1986 nomen
1156 1952 1351 1999 Cleophas,

365 2016 461 2048 dizit
480 2018 514 2047 ei
529 2027 539 2046 :
569 2013 620 2046 Tic
640 2014 736 2047 solas
753 2024 972 2059 [nfri'grimcs
993 2025 1029 2045 cs
1056 2016 1094 2045 in
1121 2013 1328 2046 Ji.·ru.=·11lem
1342 2039 1352 2055 ,

363 2082 399 2107 et
425 2086 496 2106 sion
515 2075 712 2119 eagiiovi'sci
731 2069 935 2118 qtiiefiicta
959 2080 1044 2105 sunt
1064 2074 1100 2105 in
1120 2073 1186 2105 illa
1207 2070 1264 2105 liis
1282 2072 1356 2104 (lie-

363 2132 456 2167 bus-‚³
473 2132 650 2178 (impleas
662 2160 670 2174 ,
689 2131 752 2179 qui
772 2131 1040 2179 interpretatur
1053 2134 1256 2179 Increpans
1273 2143 1352 2175 ore,

365 2192 520 2226 formam
537 2190 718 2226 orationis
735 2189 886 2225 videtur
899 2190 1131 2238 exprimere,
1148 2202 1232 2238 quae
1248 2190 1355 2238 ponit

364 2263 489 2286 eoram
511 2253 589 2285 Deo
605 2248 789 2297 judiciuin
804 2277 813 2294 ‚
837 2258 873 2284 et
892 2249 1010 2298 replet
1030 2248 1355 2298 increpationibus

364 2323 404 2344 os
423 2322 555 2352 suom3
577 2322 677 2344 nunc
695 2322 872 2344 accusans
889 2308 1014 2344 cordis
1031 2308 1206 2344 duritiam
1222 2336 1231 2352 ,
1255 2321 1354 2344 nunc

365 2369 674 2413 inconstantiam3
707 2382 806 2404 nunc
839 2369 1002 2417 torporis
1032 2368 1168 2416 frigore
1193 2367 1355 2404 constri-

364 2438 463 2463 ctum
481 2457 489 2471 ,
514 2442 612 2463 nunc
635 2429 757 2476 inepta
779 2428 903 2463 lzetitia
928 2427 1163 2463 dissolutum.
1193 2429 1354 2462 Ticsnliis

360 2491 580 2535 peregrinus
594 2502 629 2520 es
642 2490 661 2522 ‚³
676 2486 795 2523 Corda
811 2486 1119 2522 soletamantium
1137 2486 1354 2522 familiarius

363 2560 504 2582 incr-ror
523 2546 825 2595 compunctionis
845 2546 1015 2591 afficere,
1039 2559 1123 2582 cum
1147 2553 1201 2581 tot
1224 2545 1354 2581 vident

1473 1890 1508 1925 8.
1547 1892 1597 1925 Τα
1623 1893 1720 1925 salas
1745 1894 1966 1938 peregrimes
1985 1903 2022 1924 es
2047 1894 2085 1924 ite
2105 1891 2334 1930 Jerusalem,
2367 1890 2406 1925 iu

1420 1950 1581 1986 Ecclesia
1616 1950 1753 1986 scilicet
1784 1950 1965 1985 militante
1996 1952 2094 1994 Deo,
2123 1961 2206 1997 quae
2236 1948 2409 1985 videlicet

1421 2021 1497 2044 non
1526 2008 1693 2058 possidet
1714 2008 1836 2044 adhuc
1862 2021 2017 2057 pace-1113
2050 2017 2083 2042 et
2109 2021 2181 2042 nou
2213 2011 2409 2055 cognovisti

1421 2066 1627 2115 (Juoesacla
1647 2076 1730 2102 siem
1751 2072 1788 2102 m
1810 2069 1875 2101 illa
1895 2065 2020 2101 (liebus
2041 2068 2153 2101 Istis?
2183 2065 2249 2102 llis
2276 2064 2412 2102 dicbus

1421 2127 1638 2176 sanguinein
1662 2135 1765 2162 tuum
1793 2125 1917 2162 fudisti
1938 2139 2008 2175 pro
2028 2125 2146 2161 salute
2171 2124 2317 2174 generis
2337 2124 2408 2160 hu-

1422 2187 1547 2230 niani;
1570 2194 1607 2223 et
1629 2194 1681 2222 tot
1701 2186 1851 2222 dolores
1867 2194 1904 2221 ct
1923 2183 2148 2234 opprobria,
2169 2183 2215 2220 ad
2235 2184 2406 2220 ultimum

1420 2246 1540 2281 crucis
1565 2245 1791 2294 supplicium
1819 2243 2003 2293 pertulisti
2025 2257 2031 2279 :
2056 2252 2094 2280 et
2112 2255 2196 2279 eum
2218 2251 2318 2279 tanta
2340 2255 2409 2292 pro

1421 2305 1564 2341 mundo
1586 2318 1716 2354 passus
1736 2305 1785 2340 sis
1808 2304 1863 2339 his
1882 2303 2036 2348 diebus,
2059 2310 2096 2338 ct
2124 2310 2158 2338 te
2177 2302 2304 2338 omnia
2333 2310 2407 2337 tra-

1420 2363 1510 2399 here
1537 2363 1582 2399 ad
1614 2364 1790 2412 teipsum
1822 2362 2058 2411 promiseris,
2085 2362 2114 2397 si
2145 2375 2165 2396 a
2190 2369 2289 2397 terra
2311 2373 2409 2396 esses

1419 2425 1624 2469 exaltatus,
1656 2438 1740 2460 ecce
1760 2424 1943 2459 exaltatus
1969 2435 2007 2458 es
2033 2434 2147 2470 super
2177 2421 2302 2457 coelos.
2327 2425 2407 2457 Iino

1419 2497 1485 2520 cur
1499 2497 1573 2520 non
1590 2484 1690 2520 eruis
1710 2496 1774 2519 cos
1791 2483 1856 2532 qui
1874 2482 2065 2518 ducuntur
2078 2481 2124 2517 ad
2141 2489 2298 2517 mortem
2314 2494 2323 2525 ;
2341 2494 2407 2516 cur

1419 2556 1464 2578 ex
1486 2546 1601 2579 Basan
1623 2556 1699 2578 non
1718 2542 1972 2586 converteri53
1995 2554 2062 2577 cur
2081 2553 2212 2576 omnes
2230 2552 2305 2576 non
2328 2548 2406 2576 tra—

363 2606 450 2642 inde
468 2606 678 2654 specialiter
700 2605 863 2641 fastidire
889 2605 1011 2641 studia
1025 2634 1033 2649 ,
1059 2614 1096 2641 et
1118 2618 1138 2641 a
1165 2604 1352 2641 desiderio
1372 2609 1404 2642 D
1421 2602 1500 2647 his;
1523 2615 1589 2638 cur
1606 2611 1676 2638 tam
1700 2615 1839 2651 paucos
1861 2601 1906 2637 de
1924 2601 2051 2636 multis
2068 2600 2190 2649 eligis,
2209 2599 2315 2648 quasi
2337 2607 2409 2636 tuae

363 2666 524 2701 eoelestis
550 2665 679 2713 patrite
707 2665 931 2713 tepescentis
958 2664 1118 2714 speciem
1145 2664 1294 2713 pietatis
1315 2664 1351 2699 in

363 2726 444 2760 solo
464 2724 638 2759 exteriori
666 2723 795 2759 habitu
825 2723 996 2759 retinere.
1019 2723 1237 2773 Respondet
1263 2736 1353 2772 ergo

361 2783 563 2832 cleophas,
584 2782 733 2831 quoties
760 2782 888 2818 talium
908 2782 1112 2831 perditioni
1141 2795 1187 2818 cx
1214 2782 1354 2818 intimis

361 2843 606 2878 condolentes
620 2870 628 2885 ‚
650 2842 742 2877 tales
759 2842 794 2877 in
815 2842 985 2878 oratione
1003 2841 1243 2891 profundunt
1260 2853 1354 2890 que-

364 2902 539 2937 rimonias
570 2915 576 2935 :
615 2900 800 2945 Domine,
837 2909 875 2935 tu
907 2901 1007 2936 solus
1047 2901 1146 2936 suisti
1185 2908 1354 2949 tempore

364 2961 572 3010 passionis,
598 2958 806 3007 abnegante
830 2962 955 3004 Petro,
981 2960 1143 3007 fugiente
1168 2958 1354 3008 discipulo

363 3033 473 3068 quein
495 3018 644 3054 amabas
659 3046 667 3061 ‚
688 3018 806 3053 oblito
827 3018 876 3054 tui
896 3019 1033 3055 amoris
1053 3019 1273 3067 privilegio,
1298 3019 1355 3054 fu-

363 3077 551 3127 gientibus
577 3077 687 3112 etiam
719 3077 874 3112 cren—ris.
900 3077 990 3122 Sed,
1023 3077 1114 3121 heu,
1136 3077 1230 3112 heu!
1255 3085 1351 3113 tem—

364 3151 455 3186 pore
472 3136 653 3186 passionis
670 3149 753 3184 qoae
769 3148 868 3171 nune
883 3144 956 3181 est,
976 3136 1168 3183 religiosos
1183 3135 1354 3172 videmus

362 3207 437 3231 tion
471 3196 588 3231 solum
617 3207 690 3230 non
715 3194 936 3243 participare
958 3207 1024 3243 per
1052 3195 1350 3243 compassionem

413 3323 738 3363 ¹⁸⁴·1›.v·,¹'=.¹7-
790 3338 799 3340 -
827 3327 836 3341 1
859 3320 919 3351 Jol»
938 3331 988 3351 xi..
1019 3324 1067 3350 18.
1099 3338 1125 3341 ⁷-

1159 3318 1297 3350 3Matth.
1314 3330 1386 3348 λνιι
1404 3344 1410 3356 ,

1421 2662 1618 2697 immemor
1646 2661 1854 2710 passionis?
1876 2663 1960 2696 Noti
1986 2663 2180 2706 cognovisti
2199 2655 2408 2705 quoesctetu
2442 2695 2445 2702 ,

1419 2730 1501 2756 sime
1530 2725 1566 2755 iii
1594 2723 1797 2756 Jerusalem
1831 2720 1958 2755 {liebus
1986 2724 2064 2754 istis
2079 2723 2098 2754 .³
2128 2721 2171 2754 In
2201 2717 2406 2754 Jerusalem

1421 2779 1552 2816 diebus
1570 2779 1670 2824 istis,
1695 2788 1732 2815 tu
1753 2779 1814 2815 ille
1835 2779 2023 2822 excelsus,
2043 2775 2294 2821 admirabilis,
2311 2777 2410 2812 oeci-

1421 2852 1482 2874 sus
1501 2839 1621 2882 fuisti,
1643 2839 1701 2874 eui
1719 2842 1870 2887 Moyses
1887 2846 1923 2874 et
1941 2837 2038 2874 Elias
2055 2838 2090 2872 in
2112 2836 2408 2884 transfiguratio-

1421 2897 1477 2933 nis
1494 2905 1565 2932 tuae
1586 2897 1729 2933 visione
1749 2896 2001 2945 pulcherrima
2019 2903 2107 2931 sunt
2127 2894 2240 2930 locuti
2256 2893 2280 2930 3.
2299 2897 2407 2939 Vere,

1421 2956 1607 3002 Domine,
1630 2956 1738 2991 nimis
1759 2956 1948 2992 excessisti
1968 2970 1974 2990 :
1997 2956 2086 3003 quia
2107 2967 2191 2990 cum
2211 2954 2262 2990 sis
2283 2954 2408 3002 splen-

1421 3014 1490 3051 dor
1511 3023 1675 3061 paternae
1695 3015 1844 3063 gloria»,
1872 3023 1908 3050 ct
1930 3015 2047 3064 ligura
2066 3012 2281 3049 substantiae
2303 3012 2406 3060 ejus,

1420 3083 1456 3110 et
1476 3087 1560 3110 cum
1582 3075 1630 3110 sis
1652 3075 1835 3110 Dominus
1857 3073 2076 3122 majestatis,
2099 3081 2136 3108 et
2163 3071 2409 3108 trementibus

1418 3133 1610 3170 elementis
1624 3161 1633 3178 ,
1656 3134 1739 3169 coeli
1763 3132 2010 3169 luminaribus
2027 3131 2236 3167 obscuratis
2249 3159 2259 3176 ,
2280 3138 2317 3166 et
2334 3139 2410 3166 stu-

1419 3193 1594 3244 pentibus
1623 3193 1793 3242 Angelis,
1816 3193 1890 3242 pati
1919 3192 2090 3240 dignatus
2115 3203 2153 3226 es
2181 3198 2407 3226 tormentum

1432 3324 1462 3350 il.
