2418 3949
87 183 160 220 245

85 259 229 305 aditus,
260 268 297 296 et
324 259 384 296 hic
411 259 630 296 commissus
655 260 870 297 Cherubim.
889 261 990 297 Nihil
1004 259 1068 296 ad-

763 185 813 220 IN
841 184 1065 227 CANTICA‚
1095 183 1257 220 SERMO
1284 186 1442 220 XXXV.

2053 188 2128 226 246

1138 271 1253 307 aquas
1274 259 1399 296 divide
1417 290 1427 305 ,
1448 269 1489 296 ut
1516 261 1700 298 virtutum
1719 270 1887 299 aromata
1907 261 1974 300 tibi
1996 276 2127 301 accre-

85 319 255 356 mittatur
269 332 345 356 non
361 319 613 356 examinatum
628 320 731 369 prius
743 320 868 370 gladio
885 320 1070 365 flammeo,
1088 323 1120 357 A
1137 327 1264 363 scant;
1290 332 1332 355 ac
1353 319 1383 356 si
1410 319 1520 368 juxta
1545 333 1678 369 aquam
1701 321 1740 357 in
1758 321 1904 371 plateis.
1927 323 2129 370 Quomodo

85 379 181 415 nihil
210 378 314 428 quod
345 377 504 415 verbum
534 378 605 415 Dei
633 378 832 428 reprobet,
861 378 964 428 quod
994 390 1072 414 non

86 437 274 488 approbet
303 437 483 483 charitas,
503 436 607 486 quod
628 450 708 474 non
734 437 781 474 ad
799 437 1070 487 perfectionem

87 504 126 533 et
147 496 420 546 plenitudinem
448 496 539 546 legis
561 496 723 533 accedat.
758 495 956 533 Plenitudo
981 507 1071 544 ergo

88 554 251 592 scientiae
264 553 464 592 Cherubim
478 582 488 600 ,
503 562 541 590 et
560 553 756 603 plenitudo
772 553 862 602 legis
877 553 1037 589 charitas
1060 565 1067 587 :

86 611 126 649 in
145 625 220 662 qua
239 612 366 648 omnia
397 612 675 649 concluduntur
695 611 881 648 mandata.
909 614 998 647 Haec
1026 609 1074 647 sit

88 669 156 707 tibi
184 669 353 707 custodia
369 670 565 715 flammea,
597 678 637 706 ut
655 669 840 719 quidquid
863 670 1074 719 irrumpere

87 727 283 778 indignum
301 728 516 773 tentaverit,
533 727 603 764 sub
623 736 816 764 momento
833 737 870 765 et
884 741 961 765 non
975 729 1075 764 lente

87 794 295 824 consumat.
329 785 520 835 Numquid
545 799 623 823 non
654 787 853 824 commode
882 787 1073 824 dilectioni

87 852 143 880 est
171 844 356 894 assignata
384 844 604 890 conclusio,
635 857 719 894 quae
750 857 898 894 sponsae
926 858 1074 896 semper

85 902 307 952 constringit
335 901 487 939 affectus
507 931 518 949 ,
538 911 575 939 et
593 903 783 939 concludit
810 904 903 940 inid
927 905 1049 954 ipsum
1063 933 1072 951 ,

86 960 135 998 ad
170 960 347 997 interiora
377 974 525 1011 semper
559 970 800 1009 convertens,
838 962 900 999 ubi
932 963 1074 1000 deliciae

1137 389 1213 413 non
1243 377 1314 413 erit
1346 378 1428 414 sons
1450 381 1635 428 signatus,
1662 380 1727 428 qui
1760 380 1807 416 de
1833 381 1938 418 fonte
1958 382 2024 419 illo
2045 383 2129 419 vitae

1136 435 1318 485 profluit,
1339 449 1453 485 quem
1475 437 1636 487 signavit
1663 442 1763 475 Deus
1783 441 1921 477 Pater?
1944 443 2040 488 Qui,
2066 442 2129 478 in-

1136 494 1238 543 quit,
1257 494 1387 530 biberit
1406 498 1452 531 de
1471 509 1572 543 aqua
1592 497 1683 542 leae,
1702 511 1814 545 quam
1836 512 1902 548 ego
1922 500 2074 545 d0,·fiet
2092 504 2130 535 in

1137 566 1178 588 eo
1195 551 1288 599 sons
1307 567 1420 601 aquoe
1444 557 1611 590 salientis
1632 559 1670 590 in
1690 560 1807 592 vitam
1841 565 2018 593 aeternam
2033 564 2061 595 ².
2083 562 2126 595 In

1139 611 1242 648 fonte
1284 612 1357 648 hoc
1390 626 1502 661 quem
1541 613 1726 662 signatum
1769 624 1881 651 vocat
1899 644 1909 662 ,
1948 617 2129 667 signatam

1139 670 1362 719 quamdam,
1381 679 1419 706 et
1447 671 1681 720 spiritualem
1695 699 1705 716 ,
1728 681 1766 708 et
1802 674 1996 722 propriam
2011 704 2021 721 ‚
2051 684 2088 712 et
2109 689 2131 712 a

1139 729 1305 766 saeculari
1341 728 1548 778 sejunctam
1592 730 1801 766 doctrinam
1836 732 2028 782 intellige;
2067 744 2132 771 aut

1140 788 1347 824 doctrinam
1361 816 1372 833 ,
1409 796 1473 824 aut
1511 796 1610 824 certe
1653 788 1893 825 devotionem
1931 791 2131 842 privilegio

1139 845 1345 883 dulcedinis
1374 846 1553 896 signatam
1567 875 1576 892 ‚
1597 854 1635 882 et
1663 847 1769 895 quasi
1797 847 2022 897 singularem
2036 877 2045 894 ,
2067 864 2130 886 co*

1141 905 1245 955 piose
1272 905 1452 942 fluentem
1479 913 1515 941 et
1536 905 1690 955 jugiter.
1723 908 1808 942 Haec
1827 914 1882 942 est
1901 920 1986 955 quae
2006 909 2133 945 omnia

1140 963 1322 999 virtutum
1337 964 1419 1000 laeta
1435 963 1558 1000 reddit
1577 964 1778 1014 genimina.
1798 967 1887 1001 Haec
1905 973 1960 1001 est
1977 966 2130 1003 fortium

86 1018 169 1068 ejus
199 1019 272 1056 sint
291 1032 371 1057 esse
400 1033 483 1057 cum
513 1020 607 1057 Filio
642 1021 742 1058 Dei?
768 1025 894 1058 Bonus
923 1022 1073 1059 dilectio
1094 1025 1122 1058 B
1141 1036 1298 1072 operum
1337 1023 1584 1069 exhilaratio,
1617 1036 1658 1059 ac
1696 1023 1725 1059 si
1759 1024 1930 1072 quaedam
1965 1025 2132 1075 irrigatio

87 1092 239 1116 murus:
258 1078 323 1116 sed
346 1078 462 1116 habet
477 1079 535 1116 hic
551 1093 680 1116 murus
702 1081 949 1117 antemurale.
967 1082 1074 1118 Dile-

87 1139 161 1175 ctio
192 1139 298 1188 quasi
319 1152 448 1176 murus
474 1148 550 1184 est,
574 1141 803 1176 antemurale
823 1142 1002 1191 regularis
1017 1142 1076 1178 di-

87 1197 244 1234 strictio.
277 1198 343 1234 Illa
369 1198 614 1247 cogitationes
652 1207 815 1245 sanctas,
851 1208 886 1236 et
921 1200 1075 1238 affectus

87 1255 215 1294 dulces
258 1256 436 1303 includit3
467 1257 546 1294 haec
583 1258 798 1295 occasiones
830 1259 1075 1308 delinquendi

87 1315 234 1364 repellit
263 1323 300 1351 et
322 1315 499 1352 excludit.
525 1319 612 1353 Haec
645 1317 971 1366 opportunitatem
1006 1332 1073 1354 va-

87 1372 244 1410 cationis
263 1372 309 1409 ad
328 1374 465 1410 amoris
481 1383 632 1423 praestat
651 1375 799 1420 officia3
821 1376 883 1412 illa
909 1376 1073 1424 perfrui-

89 1438 161 1467 tur.
181 1431 247 1467 Ille
264 1444 394 1468 murus
415 1440 540 1481 gratus
559 1441 637 1478 est3
655 1433 717 1469 hic
734 1434 978 1470 necessarius.
1007 1435 1074 1471 Ille

89 1497 124 1526 te
143 1491 310 1527 coelestes
334 1491 432 1527 inter
451 1490 600 1528 delicias
619 1492 776 1538 claudit;
795 1493 861 1528 iste
877 1484 1076 1542 proscribit

88 1548 309 1586 mundanas.
334 1550 370 1586 Si
388 1548 454 1586 tibi
473 1551 642 1586 votivum
666 1559 739 1596 est,
760 1564 826 1587 cor
846 1559 950 1587 tuum
971 1553 1075 1588 velut

88 1609 239 1646 hortum
261 1610 478 1646 deliciarum
497 1620 673 1660 praestare
687 1612 856 1657 Christo,
874 1625 951 1648 non
977 1626 1074 1662 aegre

88 1667 183 1705 seras
217 1669 288 1705 hoc
319 1670 538 1706 antemurali
571 1670 600 1706 si
634 1671 882 1708 concludaris.
913 1672 1074 1709 Delicias

86 1726 244 1776 perdere
264 1728 344 1764 vult
373 1741 466 1777 quas
494 1727 606 1764 habet
628 1729 639 1779 ζ
657 1729 686 1766 si
705 1738 828 1766 tamen
851 1729 983 1780 habet)
1009 1732 1074 1780 qui

1141 1083 1292 1119 ossium.
1325 1082 1512 1119 Gaudium
1543 1083 1643 1118 enim
1679 1083 1802 1119 cordis
1837 1084 2019 1120 exhilarat
2053 1086 2133 1122 haec

1140 1141 1336 1192 singularis
1362 1150 1398 1177 et
1423 1142 1579 1191 insignis
1608 1141 1760 1178 devotio
1788 1142 1827 1178 in
1858 1145 2001 1188 Deum,
2026 1146 2132 1193 quasi

1141 1200 1223 1237 fons
1243 1201 1408 1250 signatus
1428 1209 1465 1237 et
1481 1201 1671 1250 proprius,
1689 1210 1979 1251 segregatusque
2000 1203 2038 1238 in
2060 1203 2133 1239 hoc

1139 1260 1412 1305 ministerium,
1441 1268 1484 1296 ut
1519 1273 1585 1296 cor
1618 1273 1793 1309 sponsae,
1831 1273 1873 1296 ac
1914 1261 1943 1297 si
1980 1261 2132 1298 hortum

1138 1318 1362 1367 quemdam,
1387 1319 1515 1368 irriget
1541 1319 1581 1354 in
1605 1320 1734 1368 sponsi
1760 1319 1925 1356 delicias.
1957 1320 2134 1370 Signetur

1139 1391 1248 1427 ergo,
1277 1386 1318 1414 ut
1349 1390 1424 1414 non
1457 1378 1519 1414 fiat
1548 1377 1657 1426 juxta
1693 1378 1796 1426 quod
1831 1379 2011 1428 scriptum
2042 1389 2129 1416 est:

1139 1439 1240 1471 Fons
1270 1445 1352 1471 taus
1379 1436 1542 1471 turbatus
1567 1438 1686 1483 pede,
1719 1445 1755 1471 ec
1784 1450 1885 1472 vena
1914 1446 2086 1486 corrupta
2105 1439 2131 1474 3.

1140 1495 1318 1543 Alioquin
1353 1494 1471 1530 nescit
1503 1502 1587 1530 tuus
1623 1494 1781 1531 dilectus
1820 1494 1866 1531 de
1900 1508 1998 1544 puro
2031 1497 2133 1532 fonte

1139 1561 1282 1602 potare.
1303 1555 1493 1602 Signatum
1519 1563 1585 1598 est,
1620 1553 1763 1602 inquit,
1791 1567 1899 1601 super
1920 1568 1984 1589 nos
2010 1558 2133 1590 lumen

1139 1614 1262 1647 vultus
1283 1617 1357 1655 mi,
1385 1614 1570 1655 Domine,·
1600 1614 1735 1647 dedisti
1757 1615 1930 1648 loetitiam
1959 1618 1997 1648 ιή
2025 1616 2135 1649 corde

1139 1684 1218 1705 meo
1236 1671 1266 1707 ⁴.
1299 1671 1483 1707 Laetitiam
1514 1670 1559 1706 ad
1589 1671 1845 1720 irrigationem
1869 1671 2037 1707 deflecte.
2063 1675 2134 1708 De-

1139 1729 1252 1777 nique
1269 1729 1307 1765 in
1327 1729 1524 1765 stillicidiis
1542 1729 1654 1765 fontis
1682 1729 1816 1765 hortus
1839 1729 2027 1766 laetabitur
2045 1743 2132 1780 ger—

88 1784 135 1821 de
148 1786 358 1823 munitione
371 1785 665 1824 submurmurat.
683 1791 824 1825 Hortus
842 1789 959 1825 nescit
982 1802 1075 1837 esse,
1097 1785 1124 1821 C
1144 1788 1289 1824 minans
1311 1788 1336 1823 ⁵·
1361 1791 1495 1830 Nonne
1522 1788 1655 1824 recolis
1676 1787 1722 1824 (le
1743 1787 1901 1834 Genesi,
1928 1788 2030 1836 <1U⁰d
2044 1787 2134 1834 f‘JHS

88 1845 154 1893 qui
170 1846 289 1882 nescit
306 1859 385 1882 esse
407 1847 620 1882 conclusus.

142 1903 177 1939 3.
194 1907 330 1940 Hortus
349 1908 539 1941 conclusus
554 1934 565 1950 ‚
580 1904 671 1951 sons
690 1910 867 1953 signatus.
890 1909 1075 1942 Emissio-

89 1974 153 1996 nes
185 1971 262 1997 tuoe
283 1965 482 2010 paradt'sus
509 1966 690 1999 malorum
719 1969 935 2012 punicorum
948 1992 958 2008 ,
997 1979 1077 2000 cum

84 2020 479 2069 pomorumsrncu‘bns.
500 2025 541 2058 Iu
565 2022 683 2059 tribus
700 2023 811 2071 hujus
832 2024 932 2059 horti
950 2024 1078 2061 laudes

89 2078 269 2125 absolvit,
291 2081 488 2117 conclusus
501 2109 510 2126 ,
527 2089 562 2117 et
577 2081 738 2131 irriguus
753 2110 762 2127 ,
781 2091 817 2118 et
833 2084 1071 2119 aromaticus.

90 2137 254 2174 Primum
273 2139 508 2174 securitatem
527 2140 673 2174 confert
696 2152 702 2172 ε
727 2139 930 2176 secundum
945 2168 954 2185 ‚
979 2141 1077 2177 serti-

89 2195 249 2232 litatem:
263 2188 417 2232 'tertium
446 2205 483 2232 et
507 2196 553 2233 ad
585 2198 752 2246 germina
777 2211 860 2246 quae
889 2199 1076 2247 producit,

90 2253 254 2302 respicit,
270 2262 308 2290 et
323 2254 369 2290 ad
386 2255 556 2304 gratiam.
575 2258 709 2291 Nonne
724 2255 833 2292 nobis
849 2265 975 2306 gratus
989 2258 1078 2293 hor-

89 2319 148 2348 tus
167 2311 235 2348 iste
250 2312 412 2359 videtur,
431 2321 502 2349 tam
522 2313 678 2362 integer,
697 2322 770 2350 tam
788 2314 895 2360 uber,
914 2323 986 2352 tam
1003 2317 1078 2352 nti-

89 2369 156 2406 lis?
182 2373 258 2406 Nec
279 2379 422 2407 tantum
442 2372 540 2408 utilis
557 2381 627 2418 est,
658 2373 721 2409 sed
738 2375 948 2410 aromaticis
965 2375 1076 2411 etiam

88 2428 283 2466 abundans
297 2429 450 2467 deliciis.
473 2431 564 2478 Quis
581 2440 749 2468 nostrum
760 2432 826 2468 has
839 2433 884 2469 ad
898 2446 936 2469 se
949 2433 1077 2470 laudes

89 2488 222 2525 audeat
233 2490 417 2527 attrahere
434 2492 449 2526 ?
465 2492 547 2540 quis
568 2492 644 2527 hrec
660 2491 730 2528 sibi
748 2492 820 2529 dici
836 2492 1075 2530 blandimen-

1145 1847 1386 1890 ascendebat,
1413 1856 1446 1882 et
1479 1847 1658 1895 irrigabat
1676 1856 1789 1882 totam
1801 1845 1943 1892 faciem
1961 1856 2072 1882 terroe
2088 1845 2103 1868 ⁶
2119 1849 2133 1883 Ρ

1143 1904 1276 1941 Adhuc
1297 1913 1395 1941 terra
1418 1905 1521 1940 dedit
1541 1906 1684 1940 fruetus
1704 1917 1814 1950 suos,
1837 1904 2006 1940 nondum
2029 1905 2135 1940 novit

1144 1964 1270 2012 spinas
1284 1972 1321 2000 et
1339 1963 1508 2000 tribulos.
1532 1963 1624 2011 Quis
1641 1963 1746 1999 dabit
1768 1964 1919 1999 hortulo
1936 1976 2019 2000 mco
2038 1964 2135 2000 hanc

1144 2036 1298 2070 aquam,
1324 2031 1360 2059 et
1380 2024 1515 2059 areolis
1535 2024 1626 2059 meis
1645 2023 1744 2058 hunc
1762 2023 1902 2058 sontem
1920 2023 2136 2072 signatum?

1143 2082 1233 2129 Quis
1253 2081 1357 2118 dabit
1378 2090 1420 2118 ut
1443 2090 1519 2118 tota
1540 2082 1679 2117 hortuli
1698 2082 1771 2118 mei
1795 2083 1906 2119 facies
1925 2083 2065 2131 irrigua
2089 2084 2136 2119 sit

1142 2139 1279 2176 laetitiae
1300 2149 1336 2175 et
1355 2140 1447 2176 lucis
1465 2141 1608 2185 rivulis,
1626 2149 1668 2176 ut
1688 2141 1778 2176 nihil
1796 2141 1833 2176 in
1857 2153 1903 2177 co
1931 2150 1993 2177 aut
2009 2142 2135 2178 sterile

1143 2200 1210 2244 sit,
1231 2208 1294 2235 aut
1316 2200 1476 2248 quadam
1495 2199 1865 2236 indevotione'triste
1883 2201 2040 2237 ?Vieina
2060 2210 2135 2238 ste-

1142 2258 1268 2294 rilitati
1297 2258 1449 2294 videtur
1478 2259 1648 2307 operatio
1679 2259 1813 2305 tristis,
1852 2267 1889 2295 et
1925 2261 2130 2309 spiritualis

1141 2316 1266 2365 gaudii
1294 2330 1424 2353 carens
1455 2318 1683 2366 irrigatione.
1714 2319 1886 2367 Denique
1915 2327 1952 2354 et
1980 2319 2010 2355 si
2041 2321 2133 2368 quid

1143 2376 1320 2420 nascitur,
1340 2376 1446 2424 quasi
1467 2376 1572 2412 radix
1601 2377 1768 2412 ascendit
1790 2377 1836 2413 de
1861 2386 1959 2413 terra
1976 2378 2129 2415 sitienti.

1141 2434 1254 2481 Quasi
1283 2433 1408 2479 radix,
1431 2447 1507 2470 non
1532 2435 1637 2483 quasi
1667 2435 1800 2480 flores,
1822 2449 1899 2472 non
1919 2437 2024 2485 quasi
2051 2438 2131 2473 sru-

1143 2500 1234 2529 ctus.
1260 2493 1372 2540 Quasi
1394 2493 1497 2529 radix
1520 2508 1527 2529 z
1547 2494 1617 2530 hoc
1637 2503 1712 2540 est,
1736 2503 1800 2531 aut
1815 2508 1971 2544 parum,
1996 2504 2060 2532 aut
2078 2497 2135 2532 ni·

92 2554 128 2583 ta
143 2549 370 2596 praesumat?
390 2552 513 2597 Atque
533 2549 674 2586 utinam
703 2550 798 2586 sicut
819 2551 1078 2600 irrigationem
1094 2549 1128 2583 D
1146 2551 1197 2587 hil
1215 2552 1300 2601 plus
1319 2551 1461 2589 habens
1482 2552 1519 2588 in
1543 2552 1677 2589 radice.

89 2612 125 2641 et
141 2605 449 2654 germinationem
471 2615 644 2656 optamus
661 2618 888 2655 aromatum,
914 2611 964 2646 sic
984 2624 1079 2647 con-

89 2666 188 2702 cludi
218 2666 430 2717 signarique
466 2681 541 2704 non
568 2669 831 2707 detrectemus.
856 2674 939 2707 Non
975 2673 1076 2708 euim

90 2724 337 2763 immissiones
354 2727 433 2763 illas
448 2736 656 2764 aromatum
679 2729 873 2777 producit,
896 2731 965 2766 nisi
987 2731 1077 2767 hor-

92 2790 150 2819 tus
186 2785 405 2830 conclusus,
435 2794 472 2822 et
499 2786 611 2822 sontis
642 2787 775 2837 signati
808 2788 957 2825 fluentis
996 2790 1078 2826 irri—

90 2853 199 2891 guus.
235 2843 409 2891 Signetur
435 2857 524 2894 ergo
555 2845 637 2881 fons
667 2853 774 2891 tuus,
806 2855 845 2883 ut
875 2861 949 2883 non
980 2849 1077 2885 essu-

91 2899 197 2935 sione
212 2901 369 2951 prodiga
391 2910 490 2938 totus
513 2904 719 2941 exsiccetur
740 2920 747 2941 ε
766 2906 952 2955 signetur,
973 2916 1013 2943 ut
1030 2907 1075 2943 ad

92 2957 319 3008 irrigandum
346 2960 413 2998 tibi
433 2962 600 2998 sufficiat.
626 2966 668 3000 In
699 2964 830 3012 plateis
861 2966 932 3001 tuis
961 2980 1076 3015 aquas

95 3024 174 3052 tuas
190 3016 339 3055 divide:
360 3019 495 3056 habeto
506 3034 566 3058 eas
587 3023 710 3066 solus,
729 3031 769 3059 ut
787 3037 860 3059 non
881 3025 1077 3061 sintalieni

94 3075 291 3125 participes
311 3078 363 3114 tui
386 3085 408 3114 ².
431 3083 470 3116 ln
493 3081 624 3129 plateis
640 3110 648 3125 ,
673 3082 838 3130 inquam,
856 3083 919 3119 sed
947 3084 982 3119 iu
1007 3084 1078 3120 tuis

143 3210 264 3238 'l'rm.
290 3221 318 3242 r.
343 3215 402 3247 tn,
432 3214 479 3242 ΙΤ,

92 3256 105 3275 '³
122 3262 199 3290 (ὶιίι.
218 3272 254 3298 ιι,
276 3266 304 3291 13,

574 3219 583 3233 ¹
605 3217 695 3245 jonii.
719 3226 762 3246 iv,
790 3218 920 3248 t;=,1‘·.

1008 3214 1014 3232 ⁴
1042 3218 1127 3245 l'iox.
1158 3228 1233 3249 xxx,
1265 3220 1316 3245 ¹2¹3.
1353 3236 1359 3238 -

1199 2612 1233 2647 4.
1252 2611 1342 2647 Ideo
1359 2612 1471 2648 sontis
1490 2612 1640 2648 inducta
1654 2620 1709 2648 cst
1727 2613 1887 2657 mentio,
1911 2622 1953 2650 ut
1968 2615 2135 2662 germina

1147 2670 1228 2706 laeta
1258 2671 1386 2706 credas
1411 2685 1609 2721 erumpere
1634 2672 1671 2707 in
1694 2672 1804 2707 horto
1834 2673 1988 2721 irriguo.
2015 2677 2058 2709 Et
2081 2683 2136 2709 est

1144 2728 1318 2777 equidem
1346 2729 1496 2774 hortus,
1528 2730 1635 2778 cujus
1655 2744 1760 2779 aquae
1785 2731 1948 2767 fortuitae
1969 2741 2077 2778 sunt,
2099 2742 2137 2768 et

1143 2789 1248 2836 quasi
1280 2788 1420 2824 deforis
1439 2790 1562 2825 ascita*
1577 2817 1586 2833 ‚
1617 2803 1691 2826 non
1712 2803 1917 2839 perennes,
1940 2804 2015 2827 non
2044 2806 2136 2842 pro-

1144 2848 1246 2897 priae.
1271 2851 1396 2884 Bonus
1421 2856 1545 2883 :uitem
1573 2849 1725 2894 hortus,
1757 2849 1863 2898 cujus
1894 2851 1977 2886 sons
1998 2851 2032 2886 in
2055 2851 2137 2900 ipso

1143 2907 1320 2943 nascitur.
1360 2909 1459 2942 Fons
1503 2907 1669 2955 signatus
1703 2916 1739 2943 et
1779 2908 1977 2957 proprius,
2019 2911 2136 2952 Fons,

1143 2966 1284 3015 inquit,
1305 2974 1342 3001 ct
1361 2964 1450 3012 sous
1479 2971 1649 3014 signatus
1670 2982 1680 3001 .·
1703 2966 1740 3002 id
1767 2976 1842 3010 est,
1870 2967 2010 3016 jugiter
2039 2968 2138 3003 intus

1143 3038 1365 3074 ci·uiupeus‚
1386 3034 1422 3061 ct
1439 3039 1513 3061 non
1535 3027 1664 3062 valens
1681 3027 1887 3075 corrumpi.
1911 3029 2011 3061 Fons
2024 3056 2032 3072 ‚
2051 3027 2137 3075 quia

1144 3083 1308 3120 ubertim
1345 3084 1445 3129 lluit3
1475 3090 1664 3133 signatur,
1685 3086 1772 3134 qnia
1794 3099 2030 3134 nequaquam
2051 3100 2135 3134 pen·-

1422 3223 1427 3240 ¹
1458 3216 1533 3245 l'aeal.
1564 3228 1608 3249 ix,
1643 3238 1647 3246 ,
1764 3215 1773 3233 3
1799 3217 1875 3246 luat.
1907 3227 1994 3247 ixii,
2026 3220 2056 3244 ΙΙ
