2504 3928
343 239 398 273 is.
1057 237 1290 272 utllGoxls
1320 236 1663 270 (21t1t·t·tsssttzxsts

2305 231 2379 265 ³183

335 316 515 358 amicitia,
536 315 622 363 quia
641 315 676 349 in
698 313 852 361 singulis
873 313 1109 360 singulariter
1129 321 1164 348 et
1183 313 1217 348 in
1241 325 1322 348 om-
1345 315 1374 347 A
1391 310 1532 359 quibit,
1555 310 1624 346 nisi
1646 322 1684 344 se
1705 310 1825 357 ipsum
1848 321 1921 344 non
1943 320 2022 343 csse
2044 307 2153 351 xclit,
2177 306 2279 355 quod
2302 307 2378 342 lieri

337 373 447 410 nibus
468 375 538 410 erit
558 372 809 408 communiter
829 372 984 407 al‘l'ectus
1003 372 1156 421 perl'ecti
1177 371 1324 407 amoris.

394 434 449 469 13.
469 436 576 469 Beata
599 432 711 478 igitur
730 430 890 466 amicitia
908 459 916 475 ,
945 444 1029 479 qua·
1050 439 1105 466 tot
1131 430 1326 466 beatorum

336 493 488 540 spiritus
507 492 657 539 copulat
681 491 715 525 in
743 499 881 526 :eterna
913 491 1043 538 gloria.
1074 491 1168 526 llinc
1199 502 1326 525 nasce-

338 558 397 584 tur
417 550 532 585 amica
556 548 775 589 concordia,
795 562 878 597 quze
901 548 945 583 ad
976 549 1090 584 instar
1115 547 1328 583 concordia*

338 606 592 642 membrorum
612 606 927 655 manebitjugiter
942 607 1132 642 inviolata.
1151 609 1235 642 lla-c
1253 614 1328 641 tan-

341 672 374 698 ta
394 663 482 707 erit,
500 671 541 698 ut
568 664 695 699 nullus
715 663 815 699 aliud
837 664 924 699 velit
945 677 1056 713 quam
1084 663 1153 699 hoc
1174 662 1275 712 quod
1295 670 1329 698 te

339 721 434 756 velle
463 721 686 757 constiterit.
718 724 808 757 Nam
841 722 935 757 sicut
964 735 1036 758 una
1070 735 1229 771 sponsa,
1257 734 1329 756 una

340 780 518 826 Ecclesia,
537 793 653 816 unum
680 794 818 830 corpus
846 782 1004 825 crimus;
1033 781 1084 816 sic
1105 794 1179 816 non
1207 781 1331 815 minor

338 839 538 876 concordia
567 853 678 888 (piam
710 854 810 876 nunc
835 849 891 876 cst
911 841 1007 876 inter
1033 839 1200 876 membra
1223 839 1332 875 unius

338 900 521 948 eorporis.
547 899 714 936 Membra
740 900 923 948 siquidem
950 908 1076 935 nostra
1099 907 1236 934 tantam
1261 898 1329 933 ha-

340 957 429 994 bent
448 958 544 994 inter
561 972 598 994 se
617 958 874 1003 com-ordiam,
893 967 932 993 ut
953 967 1041 1007 puta
1058 958 1170 1003 oculi,
1189 966 1229 993 ut
1251 958 1331 993 nul-

340 1018 377 1052 lo
404 1016 518 1052 modo
540 1018 634 1053 alter
655 1017 733 1053 sine
760 1017 878 1053 altero
899 1016 1103 1065 quidquam
1129 1016 1215 1051 velit
1241 1029 1331 1064 ope-

1393 382 1467 405 non
1499 368 1650 417 poterit.
1683 367 1753 404 Sed
1785 380 1851 402 nec,
1878 367 1914 402 in
1944 366 2061 415 gloria
2088 365 2292 413 majoribus
2315 377 2382 413 par

1395 427 1473 463 lieri
1494 427 1588 461 wllc
1619 425 1778 475 poterit,
1800 425 1827 460 si
1857 425 1996 460 meritis
2028 425 2147 473 impar
2175 423 2378 465 exstiterit,

1393 486 1570 535 qnoniam
1603 484 1753 532 quidem
1793 484 1890 519 illius
1926 483 2176 532 pulcherrima
2213 482 2382 531 corporis

1394 544 1617 593 compositio
1645 543 1721 591 jam
1759 542 1950 578 rideretur
1981 542 2133 587 violari3
2164 541 2266 590 quod
2297 554 2380 576 cum

1395 618 1521 640 amore
1548 607 1627 651 ipso
1648 611 1684 638 et
1704 601 1984 651 pulchritudine
2000 601 2168 649 ejusdem
2190 600 2382 650 composi-

1397 663 1508 698 tionis
1530 661 1629 697 nulla
1645 661 1788 696 ratione
1806 660 2017 696 consentire
2036 660 2186 709 poterit.
2205 662 2295 695 Nam
2313 658 2384 694 sic-

1398 730 1434 757 ut
1458 721 1491 756 in
1515 721 1679 756 lmmano
1700 732 1880 767 corpore,
1901 732 1969 755 nec
1990 732 2120 755 manus
2140 718 2306 768 fungitur
2325 717 2384 752 os-

1399 782 1480 817 licio
1509 779 1636 829 pedis,
1672 792 1739 814 nec
1771 779 1902 814 oculus
1935 779 2027 828 petit
2055 792 2134 814 esse
2163 790 2294 823 nasus,
2319 789 2386 813 nec.

1398 839 1546 875 auditus
1563 838 1758 881 odoratus,
1778 850 1845 872 nec
1860 837 2078 873 auricularis
2092 837 2230 884 digitus
2244 835 2387 871 medius

1399 899 1478 934 x‘ult
1498 911 1576 932 csse
1594 897 1650 932 vel
1670 896 1794 945 pollex
1815 911 1821 932 :
1841 896 1944 931 sicin
1966 896 2027 932 illa
2051 895 2211 944 gloriosa
2227 907 2386 942 compo-

1398 958 1532 994 sitione
1557 956 1718 992 civitatis
1739 956 1826 999 Dei,
1849 968 1958 991 nemo
1979 968 2086 991 suum
2110 963 2244 990 statum
2268 953 2385 1002 gradu

1398 1017 1535 1066 potiori
1561 1016 1662 1051 volet
1691 1023 1845 1050 mutare.
1868 1018 1910 1051 ln
1941 1022 2082 1050 tantum
2107 1013 2258 1062 quidem
2284 1012 2387 1062 quod

339 1076 424 1111 rari.
447 1079 536 1112 ‘Nam
556 1077 584 1112 si
603 1089 699 1111 unus
715 1088 861 1112 sursum
881 1076 937 1111 vel
960 1075 1156 1119 deorsum,
1174 1073 1326 1110 dextera
1346 1078 1371 1111 B
1392 1089 1499 1111 suum
1522 1083 1573 1111 est
1588 1073 1909 1123 quisqueamabit,
1924 1073 2010 1122 quia
2022 1072 2090 1109 sibi
2103 1072 2292 1109 sufficiens
2305 1071 2386 1107 erit.

338 1135 395 1170 vel
414 1135 504 1171 laeva
523 1135 611 1171 velit
628 1135 822 1171 intendere
837 1163 846 1180 ,
866 1147 941 1170 non
962 1134 1101 1181 indiget
1115 1142 1155 1169 nt
1170 1133 1327 1169 alterum

340 1203 487 1230 moneat
507 1208 632 1230 secum
649 1195 886 1243 conspicere,
902 1194 989 1242 quia
1008 1193 1112 1228 nullo
1131 1191 1244 1227 modo
1261 1205 1329 1227 na-

341 1252 510 1288 turaliter
531 1253 609 1288 vult
638 1253 804 1302 aspicere
833 1251 974 1300 absque
994 1251 1147 1287 alterius
1167 1250 1330 1286 insocia-

341 1310 404 1346 bili
425 1311 693 1359 conspectione
715 1325 722 1346 :
747 1318 885 1346 tantam
909 1322 1070 1357 namque
1093 1309 1188 1344 inter
1207 1321 1246 1344 se
1266 1307 1333 1344 ha—

340 1367 430 1404 bent
459 1369 724 1413 concordiam,
747 1377 785 1404 ut
814 1367 997 1417 quidquid
1028 1379 1123 1402 unus
1151 1367 1333 1412 voluerit,

339 1427 412 1463 hoc
431 1427 527 1463 idem
546 1435 582 1463 et
599 1428 692 1464 alius
715 1428 814 1463 velit.
835 1430 976 1463 Caetera
994 1438 1146 1474 quoque
1169 1425 1335 1461 membra

341 1487 457 1522 multa
479 1487 576 1522 inter
596 1499 634 1521 se
655 1487 884 1535 copulantur
904 1484 1106 1521 concordia
1130 1497 1138 1519 :
1160 1497 1244 1520 nam
1266 1497 1334 1533 pro

341 1544 501 1593 pedibus
521 1553 557 1580 et
580 1553 657 1580 toto
676 1557 835 1593 corpore
857 1551 1066 1593 operantur
1088 1555 1219 1578 manus
1233 1570 1241 1586 ‚
1265 1555 1335 1591 pro

341 1603 512 1640 manibus
530 1617 621 1640 vero
639 1612 676 1640 et
694 1613 773 1639 toto
795 1616 956 1653 corpore
977 1603 1160 1653 prospicit
1180 1603 1310 1638 oculus
1324 1630 1333 1647 ,

341 1672 377 1698 et
394 1676 464 1712 pro
480 1664 590 1699 oculo
616 1672 652 1699 ct
671 1672 750 1699 toto
770 1676 931 1712 corpore
956 1662 1095 1699 incedit
1118 1675 1202 1711 pes,
1225 1663 1334 1698 etiam

342 1722 452 1758 nudis
466 1721 655 1758 interdum
672 1722 828 1771 plantis;
844 1735 912 1758 nec
930 1721 1042 1766 dicit,
1062 1722 1146 1757 licet
1165 1722 1335 1770 aliquan-

341 1781 391 1816 do
408 1782 570 1829 graviter
587 1789 806 1818 cruentetur
821 1775 1012 1830 spinarum
1029 1780 1186 1826 aculeis,
1201 1794 1239 1817 se
1257 1781 1339 1816 nol—

342 1840 376 1875 le
403 1853 594 1889 quoquam
617 1841 776 1889 amplius
797 1840 848 1876 ire

342 1899 581 1944 vulneretur,
604 1912 642 1935 se
675 1899 776 1934 nolle
807 1898 968 1947 amplius
996 1897 1157 1946 operari.
1184 1901 1277 1941 Nec,
1306 1898 1335 1934 si

341 1957 537 2004 contigerit
560 1965 600 1992 ut
628 1969 758 1992 manus
786 1956 1005 2001 siromaste,
1022 1955 1059 1991 id
1079 1964 1133 1992 est
1160 1956 1334 2005 cuspide,

343 2015 475 2066 pedem
506 2028 615 2052 suum
644 2015 884 2059 transfodiat,
907 2015 1033 2064 aliqua
1053 2015 1230 2052 adversus
1256 2029 1335 2052 ma—

343 2089 432 2111 num
450 2076 503 2112 ira
520 2089 585 2125 pes
602 2077 680 2125 ipse
697 2084 882 2111 movetur.
904 2079 1020 2111 Tanta
1037 2075 1220 2124 siquidem
1239 2076 1337 2112 inter

343 2148 381 2171 se
411 2135 548 2171 amoris
581 2135 796 2171 adunantur
823 2134 1046 2180 concordia,
1072 2143 1112 2170 ut
1142 2135 1243 2172 nulla
1270 2149 1336 2172 va-

343 2194 443 2230 leant
462 2195 607 2231 ratione
634 2195 830 2230 dissentire
853 2194 1049 2230 occasione
1083 2194 1209 2243 aliqua
1234 2209 1242 2231 :
1266 2194 1340 2230 imo

344 2253 527 2301 quidquid
562 2253 671 2289 alicui
705 2253 960 2302 impenditur,
990 2252 1166 2289 omnibus
1198 2253 1340 2302 placet,

345 2312 450 2360 quasi
472 2312 621 2348 sibimet
650 2312 945 2362 impenderetur.
969 2313 1104 2350 Omnia
1125 2313 1236 2361 capiti
1255 2325 1336 2348 ser-

346 2371 452 2406 viunt
469 2379 506 2406 et
527 2384 565 2406 se
590 2384 659 2420 pro
679 2372 741 2406 illo
760 2371 936 2420 periculis
957 2379 1158 2420 opponunt
1174 2386 1181 2407 :
1197 2384 1241 2407 ex
1260 2384 1335 2420 quo

346 2430 583 2466 manifestum
607 2439 661 2466 est
675 2458 684 2475 ,
707 2430 832 2465 omnia
850 2438 961 2478 caput
979 2430 1062 2478 plus
1078 2443 1189 2478 quam
1211 2442 1249 2466 se
1270 2443 1336 2466 ve—

348 2489 482 2524 raciter
507 2502 650 2534 amare;
674 2490 793 2538 ipsum
823 2497 947 2525 autem
977 2488 1132 2524 dubium
1158 2501 1233 2524 non
1263 2498 1338 2534 est,

347 2547 515 2583 omnium
530 2548 626 2583 votis
640 2559 708 2596 per
721 2547 846 2583 omnia
859 2546 1100 2583 concordare.
1114 2547 1172 2583 Sic
1187 2560 1338 2595 qnoque

1394 1135 1430 1172 Si
1446 1135 1544 1171 enim
1562 1135 1589 1169 is
1601 1134 1664 1182 qui
1680 1134 1716 1168 in
1732 1132 1962 1169 beatitudine
1980 1132 2040 1167 illa
2057 1132 2128 1168 erit
2145 1131 2301 1175 locatus,
2315 1142 2389 1167 ma-

1389 1193 1451 1242 jus
1471 1193 1610 1242 aliquid
1629 1193 1766 1229 habere
1783 1200 1951 1241 cuperet,
1971 1205 2082 1240 quam
2101 1190 2259 1239 adeptus
2272 1197 2386 1233 esset,

1397 1267 1442 1289 eo
1466 1253 1546 1302 ipso
1571 1252 1682 1288 miser
1704 1252 1899 1297 existeret,
1921 1251 2007 1300 quia
2033 1249 2202 1286 nondum
2235 1247 2389 1284 haberet

1399 1312 1499 1361 quod
1537 1311 1779 1347 desideraret.
1808 1315 1899 1348 Nam
1921 1319 2102 1359 quantum
2127 1309 2262 1357 cuique
2287 1308 2390 1344 deest

1399 1370 1502 1419 quod
1519 1371 1673 1406 honeste
1693 1370 1944 1415 desideratur,
1963 1370 1999 1406 in
2023 1377 2166 1405 tantum
2185 1367 2296 1404 miser
2311 1380 2391 1403 esse

1402 1430 1547 1466 ratione
1571 1428 1797 1477 reprobatur
1819 1443 1826 1464 :
1851 1428 1998 1465 miseria
2019 1428 2159 1477 quippe
2179 1435 2234 1463 est
2252 1425 2389 1462 absen—

1403 1489 1452 1524 tia
1482 1486 1637 1535 alicujus
1663 1487 1852 1523 commodi
1886 1495 2017 1523 contra
2044 1487 2290 1522 voluntatem.
2319 1484 2390 1521 Sed

1402 1547 1453 1583 ibi
1475 1547 1577 1583 nulla
1598 1554 1652 1582 est
1674 1546 1840 1589 miseria,
1863 1546 1938 1582 imo
1959 1546 2146 1581 sufficiens
2165 1544 2390 1589 concordia,

1402 1615 1444 1643 ut
1464 1618 1622 1643 concors
1647 1605 1880 1648 sufficientia.
1902 1608 2026 1652 Quare
2051 1603 2292 1654 omnipotens
2321 1611 2393 1639 tuae

1402 1665 1605 1702 voluntatis
1622 1665 1711 1710 eris,
1728 1677 1810 1700 cum
1829 1664 2138 1714 Omnipotentem
2157 1662 2222 1700 tibi
2238 1676 2395 1700 concor-

1403 1724 1487 1761 dem
1508 1737 1574 1773 per
1588 1724 1714 1760 onmia
1731 1722 1918 1760 habueris.

1472 1785 1528 1820 15.
1561 1786 1727 1820 Potestas
1755 1791 1792 1818 et
1820 1782 1938 1819 beatis
1969 1791 2069 1819 tanta
2097 1782 2186 1827 erit,
2213 1789 2390 1831 quantam

875 1855 881 1875 :
906 1853 974 1876 nec
1000 1852 1150 1885 manus,
1169 1839 1340 1888 quanwis
1360 1845 1386 1880 C
1404 1843 1487 1891 quis
1504 1856 1635 1879 eorum
1656 1841 1793 1878 habere
1814 1842 1976 1878 voluerit
1994 1855 2002 1877 ε
2022 1855 2106 1878 nam
2126 1841 2392 1890 quodcumque

1401 1902 1534 1950 aliquis
1553 1913 1683 1937 eorum
1702 1901 1779 1936 sive
1801 1900 1838 1936 in
1857 1901 1969 1946 coeto,
1986 1900 2063 1936 sive
2079 1901 2116 1936 in
2140 1909 2255 1945 terra,
2279 1900 2336 1935 vel
2355 1899 2390 1935 iu

1403 1961 1495 1996 mari
1516 1960 1574 1996 vel
1597 1960 1633 1995 in
1656 1959 1847 2009 profundo
1870 1959 2008 1995 inferni
2027 1959 2290 2008 imperaverit,
2307 1957 2393 1994 abs-

1402 2032 1475 2068 que
1496 2019 1571 2055 ulla
1589 2018 1888 2055 contradictione
1903 2026 1939 2054 et
1957 2031 2060 2054 mora
2076 2018 2148 2054 fiet.
2164 2017 2300 2055 Mirum
2320 2017 2395 2052 for-

1403 2087 1497 2115 tasse
1513 2078 1661 2114 videtur
1673 2078 1775 2126 quod
1793 2077 1969 2123 dicimus3
1990 2077 2054 2113 sed
2070 2077 2098 2114 si
2115 2076 2211 2114 bene
2226 2077 2395 2113 conside-

1407 2145 1511 2174 ratur
1525 2136 1588 2173 ubi
1610 2145 1698 2173 tunc
1718 2137 1850 2182 locati,
1869 2137 1928 2173 vel
1950 2136 2057 2185 cujus
2077 2136 2208 2185 capitis
2227 2135 2393 2172 membra

1408 2204 1497 2232 tunc
1516 2196 1678 2241 erimus,
1703 2204 1739 2232 et
1760 2196 1847 2245 quia
1867 2196 1975 2232 etiam
2000 2196 2090 2231 nihil
2112 2195 2232 2232 deerit
2252 2195 2307 2232 his
2328 2195 2394 2244 qui

1407 2253 1566 2303 diligunt
1576 2256 1712 2297 Deum,
1726 2266 1962 2302 nequaquam
1977 2252 2197 2289 incredibile
2210 2255 2281 2289 erit
2292 2252 2393 2301 quod

1402 2313 1613 2348 asserimus.
1629 2315 1734 2348 Hanc
1750 2319 1972 2360 potestatem
1989 2310 2182 2347 habebunt
2195 2311 2310 2347 sancti
2327 2311 2393 2347 Dei

1401 2370 1464 2418 qui
1483 2370 1664 2405 veraciter
1680 2370 1806 2405 omnia
1826 2367 2073 2418 possidebunt
2091 2381 2174 2404 cum
2196 2369 2286 2405 Filio
2307 2369 2392 2405 Dei.

1403 2432 1522 2466 Erunt
1542 2429 1667 2477 itaque
1688 2428 1967 2477 omnipotentes
1989 2441 2063 2463 suae
2083 2427 2298 2464 voluntatis.
2321 2431 2394 2464 Po-

1406 2496 1516 2525 testas
1536 2501 1627 2524 vcro
1649 2488 1726 2524 haec
1746 2488 1815 2523 erit
1837 2496 2001 2537 potestas
2020 2496 2157 2523 aeterna
2171 2516 2180 2532 ,
2199 2496 2236 2524 et
2256 2487 2394 2524 idcirco

1405 2547 1460 2582 his
1479 2547 1543 2595 qui
1559 2560 1638 2582 eam
1658 2546 1858 2582 habuerint
1875 2547 1945 2582 erit
1962 2546 2157 2583 beatitudo
2174 2560 2250 2583 non
2264 2560 2391 2596 parva.

348 2607 385 2642 in
410 2607 548 2643 ert-lesti
571 2607 688 2655 patria
712 2610 830 2642 Deum
859 2605 1098 2642 ineffabiliter
1121 2604 1280 2650 amabis;
1301 2614 1337 2642 et
1357 2613 1389 2646 D
1407 2610 1538 2642 Honor
1557 2620 1708 2656 quoque
1729 2607 1798 2643 illis
1815 2606 1931 2642 beatis
1951 2619 2105 2655 magnus
2120 2607 2208 2652 erit,
2225 2606 2311 2655 quia
2334 2606 2395 2642 ni-

349 2665 540 2708 omnium,
559 2664 604 2700 ad
625 2677 872 2713 quaecumque
892 2664 1073 2709 volueris,
1095 2664 1210 2713 ipsius
1229 2665 1338 2700 etiam

350 2726 439 2770 Dei,
466 2733 586 2760 tecum
611 2724 705 2760 velle
733 2723 898 2760 habebis.
924 2727 1015 2760 Nam
1041 2724 1135 2759 sicut
1160 2731 1199 2759 tu
1220 2738 1239 2759 a
1266 2738 1337 2759 vo—

350 2785 493 2820 luntate
517 2785 584 2820 Dei
606 2796 681 2819 non
711 2783 918 2832 discrepas,
943 2783 994 2819 sic
1023 2783 1084 2818 ille
1107 2791 1179 2819 tuae
1202 2783 1339 2819 volun-

350 2843 412 2878 tati
439 2856 506 2892 per
531 2843 654 2878 omnia
680 2841 926 2878 concordabit
948 2857 955 2877 :
975 2850 1086 2890 caput
1107 2841 1206 2878 enim
1230 2855 1248 2878 a
1271 2855 1338 2878 suo

349 2914 510 2950 corpore
530 2901 743 2937 discordare
761 2902 904 2949 nequit.

409 2962 465 2996 14.
491 2960 561 2997 Sed
596 2960 690 2995 sorte
715 2960 798 3008 quis
826 2960 923 2996 dicet
948 2976 955 2996 :
977 2961 1012 2996 Si
1035 2965 1137 2997 Deus
1159 2969 1195 2997 et
1215 2973 1345 2997 omnes

350 3020 456 3055 electi
481 3020 666 3055 xoluerint
683 3019 784 3067 quod
808 3032 898 3068 ego,
920 3033 1003 3055 cum
1027 3019 1077 3056 ibi
1103 3021 1228 3065 suero,
1248 3020 1345 3057 inter

351 3078 511 3126 majores
539 3091 618 3114 esse
651 3079 751 3113 volo.
790 3079 855 3114 Cui
890 3079 1195 3128 respondendum
1229 3088 1342 3128 puto,

350 3138 436 3186 quia
458 3138 492 3172 in
514 3136 631 3185 gloria
654 3137 750 3172 iutcr
773 3135 931 3185 majores
948 3138 1040 3183 erit,
1065 3138 1126 3174 sed
1150 3139 1185 3174 in
1208 3152 1340 3188 perso-

351 3211 397 3233 na
418 3209 497 3232 esse
514 3195 647 3244 aliquis
669 3194 875 3243 majorum,
897 3196 961 3244 qui
980 3196 1028 3232 ibi
1051 3197 1138 3242 erit,
1160 3198 1255 3233 velle
1273 3211 1340 3235 ne-

401 3323 506 3354 ¹l'sal.
526 3334 690 3355 cxxxviii.
714 3326 762 3353 17.

1406 2666 1474 2703 mis
1497 2667 1671 2702 honorati
1692 2675 1778 2702 sunt
1798 2667 1905 2703 amici
1923 2667 1998 2711 tui,
2022 2670 2121 2703 Deus
2136 2673 2158 2702 ¹.

1463 2728 1520 2762 16.
1546 2729 1677 2762 Ilonor
1701 2726 1770 2762 iste
1798 2733 1870 2761 tam
1897 2738 2052 2774 magnus
2075 2725 2166 2770 erit,
2187 2733 2227 2761 ut
2253 2724 2299 2761 ab
2322 2725 2395 2761 hu-

1405 2798 1516 2820 mano
1533 2785 1681 2833 ingenio
1702 2784 1969 2833 comprehendi
1990 2797 2066 2820 non
2085 2784 2212 2833 possit.
2232 2787 2398 2820 Ponatur

1406 2853 1528 2880 tamen
1553 2844 1588 2879 id
1611 2844 1795 2892 exempli,
1818 2852 1858 2879 ut
1880 2856 2010 2879 servus
2030 2843 2163 2891 aliquis
2187 2843 2397 2878 honoretur

1409 2916 1430 2939 a
1445 2903 1612 2939 domino.
1631 2905 1737 2939 Certe
1752 2903 1779 2938 si
1796 2903 2001 2951 imperator
2016 2910 2079 2937 aut
2097 2914 2162 2938 rex
2179 2902 2397 2950 aliquisser-

1411 2975 1497 2998 vum
1519 2973 1627 2997 suum
1649 2961 1685 2996 in
1705 2974 1840 3009 magno
1860 2961 2040 3009 languore
2060 2961 2268 3007 inveniret,
2285 2974 2395 3010 quem

1409 3029 1445 3057 et
1465 3019 1512 3056 ab
1534 3019 1789 3056 invaletudine
1812 3020 1973 3068 eriperet
1994 3028 2030 3056 et
2051 3019 2272 3065 honoraret,
2291 3020 2340 3055 ita
2358 3028 2399 3055 ut

1410 3094 1430 3116 a
1453 3079 1633 3116 servitute
1653 3078 1846 3122 liberaret,
1866 3087 1902 3114 et
1922 3079 1956 3114 in
1979 3079 2112 3115 ordine
2131 3091 2285 3115 suorum
2307 3078 2399 3114 mili-

1409 3148 1487 3175 tum
1509 3147 1688 3188 poneret;
1705 3138 1862 3174 multum
1880 3138 1940 3173 ille
1961 3137 2110 3173 debitor
2127 3137 2269 3173 domini
2287 3137 2343 3173 sui
2362 3145 2398 3174 et

1407 3199 1544 3235 amicus
1566 3200 1681 3234 lieret.
1703 3197 1812 3244 Quod
1833 3197 1862 3233 si
1886 3210 1970 3233 eum
1993 3197 2090 3233 inter
2115 3197 2292 3245 primates
2311 3209 2398 3232 suos
