2418 3949
66 145 135 181 157

61 221 134 257 erit
174 220 280 270 cujus
319 228 392 256 tam
420 220 588 256 involute
620 219 790 255 meminit
825 232 985 269 sponsus
1018 217 1086 254 in⁷

750 146 798 179 IN
828 143 1053 186 CANTICA,
1082 142 1246 178 SERMO
1275 145 1418 179 XXIII.

1091 216 1337 255 ²sanctorum
1376 220 1572 256 revolvere
1606 220 1774 269 speeies,
1811 227 1848 256 et
1878 222 2116 260 reconditum

2041 149 2115 184 158

61 279 170 316 laude
206 280 382 316 dilectae?
417 278 632 326 Quamlibet
666 286 829 328 potuero
862 278 1051 314 occultum
1072 276 1104 309 A
1123 290 1259 314 manna
1287 287 1540 325 contrectare,
1562 279 1664 328 quod
1685 292 1799 316 aurea
1823 288 1860 316 et
1879 293 1973 317 urna
1991 284 2116 320 conti-

61 351 214 385 eruere,
235 338 376 388 aliquid
403 337 524 374 adhuc
548 336 680 373 latebit
698 337 935 373 intrinsecus.
959 335 1053 371 Altis

60 398 155 436 illud
177 399 267 435 latet
285 398 322 434 in
349 397 512 434 tenebris
530 411 537 432 :
560 410 629 433 nec
648 405 779 433 nostro
805 394 975 444 subjacet
992 394 1052 430 vel

60 459 182 507 stylo,
210 458 269 493 vel
299 456 437 494 studio.
469 455 688 493 Venerabor
712 456 835 505 ipsum
864 453 1051 490 silentium

61 517 155 553 tanti
175 516 355 565 mysterii.
373 519 466 552 Nam
482 515 653 564 quamvis
672 527 748 550 non
767 521 823 550 est
842 512 969 549 datum
991 511 1054 547 de-

61 576 165 612 finite
196 587 306 611 nosse
325 573 416 623 quid
438 574 503 620 sit,
521 587 566 610 eo
585 573 688 623 quod
705 574 855 618 siletur;
879 571 966 608 satis
988 583 1051 607 re-

60 634 190 671 lictum
222 642 278 670 est
312 632 465 668 credere
495 631 599 680 quod
638 631 779 681 aliquid
814 630 1053 680 singulariter

59 693 169 730 dulce
188 702 226 730 et
244 705 385 743 sponso
405 699 552 741 gratum
574 692 632 727 sit.
654 695 736 728 Non
757 699 881 741 potest
899 690 1051 727 investi-

58 753 136 802 gari
159 752 270 801 quale
296 751 360 796 sit,
381 750 446 786 sed
473 758 599 799 potest
628 751 801 786 aestimari
831 763 943 799 quam
972 762 1051 785 ma—

57 825 172 862 gnum
192 811 262 856 sit,
281 811 340 846 vel
371 823 416 846 eo
436 810 518 859 ipso
538 809 641 859 quod
668 809 826 846 verbum
845 818 919 846 tam
944 821 1051 846 arca-

57 883 146 907 num
165 869 239 906 dici
256 882 331 906 non
350 869 469 905 licuit.

109 930 143 965 6.
170 931 223 966 Ut
250 936 373 964 tamen
402 926 542 976 aliquid
573 926 708 963 dixisse
728 926 878 973 videar,
909 935 947 963 et
974 939 1051 962 non

1117 345 1200 382 net,
1225 345 1262 373 et
1283 351 1368 374 arca
1394 339 1564 375 recludit.
1586 342 1633 375 Et
1658 339 1780 388 ipsum
1802 352 1950 377 mannae
1975 354 2115 380 nomen

1118 396 1262 444 aliquid
1282 397 1448 433 ostendit
1463 410 1641 434 arcanum
1653 426 1662 443 ,
1681 407 1718 434 et
1737 398 1783 435 de
1798 412 1875 448 quo
1895 401 2011 450 magis
2025 415 2114 451 pos-

1119 455 1165 491 sit
1182 456 1319 504 quaeri,
1335 456 1434 503 Quid
1447 464 1504 492 est
1521 457 1618 493 hoc?
1634 471 1746 506 quam
1765 458 1839 495 dici
1854 459 1945 509 quid
1964 460 2011 497 sit
2027 461 2110 498 hoc.

1119 517 1165 550 Et
1185 514 1244 550 cui
1266 515 1399 551 melius
1418 528 1531 564 quam
1553 517 1830 554 mannaelatens
1843 518 1934 555 illud
1955 533 2114 570 compa-

1118 574 1309 610 raverim?
1334 575 1462 610 Dulcis
1487 574 1640 623 quidem
1662 584 1699 611 et
1722 577 1881 614 coelestis
1899 587 1956 615 est
1977 592 2114 618 manna

1117 632 1223 669 cibus
1249 647 1257 669 :
1283 633 1348 669 sed
1368 633 1501 669 videtis
1526 646 1640 682 quam
1668 643 1809 671 secrete
1835 637 2054 675 reconditus
2075 639 2114 676 in

1117 705 1230 738 urna,
1247 692 1286 728 in
1302 706 1407 738 arca,
1425 693 1463 728 in
1477 693 1614 729 sanctis
1630 701 1844 730 sanctorum
1859 724 1868 740 ,
1883 704 1925 732 ut
1941 699 2112 736 curiosus

1117 760 1155 788 et
1172 752 1295 789 minus
1310 752 1470 789 idoneus
1484 752 1530 788 ab
1550 751 1770 800 hujusmodi
1790 764 1963 803 aspectus
1981 770 2111 795 arcea—

1118 819 1191 857 tur,
1209 812 1341 848 oculus
1362 812 1424 848 ille
1444 812 1508 860 qui
1524 811 1764 848 columbinus
1782 825 1862 849 esse
1884 827 1962 850 non
1987 817 2110 863 novit,

1117 883 1228 919 quem
1251 883 1329 906 non
1357 870 1483 919 dirigit
1509 878 1546 906 et
1565 869 1629 919 pia
1653 869 1876 917 credulitas,
1896 880 1932 908 et
1950 873 2113 911 intentio

1118 942 1226 978 pura.
1251 932 1442 978 Rogamus
1471 937 1595 965 autem
1618 942 1710 974 vos,
1743 929 1896 977 fratres,
1917 933 2112 981 amplecti-

55 1000 102 1024 ex
126 995 205 1023 toto
231 986 374 1023 siluisse
395 986 456 1037 (ad
476 986 547 1022 hoc
563 986 663 1022 enim
683 985 874 1035 instatis),
893 985 1050 1034 accipite
1070 986 1098 1020 Β
1119 988 1209 1024 mini
1234 997 1400 1024 sanctam
1431 988 1707 1037 simplieitatem
1722 1017 1731 1034 ‚
1755 989 1919 1038 quietem
1949 993 2084 1029 mentis
2100 1021 2110 1038 ,

54 1045 155 1095 quod
178 1045 268 1082 mihi
288 1045 438 1081 videtur
452 1045 491 1081 in
508 1045 577 1081 hac
593 1053 699 1094 parte
713 1058 801 1081 vere
822 1044 894 1081 dici
910 1058 1019 1094 posse
1037 1059 1045 1080 :

55 1112 180 1140 utrum
199 1103 480 1140 accommodate
497 1103 543 1139 ad
557 1116 723 1153 praesens
741 1104 946 1152 capitulum
958 1133 968 1150 ,
980 1116 1048 1139 vos

52 1162 234 1199 videritis.
261 1163 428 1199 Virtutes
449 1163 539 1212 ipsae
561 1171 694 1211 suapte
726 1170 859 1198 natura
890 1162 990 1199 intus
1008 1163 1048 1198 in

53 1222 178 1258 animo
212 1222 340 1258 locatae
368 1229 479 1266 sunt,
507 1221 573 1257 sed
607 1233 695 1257 usus
725 1220 975 1270 quarumdam
1009 1221 1047 1257 in

52 1279 301 1317 exterioribus
320 1280 420 1328 viget
440 1293 448 1315 :
466 1279 638 1329 quaedam
655 1292 746 1316 vero
764 1292 869 1316 suam
895 1280 932 1316 in
956 1280 1047 1316 inte-

52 1338 216 1376 rioribus
253 1347 432 1376 exercent
465 1338 687 1388 potentiam.
718 1342 764 1375 Et
798 1339 860 1375 illa
893 1338 1046 1388 quidem

51 1398 219 1435 carnales
241 1397 404 1434 declinat
422 1397 617 1434 illecebras
631 1427 641 1445 ‚
659 1398 729 1435 ista
752 1411 845 1435 vero
865 1399 1046 1448 spiritua-

49 1458 140 1494 lium
167 1457 385 1494 deliciarum
410 1456 572 1494 latebras
600 1458 850 1507 amplexatur.
885 1459 953 1495 Illa
985 1459 1045 1494 vel

50 1516 291 1553 sollicitantes
311 1516 528 1553 occasiones
558 1517 718 1566 refugit,
750 1518 809 1553 vel
840 1517 1044 1554 insolentes

48 1575 266 1612 affectiones
286 1576 514 1625 compescit;
546 1584 583 1612 et
606 1576 779 1625 quamvis
804 1577 953 1613 interim
976 1591 1042 1614 ne-

49 1633 226 1678 cessario,
252 1634 411 1670 molesto
430 1642 554 1671 tamen
574 1634 754 1671 exercitio
777 1634 923 1672 laborat
950 1650 958 1672 :
976 1636 1045 1673 ista

50 1692 114 1729 tali
143 1692 350 1730 delectatur
376 1694 556 1739 materia,
589 1706 673 1742 quae
701 1706 779 1729 non
806 1692 1044 1742 jucunditate

49 1753 182 1801 magis,
205 1765 318 1802 quam
339 1752 534 1789 honestate
563 1753 764 1802 praecellat.
788 1754 856 1790 Illa
885 1754 1043 1804 simplici
1062 1752 1088 1787 C

48 1810 186 1849 intuitu
219 1820 257 1848 et
295 1812 408 1848 oculo
451 1811 670 1848 columbino
709 1814 915 1850 exteriores
952 1813 1042 1850 dum

48 1870 236 1919 percurrit
249 1871 391 1920 speeies
408 1899 417 1916 ‚
431 1872 491 1907 vel
511 1871 592 1907 odit
611 1872 669 1907 vel
687 1871 843 1921 despicit
860 1886 868 1908 ε
892 1873 960 1908 ista
977 1886 1043 1909 cu-

17 1946 20 1950 ·
49 1929 204 1965 riosiore
232 1938 433 1979 prospectu
454 1930 622 1966 coelestes
651 1931 854 1979 perlustrat
876 1931 1040 1980 species,

49 1989 252 2038 perspectis
274 1990 434 2038 amplius
463 1990 675 2026 inardescit.
703 1993 904 2027 Possumus
930 1991 1041 2027 talem

49 2047 249 2097 quamdam
280 2048 561 2085 distinctionem
592 2049 772 2094 formare,
804 2058 846 2085 ut
875 2049 1043 2086 dicamus

49 2107 138 2143 alias
157 2108 361 2144 exteriores
382 2121 485 2154 esse,
510 2109 598 2144 alias
624 2108 840 2152 interiores,
873 2109 963 2145 alias
985 2109 1044 2145 in-

51 2166 169 2202 timas.
188 2167 278 2203 Aliae
293 2167 391 2202 enim
409 2180 448 2202 se
462 2180 482 2202 a
499 2166 713 2201 carnalibus
728 2167 924 2200 retrahunt
937 2193 946 2209 ‚
962 2167 1044 2200 aliae

48 2224 303 2274 spiritualibus
327 2224 554 2269 intendunt,
582 2223 665 2259 aliae
689 2222 868 2271 quasdam
889 2221 967 2271 jam
989 2230 1045 2258 te-

49 2292 139 2320 nent
169 2283 362 2332 primitias.
391 2283 524 2320 Primae
553 2295 592 2319 se
626 2296 645 2319 a
677 2281 808 2318 mundi
842 2281 1043 2327 illecebra,

48 2355 159 2391 quam
181 2351 449 2387 contemnunt,
473 2350 745 2392 compescunt:
770 2341 901 2377 mediae
930 2354 968 2377 se
997 2340 1044 2377 ad

47 2400 85 2437 id
105 2401 209 2451 quod
229 2402 474 2452 spiritualiter
490 2402 784 2452 concupiscunt,
800 2401 922 2437 adhuc
941 2414 1042 2437 com—

47 2469 198 2510 ponunt
218 2475 226 2497 :
243 2461 404 2507 ultimae,
425 2462 501 2498 imo
519 2461 660 2498 intimae
680 2461 818 2511 optatis
838 2460 947 2497 avide
962 2459 1040 2509 jam

1115 1048 1376 1084 meditationes
1391 1061 1506 1097 puras
1518 1076 1528 1093 ‚
1550 1047 1686 1084 liberas
1705 1049 1913 1095 orationes;
1929 1052 2109 1100 quoniam

1112 1107 1150 1143 in
1173 1106 1307 1143 talibus
1321 1107 1418 1143 vasis
1432 1136 1441 1153 ,
1461 1115 1498 1143 et
1513 1134 1523 1152 ‚
1540 1115 1581 1143 ut
1596 1107 1646 1143 ita
1660 1106 1777 1144 dicam
1791 1136 1801 1153 ‚
1818 1109 1857 1144 in
1873 1121 1959 1145 arca
1975 1119 2112 1146 sanctae

1115 1165 1369 1202 meditationis
1391 1174 1428 1202 et
1447 1166 1619 1202 interiori
1639 1167 1822 1204 orationis
1845 1181 1960 1214 urna,
1985 1169 2113 1206 divina

1114 1223 1225 1261 nobis
1251 1233 1308 1261 est
1335 1225 1455 1261 locata
1477 1225 1652 1270 resectio,
1677 1234 1713 1262 et
1732 1227 1860 1275 portio
1884 1228 2034 1276 gloriae,
2065 1229 2113 1265 de

1113 1296 1187 1332 qua
1218 1284 1354 1332 legitur
1386 1298 1393 1320 :
1423 1283 1596 1319 Satiabor
1627 1298 1708 1320 cum
1737 1292 1959 1333 apparuerit
1985 1289 2110 1335 gloria

1112 1351 1175 1377 tua
1197 1348 1223 1378 ².
1259 1341 1375 1391 Cujus
1407 1343 1606 1392 plenitudo
1638 1344 1755 1380 vitam
1788 1344 1898 1382 nobis
1931 1354 2109 1383 aeternam

1112 1401 1282 1437 conferat
1300 1415 1369 1451 per
1387 1405 1514 1438 Jesum
1540 1402 1729 1440 Christum
1744 1431 1753 1448 ,
1773 1404 1832 1440 cui
1858 1413 1914 1441 est
1929 1405 2055 1443 honor
2073 1416 2111 1443 et

1111 1459 1229 1508 gloria
1249 1473 1318 1510 per
1337 1462 1463 1498 omnia
1480 1463 1614 1499 saecula
1635 1463 1872 1501 saeculorum.
1892 1469 2026 1503 Amen.

1108 1595 1192 1604 ιιι-,ιι
1197 1596 1448 1606 ικιινιιυκινικαυιιι
1453 1598 1590 1607 νιιιικιιιι
1596 1599 2024 1611 xsmwvsuuxsummssxxumvn
2030 1601 2079 1612 ιιιι
2085 1602 2110 1611 ει

1347 1726 1601 1783 SERMO
1645 1728 1866 1782 XXIII.

1112 1865 1225 1909 Capilli
1249 1867 1294 1897 tui
1313 1866 1392 1896 sicut
1406 1877 1516 1909 greges
1541 1877 1706 1910 caprarum
1734 1878 1804 1910 quoe
1830 1865 2040 1898 ascenderunt
2070 1867 2109 1899 de

1154 1927 1258 1950 monte
1279 1919 1416 1952 calaad.
1430 1923 1547 1950 Dentes
1567 1920 1610 1950 tui
1631 1920 1712 1950 sicut
1724 1931 1837 1964 greges
1855 1928 2030 1958 tonsarum,
2049 1929 2107 1954 etc.

1155 1974 1275 2005 Cantic.
1296 1984 1363 2016 cap.
1387 1986 1432 2011 1v,
1451 1972 1519 2011 55⁴.
1546 1977 1580 2011 1,
1601 1977 1633 2005 2.

1498 2101 1706 2115 *00⁹—

1166 2223 1198 2257 1.
1230 2220 1429 2264 Ecclesiae,
1462 2228 1515 2255 ut*
1533 2218 1632 2256 bene
1668 2220 1806 2265 nostis,
1839 2221 1918 2258 haec
1957 2222 2108 2261 blandi-

1110 2288 1237 2317 menta
1257 2280 1458 2323 dicuntur,
1481 2288 1518 2315 et
1538 2279 1584 2315 de
1606 2280 1865 2329 spiritualibus
1882 2281 1963 2330 ejus
1988 2285 2108 2321 oculis

1111 2339 1339 2389 praecedenti
1365 2338 1596 2388 disputatum
1623 2346 1678 2374 est
1704 2351 1891 2376 sermone.
1914 2341 1987 2377 Sed
2017 2343 2106 2391 quia

1110 2401 1200 2437 tales
1219 2407 1328 2445 sunt,
1346 2398 1531 2447 numquid
1555 2399 1753 2434 rarisunt?
1770 2399 1862 2436 Vide
1882 2408 2000 2436 totum
2019 2415 2105 2438 cor-

1108 2473 1179 2509 pus
1214 2459 1296 2508 ejus
1327 2458 1521 2508 quomodo
1546 2459 1701 2507 plenum
1733 2458 1779 2494 sit
1808 2459 1926 2495 oculis
1957 2469 2043 2496 ante
2070 2469 2109 2497 et

48 2526 218 2555 utuntur.
236 2523 337 2556 Deus
359 2520 459 2556 bone
474 2549 484 2565 ,
509 2530 690 2570 quantum
713 2522 805 2557 lucis
829 2529 867 2557 et
882 2520 1036 2557 delicia·
1059 2526 1090 2559 D
1104 2529 1217 2557 retro.
1239 2519 1347 2557 Oculi
1363 2518 1444 2568 ejus
1461 2518 1678 2568 Prophetae,
1696 2519 1795 2555 oculi
1813 2517 1894 2567 ejus
1911 2521 2106 2569 Apostoli,

48 2590 131 2614 rum
157 2578 195 2614 in
222 2578 294 2614 illis
323 2586 379 2615 est
399 2578 572 2615 latebris!
605 2589 766 2628 quantus
794 2592 967 2617 excessus
1003 2580 1039 2615 in

49 2635 256 2673 recessibus
270 2637 364 2673 illis!
385 2637 538 2675 Utinam
561 2638 650 2674 tales
670 2651 729 2674 me
746 2639 973 2675 concludant
994 2639 1043 2675 la-

51 2695 164 2733 tebrae
179 2724 188 2741 ‚
211 2705 252 2733 ut
270 2696 362 2733 illud
383 2696 429 2733 de
449 2697 596 2734 Psalmo
617 2697 744 2734 dicere
763 2698 905 2748 possim
927 2712 935 2734 z
954 2701 1043 2735 Noa:

49 2758 130 2793 hoec
148 2759 372 2792 illuminatio
394 2771 475 2793 mea
496 2763 534 2793 in
551 2759 696 2793 dellet'is
716 2763 806 2794 meis
824 2764 846 2794 ¹.

104 2817 138 2853 7.
162 2819 257 2853 Ecce
283 2829 384 2853 nunc
409 2816 550 2866 aliquid
571 2817 690 2853 latens
710 2818 813 2867 attigi
834 2817 870 2854 in
891 2817 962 2854 hoc
982 2818 1042 2854 ul-

51 2875 141 2912 timo
162 2876 299 2925 gradu,
331 2885 368 2913 et
399 2877 494 2913 sorte
523 2877 580 2913 vel
612 2877 682 2914 hoc
707 2886 782 2922 est,
813 2878 870 2914 vel
902 2877 1042 2926 aliquid

50 2934 169 2972 simile
196 2934 300 2984 quod
329 2948 490 2985 sponsus
515 2936 686 2985 signavit.
716 2937 811 2974 Volo
831 2936 878 2973 de
906 2945 1042 2973 caetcro

51 2994 197 3031 deferre
215 2995 400 3044 'mysteriis
424 3009 431 3031 :
453 3008 522 3032 nec
543 2996 641 3032 enim
662 2996 714 3032 sas
733 3005 789 3033 est
808 2996 939 3032 audaci
960 3009 1041 3033 ser-

51 3067 161 3091 mone
182 3055 396 3091 orationum
416 3068 550 3092 arcana
569 3055 737 3100 nudare,
753 3065 791 3092 et
808 3056 932 3092 minus
954 3068 1042 3092 san-

51 3113 118 3150 ctis
141 3113 314 3151 manibus
335 3114 471 3164 linguae
499 3115 723 3151 convolutas
740 3115 897 3151 delicate
918 3115 1042 3152 Sancti

102 3245 109 3259 ¹
128 3239 206 3271 Psal.
222 3251 384 3279 cxxxviii,
406 3243 456 3272 ll.
472 3260 508 3263 -—
536 3246 546 3261 ²
563 3242 640 3272 l‘sal.
658 3252 712 3270 xvi
728 3265 734 3277 ‚
760 3245 809 3271 15».

1106 2580 1170 2630 qui
1191 2580 1248 2615 vel
1278 2579 1402 2614 futura
1423 2577 1634 2627 praedicunt
1648 2606 1657 2622 ‚
1680 2578 1737 2614 vel
1753 2577 1831 2626 jam
1852 2578 1946 2615 sacta
1966 2579 2109 2628 praedi-

1109 2647 1206 2676 cant.
1225 2639 1332 2676 Oculi
1355 2637 1435 2686 ejus
1455 2646 1542 2674 sunt
1560 2646 1811 2687 utrorumque
1829 2638 2054 2687 interpretes
2070 2647 2108 2675 et

1110 2699 1284 2735 doctores
1299 2698 1528 2747 populorum
1550 2711 1557 2732 :
1577 2710 1739 2746 quorum
1758 2698 1884 2733 officio
1898 2699 2107 2748 spiritualia

1109 2759 1242 2795 animae
1271 2759 1329 2794 vel
1362 2757 1584 2802 commoda,
1610 2758 1667 2793 vel
1692 2757 1888 2803 scandala,
1916 2766 1952 2794 et
1978 2759 2107 2795 cerni—

1110 2832 1211 2863 muS,
1236 2827 1271 2854 et
1289 2817 1548 2854 discernimus.
1569 2817 1642 2854 Sed
1662 2817 1807 2862 nescio,
1826 2817 1855 2853 si
1883 2831 2015 2854 omnes
2043 2819 2109 2868 qui

1109 2879 1207 2915 oculi
1234 2876 1374 2913 liabent
1400 2876 1586 2922 officium,
1609 2885 1761 2912 teneant
1781 2885 1818 2912 et
1835 2890 1957 2914 usum.
1986 2881 2109 2915 Duces

1108 2937 1194 2973 eaeci
1209 2966 1217 2982 ,
1245 2950 1313 2973 nec
1345 2944 1490 2972 tantum
1521 2949 1725 2981 caecorum,
1753 2935 1836 2981 scd,
1871 2936 1974 2986 quod
2011 2936 2109 2973 indi-

1107 2996 1216 3046 gnius
1235 3004 1312 3040 est,
1335 3003 1370 3031 et
1391 2994 1598 3031 videntium
1613 3024 1622 3041 ,
1643 3008 1772 3032 nonne
1801 2995 1979 3032 videntur
2006 2997 2108 3032 oculi

1110 3054 1246 3091 habere
1265 3063 1300 3091 et
1317 3055 1441 3091 locum
1459 3063 1495 3090 et
1512 3056 1674 3105 speciem
1690 3084 1699 3100 ,
1723 3055 1787 3092 sed
1809 3056 1946 3092 virtute
1961 3057 2113 3092 carere?

1108 3115 1261 3151 Utinam
1285 3115 1342 3150 vel
1370 3113 1406 3150 id
1430 3115 1640 3160 sufficeret,
1659 3123 1696 3152 et
1713 3116 1852 3152 virtute
1883 3115 2110 3164 providendi
