<?xml version="1.0" encoding="UTF-8"?>
<!DOCTYPE html PUBLIC "-//W3C//DTD XHTML 1.0 Transitional//EN"
    "http://www.w3.org/TR/xhtml1/DTD/xhtml1-transitional.dtd">
<html xmlns="http://www.w3.org/1999/xhtml" xml:lang="en" lang="en">
 <head>
  <title>
</title>
<meta http-equiv="Content-Type" content="text/html;charset=utf-8" />
  <meta name='ocr-system' content='tesseract 3.04.00' />
  <meta name='ocr-capabilities' content='ocr_page ocr_carea ocr_par ocr_line ocrx_word'/>
</head>
<body>
  <div class='ocr_page' id='page_1' title='image "./operaomniapostho05bern/operaomniapostho05bern_0571.png"; bbox 0 0 2418 3949; ppageno 0'>
   <div class='ocr_carea' id='block_1_1' title="bbox 232 268 326 305">
    <p class='ocr_par' dir='ltr' id='par_1_1' title="bbox 232 268 326 305">
     <span class='ocr_line' id='line_1_1' title="bbox 232 268 326 305; baseline -0.011 0"><span class='ocrx_word' id='word_1_1' title='bbox 232 268 326 305; x_wconf 82' lang='lat'>1125</span> 
     </span>
    </p>
   </div>
   <div class='ocr_carea' id='block_1_2' title="bbox 1020 270 1474 307">
    <p class='ocr_par' dir='ltr' id='par_1_2' title="bbox 1020 270 1474 307">
     <span class='ocr_line' id='line_1_2' title="bbox 1020 270 1474 307; baseline -0.009 0"><span class='ocrx_word' id='word_1_2' title='bbox 1020 271 1182 307; x_wconf 84' lang='lat' dir='ltr'><strong>SERMO</strong></span> <span class='ocrx_word' id='word_1_3' title='bbox 1211 270 1474 306; x_wconf 54' lang='lat' dir='ltr'>SECUNDUS.</span> 
     </span>
    </p>
   </div>
   <div class='ocr_carea' id='block_1_3' title="bbox 2182 268 2280 305">
    <p class='ocr_par' dir='ltr' id='par_1_3' title="bbox 2182 268 2280 305">
     <span class='ocr_line' id='line_1_3' title="bbox 2182 268 2280 305; baseline 0 0"><span class='ocrx_word' id='word_1_4' title='bbox 2182 268 2280 305; x_wconf 67' lang='lat'><strong>1120·</strong></span> 
     </span>
    </p>
   </div>
   <div class='ocr_carea' id='block_1_4' title="bbox 225 344 2281 453">
    <p class='ocr_par' dir='ltr' id='par_1_4' title="bbox 225 344 2281 453">
     <span class='ocr_line' id='line_1_4' title="bbox 225 344 2281 394; baseline 0 -14"><span class='ocrx_word' id='word_1_5' title='bbox 225 345 324 381; x_wconf 90' lang='lat' dir='ltr'>riosa</span> <span class='ocrx_word' id='word_1_6' title='bbox 343 353 418 390; x_wconf 86' lang='lat' dir='ltr'>est,</span> <span class='ocrx_word' id='word_1_7' title='bbox 436 344 554 380; x_wconf 89' lang='lat' dir='ltr'>mnlto</span> <span class='ocrx_word' id='word_1_8' title='bbox 569 344 767 393; x_wconf 74' lang='lat' dir='ltr'>gloriosior</span> <span class='ocrx_word' id='word_1_9' title='bbox 782 353 836 381; x_wconf 89' lang='lat' dir='ltr'>est</span> <span class='ocrx_word' id='word_1_10' title='bbox 851 354 1002 382; x_wconf 76' lang='lat' dir='ltr'>aeterna.</span> <span class='ocrx_word' id='word_1_11' title='bbox 1023 344 1644 391; x_wconf 66' lang='lat' dir='ltr'>H‹›rtanti-³⁶⁶g1mscanteemlum</span> <span class='ocrx_word' id='word_1_12' title='bbox 1664 358 1790 380; x_wconf 69' lang='lat' dir='ltr'>veram</span> <span class='ocrx_word' id='word_1_13' title='bbox 1806 348 1923 381; x_wconf 81' lang='lat' dir='ltr'>Deum</span> <span class='ocrx_word' id='word_1_14' title='bbox 1935 345 1959 381; x_wconf 74' lang='lat'>⁸.</span> <span class='ocrx_word' id='word_1_15' title='bbox 1978 346 2151 394; x_wconf 85' lang='lat' dir='ltr'>Cognitio</span> <span class='ocrx_word' id='word_1_16' title='bbox 2167 345 2281 394; x_wconf 87' lang='lat' dir='ltr'>igitur</span> 
     </span>
     <span class='ocr_line' id='line_1_5' title="bbox 225 402 2278 453; baseline 0.001 -15"><span class='ocrx_word' id='word_1_17' title='bbox 225 402 296 439; x_wconf 88' lang='lat' dir='ltr'>bus</span> <span class='ocrx_word' id='word_1_18' title='bbox 314 402 437 448; x_wconf 85' lang='lat' dir='ltr'>vobis,</span> <span class='ocrx_word' id='word_1_19' title='bbox 459 403 505 439; x_wconf 90' lang='lat' dir='ltr'>de</span> <span class='ocrx_word' id='word_1_20' title='bbox 524 411 684 452; x_wconf 86' lang='lat' dir='ltr'>utraque</span> <span class='ocrx_word' id='word_1_21' title='bbox 704 404 948 452; x_wconf 86' lang='lat' dir='ltr'>generatione</span> <span class='ocrx_word' id='word_1_22' title='bbox 967 405 1056 440; x_wconf 74' lang='lat' dir='ltr'>volo</span> <span class='ocrx_word' id='word_1_23' title='bbox 1071 404 1219 453; x_wconf 85' lang='lat' dir='ltr'>aperire</span> <span class='ocrx_word' id='word_1_24' title='bbox 1236 408 1266 439; x_wconf 88' lang='lat' dir='ltr'><strong>A</strong></span> <span class='ocrx_word' id='word_1_25' title='bbox 1286 405 1404 440; x_wconf 85' lang='lat' dir='ltr'>Patris</span> <span class='ocrx_word' id='word_1_26' title='bbox 1425 405 1500 440; x_wconf 80' lang='lat' dir='ltr'>vita</span> <span class='ocrx_word' id='word_1_27' title='bbox 1521 414 1660 441; x_wconf 67' lang='lat' dir='ltr'>zemma</span> <span class='ocrx_word' id='word_1_28' title='bbox 1689 414 1742 440; x_wconf 83' lang='lat' dir='ltr'>cst</span> <span class='ocrx_word' id='word_1_29' title='bbox 1765 421 1771 440; x_wconf 93' lang='lat'>:</span> <span class='ocrx_word' id='word_1_30' title='bbox 1794 414 1829 440; x_wconf 82' lang='lat' dir='ltr'>ct</span> <span class='ocrx_word' id='word_1_31' title='bbox 1853 404 1916 441; x_wconf 82' lang='lat' dir='ltr'>ubi</span> <span class='ocrx_word' id='word_1_32' title='bbox 1938 406 2011 441; x_wconf 83' lang='lat' dir='ltr'>vita</span> <span class='ocrx_word' id='word_1_33' title='bbox 2038 413 2175 441; x_wconf 86' lang='lat' dir='ltr'>aeterna</span> <span class='ocrx_word' id='word_1_34' title='bbox 2191 433 2199 447; x_wconf 93' lang='lat'>‚</span> <span class='ocrx_word' id='word_1_35' title='bbox 2226 405 2278 441; x_wconf 84' lang='lat' dir='ltr'>ibi</span> 
     </span>
    </p>
   </div>
   <div class='ocr_carea' id='block_1_5' title="bbox 217 462 1216 1036">
    <p class='ocr_par' dir='ltr' id='par_1_5' title="bbox 217 462 1216 1036">
     <span class='ocr_line' id='line_1_6' title="bbox 224 462 1216 512; baseline 0 -14"><span class='ocrx_word' id='word_1_36' title='bbox 224 462 328 510; x_wconf 89' lang='lat' dir='ltr'>quod</span> <span class='ocrx_word' id='word_1_37' title='bbox 352 462 475 498; x_wconf 84' lang='lat' dir='ltr'>sentio</span> <span class='ocrx_word' id='word_1_38' title='bbox 497 477 504 498; x_wconf 94' lang='lat'>:</span> <span class='ocrx_word' id='word_1_39' title='bbox 526 475 603 498; x_wconf 91' lang='lat' dir='ltr'>non</span> <span class='ocrx_word' id='word_1_40' title='bbox 623 462 724 511; x_wconf 87' lang='lat' dir='ltr'>quod</span> <span class='ocrx_word' id='word_1_41' title='bbox 743 463 885 511; x_wconf 85' lang='lat' dir='ltr'>aliquid</span> <span class='ocrx_word' id='word_1_42' title='bbox 908 476 1100 512; x_wconf 83' lang='lat' dir='ltr'>exponere</span> <span class='ocrx_word' id='word_1_43' title='bbox 1119 475 1216 512; x_wconf 88' lang='lat' dir='ltr'>prae-</span> 
     </span>
     <span class='ocr_line' id='line_1_7' title="bbox 223 521 1214 570; baseline 0 -14"><span class='ocrx_word' id='word_1_44' title='bbox 223 533 388 567; x_wconf 89' lang='lat' dir='ltr'>sumam,</span> <span class='ocrx_word' id='word_1_45' title='bbox 406 533 491 557; x_wconf 88' lang='lat' dir='ltr'>cum</span> <span class='ocrx_word' id='word_1_46' title='bbox 517 521 589 556; x_wconf 90' lang='lat' dir='ltr'>hoc</span> <span class='ocrx_word' id='word_1_47' title='bbox 617 521 716 556; x_wconf 86' lang='lat' dir='ltr'>ultra</span> <span class='ocrx_word' id='word_1_48' title='bbox 736 521 906 557; x_wconf 89' lang='lat' dir='ltr'>omnium</span> <span class='ocrx_word' id='word_1_49' title='bbox 933 522 1051 567; x_wconf 82' lang='lat' dir='ltr'>vires,</span> <span class='ocrx_word' id='word_1_50' title='bbox 1071 530 1214 570; x_wconf 85' lang='lat' dir='ltr'>quanto</span> 
     </span>
     <span class='ocr_line' id='line_1_8' title="bbox 224 580 1214 628; baseline 0.001 -13"><span class='ocrx_word' id='word_1_51' title='bbox 224 580 340 628; x_wconf 84' lang='lat' dir='ltr'>magis</span> <span class='ocrx_word' id='word_1_52' title='bbox 363 580 460 616; x_wconf 87' lang='lat' dir='ltr'>ultra</span> <span class='ocrx_word' id='word_1_53' title='bbox 480 592 580 616; x_wconf 87' lang='lat' dir='ltr'>meas</span> <span class='ocrx_word' id='word_1_54' title='bbox 601 580 673 615; x_wconf 76' lang='lat' dir='ltr'>sit?</span> <span class='ocrx_word' id='word_1_55' title='bbox 694 588 731 615; x_wconf 87' lang='lat' dir='ltr'>et</span> <span class='ocrx_word' id='word_1_56' title='bbox 750 588 928 616; x_wconf 87' lang='lat' dir='ltr'>extremae</span> <span class='ocrx_word' id='word_1_57' title='bbox 950 580 1149 617; x_wconf 86' lang='lat' dir='ltr'>dementiae</span> <span class='ocrx_word' id='word_1_58' title='bbox 1168 581 1214 616; x_wconf 90' lang='lat' dir='ltr'>sit</span> 
     </span>
     <span class='ocr_line' id='line_1_9' title="bbox 222 638 1212 688; baseline 0 -14"><span class='ocrx_word' id='word_1_59' title='bbox 222 639 318 675; x_wconf 80' lang='lat' dir='ltr'>velle</span> <span class='ocrx_word' id='word_1_60' title='bbox 338 639 405 675; x_wconf 83' lang='lat' dir='ltr'>fari</span> <span class='ocrx_word' id='word_1_61' title='bbox 424 638 647 684; x_wconf 87' lang='lat' dir='ltr'>ineffabilia,</span> <span class='ocrx_word' id='word_1_62' title='bbox 669 639 829 675; x_wconf 81' lang='lat' dir='ltr'><strong>maxime</strong></span> <span class='ocrx_word' id='word_1_63' title='bbox 846 639 1038 675; x_wconf 90' lang='lat' dir='ltr'>hominem</span> <span class='ocrx_word' id='word_1_64' title='bbox 1055 638 1212 688; x_wconf 86' lang='lat' dir='ltr'>imperi—</span> 
     </span>
     <span class='ocr_line' id='line_1_10' title="bbox 223 697 1213 736; baseline 0.001 -3"><span class='ocrx_word' id='word_1_65' title='bbox 223 706 315 734; x_wconf 90' lang='lat' dir='ltr'>tum.</span> <span class='ocrx_word' id='word_1_66' title='bbox 333 702 417 735; x_wconf 74' lang='lat' dir='ltr'>Non</span> <span class='ocrx_word' id='word_1_67' title='bbox 442 699 541 735; x_wconf 90' lang='lat' dir='ltr'>enim</span> <span class='ocrx_word' id='word_1_68' title='bbox 561 697 702 734; x_wconf 87' lang='lat' dir='ltr'>oblitus</span> <span class='ocrx_word' id='word_1_69' title='bbox 722 711 804 734; x_wconf 87' lang='lat' dir='ltr'>sum</span> <span class='ocrx_word' id='word_1_70' title='bbox 824 698 1064 736; x_wconf 86' lang='lat' dir='ltr'>Salomonem</span> <span class='ocrx_word' id='word_1_71' title='bbox 1083 698 1213 734; x_wconf 92' lang='lat' dir='ltr'>dicen-</span> 
     </span>
     <span class='ocr_line' id='line_1_11' title="bbox 222 759 1214 806; baseline -0.002 -13"><span class='ocrx_word' id='word_1_72' title='bbox 222 766 295 793; x_wconf 88' lang='lat' dir='ltr'>tem</span> <span class='ocrx_word' id='word_1_73' title='bbox 319 772 327 794; x_wconf 93' lang='lat'><strong>:</strong></span> <span class='ocrx_word' id='word_1_74' title='bbox 350 760 451 794; x_wconf 64' lang='grc' dir='ltr'>δίε-ιιι</span> <span class='ocrx_word' id='word_1_75' title='bbox 471 762 537 806; x_wconf 80' lang='lat' dir='ltr'>qai</span> <span class='ocrx_word' id='word_1_76' title='bbox 554 762 709 793; x_wconf 82' lang='lat' dir='ltr'>nimium</span> <span class='ocrx_word' id='word_1_77' title='bbox 730 760 889 793; x_wconf 80' lang='lat' dir='ltr'>comedit</span> <span class='ocrx_word' id='word_1_78' title='bbox 905 760 998 801; x_wconf 84' lang='lat' dir='ltr'>mel,</span> <span class='ocrx_word' id='word_1_79' title='bbox 1019 759 1148 792; x_wconf 78' lang='lat' dir='ltr'>evomit</span> <span class='ocrx_word' id='word_1_80' title='bbox 1168 759 1214 792; x_wconf 77' lang='lat' dir='ltr'>il-</span> 
     </span>
     <span class='ocr_line' id='line_1_12' title="bbox 222 819 1214 864; baseline -0.001 -12"><span class='ocrx_word' id='word_1_81' title='bbox 222 819 289 852; x_wconf 82' lang='lat' dir='ltr'>lud</span> <span class='ocrx_word' id='word_1_82' title='bbox 299 821 372 852; x_wconf 83' lang='lat' dir='ltr'>:sic</span> <span class='ocrx_word' id='word_1_83' title='bbox 389 821 455 864; x_wconf 84' lang='lat' dir='ltr'>qui</span> <span class='ocrx_word' id='word_1_84' title='bbox 473 825 654 852; x_wconf 79' lang='lat' dir='ltr'>scrutator</span> <span class='ocrx_word' id='word_1_85' title='bbox 670 826 723 851; x_wconf 74' lang='lat' dir='ltr'>est</span> <span class='ocrx_word' id='word_1_86' title='bbox 741 821 967 862; x_wconf 76' lang='lat' dir='ltr'>majestatis,</span> <span class='ocrx_word' id='word_1_87' title='bbox 986 821 1214 864; x_wconf 80' lang='lat' dir='ltr'>opprimetur</span> 
     </span>
     <span class='ocr_line' id='line_1_13' title="bbox 219 875 1210 925; baseline -0.001 -14"><span class='ocrx_word' id='word_1_88' title='bbox 219 889 244 911; x_wconf 89' lang='grc' dir='ltr'><em>α</em></span> <span class='ocrx_word' id='word_1_89' title='bbox 260 878 379 925; x_wconf 79' lang='lat' dir='ltr'>gloria</span> <span class='ocrx_word' id='word_1_90' title='bbox 393 882 418 910; x_wconf 91' lang='lat'>¹.</span> <span class='ocrx_word' id='word_1_91' title='bbox 435 879 492 912; x_wconf 93' lang='lat' dir='ltr'>De</span> <span class='ocrx_word' id='word_1_92' title='bbox 512 883 672 924; x_wconf 85' lang='lat' dir='ltr'>utraque</span> <span class='ocrx_word' id='word_1_93' title='bbox 688 875 787 911; x_wconf 89' lang='lat' dir='ltr'>enim</span> <span class='ocrx_word' id='word_1_94' title='bbox 809 888 876 924; x_wconf 89' lang='lat' dir='ltr'>per</span> <span class='ocrx_word' id='word_1_95' title='bbox 892 875 1116 924; x_wconf 83' lang='lat' dir='ltr'>proplietam</span> <span class='ocrx_word' id='word_1_96' title='bbox 1137 875 1210 911; x_wconf 90' lang='lat' dir='ltr'>dici</span> 
     </span>
     <span class='ocr_line' id='line_1_14' title="bbox 219 928 1212 983; baseline -0.001 -13"><span class='ocrx_word' id='word_1_97' title='bbox 219 943 313 983; x_wconf 88' lang='lat' dir='ltr'>puto</span> <span class='ocrx_word' id='word_1_98' title='bbox 333 950 341 969; x_wconf 78' lang='lat' dir='ltr'>z</span> <span class='ocrx_word' id='word_1_99' title='bbox 367 928 650 970; x_wconf 62' lang='lat' dir='ltr'>Gener-ationem</span> <span class='ocrx_word' id='word_1_100' title='bbox 671 939 751 980; x_wconf 81' lang='lat' dir='ltr'>ejus</span> <span class='ocrx_word' id='word_1_101' title='bbox 763 939 844 982; x_wconf 82' lang='lat' dir='ltr'>quis</span> <span class='ocrx_word' id='word_1_102' title='bbox 864 933 1103 969; x_wconf 70' lang='lat' dir='ltr'>enarrabw?</span> <span class='ocrx_word' id='word_1_103' title='bbox 1117 933 1212 981; x_wconf 89' lang='lat' dir='ltr'><strong>Quia</strong></span> 
     </span>
     <span class='ocr_line' id='line_1_15' title="bbox 217 992 1212 1036; baseline -0.002 -6"><span class='ocrx_word' id='word_1_104' title='bbox 217 1001 255 1030; x_wconf 89' lang='lat' dir='ltr'>et</span> <span class='ocrx_word' id='word_1_105' title='bbox 277 994 395 1031; x_wconf 87' lang='lat' dir='ltr'>Patris</span> <span class='ocrx_word' id='word_1_106' title='bbox 415 993 479 1030; x_wconf 88' lang='lat' dir='ltr'>illa</span> <span class='ocrx_word' id='word_1_107' title='bbox 503 992 704 1029; x_wconf 75' lang='lat' dir='ltr'>ineffabilis</span> <span class='ocrx_word' id='word_1_108' title='bbox 729 1001 767 1030; x_wconf 91' lang='lat' dir='ltr'>et</span> <span class='ocrx_word' id='word_1_109' title='bbox 786 992 1052 1029; x_wconf 87' lang='lat' dir='ltr'>inaccessibilis</span> <span class='ocrx_word' id='word_1_110' title='bbox 1074 1001 1151 1036; x_wconf 91' lang='lat' dir='ltr'>est,</span> <span class='ocrx_word' id='word_1_111' title='bbox 1169 1005 1212 1028; x_wconf 92' lang='lat' dir='ltr'>ac</span> 
     </span>
    </p>
   </div>
   <div class='ocr_carea' id='block_1_6' title="bbox 219 1051 1249 1102">
    <p class='ocr_par' dir='ltr' id='par_1_6' title="bbox 219 1051 1249 1102">
     <span class='ocr_line' id='line_1_16' title="bbox 219 1051 1249 1102; baseline -0.001 -14"><span class='ocrx_word' id='word_1_112' title='bbox 219 1053 312 1089; x_wconf 91' lang='lat' dir='ltr'>nulli</span> <span class='ocrx_word' id='word_1_113' title='bbox 329 1053 459 1102; x_wconf 79' lang='lat' dir='ltr'>pervia</span> <span class='ocrx_word' id='word_1_114' title='bbox 479 1061 672 1090; x_wconf 86' lang='lat' dir='ltr'>creaturae.</span> <span class='ocrx_word' id='word_1_115' title='bbox 690 1054 773 1089; x_wconf 84' lang='lat' dir='ltr'>Hoc</span> <span class='ocrx_word' id='word_1_116' title='bbox 789 1065 901 1089; x_wconf 90' lang='lat' dir='ltr'>sensu</span> <span class='ocrx_word' id='word_1_117' title='bbox 921 1051 1034 1088; x_wconf 84' lang='lat' dir='ltr'>credo</span> <span class='ocrx_word' id='word_1_118' title='bbox 1052 1056 1212 1101; x_wconf 90' lang='lat' dir='ltr'>Aposto-</span> <span class='ocrx_word' id='word_1_119' title='bbox 1242 1062 1249 1066; x_wconf 81' lang='grc'><strong>’</strong></span> 
     </span>
    </p>
   </div>
   <div class='ocr_carea' id='block_1_7' title="bbox 1277 463 2278 1101">
    <p class='ocr_par' dir='ltr' id='par_1_7' title="bbox 1277 463 2278 1101">
     <span class='ocr_line' id='line_1_17' title="bbox 1281 463 2278 513; baseline 0.003 -16"><span class='ocrx_word' id='word_1_120' title='bbox 1281 463 1511 511; x_wconf 88' lang='lat' dir='ltr'>sempiterna</span> <span class='ocrx_word' id='word_1_121' title='bbox 1531 464 1719 512; x_wconf 66' lang='lat' dir='ltr'>voluptas.</span> <span class='ocrx_word' id='word_1_122' title='bbox 1744 464 1944 513; x_wconf 77' lang='lat' dir='ltr'>Egreditur</span> <span class='ocrx_word' id='word_1_123' title='bbox 1963 478 2053 513; x_wconf 87' lang='lat' dir='ltr'>ergo</span> <span class='ocrx_word' id='word_1_124' title='bbox 2076 465 2215 500; x_wconf 78' lang='lat' dir='ltr'>fluvius</span> <span class='ocrx_word' id='word_1_125' title='bbox 2232 464 2278 500; x_wconf 84' lang='lat' dir='ltr'>de</span> 
     </span>
     <span class='ocr_line' id='line_1_18' title="bbox 1281 522 2276 572; baseline 0.001 -15"><span class='ocrx_word' id='word_1_126' title='bbox 1281 522 1364 557; x_wconf 91' lang='lat' dir='ltr'>loco</span> <span class='ocrx_word' id='word_1_127' title='bbox 1394 522 1618 571; x_wconf 77' lang='lat' dir='ltr'>voluptatis;</span> <span class='ocrx_word' id='word_1_128' title='bbox 1639 523 1727 572; x_wconf 88' lang='lat' dir='ltr'>quia</span> <span class='ocrx_word' id='word_1_129' title='bbox 1756 524 1921 572; x_wconf 77' lang='lat' dir='ltr'><strong>gignitur</strong></span> <span class='ocrx_word' id='word_1_130' title='bbox 1945 524 1991 560; x_wconf 75' lang='lat' dir='ltr'>de</span> <span class='ocrx_word' id='word_1_131' title='bbox 2019 532 2127 560; x_wconf 87' lang='lat' dir='ltr'>utero</span> <span class='ocrx_word' id='word_1_132' title='bbox 2158 524 2276 560; x_wconf 81' lang='lat' dir='ltr'>Patris</span> 
     </span>
     <span class='ocr_line' id='line_1_19' title="bbox 1279 581 2276 627; baseline -0.001 -11"><span class='ocrx_word' id='word_1_133' title='bbox 1279 583 1381 616; x_wconf 88' lang='lat' dir='ltr'>Deus</span> <span class='ocrx_word' id='word_1_134' title='bbox 1410 581 1457 616; x_wconf 92' lang='lat' dir='ltr'>de</span> <span class='ocrx_word' id='word_1_135' title='bbox 1483 584 1584 626; x_wconf 90' lang='lat' dir='ltr'>Deo,</span> <span class='ocrx_word' id='word_1_136' title='bbox 1619 582 1743 617; x_wconf 82' lang='lat' dir='ltr'>lumen</span> <span class='ocrx_word' id='word_1_137' title='bbox 1775 582 1821 617; x_wconf 94' lang='lat' dir='ltr'>de</span> <span class='ocrx_word' id='word_1_138' title='bbox 1849 582 2011 627; x_wconf 83' lang='lat' dir='ltr'>lumine,</span> <span class='ocrx_word' id='word_1_139' title='bbox 2041 582 2087 618; x_wconf 90' lang='lat' dir='ltr'>de</span> <span class='ocrx_word' id='word_1_140' title='bbox 2111 583 2276 619; x_wconf 79' lang='lat' dir='ltr'>Domino</span> 
     </span>
     <span class='ocr_line' id='line_1_20' title="bbox 1281 640 2275 691; baseline 0 -16"><span class='ocrx_word' id='word_1_141' title='bbox 1281 640 1479 676; x_wconf 82' lang='lat' dir='ltr'>Dominus.</span> <span class='ocrx_word' id='word_1_142' title='bbox 1491 640 1692 689; x_wconf 86' lang='lat' dir='ltr'>Egreditur</span> <span class='ocrx_word' id='word_1_143' title='bbox 1703 649 1826 677; x_wconf 89' lang='lat' dir='ltr'>autem</span> <span class='ocrx_word' id='word_1_144' title='bbox 1842 641 2037 678; x_wconf 82' lang='lat' dir='ltr'>identitate</span> <span class='ocrx_word' id='word_1_145' title='bbox 2053 656 2060 676; x_wconf 88' lang='lat'>:</span> <span class='ocrx_word' id='word_1_146' title='bbox 2075 642 2162 691; x_wconf 90' lang='lat' dir='ltr'>quia</span> <span class='ocrx_word' id='word_1_147' title='bbox 2177 641 2275 676; x_wconf 80' lang='lat' dir='ltr'>idem</span> 
     </span>
     <span class='ocr_line' id='line_1_21' title="bbox 1279 699 2274 736; baseline 0.003 -3"><span class='ocrx_word' id='word_1_148' title='bbox 1279 706 1334 734; x_wconf 89' lang='lat' dir='ltr'>est</span> <span class='ocrx_word' id='word_1_149' title='bbox 1358 711 1443 734; x_wconf 89' lang='lat' dir='ltr'>cum</span> <span class='ocrx_word' id='word_1_150' title='bbox 1469 702 1590 735; x_wconf 83' lang='lat' dir='ltr'>Patre.</span> <span class='ocrx_word' id='word_1_151' title='bbox 1616 699 1719 735; x_wconf 85' lang='lat' dir='ltr'>Idem</span> <span class='ocrx_word' id='word_1_152' title='bbox 1749 699 1833 735; x_wconf 91' lang='lat' dir='ltr'>dico</span> <span class='ocrx_word' id='word_1_153' title='bbox 1862 700 2069 736; x_wconf 88' lang='lat' dir='ltr'>secundum</span> <span class='ocrx_word' id='word_1_154' title='bbox 2095 699 2274 736; x_wconf 86' lang='lat' dir='ltr'>substan-</span> 
     </span>
     <span class='ocr_line' id='line_1_22' title="bbox 1279 757 2274 808; baseline 0.003 -16"><span class='ocrx_word' id='word_1_155' title='bbox 1279 757 1385 802; x_wconf 84' lang='lat' dir='ltr'>tiam,</span> <span class='ocrx_word' id='word_1_156' title='bbox 1416 770 1494 793; x_wconf 89' lang='lat' dir='ltr'>non</span> <span class='ocrx_word' id='word_1_157' title='bbox 1523 758 1730 793; x_wconf 88' lang='lat' dir='ltr'>secundum</span> <span class='ocrx_word' id='word_1_158' title='bbox 1764 771 1976 807; x_wconf 77' lang='lat' dir='ltr'>personam.</span> <span class='ocrx_word' id='word_1_159' title='bbox 2007 759 2210 808; x_wconf 80' lang='lat' dir='ltr'>Egreditur</span> <span class='ocrx_word' id='word_1_160' title='bbox 2237 767 2274 795; x_wconf 85' lang='lat' dir='ltr'>et</span> 
     </span>
     <span class='ocr_line' id='line_1_23' title="bbox 1277 816 2273 867; baseline 0.003 -16"><span class='ocrx_word' id='word_1_161' title='bbox 1277 816 1511 864; x_wconf 66' lang='lat' dir='ltr'>aequalitate,</span> <span class='ocrx_word' id='word_1_162' title='bbox 1536 817 1624 865; x_wconf 91' lang='lat' dir='ltr'>quia</span> <span class='ocrx_word' id='word_1_163' title='bbox 1643 817 1762 853; x_wconf 90' lang='lat' dir='ltr'>Patris</span> <span class='ocrx_word' id='word_1_164' title='bbox 1788 818 2103 867; x_wconf 85' lang='lat' dir='ltr'>omnipotentiam</span> <span class='ocrx_word' id='word_1_165' title='bbox 2123 819 2273 867; x_wconf 88' lang='lat' dir='ltr'>recipit;</span> 
     </span>
     <span class='ocr_line' id='line_1_24' title="bbox 1277 876 2272 926; baseline 0.002 -16"><span class='ocrx_word' id='word_1_166' title='bbox 1277 887 1361 910; x_wconf 88' lang='lat' dir='ltr'>cum</span> <span class='ocrx_word' id='word_1_167' title='bbox 1383 876 1509 912; x_wconf 87' lang='lat' dir='ltr'>omnia</span> <span class='ocrx_word' id='word_1_168' title='bbox 1526 889 1608 925; x_wconf 83' lang='lat' dir='ltr'>quae</span> <span class='ocrx_word' id='word_1_169' title='bbox 1630 877 1748 925; x_wconf 87' lang='lat' dir='ltr'>possit</span> <span class='ocrx_word' id='word_1_170' title='bbox 1770 880 1893 922; x_wconf 82' lang='lat' dir='ltr'>Pater,</span> <span class='ocrx_word' id='word_1_171' title='bbox 1917 878 2035 926; x_wconf 85' lang='lat' dir='ltr'>possit</span> <span class='ocrx_word' id='word_1_172' title='bbox 2053 877 2131 914; x_wconf 87' lang='lat' dir='ltr'>haec</span> <span class='ocrx_word' id='word_1_173' title='bbox 2153 886 2189 913; x_wconf 86' lang='lat' dir='ltr'>et</span> <span class='ocrx_word' id='word_1_174' title='bbox 2209 879 2272 914; x_wconf 87' lang='lat' dir='ltr'>Fi-</span> 
     </span>
     <span class='ocr_line' id='line_1_25' title="bbox 1278 932 2274 984; baseline 0.002 -16"><span class='ocrx_word' id='word_1_175' title='bbox 1278 932 1365 978; x_wconf 92' lang='lat' dir='ltr'>lius,</span> <span class='ocrx_word' id='word_1_176' title='bbox 1383 933 1478 969; x_wconf 91' lang='lat' dir='ltr'>sicut</span> <span class='ocrx_word' id='word_1_177' title='bbox 1496 934 1576 984; x_wconf 88' lang='lat' dir='ltr'>ipse</span> <span class='ocrx_word' id='word_1_178' title='bbox 1603 943 1781 971; x_wconf 87' lang='lat' dir='ltr'>testatur:</span> <span class='ocrx_word' id='word_1_179' title='bbox 1807 937 1947 970; x_wconf 78' lang='lat' dir='ltr'>Omnia</span> <span class='ocrx_word' id='word_1_180' title='bbox 1972 949 2060 983; x_wconf 81' lang='lat' dir='ltr'>quoe</span> <span class='ocrx_word' id='word_1_181' title='bbox 2076 933 2177 981; x_wconf 83' lang='lat' dir='ltr'>facit</span> <span class='ocrx_word' id='word_1_182' title='bbox 2198 937 2274 970; x_wconf 80' lang='lat' dir='ltr'>Pa-</span> 
     </span>
     <span class='ocr_line' id='line_1_26' title="bbox 1277 992 2274 1042; baseline 0.003 -16"><span class='ocrx_word' id='word_1_183' title='bbox 1277 1001 1345 1035; x_wconf 81' lang='lat' dir='ltr'>ter,</span> <span class='ocrx_word' id='word_1_184' title='bbox 1374 992 1474 1039; x_wconf 75' lang='lat' dir='ltr'>sarit</span> <span class='ocrx_word' id='word_1_185' title='bbox 1504 1003 1539 1029; x_wconf 83' lang='lat' dir='ltr'>et</span> <span class='ocrx_word' id='word_1_186' title='bbox 1566 996 1683 1030; x_wconf 77' lang='lat' dir='ltr'>Filius</span> <span class='ocrx_word' id='word_1_187' title='bbox 1715 1009 1726 1029; x_wconf 83' lang='grc'>.-</span> <span class='ocrx_word' id='word_1_188' title='bbox 1753 1008 1819 1030; x_wconf 83' lang='lat' dir='ltr'>nec</span> <span class='ocrx_word' id='word_1_189' title='bbox 1851 1004 1972 1042; x_wconf 78' lang='lat' dir='ltr'>potest</span> <span class='ocrx_word' id='word_1_190' title='bbox 2005 996 2123 1030; x_wconf 75' lang='lat' dir='ltr'>Filius</span> <span class='ocrx_word' id='word_1_191' title='bbox 2143 994 2274 1041; x_wconf 61' lang='lat' dir='ltr'>facero</span> 
     </span>
     <span class='ocr_line' id='line_1_27' title="bbox 1277 1052 2270 1101; baseline 0.002 -16"><span class='ocrx_word' id='word_1_192' title='bbox 1277 1055 1483 1099; x_wconf 74' lang='lat' dir='ltr'>quidquam</span> <span class='ocrx_word' id='word_1_193' title='bbox 1497 1081 1507 1098; x_wconf 95' lang='lat'>,</span> <span class='ocrx_word' id='word_1_194' title='bbox 1521 1058 1596 1088; x_wconf 81' lang='lat' dir='ltr'>nisi</span> <span class='ocrx_word' id='word_1_195' title='bbox 1611 1057 1714 1101; x_wconf 79' lang='lat' dir='ltr'>quod</span> <span class='ocrx_word' id='word_1_196' title='bbox 1724 1056 1862 1089; x_wconf 67' lang='lat' dir='ltr'>visleric</span> <span class='ocrx_word' id='word_1_197' title='bbox 1875 1055 2024 1088; x_wconf 84' lang='lat' dir='ltr'>Patrem</span> <span class='ocrx_word' id='word_1_198' title='bbox 2031 1052 2234 1100; x_wconf 77' lang='lat' dir='ltr'>saciemem</span> <span class='ocrx_word' id='word_1_199' title='bbox 2245 1060 2270 1087; x_wconf 73' lang='lat'>⁹.</span> 
     </span>
    </p>
   </div>
   <div class='ocr_carea' id='block_1_8' title="bbox 218 1109 2270 1160">
    <p class='ocr_par' dir='ltr' id='par_1_8' title="bbox 218 1109 2270 1160">
     <span class='ocr_line' id='line_1_28' title="bbox 218 1109 2270 1160; baseline -0 -12"><span class='ocrx_word' id='word_1_200' title='bbox 218 1111 294 1148; x_wconf 90' lang='lat' dir='ltr'>lum</span> <span class='ocrx_word' id='word_1_201' title='bbox 312 1111 449 1148; x_wconf 84' lang='lat' dir='ltr'>dixisse</span> <span class='ocrx_word' id='word_1_202' title='bbox 469 1111 515 1148; x_wconf 91' lang='lat' dir='ltr'>de</span> <span class='ocrx_word' id='word_1_203' title='bbox 531 1115 633 1156; x_wconf 91' lang='lat' dir='ltr'>Deo,</span> <span class='ocrx_word' id='word_1_204' title='bbox 655 1113 730 1157; x_wconf 78' lang='lat' dir='ltr'>Qui</span> <span class='ocrx_word' id='word_1_205' title='bbox 749 1114 847 1146; x_wconf 81' lang='lat' dir='ltr'>solus</span> <span class='ocrx_word' id='word_1_206' title='bbox 862 1111 1007 1146; x_wconf 77' lang='lat' dir='ltr'>habitat</span> <span class='ocrx_word' id='word_1_207' title='bbox 1023 1113 1138 1146; x_wconf 79' lang='lat' dir='ltr'>lucem</span> <span class='ocrx_word' id='word_1_208' title='bbox 1154 1115 1214 1145; x_wconf 82' lang='lat' dir='ltr'>in-</span> <span class='ocrx_word' id='word_1_209' title='bbox 1235 1111 1263 1145; x_wconf 94' lang='lat' dir='ltr'>B</span> <span class='ocrx_word' id='word_1_210' title='bbox 1281 1109 1479 1158; x_wconf 82' lang='lat' dir='ltr'>Egreditur</span> <span class='ocrx_word' id='word_1_211' title='bbox 1509 1119 1546 1147; x_wconf 90' lang='lat' dir='ltr'>et</span> <span class='ocrx_word' id='word_1_212' title='bbox 1576 1117 1804 1155; x_wconf 60' lang='lat' dir='ltr'>aeternitate,</span> <span class='ocrx_word' id='word_1_213' title='bbox 1826 1112 1915 1160; x_wconf 87' lang='lat' dir='ltr'>quia</span> <span class='ocrx_word' id='word_1_214' title='bbox 1941 1112 2029 1147; x_wconf 91' lang='lat' dir='ltr'>licet</span> <span class='ocrx_word' id='word_1_215' title='bbox 2054 1120 2270 1160; x_wconf 83' lang='lat' dir='ltr'>generetur,</span> 
     </span>
    </p>
   </div>
   <div class='ocr_carea' id='block_1_9' title="bbox 183 1170 1216 1873">
    <p class='ocr_par' dir='ltr' id='par_1_9' title="bbox 183 1170 1216 1754">
     <span class='ocr_line' id='line_1_29' title="bbox 216 1170 1213 1219; baseline -0.001 -13"><span class='ocrx_word' id='word_1_216' title='bbox 216 1170 508 1216; x_wconf 66' lang='lat' dir='ltr'>accessibile-&#39;11³3</span> <span class='ocrx_word' id='word_1_217' title='bbox 524 1183 610 1207; x_wconf 87' lang='lat' dir='ltr'>cum</span> <span class='ocrx_word' id='word_1_218' title='bbox 627 1171 738 1206; x_wconf 88' lang='lat' dir='ltr'>etiam</span> <span class='ocrx_word' id='word_1_219' title='bbox 754 1170 926 1219; x_wconf 87' lang='lat' dir='ltr'>puriores</span> <span class='ocrx_word' id='word_1_220' title='bbox 944 1178 1087 1206; x_wconf 88' lang='lat' dir='ltr'>naturae</span> <span class='ocrx_word' id='word_1_221' title='bbox 1109 1177 1213 1206; x_wconf 89' lang='lat' dir='ltr'>tanto</span> 
     </span>
     <span class='ocr_line' id='line_1_30' title="bbox 217 1229 1215 1280; baseline -0.001 -14"><span class='ocrx_word' id='word_1_222' title='bbox 217 1229 509 1267; x_wconf 83' lang='lat' dir='ltr'>reverberentur</span> <span class='ocrx_word' id='word_1_223' title='bbox 527 1230 667 1266; x_wconf 88' lang='lat' dir='ltr'>intuitu</span> <span class='ocrx_word' id='word_1_224' title='bbox 681 1258 690 1275; x_wconf 92' lang='lat'>,</span> <span class='ocrx_word' id='word_1_225' title='bbox 709 1237 750 1266; x_wconf 89' lang='lat' dir='ltr'>ut</span> <span class='ocrx_word' id='word_1_226' title='bbox 771 1242 839 1266; x_wconf 88' lang='lat' dir='ltr'>nec</span> <span class='ocrx_word' id='word_1_227' title='bbox 857 1229 1002 1280; x_wconf 87' lang='lat' dir='ltr'>possint</span> <span class='ocrx_word' id='word_1_228' title='bbox 1022 1229 1215 1278; x_wconf 87' lang='lat' dir='ltr'>irrumpe—</span> 
     </span>
     <span class='ocr_line' id='line_1_31' title="bbox 217 1288 1214 1338; baseline -0.003 -12"><span class='ocrx_word' id='word_1_229' title='bbox 217 1302 258 1326; x_wconf 91' lang='lat' dir='ltr'>re</span> <span class='ocrx_word' id='word_1_230' title='bbox 274 1290 311 1326; x_wconf 86' lang='lat' dir='ltr'>in</span> <span class='ocrx_word' id='word_1_231' title='bbox 329 1298 440 1326; x_wconf 86' lang='lat' dir='ltr'>tantae</span> <span class='ocrx_word' id='word_1_232' title='bbox 458 1289 636 1326; x_wconf 85' lang='lat' dir='ltr'>claritatis</span> <span class='ocrx_word' id='word_1_233' title='bbox 655 1288 846 1337; x_wconf 70' lang='lat' dir='ltr'>abyssum.</span> <span class='ocrx_word' id='word_1_234' title='bbox 867 1292 952 1338; x_wconf 82' lang='lat' dir='ltr'>Ipse</span> <span class='ocrx_word' id='word_1_235' title='bbox 972 1289 1082 1325; x_wconf 86' lang='lat' dir='ltr'>etiam</span> <span class='ocrx_word' id='word_1_236' title='bbox 1099 1289 1214 1326; x_wconf 88' lang='lat' dir='ltr'>Filius</span> 
     </span>
     <span class='ocr_line' id='line_1_32' title="bbox 215 1349 1213 1398; baseline -0.004 -13"><span class='ocrx_word' id='word_1_237' title='bbox 215 1356 450 1398; x_wconf 87' lang='lat' dir='ltr'>protestatur</span> <span class='ocrx_word' id='word_1_238' title='bbox 467 1364 475 1385; x_wconf 91' lang='lat'><strong>:</strong></span> <span class='ocrx_word' id='word_1_239' title='bbox 496 1351 616 1385; x_wconf 84' lang='lat' dir='ltr'>Nemo</span> <span class='ocrx_word' id='word_1_240' title='bbox 635 1353 735 1384; x_wconf 81' lang='lat' dir='ltr'>novit</span> <span class='ocrx_word' id='word_1_241' title='bbox 751 1350 890 1384; x_wconf 75' lang='lat' dir='ltr'>Filitcm</span> <span class='ocrx_word' id='word_1_242' title='bbox 911 1352 982 1383; x_wconf 79' lang='lat' dir='ltr'>nisi</span> <span class='ocrx_word' id='word_1_243' title='bbox 1001 1349 1130 1393; x_wconf 80' lang='lat' dir='ltr'>Pater,</span> <span class='ocrx_word' id='word_1_244' title='bbox 1145 1360 1213 1382; x_wconf 81' lang='lat' dir='ltr'>ne-</span> 
     </span>
     <span class='ocr_line' id='line_1_33' title="bbox 215 1410 1216 1457; baseline -0.003 -13"><span class='ocrx_word' id='word_1_245' title='bbox 215 1422 289 1456; x_wconf 85' lang='lat' dir='ltr'>que</span> <span class='ocrx_word' id='word_1_246' title='bbox 308 1411 459 1444; x_wconf 80' lang='lat' dir='ltr'>Palrem</span> <span class='ocrx_word' id='word_1_247' title='bbox 476 1414 561 1457; x_wconf 77' lang='lat' dir='ltr'>quis</span> <span class='ocrx_word' id='word_1_248' title='bbox 576 1413 672 1444; x_wconf 81' lang='lat' dir='ltr'>novit</span> <span class='ocrx_word' id='word_1_249' title='bbox 691 1412 762 1443; x_wconf 80' lang='lat' dir='ltr'>m&#39;si</span> <span class='ocrx_word' id='word_1_250' title='bbox 777 1410 895 1444; x_wconf 73' lang='lat' dir='ltr'>Filius</span> <span class='ocrx_word' id='word_1_251' title='bbox 905 1435 915 1451; x_wconf 96' lang='lat'>‚</span> <span class='ocrx_word' id='word_1_252' title='bbox 929 1416 964 1442; x_wconf 79' lang='lat' dir='ltr'>et</span> <span class='ocrx_word' id='word_1_253' title='bbox 983 1410 1042 1442; x_wconf 77' lang='lat' dir='ltr'>cui</span> <span class='ocrx_word' id='word_1_254' title='bbox 1055 1410 1216 1442; x_wconf 77' lang='lat' dir='ltr'>voluerit</span> 
     </span>
     <span class='ocr_line' id='line_1_34' title="bbox 183 1463 1214 1509; baseline -0.003 -7"><span class='ocrx_word' id='word_1_255' title='bbox 183 1468 186 1474; x_wconf 92' lang='lat'>&#39;</span> <span class='ocrx_word' id='word_1_256' title='bbox 217 1469 338 1503; x_wconf 78' lang='lat' dir='ltr'>Filius</span> <span class='ocrx_word' id='word_1_257' title='bbox 357 1470 519 1504; x_wconf 76' lang='lat' dir='ltr'>revelare</span> <span class='ocrx_word' id='word_1_258' title='bbox 530 1468 557 1503; x_wconf 67' lang='lat'>⁴.</span> <span class='ocrx_word' id='word_1_259' title='bbox 579 1470 656 1504; x_wconf 84' lang='lat' dir='ltr'>Nec</span> <span class='ocrx_word' id='word_1_260' title='bbox 676 1475 799 1502; x_wconf 89' lang='lat' dir='ltr'>tamen</span> <span class='ocrx_word' id='word_1_261' title='bbox 821 1465 915 1501; x_wconf 89' lang='lat' dir='ltr'>sicut</span> <span class='ocrx_word' id='word_1_262' title='bbox 935 1473 1012 1509; x_wconf 89' lang='lat' dir='ltr'>est,</span> <span class='ocrx_word' id='word_1_263' title='bbox 1037 1463 1102 1500; x_wconf 89' lang='lat' dir='ltr'>sed</span> <span class='ocrx_word' id='word_1_264' title='bbox 1119 1464 1214 1500; x_wconf 90' lang='lat' dir='ltr'>sicut</span> 
     </span>
     <span class='ocr_line' id='line_1_35' title="bbox 217 1524 1212 1578; baseline -0.005 -14"><span class='ocrx_word' id='word_1_265' title='bbox 217 1541 351 1578; x_wconf 84' lang='lat' dir='ltr'>capere</span> <span class='ocrx_word' id='word_1_266' title='bbox 369 1535 495 1577; x_wconf 88' lang='lat' dir='ltr'>potest</span> <span class='ocrx_word' id='word_1_267' title='bbox 514 1527 572 1564; x_wconf 90' lang='lat' dir='ltr'>cui</span> <span class='ocrx_word' id='word_1_268' title='bbox 596 1535 700 1563; x_wconf 82' lang='lat' dir='ltr'>tanta</span> <span class='ocrx_word' id='word_1_269' title='bbox 721 1524 887 1575; x_wconf 78' lang='lat' dir='ltr'>&lt;lignatio</span> <span class='ocrx_word' id='word_1_270' title='bbox 907 1525 1107 1561; x_wconf 79' lang='lat' dir='ltr'>revelatur.</span> <span class='ocrx_word' id='word_1_271' title='bbox 1127 1526 1212 1560; x_wconf 90' lang='lat' dir='ltr'>Un—</span> 
     </span>
     <span class='ocr_line' id='line_1_36' title="bbox 218 1581 1210 1634; baseline -0.005 -11"><span class='ocrx_word' id='word_1_272' title='bbox 218 1586 265 1623; x_wconf 91' lang='lat' dir='ltr'>de</span> <span class='ocrx_word' id='word_1_273' title='bbox 281 1595 318 1623; x_wconf 91' lang='lat' dir='ltr'>et</span> <span class='ocrx_word' id='word_1_274' title='bbox 336 1587 399 1623; x_wconf 88' lang='lat' dir='ltr'>illa</span> <span class='ocrx_word' id='word_1_275' title='bbox 418 1585 588 1622; x_wconf 88' lang='lat' dir='ltr'>sublimis</span> <span class='ocrx_word' id='word_1_276' title='bbox 607 1586 730 1622; x_wconf 90' lang='lat' dir='ltr'>anima</span> <span class='ocrx_word' id='word_1_277' title='bbox 753 1597 837 1634; x_wconf 87' lang='lat' dir='ltr'>quae</span> <span class='ocrx_word' id='word_1_278' title='bbox 855 1597 973 1632; x_wconf 91' lang='lat' dir='ltr'>usque</span> <span class='ocrx_word' id='word_1_279' title='bbox 993 1581 1038 1624; x_wconf 90' lang='lat' dir='ltr'>ad</span> <span class='ocrx_word' id='word_1_280' title='bbox 1059 1583 1210 1618; x_wconf 89' lang='lat' dir='ltr'>tertium</span> 
     </span>
     <span class='ocr_line' id='line_1_37' title="bbox 217 1641 1209 1693; baseline -0.005 -11"><span class='ocrx_word' id='word_1_281' title='bbox 217 1646 353 1682; x_wconf 91' lang='lat' dir='ltr'>coelum</span> <span class='ocrx_word' id='word_1_282' title='bbox 369 1646 407 1682; x_wconf 88' lang='lat' dir='ltr'>in</span> <span class='ocrx_word' id='word_1_283' title='bbox 425 1645 575 1681; x_wconf 86' lang='lat' dir='ltr'>divitias</span> <span class='ocrx_word' id='word_1_284' title='bbox 590 1644 718 1693; x_wconf 88' lang='lat' dir='ltr'>gloriae</span> <span class='ocrx_word' id='word_1_285' title='bbox 735 1643 804 1680; x_wconf 91' lang='lat' dir='ltr'>Dei</span> <span class='ocrx_word' id='word_1_286' title='bbox 823 1651 928 1692; x_wconf 83' lang='lat' dir='ltr'>rapta</span> <span class='ocrx_word' id='word_1_287' title='bbox 944 1642 1084 1685; x_wconf 84' lang='lat' dir='ltr'>fuerat,</span> <span class='ocrx_word' id='word_1_288' title='bbox 1099 1641 1209 1677; x_wconf 85' lang='lat' dir='ltr'>dicit:</span> 
     </span>
     <span class='ocr_line' id='line_1_38' title="bbox 218 1700 1025 1754; baseline -0.005 -14"><span class='ocrx_word' id='word_1_289' title='bbox 218 1707 299 1754; x_wconf 86' lang='lat' dir='ltr'>Ego</span> <span class='ocrx_word' id='word_1_290' title='bbox 319 1718 378 1740; x_wconf 79' lang='lat' dir='ltr'>me</span> <span class='ocrx_word' id='word_1_291' title='bbox 396 1718 470 1740; x_wconf 83' lang='lat' dir='ltr'>non</span> <span class='ocrx_word' id='word_1_292' title='bbox 491 1704 653 1740; x_wconf 79' lang='lat' dir='ltr'>arbitror</span> <span class='ocrx_word' id='word_1_293' title='bbox 669 1700 1025 1751; x_wconf 44' lang='lat' dir='ltr'>comprehendisse?</span> 
     </span>
    </p>

    <p class='ocr_par' dir='ltr' id='par_1_10' title="bbox 217 1759 1212 1873">
     <span class='ocr_line' id='line_1_39' title="bbox 270 1759 1212 1812; baseline -0.007 -11"><span class='ocrx_word' id='word_1_294' title='bbox 270 1765 306 1801; x_wconf 75' lang='lat'>4.</span> <span class='ocrx_word' id='word_1_295' title='bbox 327 1764 530 1801; x_wconf 79' lang='lat' dir='ltr'>Verissima</span> <span class='ocrx_word' id='word_1_296' title='bbox 543 1776 634 1812; x_wconf 86' lang='lat' dir='ltr'>ergo</span> <span class='ocrx_word' id='word_1_297' title='bbox 652 1762 823 1798; x_wconf 76' lang='lat' dir='ltr'>definitio</span> <span class='ocrx_word' id='word_1_298' title='bbox 842 1770 918 1804; x_wconf 89' lang='lat' dir='ltr'>est,</span> <span class='ocrx_word' id='word_1_299' title='bbox 934 1761 1023 1809; x_wconf 88' lang='lat' dir='ltr'>quia</span> <span class='ocrx_word' id='word_1_300' title='bbox 1038 1759 1140 1796; x_wconf 88' lang='lat' dir='ltr'>illam</span> <span class='ocrx_word' id='word_1_301' title='bbox 1156 1760 1212 1808; x_wconf 84' lang='lat' dir='ltr'>gi-</span> 
     </span>
     <span class='ocr_line' id='line_1_40' title="bbox 217 1819 1211 1873; baseline -0.005 -14"><span class='ocrx_word' id='word_1_302' title='bbox 217 1823 366 1872; x_wconf 89' lang='lat' dir='ltr'>gnentis</span> <span class='ocrx_word' id='word_1_303' title='bbox 385 1831 422 1859; x_wconf 88' lang='lat' dir='ltr'>ct</span> <span class='ocrx_word' id='word_1_304' title='bbox 445 1823 561 1873; x_wconf 87' lang='lat' dir='ltr'>geniti</span> <span class='ocrx_word' id='word_1_305' title='bbox 587 1822 868 1871; x_wconf 84' lang='lat' dir='ltr'>generationem</span> <span class='ocrx_word' id='word_1_306' title='bbox 899 1820 1027 1857; x_wconf 86' lang='lat' dir='ltr'>nullus</span> <span class='ocrx_word' id='word_1_307' title='bbox 1053 1819 1211 1855; x_wconf 89' lang='lat' dir='ltr'>omnino</span> 
     </span>
    </p>
   </div>
   <div class='ocr_carea' id='block_1_10' title="bbox 1277 1170 2276 1869">
    <p class='ocr_par' dir='ltr' id='par_1_11' title="bbox 1277 1170 2276 1869">
     <span class='ocr_line' id='line_1_41' title="bbox 1280 1170 2273 1219; baseline 0 -15"><span class='ocrx_word' id='word_1_308' title='bbox 1280 1181 1357 1204; x_wconf 92' lang='lat' dir='ltr'>non</span> <span class='ocrx_word' id='word_1_309' title='bbox 1387 1177 1510 1206; x_wconf 87' lang='lat' dir='ltr'>tamen</span> <span class='ocrx_word' id='word_1_310' title='bbox 1537 1178 1592 1206; x_wconf 90' lang='lat' dir='ltr'>est</span> <span class='ocrx_word' id='word_1_311' title='bbox 1613 1171 1803 1219; x_wconf 86' lang='lat' dir='ltr'>posterior</span> <span class='ocrx_word' id='word_1_312' title='bbox 1826 1179 2047 1219; x_wconf 81' lang='lat' dir='ltr'>generante,</span> <span class='ocrx_word' id='word_1_313' title='bbox 2068 1170 2133 1206; x_wconf 90' lang='lat' dir='ltr'>sed</span> <span class='ocrx_word' id='word_1_314' title='bbox 2162 1170 2273 1206; x_wconf 82' lang='lat' dir='ltr'>ambo</span> 
     </span>
     <span class='ocr_line' id='line_1_42' title="bbox 1280 1227 2275 1277; baseline 0.001 -15"><span class='ocrx_word' id='word_1_315' title='bbox 1280 1227 1391 1264; x_wconf 89' lang='lat' dir='ltr'>unius</span> <span class='ocrx_word' id='word_1_316' title='bbox 1405 1229 1639 1277; x_wconf 85' lang='lat' dir='ltr'>antiquitatis</span> <span class='ocrx_word' id='word_1_317' title='bbox 1655 1237 1742 1264; x_wconf 86' lang='lat' dir='ltr'>sunt</span> <span class='ocrx_word' id='word_1_318' title='bbox 1759 1242 1766 1264; x_wconf 91' lang='lat'>:</span> <span class='ocrx_word' id='word_1_319' title='bbox 1784 1228 1813 1264; x_wconf 92' lang='lat' dir='ltr'>si</span> <span class='ocrx_word' id='word_1_320' title='bbox 1831 1236 1954 1264; x_wconf 83' lang='lat' dir='ltr'>tamen</span> <span class='ocrx_word' id='word_1_321' title='bbox 1973 1227 2149 1264; x_wconf 77' lang='lat' dir='ltr'>vocabuli</span> <span class='ocrx_word' id='word_1_322' title='bbox 2166 1230 2275 1264; x_wconf 73' lang='lat' dir='ltr'>novi-</span> 
     </span>
     <span class='ocr_line' id='line_1_43' title="bbox 1281 1287 2274 1337; baseline -0.003 -14"><span class='ocrx_word' id='word_1_323' title='bbox 1281 1295 1393 1323; x_wconf 87' lang='lat' dir='ltr'>tatem</span> <span class='ocrx_word' id='word_1_324' title='bbox 1412 1301 1488 1324; x_wconf 89' lang='lat' dir='ltr'>non</span> <span class='ocrx_word' id='word_1_325' title='bbox 1504 1288 1735 1333; x_wconf 75' lang='lat' dir='ltr'>exhorreti33</span> <span class='ocrx_word' id='word_1_326' title='bbox 1757 1287 1861 1337; x_wconf 87' lang='lat' dir='ltr'>quod</span> <span class='ocrx_word' id='word_1_327' title='bbox 1879 1287 1966 1323; x_wconf 88' lang='lat' dir='ltr'>licet</span> <span class='ocrx_word' id='word_1_328' title='bbox 1986 1300 2142 1336; x_wconf 90' lang='lat' dir='ltr'>quoquo</span> <span class='ocrx_word' id='word_1_329' title='bbox 2161 1287 2274 1323; x_wconf 75' lang='lat' dir='ltr'>modu</span> 
     </span>
     <span class='ocr_line' id='line_1_44' title="bbox 1280 1347 2274 1397; baseline -0.001 -14"><span class='ocrx_word' id='word_1_330' title='bbox 1280 1347 1463 1395; x_wconf 83' lang='lat' dir='ltr'>significet</span> <span class='ocrx_word' id='word_1_331' title='bbox 1484 1360 1568 1397; x_wconf 87' lang='lat' dir='ltr'>quae</span> <span class='ocrx_word' id='word_1_332' title='bbox 1589 1347 1782 1391; x_wconf 85' lang='lat' dir='ltr'>dicuntur,</span> <span class='ocrx_word' id='word_1_333' title='bbox 1800 1347 1912 1396; x_wconf 88' lang='lat' dir='ltr'>longe</span> <span class='ocrx_word' id='word_1_334' title='bbox 1934 1355 2057 1382; x_wconf 90' lang='lat' dir='ltr'>tamen</span> <span class='ocrx_word' id='word_1_335' title='bbox 2078 1355 2132 1382; x_wconf 88' lang='lat' dir='ltr'>est</span> <span class='ocrx_word' id='word_1_336' title='bbox 2150 1360 2170 1382; x_wconf 86' lang='lat' dir='ltr'>a</span> <span class='ocrx_word' id='word_1_337' title='bbox 2190 1360 2274 1383; x_wconf 82' lang='lat' dir='ltr'>sen-</span> 
     </span>
     <span class='ocr_line' id='line_1_45' title="bbox 1281 1405 2275 1455; baseline -0.001 -13"><span class='ocrx_word' id='word_1_338' title='bbox 1281 1407 1406 1442; x_wconf 81' lang='lat' dir='ltr'>tentiae</span> <span class='ocrx_word' id='word_1_339' title='bbox 1432 1406 1636 1454; x_wconf 84' lang='lat' dir='ltr'>majestate.</span> <span class='ocrx_word' id='word_1_340' title='bbox 1671 1406 1875 1455; x_wconf 71' lang='lat' dir='ltr'>Egreditur</span> <span class='ocrx_word' id='word_1_341' title='bbox 1895 1405 2158 1450; x_wconf 88' lang='lat' dir='ltr'>similitudine,</span> <span class='ocrx_word' id='word_1_342' title='bbox 2187 1406 2275 1454; x_wconf 82' lang='lat' dir='ltr'>quia</span> 
     </span>
     <span class='ocr_line' id='line_1_46' title="bbox 1280 1464 2272 1514; baseline 0 -14"><span class='ocrx_word' id='word_1_343' title='bbox 1280 1464 1410 1501; x_wconf 87' lang='lat' dir='ltr'>similis</span> <span class='ocrx_word' id='word_1_344' title='bbox 1425 1474 1481 1501; x_wconf 88' lang='lat' dir='ltr'>est</span> <span class='ocrx_word' id='word_1_345' title='bbox 1495 1466 1614 1510; x_wconf 88' lang='lat' dir='ltr'>Patri,</span> <span class='ocrx_word' id='word_1_346' title='bbox 1633 1466 1752 1502; x_wconf 86' lang='lat' dir='ltr'>Patris</span> <span class='ocrx_word' id='word_1_347' title='bbox 1770 1466 1909 1513; x_wconf 82' lang='lat' dir='ltr'>imagO,</span> <span class='ocrx_word' id='word_1_348' title='bbox 1927 1465 2108 1513; x_wconf 86' lang='lat' dir='ltr'>splendor</span> <span class='ocrx_word' id='word_1_349' title='bbox 2122 1465 2252 1514; x_wconf 81' lang='lat' dir='ltr'>gloriae</span> <span class='ocrx_word' id='word_1_350' title='bbox 2264 1493 2272 1508; x_wconf 90' lang='lat'>,</span> 
     </span>
     <span class='ocr_line' id='line_1_47' title="bbox 1279 1524 2274 1573; baseline 0.001 -14"><span class='ocrx_word' id='word_1_351' title='bbox 1279 1532 1315 1559; x_wconf 86' lang='lat' dir='ltr'>et</span> <span class='ocrx_word' id='word_1_352' title='bbox 1335 1525 1452 1573; x_wconf 79' lang='lat' dir='ltr'>ligura</span> <span class='ocrx_word' id='word_1_353' title='bbox 1477 1524 1695 1561; x_wconf 80' lang='lat' dir='ltr'>substantiae</span> <span class='ocrx_word' id='word_1_354' title='bbox 1722 1524 1816 1573; x_wconf 89' lang='lat' dir='ltr'>ejus.</span> <span class='ocrx_word' id='word_1_355' title='bbox 1847 1524 2049 1573; x_wconf 76' lang='lat' dir='ltr'>Egreditur</span> <span class='ocrx_word' id='word_1_356' title='bbox 2072 1525 2274 1567; x_wconf 82' lang='lat' dir='ltr'>alteritate,</span> 
     </span>
     <span class='ocr_line' id='line_1_48' title="bbox 1277 1584 2271 1632; baseline 0 -13"><span class='ocrx_word' id='word_1_357' title='bbox 1277 1584 1363 1632; x_wconf 91' lang='lat' dir='ltr'>quia</span> <span class='ocrx_word' id='word_1_358' title='bbox 1392 1585 1484 1621; x_wconf 91' lang='lat' dir='ltr'>alius</span> <span class='ocrx_word' id='word_1_359' title='bbox 1511 1594 1566 1621; x_wconf 88' lang='lat' dir='ltr'>est</span> <span class='ocrx_word' id='word_1_360' title='bbox 1591 1584 1637 1620; x_wconf 86' lang='lat' dir='ltr'>ab</span> <span class='ocrx_word' id='word_1_361' title='bbox 1660 1585 1727 1621; x_wconf 89' lang='lat' dir='ltr'>illo</span> <span class='ocrx_word' id='word_1_362' title='bbox 1746 1599 1753 1620; x_wconf 90' lang='lat'>:</span> <span class='ocrx_word' id='word_1_363' title='bbox 1777 1584 1882 1621; x_wconf 81' lang='lat' dir='ltr'>Alius</span> <span class='ocrx_word' id='word_1_364' title='bbox 1905 1584 2011 1627; x_wconf 83' lang='lat' dir='ltr'>di‹·0;</span> <span class='ocrx_word' id='word_1_365' title='bbox 2032 1597 2108 1620; x_wconf 92' lang='lat' dir='ltr'>non</span> <span class='ocrx_word' id='word_1_366' title='bbox 2123 1612 2132 1627; x_wconf 94' lang='lat'>,</span> <span class='ocrx_word' id='word_1_367' title='bbox 2149 1584 2271 1621; x_wconf 82' lang='lat' dir='ltr'>Aliud.</span> 
     </span>
     <span class='ocr_line' id='line_1_49' title="bbox 1277 1642 2274 1692; baseline 0.001 -15"><span class='ocrx_word' id='word_1_368' title='bbox 1277 1644 1371 1691; x_wconf 80' lang='lat' dir='ltr'>Eg0‚</span> <span class='ocrx_word' id='word_1_369' title='bbox 1394 1644 1537 1692; x_wconf 86' lang='lat' dir='ltr'>inquit,</span> <span class='ocrx_word' id='word_1_370' title='bbox 1557 1653 1591 1678; x_wconf 88' lang='lat' dir='ltr'>el</span> <span class='ocrx_word' id='word_1_371' title='bbox 1605 1645 1720 1678; x_wconf 82' lang='lat' dir='ltr'>Pater</span> <span class='ocrx_word' id='word_1_372' title='bbox 1735 1657 1848 1679; x_wconf 72' lang='lat' dir='ltr'>amem</span> <span class='ocrx_word' id='word_1_373' title='bbox 1869 1657 1992 1678; x_wconf 78' lang='lat' dir='ltr'>sumus</span> <span class='ocrx_word' id='word_1_374' title='bbox 2006 1649 2050 1677; x_wconf 82' lang='lat'>¹⁰.</span> <span class='ocrx_word' id='word_1_375' title='bbox 2078 1643 2197 1678; x_wconf 79' lang='lat' dir='ltr'>Unum</span> <span class='ocrx_word' id='word_1_376' title='bbox 2216 1642 2274 1678; x_wconf 83' lang='lat' dir='ltr'>di-</span> 
     </span>
     <span class='ocr_line' id='line_1_50' title="bbox 1278 1700 2276 1750; baseline -0.001 -13"><span class='ocrx_word' id='word_1_377' title='bbox 1278 1702 1355 1746; x_wconf 78' lang='lat' dir='ltr'>xit3</span> <span class='ocrx_word' id='word_1_378' title='bbox 1381 1715 1476 1745; x_wconf 91' lang='lat' dir='ltr'>non,</span> <span class='ocrx_word' id='word_1_379' title='bbox 1498 1706 1606 1739; x_wconf 87' lang='lat' dir='ltr'>Unus</span> <span class='ocrx_word' id='word_1_380' title='bbox 1626 1717 1633 1738; x_wconf 91' lang='lat'>:</span> <span class='ocrx_word' id='word_1_381' title='bbox 1652 1702 1739 1750; x_wconf 88' lang='lat' dir='ltr'>quia</span> <span class='ocrx_word' id='word_1_382' title='bbox 1761 1714 1876 1738; x_wconf 88' lang='lat' dir='ltr'>unum</span> <span class='ocrx_word' id='word_1_383' title='bbox 1898 1702 2082 1749; x_wconf 83' lang='lat' dir='ltr'>significat</span> <span class='ocrx_word' id='word_1_384' title='bbox 2103 1700 2276 1737; x_wconf 87' lang='lat' dir='ltr'>substan-</span> 
     </span>
     <span class='ocr_line' id='line_1_51' title="bbox 1278 1761 2272 1810; baseline -0.001 -13"><span class='ocrx_word' id='word_1_385' title='bbox 1278 1761 1339 1797; x_wconf 85' lang='lat' dir='ltr'>tiae</span> <span class='ocrx_word' id='word_1_386' title='bbox 1357 1761 1537 1797; x_wconf 86' lang='lat' dir='ltr'>unitatem</span> <span class='ocrx_word' id='word_1_387' title='bbox 1553 1776 1562 1805; x_wconf 82' lang='lat'><em>3</em></span> <span class='ocrx_word' id='word_1_388' title='bbox 1585 1774 1680 1797; x_wconf 85' lang='lat' dir='ltr'>unus</span> <span class='ocrx_word' id='word_1_389' title='bbox 1696 1774 1804 1805; x_wconf 75' lang='lat' dir='ltr'>vcro,</span> <span class='ocrx_word' id='word_1_390' title='bbox 1826 1773 2078 1810; x_wconf 87' lang='lat' dir='ltr'>personarum</span> <span class='ocrx_word' id='word_1_391' title='bbox 2094 1761 2272 1810; x_wconf 81' lang='lat' dir='ltr'>proprie-</span> 
     </span>
     <span class='ocr_line' id='line_1_52' title="bbox 1280 1819 2274 1869; baseline -0.001 -14"><span class='ocrx_word' id='word_1_392' title='bbox 1280 1828 1405 1856; x_wconf 90' lang='lat' dir='ltr'>tatem.</span> <span class='ocrx_word' id='word_1_393' title='bbox 1423 1820 1482 1856; x_wconf 88' lang='lat' dir='ltr'>Sic.</span> <span class='ocrx_word' id='word_1_394' title='bbox 1497 1820 1612 1868; x_wconf 89' lang='lat' dir='ltr'>igitur</span> <span class='ocrx_word' id='word_1_395' title='bbox 1631 1828 1667 1856; x_wconf 90' lang='lat' dir='ltr'>et</span> <span class='ocrx_word' id='word_1_396' title='bbox 1686 1820 1797 1869; x_wconf 88' lang='lat' dir='ltr'>longe</span> <span class='ocrx_word' id='word_1_397' title='bbox 1814 1820 2075 1856; x_wconf 84' lang='lat' dir='ltr'>excellentiori</span> <span class='ocrx_word' id='word_1_398' title='bbox 2092 1819 2207 1855; x_wconf 92' lang='lat' dir='ltr'>modo</span> <span class='ocrx_word' id='word_1_399' title='bbox 2227 1819 2274 1854; x_wconf 78' lang='lat' dir='ltr'>(le</span> 
     </span>
    </p>
   </div>
   <div class='ocr_carea' id='block_1_11' title="bbox 218 1878 2275 1931">
    <p class='ocr_par' dir='ltr' id='par_1_12' title="bbox 218 1878 2275 1931">
     <span class='ocr_line' id='line_1_53' title="bbox 218 1878 2275 1931; baseline -0.003 -13"><span class='ocrx_word' id='word_1_400' title='bbox 218 1890 390 1931; x_wconf 84' lang='lat' dir='ltr'>penetrat</span> <span class='ocrx_word' id='word_1_401' title='bbox 408 1881 634 1918; x_wconf 87' lang='lat' dir='ltr'>intellectus.</span> <span class='ocrx_word' id='word_1_402' title='bbox 652 1885 758 1918; x_wconf 87' lang='lat' dir='ltr'>Hanc</span> <span class='ocrx_word' id='word_1_403' title='bbox 778 1881 889 1917; x_wconf 90' lang='lat' dir='ltr'>etiam</span> <span class='ocrx_word' id='word_1_404' title='bbox 911 1879 957 1916; x_wconf 91' lang='lat' dir='ltr'>de</span> <span class='ocrx_word' id='word_1_405' title='bbox 979 1883 1097 1916; x_wconf 87' lang='lat' dir='ltr'>Matre</span> <span class='ocrx_word' id='word_1_406' title='bbox 1110 1907 1119 1924; x_wconf 93' lang='lat'>‚</span> <span class='ocrx_word' id='word_1_407' title='bbox 1135 1891 1214 1915; x_wconf 90' lang='lat' dir='ltr'>om·</span> <span class='ocrx_word' id='word_1_408' title='bbox 1233 1881 1261 1916; x_wconf 91' lang='lat' dir='ltr'>C</span> <span class='ocrx_word' id='word_1_409' title='bbox 1280 1881 1389 1914; x_wconf 90' lang='lat' dir='ltr'>Patre</span> <span class='ocrx_word' id='word_1_410' title='bbox 1413 1879 1530 1915; x_wconf 86' lang='lat' dir='ltr'>Filius</span> <span class='ocrx_word' id='word_1_411' title='bbox 1556 1878 1771 1927; x_wconf 70' lang='lat' dir='ltr'>egrediens,</span> <span class='ocrx_word' id='word_1_412' title='bbox 1801 1878 1960 1913; x_wconf 89' lang='lat' dir='ltr'>inundat</span> <span class='ocrx_word' id='word_1_413' title='bbox 1989 1878 2173 1926; x_wconf 86' lang='lat' dir='ltr'>angelicas</span> <span class='ocrx_word' id='word_1_414' title='bbox 2198 1886 2275 1912; x_wconf 87' lang='lat' dir='ltr'>sta-</span> 
     </span>
    </p>
   </div>
   <div class='ocr_carea' id='block_1_12' title="bbox 215 1938 1214 2640">
    <p class='ocr_par' dir='ltr' id='par_1_13' title="bbox 215 1938 1214 2640">
     <span class='ocr_line' id='line_1_54' title="bbox 217 1938 1212 1983; baseline -0.004 -5"><span class='ocrx_word' id='word_1_415' title='bbox 217 1942 256 1978; x_wconf 90' lang='lat' dir='ltr'>ni</span> <span class='ocrx_word' id='word_1_416' title='bbox 285 1941 459 1978; x_wconf 81' lang='lat' dir='ltr'>humanae</span> <span class='ocrx_word' id='word_1_417' title='bbox 493 1949 673 1978; x_wconf 87' lang='lat' dir='ltr'>creaturae</span> <span class='ocrx_word' id='word_1_418' title='bbox 702 1953 789 1976; x_wconf 86' lang='lat' dir='ltr'>reor</span> <span class='ocrx_word' id='word_1_419' title='bbox 820 1938 1140 1983; x_wconf 83' lang='lat' dir='ltr'>inextricabilem,</span> <span class='ocrx_word' id='word_1_420' title='bbox 1174 1947 1212 1974; x_wconf 91' lang='lat' dir='ltr'>ct</span> 
     </span>
     <span class='ocr_line' id='line_1_55' title="bbox 218 1994 1212 2037; baseline -0.005 0"><span class='ocrx_word' id='word_1_421' title='bbox 218 1999 344 2037; x_wconf 90' lang='lat' dir='ltr'>nescio</span> <span class='ocrx_word' id='word_1_422' title='bbox 363 2008 490 2036; x_wconf 91' lang='lat' dir='ltr'>utrum</span> <span class='ocrx_word' id='word_1_423' title='bbox 509 1999 556 2036; x_wconf 91' lang='lat' dir='ltr'>ab</span> <span class='ocrx_word' id='word_1_424' title='bbox 575 2000 639 2035; x_wconf 89' lang='lat' dir='ltr'>illa</span> <span class='ocrx_word' id='word_1_425' title='bbox 660 1998 917 2035; x_wconf 86' lang='lat' dir='ltr'>excellentiori</span> <span class='ocrx_word' id='word_1_426' title='bbox 937 2005 1072 2034; x_wconf 88' lang='lat' dir='ltr'>natura</span> <span class='ocrx_word' id='word_1_427' title='bbox 1090 1994 1212 2033; x_wconf 72' lang='lat' dir='ltr'>valeat</span> 
     </span>
     <span class='ocr_line' id='line_1_56' title="bbox 217 2056 1211 2109; baseline -0.005 -13"><span class='ocrx_word' id='word_1_428' title='bbox 217 2058 501 2109; x_wconf 86' lang='lat' dir='ltr'>comprehendi.</span> <span class='ocrx_word' id='word_1_429' title='bbox 520 2059 612 2106; x_wconf 89' lang='lat' dir='ltr'>Quis</span> <span class='ocrx_word' id='word_1_430' title='bbox 631 2058 731 2095; x_wconf 88' lang='lat' dir='ltr'>enim</span> <span class='ocrx_word' id='word_1_431' title='bbox 755 2056 1052 2106; x_wconf 83' lang='lat' dir='ltr'>comprehendat</span> <span class='ocrx_word' id='word_1_432' title='bbox 1071 2056 1211 2092; x_wconf 89' lang='lat' dir='ltr'>unitio-</span> 
     </span>
     <span class='ocr_line' id='line_1_57' title="bbox 218 2115 1210 2166; baseline -0.004 -12"><span class='ocrx_word' id='word_1_433' title='bbox 218 2131 303 2154; x_wconf 88' lang='lat' dir='ltr'>nem</span> <span class='ocrx_word' id='word_1_434' title='bbox 322 2118 444 2154; x_wconf 89' lang='lat' dir='ltr'>carnis</span> <span class='ocrx_word' id='word_1_435' title='bbox 465 2126 503 2154; x_wconf 87' lang='lat' dir='ltr'>et</span> <span class='ocrx_word' id='word_1_436' title='bbox 524 2117 659 2163; x_wconf 81' lang='lat' dir='ltr'>Verbi,</span> <span class='ocrx_word' id='word_1_437' title='bbox 677 2118 838 2166; x_wconf 88' lang='lat' dir='ltr'>qualiter</span> <span class='ocrx_word' id='word_1_438' title='bbox 857 2119 959 2153; x_wconf 88' lang='lat' dir='ltr'>Deus</span> <span class='ocrx_word' id='word_1_439' title='bbox 983 2124 1020 2152; x_wconf 89' lang='lat' dir='ltr'>et</span> <span class='ocrx_word' id='word_1_440' title='bbox 1040 2115 1155 2151; x_wconf 87' lang='lat' dir='ltr'>homo</span> <span class='ocrx_word' id='word_1_441' title='bbox 1172 2115 1210 2151; x_wconf 91' lang='lat' dir='ltr'>in</span> 
     </span>
     <span class='ocr_line' id='line_1_58' title="bbox 218 2173 1211 2227; baseline -0.005 -13"><span class='ocrx_word' id='word_1_442' title='bbox 218 2190 332 2214; x_wconf 86' lang='lat' dir='ltr'>unam</span> <span class='ocrx_word' id='word_1_443' title='bbox 352 2190 554 2227; x_wconf 89' lang='lat' dir='ltr'>personam</span> <span class='ocrx_word' id='word_1_444' title='bbox 577 2176 798 2222; x_wconf 79' lang='lat' dir='ltr'>conveniat,</span> <span class='ocrx_word' id='word_1_445' title='bbox 820 2175 932 2212; x_wconf 85' lang='lat' dir='ltr'>salvis</span> <span class='ocrx_word' id='word_1_446' title='bbox 954 2173 1211 2224; x_wconf 88' lang='lat' dir='ltr'>imperturba-</span> 
     </span>
     <span class='ocr_line' id='line_1_59' title="bbox 219 2233 1213 2285; baseline -0.003 -13"><span class='ocrx_word' id='word_1_447' title='bbox 219 2236 339 2285; x_wconf 89' lang='lat' dir='ltr'>tisque</span> <span class='ocrx_word' id='word_1_448' title='bbox 361 2235 659 2285; x_wconf 89' lang='lat' dir='ltr'>proprietatibus</span> <span class='ocrx_word' id='word_1_449' title='bbox 679 2237 922 2272; x_wconf 82' lang='lat' dir='ltr'>naturarum?</span> <span class='ocrx_word' id='word_1_450' title='bbox 943 2233 1213 2282; x_wconf 87' lang='lat' dir='ltr'>Unusquisque</span> 
     </span>
     <span class='ocr_line' id='line_1_60' title="bbox 217 2295 1214 2344; baseline -0.004 -12"><span class='ocrx_word' id='word_1_451' title='bbox 217 2296 255 2331; x_wconf 90' lang='lat' dir='ltr'>in</span> <span class='ocrx_word' id='word_1_452' title='bbox 283 2308 351 2332; x_wconf 91' lang='lat' dir='ltr'>suo</span> <span class='ocrx_word' id='word_1_453' title='bbox 379 2308 492 2332; x_wconf 88' lang='lat' dir='ltr'>sensu</span> <span class='ocrx_word' id='word_1_454' title='bbox 517 2295 711 2331; x_wconf 87' lang='lat' dir='ltr'>abundat:</span> <span class='ocrx_word' id='word_1_455' title='bbox 731 2305 801 2344; x_wconf 87' lang='lat' dir='ltr'>ego</span> <span class='ocrx_word' id='word_1_456' title='bbox 830 2295 929 2330; x_wconf 88' lang='lat' dir='ltr'>hanc</span> <span class='ocrx_word' id='word_1_457' title='bbox 948 2306 1099 2329; x_wconf 86' lang='lat' dir='ltr'>omnem</span> <span class='ocrx_word' id='word_1_458' title='bbox 1126 2305 1214 2329; x_wconf 85' lang='lat' dir='ltr'>sen-</span> 
     </span>
     <span class='ocr_line' id='line_1_61' title="bbox 217 2352 1214 2405; baseline -0.004 -14"><span class='ocrx_word' id='word_1_459' title='bbox 217 2368 298 2391; x_wconf 88' lang='lat' dir='ltr'>sum</span> <span class='ocrx_word' id='word_1_460' title='bbox 326 2354 547 2405; x_wconf 82' lang='lat' dir='ltr'>supergredi</span> <span class='ocrx_word' id='word_1_461' title='bbox 567 2354 702 2399; x_wconf 85' lang='lat' dir='ltr'>credo,</span> <span class='ocrx_word' id='word_1_462' title='bbox 721 2362 892 2390; x_wconf 79' lang='lat' dir='ltr'>veterum</span> <span class='ocrx_word' id='word_1_463' title='bbox 912 2353 1078 2389; x_wconf 79' lang='lat' dir='ltr'>virorum</span> <span class='ocrx_word' id='word_1_464' title='bbox 1100 2352 1214 2388; x_wconf 85' lang='lat' dir='ltr'>vesti—</span> 
     </span>
     <span class='ocr_line' id='line_1_62' title="bbox 216 2412 1212 2463; baseline -0.004 -13"><span class='ocrx_word' id='word_1_465' title='bbox 216 2414 285 2463; x_wconf 88' lang='lat' dir='ltr'>giis</span> <span class='ocrx_word' id='word_1_466' title='bbox 301 2413 508 2459; x_wconf 87' lang='lat' dir='ltr'>inhaerens,</span> <span class='ocrx_word' id='word_1_467' title='bbox 528 2414 593 2463; x_wconf 92' lang='lat' dir='ltr'>qui</span> <span class='ocrx_word' id='word_1_468' title='bbox 610 2426 726 2462; x_wconf 89' lang='lat' dir='ltr'>super</span> <span class='ocrx_word' id='word_1_469' title='bbox 741 2413 820 2449; x_wconf 88' lang='lat' dir='ltr'>haec</span> <span class='ocrx_word' id='word_1_470' title='bbox 835 2425 944 2449; x_wconf 89' lang='lat' dir='ltr'>sanas</span> <span class='ocrx_word' id='word_1_471' title='bbox 959 2420 996 2448; x_wconf 92' lang='lat' dir='ltr'>et</span> <span class='ocrx_word' id='word_1_472' title='bbox 1012 2412 1212 2447; x_wconf 87' lang='lat' dir='ltr'>inconcus-</span> 
     </span>
     <span class='ocr_line' id='line_1_63' title="bbox 217 2469 1214 2522; baseline -0.004 -13"><span class='ocrx_word' id='word_1_473' title='bbox 217 2485 276 2509; x_wconf 87' lang='lat' dir='ltr'>sas</span> <span class='ocrx_word' id='word_1_474' title='bbox 302 2473 507 2510; x_wconf 86' lang='lat' dir='ltr'>sententias</span> <span class='ocrx_word' id='word_1_475' title='bbox 535 2473 782 2522; x_wconf 85' lang='lat' dir='ltr'>reliquerunt.</span> <span class='ocrx_word' id='word_1_476' title='bbox 804 2471 861 2509; x_wconf 81' lang='lat' dir='ltr'>Ad</span> <span class='ocrx_word' id='word_1_477' title='bbox 883 2479 1078 2521; x_wconf 88' lang='lat' dir='ltr'>paternam</span> <span class='ocrx_word' id='word_1_478' title='bbox 1100 2469 1214 2518; x_wconf 88' lang='lat' dir='ltr'>igitur</span> 
     </span>
     <span class='ocr_line' id='line_1_64' title="bbox 215 2529 1213 2581; baseline -0.003 -13"><span class='ocrx_word' id='word_1_479' title='bbox 215 2532 496 2581; x_wconf 84' lang='lat' dir='ltr'>generationem</span> <span class='ocrx_word' id='word_1_480' title='bbox 515 2540 753 2569; x_wconf 87' lang='lat' dir='ltr'>recurrentes</span> <span class='ocrx_word' id='word_1_481' title='bbox 763 2560 772 2577; x_wconf 96' lang='lat'>‚</span> <span class='ocrx_word' id='word_1_482' title='bbox 786 2531 911 2567; x_wconf 89' lang='lat' dir='ltr'>locum</span> <span class='ocrx_word' id='word_1_483' title='bbox 925 2529 1130 2579; x_wconf 72' lang='lat' dir='ltr'>voluptatis</span> <span class='ocrx_word' id='word_1_484' title='bbox 1144 2531 1213 2565; x_wconf 88' lang='lat' dir='ltr'>Pa—</span> 
     </span>
     <span class='ocr_line' id='line_1_65' title="bbox 218 2587 1211 2640; baseline -0.004 -13"><span class='ocrx_word' id='word_1_485' title='bbox 218 2600 312 2627; x_wconf 91' lang='lat' dir='ltr'>trem</span> <span class='ocrx_word' id='word_1_486' title='bbox 329 2603 409 2628; x_wconf 91' lang='lat' dir='ltr'>esse</span> <span class='ocrx_word' id='word_1_487' title='bbox 428 2603 644 2635; x_wconf 89' lang='lat' dir='ltr'>censemus,</span> <span class='ocrx_word' id='word_1_488' title='bbox 661 2590 834 2640; x_wconf 81' lang='lat' dir='ltr'>quamvis</span> <span class='ocrx_word' id='word_1_489' title='bbox 849 2593 952 2627; x_wconf 88' lang='lat' dir='ltr'>Deus</span> <span class='ocrx_word' id='word_1_490' title='bbox 967 2588 1123 2624; x_wconf 82' lang='lat' dir='ltr'>illocalis</span> <span class='ocrx_word' id='word_1_491' title='bbox 1138 2587 1184 2624; x_wconf 91' lang='lat' dir='ltr'>sit</span> <span class='ocrx_word' id='word_1_492' title='bbox 1203 2602 1211 2623; x_wconf 93' lang='lat'>:</span> 
     </span>
    </p>
   </div>
   <div class='ocr_carea' id='block_1_13' title="bbox 1276 1936 2276 2639">
    <p class='ocr_par' dir='ltr' id='par_1_14' title="bbox 1276 1936 2276 2639">
     <span class='ocr_line' id='line_1_66' title="bbox 1278 1936 2275 1986; baseline -0.003 -13"><span class='ocrx_word' id='word_1_493' title='bbox 1278 1937 1400 1974; x_wconf 85' lang='lat' dir='ltr'>tiones</span> <span class='ocrx_word' id='word_1_494' title='bbox 1418 1952 1426 1973; x_wconf 91' lang='lat'>:</span> <span class='ocrx_word' id='word_1_495' title='bbox 1444 1938 1532 1986; x_wconf 86' lang='lat' dir='ltr'>quia</span> <span class='ocrx_word' id='word_1_496' title='bbox 1546 1965 1555 1982; x_wconf 96' lang='lat'>,</span> <span class='ocrx_word' id='word_1_497' title='bbox 1576 1936 1685 1985; x_wconf 79' lang='lat' dir='ltr'>juxta</span> <span class='ocrx_word' id='word_1_498' title='bbox 1715 1937 1953 1974; x_wconf 86' lang='lat' dir='ltr'>Salomonem</span> <span class='ocrx_word' id='word_1_499' title='bbox 1966 1965 1975 1979; x_wconf 93' lang='lat'>‚</span> <span class='ocrx_word' id='word_1_500' title='bbox 1997 1939 2095 1972; x_wconf 80' lang='lat' dir='ltr'>Fons</span> <span class='ocrx_word' id='word_1_501' title='bbox 2121 1940 2275 1983; x_wconf 81' lang='lat' dir='ltr'>sapien-</span> 
     </span>
     <span class='ocr_line' id='line_1_67' title="bbox 1276 1994 2275 2044; baseline -0.002 -12"><span class='ocrx_word' id='word_1_502' title='bbox 1276 2002 1342 2032; x_wconf 79' lang='lat' dir='ltr'>tioe</span> <span class='ocrx_word' id='word_1_503' title='bbox 1362 1997 1513 2033; x_wconf 74' lang='lat' dir='ltr'>verbum</span> <span class='ocrx_word' id='word_1_504' title='bbox 1540 1999 1613 2032; x_wconf 85' lang='lat' dir='ltr'>Dei</span> <span class='ocrx_word' id='word_1_505' title='bbox 1633 2001 1670 2031; x_wconf 82' lang='lat' dir='ltr'>in</span> <span class='ocrx_word' id='word_1_506' title='bbox 1688 2000 1844 2032; x_wconf 63' lang='lat' dir='ltr'>excelsis</span> <span class='ocrx_word' id='word_1_507' title='bbox 1860 2002 1902 2031; x_wconf 84' lang='lat'>¹¹.</span> <span class='ocrx_word' id='word_1_508' title='bbox 1917 1994 2153 2031; x_wconf 77' lang='lat' dir='ltr'>Citliaroedus</span> <span class='ocrx_word' id='word_1_509' title='bbox 2179 2007 2275 2044; x_wconf 89' lang='lat' dir='ltr'>puer</span> 
     </span>
     <span class='ocr_line' id='line_1_68' title="bbox 1278 2053 2275 2105; baseline -0.004 -13"><span class='ocrx_word' id='word_1_510' title='bbox 1278 2055 1324 2093; x_wconf 89' lang='lat' dir='ltr'>de</span> <span class='ocrx_word' id='word_1_511' title='bbox 1339 2056 1412 2093; x_wconf 90' lang='lat' dir='ltr'>hoc</span> <span class='ocrx_word' id='word_1_512' title='bbox 1432 2057 1535 2092; x_wconf 84' lang='lat' dir='ltr'>fonte</span> <span class='ocrx_word' id='word_1_513' title='bbox 1554 2056 1667 2105; x_wconf 87' lang='lat' dir='ltr'>pleno</span> <span class='ocrx_word' id='word_1_514' title='bbox 1684 2063 1817 2091; x_wconf 75' lang='lat' dir='ltr'>ventre</span> <span class='ocrx_word' id='word_1_515' title='bbox 1835 2062 2052 2104; x_wconf 79' lang='lat' dir='ltr'>potaverat,</span> <span class='ocrx_word' id='word_1_516' title='bbox 2071 2066 2154 2089; x_wconf 89' lang='lat' dir='ltr'>cum</span> <span class='ocrx_word' id='word_1_517' title='bbox 2173 2053 2275 2089; x_wconf 81' lang='lat' dir='ltr'>dice-</span> 
     </span>
     <span class='ocr_line' id='line_1_69' title="bbox 1279 2114 2274 2164; baseline -0.006 -12"><span class='ocrx_word' id='word_1_518' title='bbox 1279 2124 1335 2152; x_wconf 86' lang='lat' dir='ltr'>ret</span> <span class='ocrx_word' id='word_1_519' title='bbox 1352 2130 1360 2152; x_wconf 90' lang='lat'>:</span> <span class='ocrx_word' id='word_1_520' title='bbox 1379 2118 1490 2164; x_wconf 82' lang='lat' dir='ltr'>Apud</span> <span class='ocrx_word' id='word_1_521' title='bbox 1503 2125 1537 2151; x_wconf 85' lang='lat' dir='ltr'>te</span> <span class='ocrx_word' id='word_1_522' title='bbox 1557 2114 1711 2163; x_wconf 81' lang='lat' dir='ltr'>estfons</span> <span class='ocrx_word' id='word_1_523' title='bbox 1727 2119 1840 2157; x_wconf 74' lang='lat' dir='ltr'>vitoe,</span> <span class='ocrx_word' id='word_1_524' title='bbox 1862 2123 1898 2149; x_wconf 77' lang='lat' dir='ltr'>ec</span> <span class='ocrx_word' id='word_1_525' title='bbox 1914 2119 1951 2148; x_wconf 81' lang='lat' dir='ltr'>in</span> <span class='ocrx_word' id='word_1_526' title='bbox 1975 2117 2111 2148; x_wconf 76' lang='lat' dir='ltr'>lumine</span> <span class='ocrx_word' id='word_1_527' title='bbox 2131 2121 2192 2147; x_wconf 79' lang='lat' dir='ltr'>mo</span> <span class='ocrx_word' id='word_1_528' title='bbox 2213 2117 2274 2147; x_wconf 69' lang='lat' dir='ltr'>vi-</span> 
     </span>
     <span class='ocr_line' id='line_1_70' title="bbox 1279 2170 2274 2222; baseline -0.007 -10"><span class='ocrx_word' id='word_1_529' title='bbox 1279 2175 1448 2212; x_wconf 62' lang='lat' dir='ltr'>deluimus</span> <span class='ocrx_word' id='word_1_530' title='bbox 1464 2179 1586 2211; x_wconf 77' lang='lat' dir='ltr'>lunien</span> <span class='ocrx_word' id='word_1_531' title='bbox 1604 2181 1648 2210; x_wconf 78' lang='lat'>¹².</span> <span class='ocrx_word' id='word_1_532' title='bbox 1673 2176 1786 2222; x_wconf 84' lang='lat' dir='ltr'>Apud</span> <span class='ocrx_word' id='word_1_533' title='bbox 1805 2182 1853 2217; x_wconf 85' lang='lat' dir='ltr'>tc,</span> <span class='ocrx_word' id='word_1_534' title='bbox 1874 2173 2019 2221; x_wconf 87' lang='lat' dir='ltr'>inquit,</span> <span class='ocrx_word' id='word_1_535' title='bbox 2040 2170 2193 2218; x_wconf 79' lang='lat' dir='ltr'>estsons</span> <span class='ocrx_word' id='word_1_536' title='bbox 2216 2177 2274 2206; x_wconf 68' lang='lat' dir='ltr'>vi-</span> 
     </span>
     <span class='ocr_line' id='line_1_71' title="bbox 1279 2231 2273 2285; baseline -0.005 -14"><span class='ocrx_word' id='word_1_537' title='bbox 1279 2244 1347 2280; x_wconf 85' lang='lat' dir='ltr'>toe;</span> <span class='ocrx_word' id='word_1_538' title='bbox 1366 2236 1454 2285; x_wconf 91' lang='lat' dir='ltr'>quia</span> <span class='ocrx_word' id='word_1_539' title='bbox 1472 2243 1511 2271; x_wconf 90' lang='lat' dir='ltr'>tu</span> <span class='ocrx_word' id='word_1_540' title='bbox 1539 2247 1614 2271; x_wconf 89' lang='lat' dir='ltr'>non</span> <span class='ocrx_word' id='word_1_541' title='bbox 1635 2234 1757 2270; x_wconf 88' lang='lat' dir='ltr'>solum</span> <span class='ocrx_word' id='word_1_542' title='bbox 1784 2234 1877 2275; x_wconf 78' lang='lat' dir='ltr'>vita,</span> <span class='ocrx_word' id='word_1_543' title='bbox 1898 2232 1961 2268; x_wconf 86' lang='lat' dir='ltr'>sed</span> <span class='ocrx_word' id='word_1_544' title='bbox 1986 2240 2022 2267; x_wconf 90' lang='lat' dir='ltr'>et</span> <span class='ocrx_word' id='word_1_545' title='bbox 2048 2231 2161 2268; x_wconf 88' lang='lat' dir='ltr'>Filius</span> <span class='ocrx_word' id='word_1_546' title='bbox 2187 2240 2273 2267; x_wconf 80' lang='lat' dir='ltr'>tuus</span> 
     </span>
     <span class='ocr_line' id='line_1_72' title="bbox 1281 2289 2275 2340; baseline -0.006 -10"><span class='ocrx_word' id='word_1_547' title='bbox 1281 2294 1364 2330; x_wconf 91' lang='lat' dir='ltr'>fons</span> <span class='ocrx_word' id='word_1_548' title='bbox 1397 2294 1484 2330; x_wconf 71' lang='lat' dir='ltr'>vitae</span> <span class='ocrx_word' id='word_1_549' title='bbox 1514 2302 1582 2329; x_wconf 88' lang='lat' dir='ltr'>est.</span> <span class='ocrx_word' id='word_1_550' title='bbox 1614 2296 1659 2329; x_wconf 77' lang='lat' dir='ltr'>Et</span> <span class='ocrx_word' id='word_1_551' title='bbox 1689 2301 1730 2328; x_wconf 89' lang='lat' dir='ltr'>ut</span> <span class='ocrx_word' id='word_1_552' title='bbox 1756 2299 1929 2340; x_wconf 85' lang='lat' dir='ltr'>patenter</span> <span class='ocrx_word' id='word_1_553' title='bbox 1956 2289 2059 2339; x_wconf 87' lang='lat' dir='ltr'>quod</span> <span class='ocrx_word' id='word_1_554' title='bbox 2090 2289 2275 2325; x_wconf 82' lang='lat' dir='ltr'>sentiebat</span> 
     </span>
     <span class='ocr_line' id='line_1_73' title="bbox 1280 2349 2275 2400; baseline -0.006 -11"><span class='ocrx_word' id='word_1_555' title='bbox 1280 2352 1520 2396; x_wconf 79' lang='lat' dir='ltr'>ostenderet,</span> <span class='ocrx_word' id='word_1_556' title='bbox 1553 2351 1770 2400; x_wconf 76' lang='lat' dir='ltr'>subjunxit,</span> <span class='ocrx_word' id='word_1_557' title='bbox 1803 2353 1845 2385; x_wconf 84' lang='grc' dir='ltr'>1η</span> <span class='ocrx_word' id='word_1_558' title='bbox 1875 2353 2014 2385; x_wconf 80' lang='lat' dir='ltr'>lumine</span> <span class='ocrx_word' id='word_1_559' title='bbox 2040 2358 2098 2384; x_wconf 77' lang='lat' dir='ltr'>tuo</span> <span class='ocrx_word' id='word_1_560' title='bbox 2129 2349 2275 2384; x_wconf 75' lang='lat' dir='ltr'>videbi-</span> 
     </span>
     <span class='ocr_line' id='line_1_74' title="bbox 1279 2408 2275 2458; baseline -0.004 -11"><span class='ocrx_word' id='word_1_561' title='bbox 1279 2426 1359 2448; x_wconf 67' lang='lat' dir='ltr'>moev</span> <span class='ocrx_word' id='word_1_562' title='bbox 1386 2415 1532 2454; x_wconf 77' lang='lat' dir='ltr'>lumen;</span> <span class='ocrx_word' id='word_1_563' title='bbox 1560 2411 1699 2447; x_wconf 78' lang='lat' dir='ltr'>scilicet</span> <span class='ocrx_word' id='word_1_564' title='bbox 1731 2410 1777 2446; x_wconf 87' lang='lat' dir='ltr'>ad</span> <span class='ocrx_word' id='word_1_565' title='bbox 1805 2409 2032 2458; x_wconf 78' lang='lat' dir='ltr'>irrigandam</span> <span class='ocrx_word' id='word_1_566' title='bbox 2062 2408 2275 2444; x_wconf 76' lang='lat' dir='ltr'>universam</span> 
     </span>
     <span class='ocr_line' id='line_1_75' title="bbox 1279 2467 2276 2521; baseline -0.006 -14"><span class='ocrx_word' id='word_1_567' title='bbox 1279 2471 1516 2521; x_wconf 78' lang='lat' dir='ltr'>superficiem</span> <span class='ocrx_word' id='word_1_568' title='bbox 1537 2478 1660 2505; x_wconf 73' lang='lat' dir='ltr'>terrae.</span> <span class='ocrx_word' id='word_1_569' title='bbox 1682 2472 1864 2517; x_wconf 73' lang='lat' dir='ltr'>Quaenam</span> <span class='ocrx_word' id='word_1_570' title='bbox 1883 2477 1981 2504; x_wconf 84' lang='lat' dir='ltr'>terra</span> <span class='ocrx_word' id='word_1_571' title='bbox 1996 2475 2051 2503; x_wconf 79' lang='lat' dir='ltr'>est</span> <span class='ocrx_word' id='word_1_572' title='bbox 2071 2468 2107 2502; x_wconf 91' lang='lat' dir='ltr'>in</span> <span class='ocrx_word' id='word_1_573' title='bbox 2126 2467 2187 2502; x_wconf 88' lang='lat' dir='ltr'>illa</span> <span class='ocrx_word' id='word_1_574' title='bbox 2208 2480 2276 2502; x_wconf 74' lang='lat' dir='ltr'>cm-</span> 
     </span>
     <span class='ocr_line' id='line_1_76' title="bbox 1279 2525 2276 2578; baseline -0.007 -11"><span class='ocrx_word' id='word_1_575' title='bbox 1279 2531 1402 2567; x_wconf 80' lang='lat' dir='ltr'>lorum</span> <span class='ocrx_word' id='word_1_576' title='bbox 1429 2529 1644 2566; x_wconf 87' lang='lat' dir='ltr'>summitate</span> <span class='ocrx_word' id='word_1_577' title='bbox 1675 2528 1859 2578; x_wconf 78' lang='lat' dir='ltr'>reposita,</span> <span class='ocrx_word' id='word_1_578' title='bbox 1876 2539 1989 2576; x_wconf 84' lang='lat' dir='ltr'>quam</span> <span class='ocrx_word' id='word_1_579' title='bbox 2015 2525 2222 2575; x_wconf 81' lang='lat' dir='ltr'>superfluat</span> <span class='ocrx_word' id='word_1_580' title='bbox 2242 2534 2276 2560; x_wconf 76' lang='lat' dir='ltr'>ct</span> 
     </span>
     <span class='ocr_line' id='line_1_77' title="bbox 1279 2586 2275 2639; baseline -0.006 -13"><span class='ocrx_word' id='word_1_581' title='bbox 1279 2590 1409 2639; x_wconf 86' lang='lat' dir='ltr'>irriget</span> <span class='ocrx_word' id='word_1_582' title='bbox 1446 2589 1583 2625; x_wconf 76' lang='lat' dir='ltr'>fluvius</span> <span class='ocrx_word' id='word_1_583' title='bbox 1619 2589 1832 2637; x_wconf 80' lang='lat' dir='ltr'>gloriosus?</span> <span class='ocrx_word' id='word_1_584' title='bbox 1866 2590 2039 2636; x_wconf 79' lang='lat' dir='ltr'>Regnum</span> <span class='ocrx_word' id='word_1_585' title='bbox 2072 2586 2252 2621; x_wconf 82' lang='lat' dir='ltr'>coelorum</span> <span class='ocrx_word' id='word_1_586' title='bbox 2267 2614 2275 2624; x_wconf 85' lang='grc'>,</span> 
     </span>
    </p>
   </div>
   <div class='ocr_carea' id='block_1_14' title="bbox 217 2644 2275 2698">
    <p class='ocr_par' dir='ltr' id='par_1_15' title="bbox 217 2644 2275 2698">
     <span class='ocr_line' id='line_1_78' title="bbox 217 2644 2275 2698; baseline -0.004 -12"><span class='ocrx_word' id='word_1_587' title='bbox 217 2649 283 2687; x_wconf 90' lang='lat' dir='ltr'>sed</span> <span class='ocrx_word' id='word_1_588' title='bbox 299 2650 517 2686; x_wconf 85' lang='lat' dir='ltr'>efficientias</span> <span class='ocrx_word' id='word_1_589' title='bbox 537 2662 661 2686; x_wconf 89' lang='lat' dir='ltr'>rerum</span> <span class='ocrx_word' id='word_1_590' title='bbox 674 2677 683 2694; x_wconf 92' lang='lat'>‚</span> <span class='ocrx_word' id='word_1_591' title='bbox 703 2649 773 2685; x_wconf 90' lang='lat' dir='ltr'>nisi</span> <span class='ocrx_word' id='word_1_592' title='bbox 790 2661 858 2698; x_wconf 90' lang='lat' dir='ltr'>per</span> <span class='ocrx_word' id='word_1_593' title='bbox 877 2648 1048 2696; x_wconf 82' lang='lat' dir='ltr'>vulgatos</span> <span class='ocrx_word' id='word_1_594' title='bbox 1067 2658 1211 2683; x_wconf 79' lang='lat' dir='ltr'>sermo·</span> <span class='ocrx_word' id='word_1_595' title='bbox 1228 2653 1261 2687; x_wconf 94' lang='lat' dir='ltr'>D</span> <span class='ocrx_word' id='word_1_596' title='bbox 1279 2658 1376 2685; x_wconf 86' lang='lat' dir='ltr'>terra</span> <span class='ocrx_word' id='word_1_597' title='bbox 1406 2648 1614 2684; x_wconf 69' lang='lat' dir='ltr'>viventium</span> <span class='ocrx_word' id='word_1_598' title='bbox 1642 2655 1709 2683; x_wconf 87' lang='lat' dir='ltr'>cst.</span> <span class='ocrx_word' id='word_1_599' title='bbox 1737 2646 1866 2690; x_wconf 59' lang='lat' dir='ltr'>unde,</span> <span class='ocrx_word' id='word_1_600' title='bbox 1897 2646 2012 2680; x_wconf 73' lang='lat' dir='ltr'>Cre-do</span> <span class='ocrx_word' id='word_1_601' title='bbox 2033 2647 2162 2680; x_wconf 77' lang='lat' dir='ltr'>videre</span> <span class='ocrx_word' id='word_1_602' title='bbox 2182 2644 2275 2679; x_wconf 72' lang='lat' dir='ltr'>barm</span> 
     </span>
    </p>
   </div>
   <div class='ocr_carea' id='block_1_15' title="bbox 217 2706 1217 3162">
    <p class='ocr_par' dir='ltr' id='par_1_16' title="bbox 217 2706 1217 3162">
     <span class='ocr_line' id='line_1_79' title="bbox 218 2706 1207 2759; baseline -0.005 -13"><span class='ocrx_word' id='word_1_603' title='bbox 218 2722 303 2755; x_wconf 89' lang='lat' dir='ltr'>nes,</span> <span class='ocrx_word' id='word_1_604' title='bbox 329 2709 518 2759; x_wconf 86' lang='lat' dir='ltr'>explicare</span> <span class='ocrx_word' id='word_1_605' title='bbox 548 2721 624 2745; x_wconf 91' lang='lat' dir='ltr'>non</span> <span class='ocrx_word' id='word_1_606' title='bbox 653 2720 865 2758; x_wconf 88' lang='lat' dir='ltr'>possumus.</span> <span class='ocrx_word' id='word_1_607' title='bbox 897 2710 942 2743; x_wconf 92' lang='lat' dir='ltr'>In</span> <span class='ocrx_word' id='word_1_608' title='bbox 968 2706 1052 2755; x_wconf 91' lang='lat' dir='ltr'>ipso</span> <span class='ocrx_word' id='word_1_609' title='bbox 1082 2713 1207 2742; x_wconf 88' lang='lat' dir='ltr'>autem</span> 
     </span>
     <span class='ocr_line' id='line_1_80' title="bbox 217 2764 1210 2817; baseline -0.005 -13"><span class='ocrx_word' id='word_1_610' title='bbox 217 2780 368 2804; x_wconf 91' lang='lat' dir='ltr'>omnem</span> <span class='ocrx_word' id='word_1_611' title='bbox 385 2768 617 2817; x_wconf 89' lang='lat' dir='ltr'>voluptatem</span> <span class='ocrx_word' id='word_1_612' title='bbox 629 2780 709 2804; x_wconf 88' lang='lat' dir='ltr'>esse</span> <span class='ocrx_word' id='word_1_613' title='bbox 723 2765 914 2815; x_wconf 87' lang='lat' dir='ltr'>intelligit,</span> <span class='ocrx_word' id='word_1_614' title='bbox 928 2764 993 2814; x_wconf 91' lang='lat' dir='ltr'>qui</span> <span class='ocrx_word' id='word_1_615' title='bbox 1007 2764 1095 2813; x_wconf 84' lang='lat' dir='ltr'>legit</span> <span class='ocrx_word' id='word_1_616' title='bbox 1111 2768 1210 2813; x_wconf 82' lang='lat' dir='ltr'>Apo-</span> 
     </span>
     <span class='ocr_line' id='line_1_81' title="bbox 218 2825 1214 2871; baseline -0.006 -9"><span class='ocrx_word' id='word_1_617' title='bbox 218 2827 355 2863; x_wconf 85' lang='lat' dir='ltr'>stolum</span> <span class='ocrx_word' id='word_1_618' title='bbox 388 2826 575 2862; x_wconf 89' lang='lat' dir='ltr'>dicentem</span> <span class='ocrx_word' id='word_1_619' title='bbox 590 2853 599 2870; x_wconf 93' lang='lat'>,</span> <span class='ocrx_word' id='word_1_620' title='bbox 637 2827 824 2871; x_wconf 78' lang='lat' dir='ltr'>Quoniam</span> <span class='ocrx_word' id='word_1_621' title='bbox 861 2837 911 2859; x_wconf 73' lang='lat' dir='ltr'>ea:</span> <span class='ocrx_word' id='word_1_622' title='bbox 946 2825 1045 2871; x_wconf 77' lang='lat' dir='ltr'>ipso,</span> <span class='ocrx_word' id='word_1_623' title='bbox 1080 2831 1115 2858; x_wconf 71' lang='lat' dir='ltr'>et</span> <span class='ocrx_word' id='word_1_624' title='bbox 1143 2835 1214 2869; x_wconf 84' lang='lat' dir='ltr'>per</span> 
     </span>
     <span class='ocr_line' id='line_1_82' title="bbox 219 2881 1215 2934; baseline -0.004 -14"><span class='ocrx_word' id='word_1_625' title='bbox 219 2891 359 2934; x_wconf 63' lang='lat' dir='ltr'>Ipsum,</span> <span class='ocrx_word' id='word_1_626' title='bbox 380 2894 414 2920; x_wconf 80' lang='lat' dir='ltr'>et</span> <span class='ocrx_word' id='word_1_627' title='bbox 440 2889 477 2921; x_wconf 84' lang='lat' dir='ltr'>in</span> <span class='ocrx_word' id='word_1_628' title='bbox 504 2889 585 2933; x_wconf 85' lang='lat' dir='ltr'>ipso</span> <span class='ocrx_word' id='word_1_629' title='bbox 605 2894 690 2920; x_wconf 84' lang='lat' dir='ltr'>sunt</span> <span class='ocrx_word' id='word_1_630' title='bbox 714 2882 865 2919; x_wconf 79' lang='grc' dir='ltr'>οηιιιὶα6</span> <span class='ocrx_word' id='word_1_631' title='bbox 883 2897 890 2919; x_wconf 91' lang='lat'><strong>:</strong></span> <span class='ocrx_word' id='word_1_632' title='bbox 908 2891 945 2918; x_wconf 86' lang='lat' dir='ltr'>ct</span> <span class='ocrx_word' id='word_1_633' title='bbox 967 2881 1080 2918; x_wconf 84' lang='lat' dir='ltr'>alium</span> <span class='ocrx_word' id='word_1_634' title='bbox 1103 2894 1147 2917; x_wconf 83' lang='lat' dir='ltr'>cx</span> <span class='ocrx_word' id='word_1_635' title='bbox 1169 2881 1215 2916; x_wconf 90' lang='lat' dir='ltr'>il-</span> 
     </span>
     <span class='ocr_line' id='line_1_83' title="bbox 220 2942 1216 2994; baseline -0.006 -14"><span class='ocrx_word' id='word_1_636' title='bbox 220 2944 257 2979; x_wconf 91' lang='lat' dir='ltr'>lo</span> <span class='ocrx_word' id='word_1_637' title='bbox 285 2943 464 2980; x_wconf 88' lang='lat' dir='ltr'>duodeno</span> <span class='ocrx_word' id='word_1_638' title='bbox 485 2943 591 2994; x_wconf 86' lang='lat' dir='ltr'>apice</span> <span class='ocrx_word' id='word_1_639' title='bbox 613 2943 784 2979; x_wconf 83' lang='lat' dir='ltr'>similiter</span> <span class='ocrx_word' id='word_1_640' title='bbox 814 2949 1046 2978; x_wconf 86' lang='lat' dir='ltr'>eructantem</span> <span class='ocrx_word' id='word_1_641' title='bbox 1062 2969 1071 2985; x_wconf 93' lang='lat'>,</span> <span class='ocrx_word' id='word_1_642' title='bbox 1097 2942 1216 2975; x_wconf 80' lang='lat' dir='ltr'>Omne</span> 
     </span>
     <span class='ocr_line' id='line_1_84' title="bbox 221 3000 1213 3051; baseline -0.004 -13"><span class='ocrx_word' id='word_1_643' title='bbox 221 3005 348 3038; x_wconf 79' lang='lat' dir='ltr'>datum</span> <span class='ocrx_word' id='word_1_644' title='bbox 374 3007 554 3051; x_wconf 80' lang='lat' dir='ltr'>optimum</span> <span class='ocrx_word' id='word_1_645' title='bbox 580 3012 616 3038; x_wconf 80' lang='lat' dir='ltr'>ee</span> <span class='ocrx_word' id='word_1_646' title='bbox 635 3015 743 3037; x_wconf 80' lang='lat' dir='ltr'>omne</span> <span class='ocrx_word' id='word_1_647' title='bbox 767 3005 902 3037; x_wconf 80' lang='lat' dir='ltr'>danum</span> <span class='ocrx_word' id='word_1_648' title='bbox 919 3000 1123 3049; x_wconf 53' lang='lat' dir='ltr'>perfectum</span> <span class='ocrx_word' id='word_1_649' title='bbox 1145 3001 1213 3035; x_wconf 85' lang='lat' dir='ltr'>dc-</span> 
     </span>
     <span class='ocr_line' id='line_1_85' title="bbox 219 3062 1216 3108; baseline -0.003 -12"><span class='ocrx_word' id='word_1_650' title='bbox 219 3075 360 3098; x_wconf 78' lang='lat' dir='ltr'>sursum</span> <span class='ocrx_word' id='word_1_651' title='bbox 382 3071 456 3107; x_wconf 80' lang='lat' dir='ltr'>est,</span> <span class='ocrx_word' id='word_1_652' title='bbox 474 3064 700 3097; x_wconf 77' lang='lat' dir='ltr'>descendens</span> <span class='ocrx_word' id='word_1_653' title='bbox 714 3075 738 3096; x_wconf 81' lang='lat' dir='ltr'>a</span> <span class='ocrx_word' id='word_1_654' title='bbox 760 3063 873 3097; x_wconf 81' lang='lat' dir='ltr'>Patre</span> <span class='ocrx_word' id='word_1_655' title='bbox 893 3064 1107 3096; x_wconf 62' lang='lat' dir='ltr'>luminumt.</span> <span class='ocrx_word' id='word_1_656' title='bbox 1132 3062 1216 3108; x_wconf 82' lang='lat' dir='ltr'>Ipsc</span> 
     </span>
     <span class='ocr_line' id='line_1_86' title="bbox 221 3121 1217 3162; baseline -0.005 -5"><span class='ocrx_word' id='word_1_657' title='bbox 221 3122 331 3158; x_wconf 79' lang='lat' dir='ltr'>ctiam</span> <span class='ocrx_word' id='word_1_658' title='bbox 352 3122 467 3158; x_wconf 85' lang='lat' dir='ltr'>Filius</span> <span class='ocrx_word' id='word_1_659' title='bbox 489 3121 579 3158; x_wconf 92' lang='lat' dir='ltr'>dicit</span> <span class='ocrx_word' id='word_1_660' title='bbox 597 3135 605 3157; x_wconf 72' lang='grc' dir='ltr'>ε</span> <span class='ocrx_word' id='word_1_661' title='bbox 625 3124 718 3157; x_wconf 80' lang='lat' dir='ltr'>Hoec</span> <span class='ocrx_word' id='word_1_662' title='bbox 739 3130 792 3156; x_wconf 82' lang='lat' dir='ltr'>est</span> <span class='ocrx_word' id='word_1_663' title='bbox 810 3125 891 3156; x_wconf 80' lang='lat' dir='ltr'>vim</span> <span class='ocrx_word' id='word_1_664' title='bbox 915 3128 1075 3162; x_wconf 70' lang='lat' dir='ltr'>(eterna,</span> <span class='ocrx_word' id='word_1_665' title='bbox 1101 3128 1137 3154; x_wconf 81' lang='lat' dir='ltr'>ut</span> <span class='ocrx_word' id='word_1_666' title='bbox 1153 3132 1217 3152; x_wconf 83' lang='lat' dir='ltr'>co-</span> 
     </span>
    </p>
   </div>
   <div class='ocr_carea' id='block_1_16' title="bbox 273 3255 1670 3343">
    <p class='ocr_par' dir='ltr' id='par_1_17' title="bbox 273 3255 1670 3343">
     <span class='ocr_line' id='line_1_87' title="bbox 273 3255 1559 3297; baseline -0.005 -7"><span class='ocrx_word' id='word_1_667' title='bbox 273 3265 280 3280; x_wconf 92' lang='lat'><strong>¹</strong></span> <span class='ocrx_word' id='word_1_668' title='bbox 301 3262 392 3290; x_wconf 74' lang='lat' dir='ltr'>Prov.</span> <span class='ocrx_word' id='word_1_669' title='bbox 410 3271 488 3297; x_wconf 75' lang='lat' dir='ltr'>xxv,</span> <span class='ocrx_word' id='word_1_670' title='bbox 508 3263 561 3291; x_wconf 81' lang='lat'>27.</span> <span class='ocrx_word' id='word_1_671' title='bbox 584 3278 624 3282; x_wconf 88' lang='lat'>——</span> <span class='ocrx_word' id='word_1_672' title='bbox 648 3267 659 3281; x_wconf 83' lang='lat'>²</span> <span class='ocrx_word' id='word_1_673' title='bbox 674 3261 746 3291; x_wconf 78' lang='lat' dir='ltr'>lsai.</span> <span class='ocrx_word' id='word_1_674' title='bbox 765 3271 822 3289; x_wconf 90' lang='grc' dir='ltr'>ι.ιιι</span> <span class='ocrx_word' id='word_1_675' title='bbox 840 3284 847 3294; x_wconf 77' lang='grc'>,</span> <span class='ocrx_word' id='word_1_676' title='bbox 865 3263 895 3289; x_wconf 90' lang='grc'>8.</span> <span class='ocrx_word' id='word_1_677' title='bbox 912 3278 953 3281; x_wconf 75' lang='lat'>—-</span> <span class='ocrx_word' id='word_1_678' title='bbox 971 3256 1181 3294; x_wconf 74' lang='lat' dir='ltr'>³1Ti1n.v1,</span> <span class='ocrx_word' id='word_1_679' title='bbox 1209 3261 1260 3287; x_wconf 81' lang='grc'>10.</span> <span class='ocrx_word' id='word_1_680' title='bbox 1280 3275 1320 3278; x_wconf 75' lang='lat'><strong>—</strong></span> <span class='ocrx_word' id='word_1_681' title='bbox 1340 3256 1352 3281; x_wconf 66' lang='lat'>⁴</span> <span class='ocrx_word' id='word_1_682' title='bbox 1370 3255 1482 3287; x_wconf 70' lang='lat' dir='ltr'>Manli.</span> <span class='ocrx_word' id='word_1_683' title='bbox 1502 3267 1534 3284; x_wconf 73' lang='lat' dir='ltr'>xi</span> <span class='ocrx_word' id='word_1_684' title='bbox 1552 3280 1559 3288; x_wconf 81' lang='grc'><strong>,</strong></span> 
     </span>
     <span class='ocr_line' id='line_1_88' title="bbox 1123 3308 1670 3343; baseline -0.009 -3"><span class='ocrx_word' id='word_1_685' title='bbox 1123 3310 1373 3343; x_wconf 66' lang='grc' dir='ltr'>91ι1.ν,19.--</span> <span class='ocrx_word' id='word_1_686' title='bbox 1404 3308 1535 3338; x_wconf 64' lang='grc' dir='ltr'>Ι“1ι1..’(</span> <span class='ocrx_word' id='word_1_687' title='bbox 1554 3332 1560 3339; x_wconf 75' lang='grc'><strong><em>.</em></strong></span> <span class='ocrx_word' id='word_1_688' title='bbox 1583 3311 1625 3337; x_wconf 69' lang='grc'>311</span> <span class='ocrx_word' id='word_1_689' title='bbox 1667 3326 1670 3328; x_wconf 99' lang='grc'>-</span> 
     </span>
    </p>
   </div>
   <div class='ocr_carea' id='block_1_17' title="bbox 226 3312 1052 3400">
    <p class='ocr_par' dir='ltr' id='par_1_18' title="bbox 226 3312 1052 3400">
     <span class='ocr_line' id='line_1_89' title="bbox 226 3312 1052 3347; baseline 0.001 -6"><span class='ocrx_word' id='word_1_690' title='bbox 226 3324 258 3342; x_wconf 76' lang='lat' dir='ltr'>xi</span> <span class='ocrx_word' id='word_1_691' title='bbox 277 3336 282 3346; x_wconf 86' lang='grc'>,</span> <span class='ocrx_word' id='word_1_692' title='bbox 300 3316 353 3342; x_wconf 76' lang='grc'>36.</span> <span class='ocrx_word' id='word_1_693' title='bbox 372 3330 411 3334; x_wconf 88' lang='grc'>--</span> <span class='ocrx_word' id='word_1_694' title='bbox 428 3318 441 3341; x_wconf 93' lang='grc'>7</span> <span class='ocrx_word' id='word_1_695' title='bbox 459 3312 568 3343; x_wconf 77' lang='lat' dir='ltr'>Jacobi</span> <span class='ocrx_word' id='word_1_696' title='bbox 587 3324 595 3342; x_wconf 92' lang='grc' dir='ltr'>ι</span> <span class='ocrx_word' id='word_1_697' title='bbox 612 3337 619 3347; x_wconf 80' lang='lat'>‚</span> <span class='ocrx_word' id='word_1_698' title='bbox 642 3315 692 3342; x_wconf 86' lang='grc'>17.</span> <span class='ocrx_word' id='word_1_699' title='bbox 710 3331 750 3334; x_wconf 77' lang='lat'>-——</span> <span class='ocrx_word' id='word_1_700' title='bbox 770 3314 784 3334; x_wconf 75' lang='grc'><strong>8</strong></span> <span class='ocrx_word' id='word_1_701' title='bbox 801 3315 894 3343; x_wconf 87' lang='lat' dir='ltr'>Joan.</span> <span class='ocrx_word' id='word_1_702' title='bbox 915 3316 1052 3347; x_wconf 68' lang='lat' dir='ltr'>xv11,‡l.</span> 
     </span>
     <span class='ocr_line' id='line_1_90' title="bbox 231 3364 1045 3400; baseline 0.001 -7"><span class='ocrx_word' id='word_1_703' title='bbox 231 3367 282 3394; x_wconf 77' lang='grc'>10.</span> <span class='ocrx_word' id='word_1_704' title='bbox 300 3364 602 3400; x_wconf 62' lang='lat' dir='ltr'>-131‘satxxn,</span> <span class='ocrx_word' id='word_1_705' title='bbox 633 3364 888 3395; x_wconf 64' lang='lat' dir='ltr'>13.—¹⁴1‘sal.</span> <span class='ocrx_word' id='word_1_706' title='bbox 907 3374 996 3397; x_wconf 70' lang='lat' dir='ltr'>cxiv,</span> <span class='ocrx_word' id='word_1_707' title='bbox 1015 3367 1045 3394; x_wconf 70' lang='grc' dir='ltr'>ἱ).</span> 
     </span>
    </p>
   </div>
   <div class='ocr_carea' id='block_1_18' title="bbox 1276 2701 2275 3164">
    <p class='ocr_par' dir='ltr' id='par_1_19' title="bbox 1276 2701 2274 2977">
     <span class='ocr_line' id='line_1_91' title="bbox 1276 2701 2272 2745; baseline -0.006 -4"><span class='ocrx_word' id='word_1_708' title='bbox 1276 2709 1424 2742; x_wconf 77' lang='lat' dir='ltr'>Domini</span> <span class='ocrx_word' id='word_1_709' title='bbox 1441 2710 1478 2740; x_wconf 81' lang='lat' dir='ltr'>in</span> <span class='ocrx_word' id='word_1_710' title='bbox 1495 2714 1593 2740; x_wconf 78' lang='lat' dir='ltr'>terra</span> <span class='ocrx_word' id='word_1_711' title='bbox 1609 2701 1847 2739; x_wconf 53' lang='lat' dir='ltr'>viventium*</span> <span class='ocrx_word' id='word_1_712' title='bbox 1866 2718 1873 2738; x_wconf 91' lang='lat'>:</span> <span class='ocrx_word' id='word_1_713' title='bbox 1892 2703 1979 2738; x_wconf 87' lang='lat' dir='ltr'>item</span> <span class='ocrx_word' id='word_1_714' title='bbox 1992 2730 2001 2745; x_wconf 95' lang='lat'>,</span> <span class='ocrx_word' id='word_1_715' title='bbox 2020 2702 2180 2737; x_wconf 70' lang='lat' dir='ltr'>Placelm</span> <span class='ocrx_word' id='word_1_716' title='bbox 2197 2705 2272 2737; x_wconf 83' lang='lat' dir='ltr'>Do-</span> 
     </span>
     <span class='ocr_line' id='line_1_92' title="bbox 1277 2759 2274 2809; baseline -0.003 -12"><span class='ocrx_word' id='word_1_717' title='bbox 1277 2767 1428 2798; x_wconf 76' lang='lat' dir='ltr'>minoia</span> <span class='ocrx_word' id='word_1_718' title='bbox 1445 2767 1593 2809; x_wconf 75' lang='lat' dir='ltr'>regione</span> <span class='ocrx_word' id='word_1_719' title='bbox 1609 2766 1771 2797; x_wconf 68' lang='lat' dir='ltr'>vivorum</span> <span class='ocrx_word' id='word_1_720' title='bbox 1789 2762 1830 2795; x_wconf 71' lang='lat'>¹·5.</span> <span class='ocrx_word' id='word_1_721' title='bbox 1851 2760 2023 2808; x_wconf 78' lang='lat' dir='ltr'>Irrigatio</span> <span class='ocrx_word' id='word_1_722' title='bbox 2042 2760 2119 2795; x_wconf 78' lang='lat' dir='ltr'>liaec</span> <span class='ocrx_word' id='word_1_723' title='bbox 2139 2759 2274 2795; x_wconf 84' lang='lat' dir='ltr'>indici-</span> 
     </span>
     <span class='ocr_line' id='line_1_93' title="bbox 1276 2817 2274 2869; baseline -0.008 -10"><span class='ocrx_word' id='word_1_724' title='bbox 1276 2822 1362 2859; x_wconf 85' lang='lat' dir='ltr'>bilis</span> <span class='ocrx_word' id='word_1_725' title='bbox 1383 2830 1450 2857; x_wconf 85' lang='lat' dir='ltr'>cst.</span> <span class='ocrx_word' id='word_1_726' title='bbox 1468 2820 1711 2858; x_wconf 81' lang='lat' dir='ltr'>Inebriantur</span> <span class='ocrx_word' id='word_1_727' title='bbox 1726 2820 1869 2869; x_wconf 76' lang='lat' dir='ltr'>quippe</span> <span class='ocrx_word' id='word_1_728' title='bbox 1889 2819 2017 2868; x_wconf 76' lang='lat' dir='ltr'>Angcli</span> <span class='ocrx_word' id='word_1_729' title='bbox 2038 2818 2084 2854; x_wconf 82' lang='lat' dir='ltr'>ab</span> <span class='ocrx_word' id='word_1_730' title='bbox 2103 2817 2274 2853; x_wconf 70' lang='lat' dir='ltr'>ubertat«-</span> 
     </span>
     <span class='ocr_line' id='line_1_94' title="bbox 1281 2877 2274 2928; baseline -0.004 -12"><span class='ocrx_word' id='word_1_731' title='bbox 1281 2881 1417 2917; x_wconf 85' lang='lat' dir='ltr'>‹lomus</span> <span class='ocrx_word' id='word_1_732' title='bbox 1443 2880 1532 2924; x_wconf 86' lang='lat' dir='ltr'>Dei,</span> <span class='ocrx_word' id='word_1_733' title='bbox 1552 2888 1589 2915; x_wconf 85' lang='lat' dir='ltr'>et</span> <span class='ocrx_word' id='word_1_734' title='bbox 1611 2887 1778 2915; x_wconf 76' lang='lat' dir='ltr'>torrente</span> <span class='ocrx_word' id='word_1_735' title='bbox 1807 2878 2010 2928; x_wconf 74' lang='lat' dir='ltr'>voluptatis</span> <span class='ocrx_word' id='word_1_736' title='bbox 2037 2877 2118 2926; x_wconf 79' lang='lat' dir='ltr'>ejus</span> <span class='ocrx_word' id='word_1_737' title='bbox 2138 2885 2274 2927; x_wconf 85' lang='lat' dir='ltr'>potan-</span> 
     </span>
     <span class='ocr_line' id='line_1_95' title="bbox 1282 2950 1354 2977; baseline -0.028 0"><span class='ocrx_word' id='word_1_738' title='bbox 1282 2950 1354 2977; x_wconf 85' lang='lat' dir='ltr'>tur.</span> 
     </span>
    </p>

    <p class='ocr_par' dir='ltr' id='par_1_20' title="bbox 1282 2994 2275 3164">
     <span class='ocr_line' id='line_1_96' title="bbox 1348 2994 2274 3046; baseline -0.008 -12"><span class='ocrx_word' id='word_1_739' title='bbox 1348 3001 1382 3034; x_wconf 81' lang='lat'>5.</span> <span class='ocrx_word' id='word_1_740' title='bbox 1420 2998 1490 3034; x_wconf 88' lang='lat' dir='ltr'>Hic</span> <span class='ocrx_word' id='word_1_741' title='bbox 1521 2997 1612 3046; x_wconf 85' lang='lat' dir='ltr'>quid</span> <span class='ocrx_word' id='word_1_742' title='bbox 1647 2997 1766 3033; x_wconf 79' lang='lat' dir='ltr'>dicam</span> <span class='ocrx_word' id='word_1_743' title='bbox 1803 2996 1946 3040; x_wconf 81' lang='lat' dir='ltr'>nescio,</span> <span class='ocrx_word' id='word_1_744' title='bbox 1976 2995 2062 3044; x_wconf 87' lang='lat' dir='ltr'>quia</span> <span class='ocrx_word' id='word_1_745' title='bbox 2088 2994 2274 3043; x_wconf 63' lang='lat' dir='ltr'>plurimus</span> 
     </span>
     <span class='ocr_line' id='line_1_97' title="bbox 1282 3052 2275 3106; baseline -0.006 -13"><span class='ocrx_word' id='word_1_746' title='bbox 1282 3067 1416 3106; x_wconf 78' lang='lat' dir='ltr'>‚stupor</span> <span class='ocrx_word' id='word_1_747' title='bbox 1435 3069 1584 3092; x_wconf 76' lang='lat' dir='ltr'>sensum</span> <span class='ocrx_word' id='word_1_748' title='bbox 1608 3057 1789 3106; x_wconf 85' lang='lat' dir='ltr'>opprimit</span> <span class='ocrx_word' id='word_1_749' title='bbox 1806 3062 2075 3103; x_wconf 78' lang='lat' dir='ltr'>assurgentem.</span> <span class='ocrx_word' id='word_1_750' title='bbox 2094 3052 2168 3090; x_wconf 71' lang='lat' dir='ltr'>[bi</span> <span class='ocrx_word' id='word_1_751' title='bbox 2190 3061 2275 3088; x_wconf 84' lang='lat' dir='ltr'>sunt</span> 
     </span>
     <span class='ocr_line' id='line_1_98' title="bbox 1284 3112 2274 3164; baseline -0.006 -12"><span class='ocrx_word' id='word_1_752' title='bbox 1284 3116 1438 3152; x_wconf 79' lang='lat' dir='ltr'>oratorii</span> <span class='ocrx_word' id='word_1_753' title='bbox 1473 3129 1684 3159; x_wconf 72' lang='lat' dir='ltr'>sermones,</span> <span class='ocrx_word' id='word_1_754' title='bbox 1708 3128 1804 3164; x_wconf 86' lang='lat' dir='ltr'>quos</span> <span class='ocrx_word' id='word_1_755' title='bbox 1834 3115 1870 3150; x_wconf 89' lang='lat' dir='ltr'>in</span> <span class='ocrx_word' id='word_1_756' title='bbox 1910 3115 2060 3149; x_wconf 71' lang='lat' dir='ltr'>fon-nam»</span> <span class='ocrx_word' id='word_1_757' title='bbox 2091 3112 2274 3148; x_wconf 81' lang='lat' dir='ltr'>rhetorica</span> 
     </span>
    </p>
   </div>
   <div class='ocr_carea' id='block_1_19' title="bbox 1584 3250 2274 3294">
    <p class='ocr_par' dir='ltr' id='par_1_21' title="bbox 1584 3250 2274 3294">
     <span class='ocr_line' id='line_1_99' title="bbox 1584 3250 2274 3294; baseline -0.007 -10"><span class='ocrx_word' id='word_1_758' title='bbox 1584 3258 1636 3285; x_wconf 68' lang='grc' dir='ltr'>ΤΠ.</span> <span class='ocrx_word' id='word_1_759' title='bbox 1663 3253 1740 3277; x_wconf 43' lang='grc' dir='ltr'>»κύ</span> <span class='ocrx_word' id='word_1_760' title='bbox 1767 3253 1900 3294; x_wconf 76' lang='lat' dir='ltr'>l’liilipp.</span> <span class='ocrx_word' id='word_1_761' title='bbox 1927 3264 1962 3282; x_wconf 91' lang='grc' dir='ltr'>ιιι</span> <span class='ocrx_word' id='word_1_762' title='bbox 1980 3277 1986 3284; x_wconf 83' lang='lat'>.</span> <span class='ocrx_word' id='word_1_763' title='bbox 2013 3255 2060 3282; x_wconf 72' lang='lat'>13.</span> <span class='ocrx_word' id='word_1_764' title='bbox 2083 3269 2120 3273; x_wconf 34' lang='lat' dir='ltr'>fi</span> <span class='ocrx_word' id='word_1_765' title='bbox 2144 3250 2158 3271; x_wconf 76' lang='lat'>(-</span> <span class='ocrx_word' id='word_1_766' title='bbox 2187 3254 2274 3281; x_wconf 79' lang='lat' dir='ltr'>Rom.</span> 
     </span>
    </p>
   </div>
   <div class='ocr_carea' id='block_1_20' title="bbox 1715 3304 2277 3336">
    <p class='ocr_par' dir='ltr' id='par_1_22' title="bbox 1715 3304 2277 3336">
     <span class='ocr_line' id='line_1_100' title="bbox 1715 3304 2277 3336; baseline -0.009 0"><span class='ocrx_word' id='word_1_767' title='bbox 1715 3313 1737 3326; x_wconf 88' lang='lat'>&#39;¹</span> <span class='ocrx_word' id='word_1_768' title='bbox 1759 3306 1849 3336; x_wconf 71' lang='grc' dir='ltr'>1·’(·ι“11.</span> <span class='ocrx_word' id='word_1_769' title='bbox 1868 3317 1895 3335; x_wconf 91' lang='grc' dir='ltr'>ι.</span> <span class='ocrx_word' id='word_1_770' title='bbox 1919 3309 1943 3332; x_wconf 71' lang='grc' dir='ltr'>ἰ,</span> <span class='ocrx_word' id='word_1_771' title='bbox 2001 3323 2008 3325; x_wconf 99' lang='grc'>-</span> <span class='ocrx_word' id='word_1_772' title='bbox 2034 3309 2059 3323; x_wconf 81' lang='lat'>&#39;²</span> <span class='ocrx_word' id='word_1_773' title='bbox 2082 3304 2146 3332; x_wconf 65' lang='lat' dir='ltr'>l&#39;sanl</span> <span class='ocrx_word' id='word_1_774' title='bbox 2177 3314 2277 3331; x_wconf 71' lang='lat' dir='ltr'>xxxv.</span> 
     </span>
    </p>
   </div>
  </div>
 </body>
</html>
