2504 3928
291 169 365 203 303

289 243 448 279 cubilisa
472 242 549 286 sui,
581 254 655 277 non
681 241 750 276 hoc
781 253 933 288 quoque
963 240 1154 277 obturavit
1181 242 1278 277 lbra-

294 315 399 347 men,
422 314 468 337 ne
497 299 543 337 ad
575 300 672 336 illam
705 298 794 347 quid
825 299 1084 347 ingrederetur
1111 300 1283 336 incaute?
1303 303 1333 335 A
1353 300 1441 335 titur
1467 314 1474 334 ε

292 362 328 396 in
356 360 498 396 caeteris
524 360 668 395 cautius
693 371 825 406 agens,
846 372 913 394 cur
935 358 993 394 hie
1011 359 1131 395 locum
1161 359 1279 406 negli-

292 421 424 469 gentia—
451 419 626 467 reliquit?
649 423 704 454 An
728 419 822 453 toric
851 417 921 453 hoc
942 419 977 454 in
999 432 1036 454 se
1062 419 1184 454 minus
1203 418 1279 466 ipsa

294 480 397 516 novit
424 480 622 514 foramen?
645 478 728 526 quis
755 478 853 513 enim
878 477 915 513 in
948 491 986 513 se
1006 479 1129 514 omnia
1160 485 1284 526 potest

295 551 402 574 nosse
432 538 636 582 foramina,
667 550 798 573 omncs
821 536 942 572 aditus
960 565 968 580 ‚
993 549 1124 572 omncs
1144 536 1285 585 aptitu-

292 598 418 640 dines,
443 597 511 632 nisi
541 597 601 632 illc
620 597 684 645 qni
701 625 709 641 ,
731 597 825 632 sicut
846 596 882 631 in
904 596 1094 632 Ezcchiclc
1126 595 1284 643 legitur,

293 657 327 692 in
360 655 481 705 lapide
503 656 669 705 pretioso
695 656 874 691 foramina
897 655 1121 703 prsrparavit
1142 661 1148 674 ¹
1166 656 1181 689 Ρ
1201 658 1284 702 lpse

293 715 475 751 foramina
502 714 566 750 ubi
599 715 676 751 vult
706 723 832 763 parat,
864 715 952 763 quia
983 713 1045 749 ubi
1072 714 1174 756 vult,
1207 713 1284 761 ipse

293 788 443 810 manum
463 774 572 810 mittit
589 787 655 823 per
673 774 837 809 foramen
850 801 858 816 ,
883 786 950 821 per
969 781 1097 820 aptum
1120 770 1282 815 aditum,

292 833 545 882 inspirationis
576 833 731 868 occulta²
758 832 948 867 virtutem.
983 832 1059 865 Per
1078 829 1279 876 sorammz,

291 892 435 940 inquit,
467 891 503 926 id
534 899 589 926 est
623 904 687 939 per
713 898 870 938 aptum,
902 901 968 937 per
990 887 1181 932 abditum,
1217 900 1285 936 per

291 959 433 985 arctum
457 950 677 997 ingressum.
704 954 838 985 Arctus
855 948 953 983 enim
975 947 1160 995 ingressus
1180 946 1283 984 satis,

1055 166 1347 201 GtLLtztttiR't't
1379 166 1574 200 Animus

2262 163 2333 199 302

1350 248 1489 289 captat.
1505 243 1596 276 Cum
1614 238 1759 284 tremit,
1778 239 1827 274 nil
1849 239 1926 287 ipsa
1943 237 2035 286 agit,
2057 237 2120 274 sed
2138 238 2252 286 magis
2268 251 2335 287 pa-

1506 311 1590 334 cnm
1621 297 1738 346 surgit
1768 305 1805 332 et
1833 297 1975 346 aperit,
2008 295 2171 345 propriae
2200 295 2338 344 aliquid

1345 358 1536 393 industria*
1557 355 1721 392 adhibet.
1745 356 1916 400 Tremit,
1938 368 2021 391 cnm
2042 363 2183 391 motum
2211 355 2338 391 occul-

1347 426 1424 453 tum
1446 416 1700 465 inspirationis
1717 423 1853 451 sanctae
1876 414 2035 450 dulciter
2057 414 2169 450 sentit
2187 427 2194 449 :
2216 426 2340 450 assur-

1349 477 1420 524 git,
1445 488 1528 511 cnm
1550 474 1735 510 consentit
1761 482 1797 510 et
1826 474 1995 522 sequitur
2021 486 2097 522 quo
2122 473 2182 509 illa
2203 472 2307 509 ducit
2329 487 2337 509 τ

1349 535 1481 585 aperit,
1502 548 1586 570 cum
1608 534 1692 569 huic.
1714 542 1828 569 totam
1852 546 1890 569 se
1907 533 2011 582 operi
2034 545 2138 569 niens
2157 531 2337 581 indulget,

1350 603 1386 630 ct
1409 594 1530 630 reddit
1551 606 1737 642 capacem.
1769 596 2035 629 Verumtamen
2055 599 2196 640 quanto
2225 590 2340 639 magis

1349 667 1387 689 se
1421 653 1505 688 huic
1527 653 1609 688 usui
1633 653 1774 701 aperit,
1803 660 1906 688 tanto
1937 665 1984 687 ex
2009 651 2122 687 nimia
2141 649 2339 686 affectione

1349 720 1385 748 et
1402 711 1637 747 vehementia
1651 711 1758 746 citius
1777 710 1933 760 deperit.
1950 708 2183 756 Menmrsm',
2203 708 2337 758 inquit,

1350 774 1422 805 Dm·
1435 797 1444 812 ,
1471 779 1505 805 ec
1525 771 1726 806 delectatus
1750 783 1848 814 sum,
1880 778 1913 804 e!
1933 774 2156 805 exercitatus
2180 782 2257 804 sum
2268 796 2280 812 ,
2304 776 2341 803 ec

1350 827 1487 874 defi-cit
1513 833 1663 877 spiritus
1684 843 1784 864 meus
1796 828 1821 864 ³.
1853 829 2070 864 Memoriam
2093 827 2234 871 ventri,
2259 835 2337 863 tre-

1352 887 1447 922 mori
1464 887 1770 932 delectationem,
1791 887 2093 922 exercitationem
2115 886 2337 922 surrectioni

1351 946 1499 990 confer,
1514 954 1550 981 et
1566 954 1665 994 apta.
1685 949 1776 982 Nam
1794 945 1896 994 quod
1914 945 2024 990 dicit,
2043 942 2178 990 defecit
2191 948 2338 992 spiritus

291 1009 353 1045 uhi
387 1023 537 1045 manum
575 1017 717 1044 tantum
755 1008 921 1043 immittit
955 1010 1088 1050 Jcsus,
1119 1004 1199 1053 ejus
1231 1018 1287 1041 re·
1307 1010 1469 1048 Bmcas,
1504 1004 1550 1040 ad
1571 1005 1662 1040 illud
1693 1012 1857 1053 spectat,
1878 1004 1981 1053 quod
2010 1004 2081 1040 hoc
2108 1004 2278 1052 sequitur
2296 1003 2333 1039 in

290 1078 441 1118 spectu,
473 1082 539 1117 per
570 1082 680 1116 quem
715 1068 799 1103 ostii
833 1066 1067 1116 apertionem
1101 1064 1170 1100 sibi
1205 1064 1283 1100 lieri

291 1127 395 1175 petit.
427 1131 508 1163 Bon
538 1135 754 1162 moveretur
779 1126 838 1161 ille
860 1133 991 1161 venter
1010 1136 1176 1173 sponsae,
1206 1136 1281 1159 non

290 1194 458 1233 surgeret
474 1215 482 1229 ,
511 1199 586 1221 non
616 1185 779 1234 aperiret
802 1185 954 1228 dilecto,
976 1184 1044 1219 nisi
1076 1183 1155 1232 ipse
1179 1183 1283 1231 prior

291 1244 544 1292 inspirationis
569 1257 644 1279 sua*
671 1256 821 1279 manum
854 1242 1064 1278 immisisset
1085 1241 1279 1276 occultam.

291 1303 444 1339 Occulta
470 1303 563 1338 ratio
594 1302 799 1337 vocationis
825 1302 978 1350 prima‘,
1008 1302 1125 1336 latens
1146 1313 1278 1344 causa,

290 1369 327 1396 et
358 1361 526 1396 nondum
560 1361 656 1396 latus
689 1361 886 1408 ingressus.
919 1360 1104 1396 Dilatatur
1133 1367 1279 1403 autem,

290 1433 374 1454 cum
396 1419 647 1468 prceoperanti
665 1432 804 1467 sponso
823 1419 945 1454 anima
962 1427 1198 1467 cooperatur,
1217 1431 1283 1453 co-

290 1487 414 1524 natur,
431 1479 588 1527 assurgit
602 1487 638 1514 et
655 1479 787 1527 aperit.
802 1479 923 1514 Prima
938 1478 1052 1513 solius
1069 1478 1135 1514 Dei
1150 1491 1282 1514 manus

289 1539 529 1586 agnoscitur,
554 1537 717 1574 secunda
731 1565 740 1582 ‚
762 1538 831 1574 Dei
857 1537 967 1573 simul
985 1545 1022 1572 et
1046 1537 1217 1573 hominis.
1237 1540 1282 1573 Et

288 1610 372 1633 cum
401 1598 517 1646 magis
543 1597 611 1633 Dei
632 1597 677 1632 sit
701 1604 857 1645 propter
877 1608 1033 1640 munuS,
1061 1595 1130 1631 soli
1157 1605 1279 1631 tamen

289 1655 434 1692 homini
452 1656 656 1704 deputatur
673 1655 718 1690 ad
743 1655 929 1691 meritum.
960 1659 1071 1690 Arcta
1093 1663 1148 1690 est
1169 1655 1280 1690 etiam

289 1722 325 1750 et
342 1716 447 1763 quasi
469 1728 536 1763 per
565 1715 732 1750 foramen
751 1721 934 1762 concepta
951 1714 1113 1760 cognitio
1133 1714 1220 1759 Dei,
1238 1727 1280 1750 ea

1349 1065 1432 1099 loco
1451 1079 1458 1099 :
1481 1066 1672 1099 pessulum
1692 1068 1772 1098 ostii
1790 1068 1862 1098 mei
1881 1067 2012 1111 aperui
2031 1065 2181 1105 dilecto,
2206 1071 2241 1098 et
2259 1066 2339 1110 ipse

1350 1126 1557 1158 declinavit.
1578 1127 1681 1159 'sune
1703 1123 1881 1168 declinat,
1903 1136 1986 1158 cum
2008 1130 2046 1158 tu
2068 1121 2194 1158 deficis
2208 1148 2217 1165 ,
2241 1121 2337 1157 ferre

1349 1196 1423 1218 non
1468 1184 1607 1218 valens,
1645 1184 1737 1219 Cum
1781 1190 1819 1218 tu
1856 1182 2012 1218 afficeris
2050 1180 2309 1217 vehementius
2323 1208 2333 1225 ,

1348 1250 1437 1277 tunc
1457 1242 1535 1290 ipse
1556 1240 1664 1276 citius
1684 1241 1818 1276 avolat.
1841 1244 1991 1287 Quanto
2012 1239 2251 1275 affectuosius
2271 1251 2335 1275 ca-

1348 1308 1430 1349 ptas
1461 1299 1585 1334 dilecti
1615 1299 1829 1347 amplexus,
1859 1307 1894 1333 et
1923 1297 2028 1346 quasi
2058 1305 2188 1347 aperto
2220 1296 2335 1333 corde

1349 1367 1468 1394 totum
1501 1357 1705 1394 absorbere
1735 1366 1771 1393 et
1809 1358 1991 1406 deglutire
2021 1357 2194 1401 conaris,
2232 1364 2336 1393 tanto

1347 1417 1516 1453 velocius
1537 1416 1699 1452 declinat
1719 1415 1839 1452 labilis
1862 1416 2059 1465 praesentia
2079 1415 2203 1452 dilecti
2224 1416 2291 1452 tui.

1401 1478 1434 1513 8.
1458 1476 1528 1513 Sed
1545 1475 1621 1524 jam
1643 1475 1837 1512 redeamus
1858 1475 1904 1511 ad
1925 1475 2057 1511 seriem
2080 1475 2223 1510 litterae.
2247 1475 2336 1510 Sur-

1349 1541 1430 1572 reaei
1452 1546 1490 1571 nt
1512 1541 1695 1583 (ιριί-ιίϊνη
1717 1538 1861 1571 dilecto.
1887 1536 2028 1570 Manus
2052 1548 2149 1570 meoe
2173 1536 2336 1570 distilla-

1348 1605 1473 1630 verunt
1499 1596 1682 1641 myrrham
1701 1608 1713 1629 .·
1732 1597 1839 1642 digiti
1860 1598 1931 1629 mei
1952 1596 2058 1641 pleni
2076 1594 2225 1640 myrrha
2245 1606 2336 1641 pro-

1347 1654 1548 1690 batissima.
1571 1654 1668 1701 Quid
1690 1662 1745 1690 est
1764 1653 1866 1702 quod
1888 1653 1934 1689 de
1950 1653 2145 1702 apertione
2162 1654 2335 1689 locutura

1347 1714 1540 1762 praemittit
1559 1713 1604 1748 de
1625 1712 1824 1748 manibus?
1845 1711 1901 1748 An
1933 1712 2028 1748 forte
2049 1724 2248 1760 suggerere
2267 1724 2336 1747 vo-

289 1787 372 1822 quae
402 1787 468 1823 per
485 1786 642 1823 operum
671 1772 751 1821 ejus
778 1772 1134 1821 contemplationem
1159 1773 1281 1821 perci-
1298 1773 1324 1808 C
1346 1773 1433 1816 luit,
1450 1771 1587 1820 quihus
1602 1779 1636 1806 te
1652 1770 1824 1807 manibus
1840 1778 2012 1819 oporteat
2032 1770 2179 1819 aperire
2199 1769 2336 1805 dilecto

291 1833 407 1881 pitur,
433 1841 469 1868 et
490 1833 594 1881 quasi
617 1840 732 1867 tactus
751 1844 900 1874 manus,
924 1843 1000 1866 non
1033 1831 1126 1866 visio
1158 1831 1282 1868 vultus

289 1891 381 1939 ejus.
404 1891 568 1927 Adverte
588 1891 727 1926 trinum
747 1889 1028 1937 contemplandi
1044 1889 1220 1935 modium
1243 1890 1281 1926 in

289 1950 410 1998 capite
428 1977 436 1992 ‚
467 1950 505 1985 in
530 1949 734 1992 cincinnis,
757 1949 794 1983 in
818 1961 942 1983 manu.
964 1951 1005 1984 In
1033 1948 1152 1996 capite
1171 1957 1281 1985 natu-

290 2021 391 2053 ram,
419 2008 456 2044 in
478 2008 662 2044 cincinnis
690 2008 866 2055 liguram,
894 2007 930 2041 in
953 2019 1065 2042 manu
1088 2007 1281 2044 facturam.

289 2071 343 2103 De
375 2067 446 2103 hoc
471 2067 606 2103 ultimo
633 2067 684 2103 sie
715 2066 766 2102 ait
792 2080 799 2101 :
827 2068 1029 2100 Delectusti
1049 2079 1127 2108 me,
1153 2068 1283 2101 Domi-

288 2141 357 2169 ne,
396 2131 434 2160 ill
455 2125 609 2172 factura
642 2135 727 2169 ma,
758 2134 792 2159 ct
832 2128 869 2158 in
904 2123 1075 2172 operibus
1107 2138 1282 2160 manuum

287 2194 430 2220 tuarum
459 2184 646 2220 exsultabo
661 2191 684 2219 ².
704 2188 905 2220 Possumus
925 2183 1035 2218 etiam
1056 2183 1107 2218 sic
1135 2184 1198 2219 illa
1218 2197 1285 2219 vo-

289 2257 392 2289 care,
426 2244 647 2288 essentiam,
682 2243 809 2291 signa,
840 2255 968 2291 opera.
1002 2242 1146 2277 Divinae
1185 2242 1283 2278 illius

289 2312 433 2340 naturae
454 2303 620 2339 notitiam
638 2303 742 2351 signa
763 2314 830 2350 per
849 2300 1048 2349 quamdam
1067 2301 1105 2336 in
1128 2314 1195 2336 suo
1216 2314 1282 2349 ge-

289 2375 378 2399 nere
397 2361 679 2398 similitudinem
698 2361 948 2409 depromunt,
970 2372 1086 2408 opera
1105 2359 1280 2408 probant.

287 2422 420 2471 Signa,
462 2429 503 2457 ut
536 2421 588 2458 sic
623 2420 743 2456 dicam
766 2446 774 2463 ,
814 2419 1057 2467 exprimunt,
1098 2426 1134 2454 et
1168 2431 1282 2467 opera

290 2488 474 2518 astruunt.
509 2480 674 2517 Ultimus
706 2478 764 2514 hic
794 2477 1123 2526 contemplationis
1149 2477 1284 2514 modus

287 2538 513 2588 simplicium
532 2545 606 2583 est;
622 2536 828 2581 secundus,
844 2535 1079 2572 eruditorum
1094 2550 1103 2580 ς
1124 2536 1281 2584 primns,

290 2597 590 2648 purissimorum.
604 2600 869 2633 Verumtamen
883 2623 891 2640 ,
904 2594 999 2630 sicut
1011 2592 1088 2642 jam
1106 2593 1281 2639 diximus,

286 2656 465 2692 immissio
488 2668 621 2691 manus
643 2668 711 2704 per
733 2655 922 2698 foramen,
939 2653 1206 2689 immissionem
1236 2653 1281 2689 il-

287 2716 358 2751 lam
372 2715 546 2752 latentem
565 2723 602 2751 et
613 2715 799 2751 occultam
814 2714 998 2762 significat
1012 2713 1279 2761 inspirationis,

287 2787 397 2822 quam
417 2774 552 2811 divinae
572 2774 720 2810 virtutis
741 2782 860 2809 tactus
877 2781 1069 2822 operatur.

343 2834 376 2868 7.
410 2834 475 2869 llic
503 2834 613 2869 etiam
637 2841 691 2869 cst
720 2832 915 2868 advertere
945 2832 1012 2867 tria
1040 2830 1211 2879 quaedam
1240 2830 1279 2867 in

288 2904 435 2939 sponsa.
456 2896 547 2938 Quae
569 2891 663 2927 tria?
681 2891 805 2927 Primo
827 2890 928 2939 quod
951 2890 1093 2935 tremit,
1114 2889 1279 2926 secundo

287 2950 388 2996 quod
407 2951 523 2996 surgit
535 2979 544 2994 ,
561 2950 670 2986 tertio
687 2949 788 2997 quod
805 2949 935 2997 aperit.
960 2949 1124 2985 Primum
1143 2950 1182 2984 lit
1198 2949 1278 2997 qui-

287 3008 371 3044 dem
405 3009 438 3044 in
468 3009 566 3057 ipsa,
590 3009 652 3044 sed
685 3023 758 3044 non
789 3008 835 3043 al)
857 3009 958 3057 ipsa:
981 3008 1057 3044 duo
1087 3009 1278 3057 sequentia

289 3067 339 3102 sic
367 3069 459 3103 liunt
481 3068 516 3103 in
539 3069 638 3116 ipsa,
661 3068 761 3116 qnod
784 3069 891 3103 ctiam
914 3068 960 3103 al)
983 3068 1073 3116 ipsa.
1095 3071 1136 3104 In
1156 3068 1278 3116 primo

289 3136 598 3176 praeoccupatur,
632 3128 667 3163 in
704 3127 867 3163 secundo
899 3135 1075 3172 conatur,
1103 3127 1139 3162 in
1169 3128 1278 3163 tertio

338 3259 342 3270 '
367 3253 473 3283 liscch.
493 3264 612 3284 xxxiii.
638 3256 686 3282 l'l.
714 3270 743 3273 ν-
766 3253 871 3282 ²1‘sal.
894 3263 958 3284 xci,
983 3266 1011 3280 .ι.
1048 3272 1053 3273 ⁷

1092 3251 1104 3274 ³
1126 3253 1201 3282 l’sal.
1223 3264 1338 3287 rxxw,
1364 3255 1387 3282 ἰ.

1350 1840 1434 1875 tuo,
1455 1830 1592 1880 quibus
1612 1843 1769 1879 operum
1794 1829 1935 1865 meritis
1955 1828 2253 1878 contemplandae
2274 1841 2338 1864 ve-

1349 1891 1448 1927 ritati
1477 1890 1617 1926 aditum
1645 1890 1886 1938 praeparare?
1914 1892 2026 1924 Bonae
2049 1887 2200 1936 quidem
2229 1900 2336 1935 myr—

1349 1949 1463 1985 rhata*
1483 1961 1633 1991 manus,
1660 1961 1742 1997 quae
1762 1947 1883 1983 carnis
1901 1947 2227 1983 mortificationem
2245 1959 2338 1996 ope-

1349 2017 1499 2052 rantur,
1517 2021 1600 2056 quae
1616 2007 1758 2043 fluxum
1777 2006 1858 2054 ejus
1875 2014 2136 2055 compescunt,
2151 2006 2338 2055 stringunt

1347 2068 1560 2111 lasciviam,
1582 2075 1622 2102 ut
1642 2067 1750 2102 latius
1772 2066 1903 2102 inssuat
1920 2065 2118 2102 oblectatio
2138 2065 2257 2102 verbi.
2277 2069 2335 2102 An

1350 2138 1426 2161 non
1445 2126 1547 2160 velut
1564 2124 1742 2172 quasdam
1763 2124 1922 2171 myrrhae
1939 2125 2055 2160 stillas
2075 2137 2202 2160 censes
2221 2137 2337 2174 opera

1350 2184 1428 2218 haee
1450 2183 1627 2231 regularis
1646 2182 1961 2226 conversationis,
1982 2196 2065 2231 quae
2083 2183 2245 2219 vicissim
2265 2182 2336 2219 sibi

1350 2241 1587 2277 succedentia
1607 2249 1769 2277 mentem
1796 2249 1963 2289 ungunt,
1985 2249 2022 2277 et
2050 2254 2199 2278 carnem
2220 2242 2336 2278 strin—

1349 2302 1465 2349 gunt?
1498 2300 1640 2348 vigiliae
1653 2328 1661 2344 ‚
1693 2299 1862 2347 jejunia,
1898 2301 2097 2349 castigatus
2131 2309 2168 2338 et
2200 2314 2336 2350 parcus

1348 2359 1488 2404 victus,
1509 2372 1618 2408 asper
1638 2372 1786 2408 pannus
1806 2368 1843 2395 et
1864 2360 1970 2408 panis
1988 2368 2090 2404 ater,
2110 2360 2230 2409 plagae
2258 2361 2336 2397 vir-

1348 2431 1478 2467 garum
1501 2419 1713 2454 voluntarie
1735 2427 1938 2467 susceptae,
1964 2419 2000 2454 in
2023 2418 2216 2455 matutinis
2234 2419 2336 2467 psal-

1350 2477 1484 2514 modiae
1503 2478 1741 2523 vociferatio,
1766 2486 1803 2513 et
1821 2478 1932 2513 silens
1953 2477 2073 2513 oratio
2087 2505 2096 2522 ,
2116 2485 2275 2526 utraque
2295 2478 2334 2514 in

1298 2541 1330 2573 D
1348 2537 1483 2585 spiritu
1505 2537 1629 2572 cordis
1649 2537 1886 2581 vehementi,
1909 2536 1972 2572 sed
1996 2536 2073 2572 haec
2094 2543 2198 2571 tanto
2219 2535 2334 2572 vehe-

1347 2596 1528 2640 mentior,
1555 2603 1698 2644 quanto
1726 2595 1933 2644 corporalis
1956 2595 2108 2644 spiritus
2130 2594 2254 2631 minus
2279 2603 2335 2631 est

1347 2654 1563 2698 continens;
1593 2654 1724 2703 quidni
1755 2654 1934 2691 distillant
1954 2653 2083 2699 nobis,
2105 2653 2194 2690 dum
2221 2655 2334 2692 vicis-

1346 2713 1414 2749 sim
1438 2713 1644 2749 succedunt
1662 2713 1760 2750 sibi?
1777 2717 1868 2750 Jure
1887 2714 2133 2750 conferuntur
2150 2713 2311 2762 myrrhae
2323 2743 2332 2760 ,

1345 2772 1432 2821 quia
1447 2771 1548 2807 carni
1564 2773 1848 2809 amaritudinem
1866 2772 2074 2809 vexationis
2089 2772 2277 2818 inferunt,
2297 2782 2335 2810 et

1346 2830 1559 2866 devotionis
1591 2832 1694 2867 velut
1730 2840 1924 2880 unguento
1956 2832 2126 2880 mitigant
2152 2832 2331 2869 animum.

1346 2893 1390 2926 Et
1410 2898 1452 2925 ut
1481 2889 1742 2926 discretionem
1770 2890 1898 2927 adesse
1925 2891 2124 2939 intelligas,
2155 2899 2192 2927 et
2223 2890 2333 2928 obse-

1343 2949 1471 2998 quium
1510 2949 1689 2985 rationale
1723 2962 1731 2983 :
1768 2953 1909 2997 Digiti,
1949 2950 2097 2998 inquit,
2130 2955 2203 2985 mei
2223 2953 2334 2998 pleni

1345 3009 1490 3054 myrrha
1518 3007 1793 3055 probatissima.
1821 3011 1953 3044 Manus
1981 3021 2097 3057 opera
2124 3017 2229 3054 sunt;
2257 3009 2331 3046 dis-

1345 3067 1460 3103 cretio
1475 3095 1484 3111 ,
1515 3067 1632 3116 digiti.
1662 3067 1813 3115 Myrrha
1836 3075 1909 3102 tam
1931 3067 2027 3102 actio
2049 3067 2195 3111 carnis,
2219 3080 2329 3115 quam

1346 3127 1594 3176 unguentaria
1628 3127 1848 3163 exhilaratio
1883 3126 2017 3162 cordis.
2055 3129 2143 3162 Haee
2180 3127 2331 3175 myrrha

1789 3256 1800 3269 ‘¹
1817 3252 1921 3290 Alias,
1941 3251 2083 3282 cubiculi.
