2418 3949
92 220 166 257 769

738 221 1022 258 TRACTATUS
1049 222 1115 256 DE
1143 221 1328 256 ORDINE
1357 224 1494 258 VITAE.

87 295 283 346 inquinat,
314 294 379 333 sed
409 294 549 344 injusta
576 293 824 342 obtrectatio,
849 296 916 333 sed
942 295 1133 333 verbo-⁵⁷⁷

2069 225 2144 262 770

1146 296 1268 346 poris,
1308 310 1385 333 non
1417 297 1540 334 solum
1570 298 1827 337 desiderantes
1857 309 2036 347 cernunt,
2073 302 2138 339 sed

91 367 175 390 rum
192 352 434 391 obscoenitas.
459 357 547 391 Haec
564 354 675 391 etiam
692 355 806 404 vulgo
823 355 961 406 pudori
982 349 1080 392 sunt.
1099 362 1131 395 A
1148 355 1260 391 etiam
1281 355 1448 392 studiose
1469 359 1653 405 tangunt?
1681 358 1801 395 Pudet
1826 372 1885 396 me
1905 373 1948 396 ac
1967 361 2068 410 piget
2092 362 2141 398 il-

145 414 179 450 7.
208 417 252 450 In
270 422 407 450 nostrae
435 426 526 450 vero
547 414 739 463 religionis
760 415 975 465 proposito,
996 415 1084 451 nul-

89 472 167 508 lum
186 471 345 508 verbum
366 472 521 508 incutiat
540 473 804 510 verecundiam
818 503 827 520 ,
848 473 952 522 qnod
971 473 1085 510 inho-

91 540 196 568 neste
217 532 337 568 cadat.
361 535 406 568 Et
426 544 502 568 non
521 533 642 569 solum
664 533 754 569 nihil
771 534 841 583 ipsi
861 533 1083 570 indecorum

90 591 215 640 loqui,
246 590 311 627 sed
331 603 400 626 nec
420 604 549 627 aurem
570 591 722 640 quidem
749 591 928 628 dehemus
945 591 1082 640 hujus-

91 650 195 687 modi
219 649 391 700 praebere
419 649 549 696 dictis;
577 650 664 699 quia
689 664 801 699 quem
831 650 991 686 delectat
1015 662 1084 686 au-

91 709 192 755 dire,
221 709 381 745 alterum
407 709 512 757 loqui
542 718 736 758 provocat.
763 710 904 747 Audire
933 705 1086 758 quoque

90 766 194 816 quod
229 775 339 816 turpe
373 767 441 810 sit,
471 766 610 815 pudori
639 768 804 804 maximo
833 776 889 804 est
917 782 924 804 :
957 767 1086 803 videre

91 839 183 862 vero
203 825 232 862 si
246 824 338 874 quid
357 823 575 872 hujusmodi
597 825 754 862 fortuitu
774 826 936 872 accidat,
957 826 1085 876 quanti

90 884 259 921 horroris
277 886 358 921 est?
375 883 485 931 Quod
501 897 591 933 ergo
611 885 649 920 in
667 886 747 921 aliis
764 886 958 935 displicet,
976 899 1088 922 num-

90 943 183 994 quid
206 952 331 994 potest
352 944 390 980 in
406 956 444 979 se
466 944 549 993 ipso
567 956 644 979 non
666 944 890 994 displicere?
908 948 985 982 Nec
1004 946 1086 995 ipsa

91 1013 226 1042 natura
250 1017 319 1041 nos
348 1004 456 1040 aliter
477 1001 585 1040 docet
603 1019 610 1041 :
629 1017 714 1054 quae
738 1006 913 1055 perfectae
930 1006 1084 1056 quidem

91 1076 224 1100 omnes
247 1072 373 1114 partes
396 1064 515 1100 nostri
539 1064 712 1113 corporis
737 1065 958 1114 explicavit,
983 1073 1024 1101 ut
1048 1073 1086 1101 ct
1102 1069 1130 1102 B

91 1122 304 1160 necessitati
335 1123 567 1168 consuleret,
600 1131 637 1158 et
663 1123 819 1172 gratiam
844 1132 1081 1169 venustaret3

91 1181 158 1218 sed
180 1191 304 1218 tamen
326 1194 387 1218 eas
408 1195 493 1231 quae
513 1181 640 1218 decori
660 1182 707 1218 ad
724 1192 917 1232 aspectum
936 1184 1082 1228 forent,

91 1241 131 1277 in
159 1240 297 1290 quibus
324 1240 457 1277 formae'
483 1253 580 1289 apex
609 1241 714 1290 quasi
744 1242 781 1277 in
812 1255 897 1278 arce
923 1242 1084 1292 quadarn

90 1299 255 1346 locatus,
288 1309 326 1337 et
353 1301 481 1349 tigurae
509 1301 694 1347 suavitas,
721 1310 758 1337 et
788 1302 914 1338 vultus
945 1303 1086 1352 species

91 1360 294 1406 emineret,
313 1359 572 1410 operandique
592 1374 680 1397 usus
700 1369 796 1397 esset
814 1362 1000 1411 paratior,
1018 1362 1088 1399 ob-

91 1420 171 1457 vias
187 1429 301 1470 atque
325 1428 473 1470 apertas
495 1420 658 1469 reliquit.
686 1423 757 1457 Eas
782 1433 874 1457 vero
897 1421 933 1457 in
951 1420 1088 1470 quibus

93 1487 192 1516 esset
222 1479 393 1516 naturale
424 1478 650 1528 obsequium
682 1481 931 1525 necessitatis,
954 1494 1001 1517 ne
1024 1481 1090 1517 de-

94 1540 214 1576 forme
237 1539 292 1576 sui
312 1538 527 1588 praeberent
548 1540 824 1589 spectaculum,
851 1541 986 1589 partim
1009 1548 1091 1577 tan-

94 1612 207 1649 quam
228 1598 266 1635 in
286 1599 369 1648 ipso
392 1598 609 1634 emendavit
624 1603 638 1619 ‘³
659 1607 770 1648 atque
790 1598 990 1636 abscondit
1010 1613 1091 1636 cor-

94 1672 189 1708 pore
222 1673 230 1695 :
263 1658 400 1708 partim
436 1657 567 1694 docuit
601 1666 714 1707 atque
751 1659 866 1694 suasit
901 1659 1091 1708 tegendas.

93 1720 230 1755 Nonne
252 1717 368 1766 igitur
393 1717 473 1766 ipsa
499 1725 634 1752 natura
660 1717 835 1765 magistra
860 1718 1095 1754 fitverecun-

95 1775 192 1812 diae?
219 1774 334 1824 Cujus
357 1775 535 1825 exemplo
562 1774 748 1811 modestia
774 1775 810 1811 id
835 1776 938 1824 qnod
966 1777 1003 1812 in
1026 1777 1094 1814 hac

1149 414 1272 451 lorum
1300 416 1393 452 facta
1413 417 1573 461 referre,
1594 417 1631 453 in
1654 418 1790 466 quibus
1816 428 1945 468 regnat
1968 420 2143 458 Sodomi-

1150 472 1222 509 tica
1240 472 1356 509 libido
1377 489 1384 510 :
1407 474 1543 523 quibus
1561 475 1614 511 sic
1633 476 1750 514 iratus
1769 487 1825 514 est
1845 482 1963 524 Deus,
1984 480 2141 529 ejusque

1144 532 1250 581 justo
1265 532 1410 581 judicio
1434 535 1484 570 ita
1506 533 1631 570 traditi
1659 544 1747 571 sunt
1770 537 1807 572 in
1830 538 2034 586 reprobum
2054 552 2142 576 sen-

1150 604 1256 636 sum,
1281 600 1323 628 ut
1349 593 1536 629 masculus
1560 593 1598 628 in
1635 596 1842 632 masculum
1870 598 2141 646 turpitudinem

1151 659 1342 700 operetur.
1372 654 1506 688 Nonne
1535 652 1742 690 deteriores
1768 654 1888 692 brutis
1915 666 2001 693 sunt
2021 658 2141 695 effecti

1151 707 1395 754 animalibus,
1416 709 1553 758 quibus
1570 723 1646 747 non
1665 720 1720 748 est
1741 712 1973 751 intellectus?
1994 717 2030 753 Si
2044 718 2144 754 enim

1152 768 1268 805 Cham
1287 768 1352 816 qui
1373 768 1556 805 nudatum
1577 779 1723 819 patrem
1744 772 1875 808 videns
1896 774 1996 819 risit,
2014 776 2051 811 in
2069 777 2144 812 filio

1153 827 1371 864 maledictus
1388 836 1442 865 est
1469 843 1476 864 :
1494 842 1567 877 qna
1587 829 1647 865 isti
1666 830 1928 867 maledictione
1948 833 2145 880 feriuntur,

1152 888 1216 937 qui
1234 887 1420 924 desiderio
1446 889 1624 938 peccandi
1646 903 1749 926 snam
1769 891 2006 941 aliorumque
2027 896 2147 944 turpi—

1152 946 1320 983 tudinem
1337 946 1511 996 detegere
1527 961 1602 984 non
1615 948 1863 986 erubescunt?
1879 951 2030 988 Utinam
2047 953 2146 990 vide-

1151 1014 1236 1042 rent
1256 1014 1439 1054 quantum
1465 1006 1612 1056 flagitiis
1628 1007 1763 1044 talibus
1788 1012 1909 1045 Deum
1934 1011 2144 1048 offendunt.

1202 1066 1239 1102 9.
1263 1068 1358 1102 Sunt
1378 1066 1489 1102 etiam
1510 1067 1574 1115 qui
1595 1067 1775 1115 pulchros
1795 1068 1966 1105 homines
1981 1098 1990 1115 ,
2012 1071 2147 1121 despe—

1150 1126 1218 1161 ctis
1241 1124 1498 1170 deformibus,
1522 1134 1650 1161 amant
1681 1134 1718 1162 ct
1745 1126 1918 1174 laudant,
1942 1131 2151 1179 suspiciunt

1150 1194 1187 1222 et
1206 1186 1408 1222 honorant.
1431 1186 1490 1222 Illi
1511 1186 1611 1222 enim
1632 1187 1696 1235 qui
1718 1200 1829 1223 sanos
1849 1188 1988 1225 habent
2008 1191 2149 1235 oculos,

1151 1246 1268 1281 solam
1289 1245 1403 1281 animi
1422 1245 1741 1294 pulchritudinem
1765 1246 1801 1281 in
1822 1246 1974 1284 homine
1992 1249 2153 1298 diligunt

1152 1313 1188 1340 et
1205 1312 1438 1341 reverentur.
1454 1304 1582 1352 Qualis
1598 1312 1653 1341 est
1667 1313 1791 1341 autem
1808 1306 1875 1342 ista
1891 1307 2150 1356 pulchritudo,

1153 1377 1265 1412 qnam
1284 1364 1375 1400 levis
1394 1363 1573 1400 febricula
1594 1364 1745 1414 perdit,
1764 1373 1801 1401 et
1823 1378 1956 1415 rugosa
1978 1376 2152 1405 senectus

1154 1423 1204 1459 ita
1229 1423 1422 1465 dissolvit,
1453 1432 1494 1459 ut
1518 1436 1586 1459 nec
1612 1424 1723 1460 fuisse
1746 1428 1926 1474 putetur?
1955 1430 2001 1463 Et
2027 1436 2152 1464 tamen

1155 1491 1242 1519 sunt
1258 1483 1322 1532 qui
1337 1482 1518 1519 habentes
1536 1483 1631 1519 hanc
1647 1484 1907 1521 extolluntur:
1927 1494 2062 1522 etcum
2083 1487 2156 1523 sint

1155 1543 1265 1578 vacui
1291 1541 1519 1587 virtutibus,
1549 1555 1618 1591 per
1646 1542 1742 1579 hanc
1767 1544 1884 1579 solam
1906 1544 2091 1592 gloriosos
2116 1559 2155 1582 se

1157 1602 1401 1639 arbitrantur.
1431 1606 1506 1639 Nos
1526 1611 1627 1639 certe
1653 1603 1691 1639 in
1714 1604 1998 1652 pulchritudine
2027 1606 2154 1642 locum

1157 1662 1307 1698 virtutis
1328 1675 1405 1698 non
1432 1662 1632 1711 ponimus;
1660 1664 1816 1711 gratiam
1840 1672 1961 1699 tamen
1987 1678 2063 1700 non
2085 1679 2153 1702 cx-

1160 1721 1347 1757 cludimus
1375 1735 1382 1757 :
1405 1722 1492 1770 quia
1514 1722 1743 1758 verecundia
1765 1723 1877 1758 etiam
1900 1724 2027 1759 vultus
2055 1724 2156 1773 ipsos

1160 1781 1255 1817 solet
1274 1780 1422 1830 pudore
1441 1781 1661 1818 suffundere
1674 1811 1683 1827 ,
1701 1783 1960 1831 gratioresque
1981 1783 2153 1820 reddere.

95 1835 267 1885 corporis
294 1835 414 1871 nostri
443 1833 581 1871 fabrica
606 1834 774 1871 additum
809 1836 968 1885 reperit,
1003 1850 1091 1886 ope-
1112 1842 1138 1877 C
1159 1845 1210 1879 L't
1232 1841 1367 1877 artifex
1388 1841 1424 1877 iu
1446 1842 1603 1878 materia
1625 1842 1884 1878 commodiore
1907 1843 2040 1879 melius
2060 1857 2155 1893 ope-

96 1893 172 1930 ruit
205 1901 243 1930 et
272 1893 375 1930 texit.
409 1897 506 1943 Ergo
539 1902 683 1930 naturae
716 1895 843 1944 opifex
873 1895 925 1931 sic
953 1904 1093 1932 nostrae

96 1952 240 1989 studuit
264 1952 521 1998 verecundiae,
549 1953 601 1989 sic
630 1953 810 1990 decorum
842 1954 934 1990 illud
962 1963 999 1991 et
1025 1955 1092 1992 ho-

97 2020 245 2048 nestum
266 2012 305 2048 in
325 2020 457 2048 nostro
474 2012 678 2049 custodivit
693 2026 855 2063 corpore
868 2042 877 2058 ,
900 2023 941 2050 ut
958 2014 1093 2052 ductus

98 2071 284 2120 quosdam
303 2080 415 2121 atque
427 2071 445 2094 b
457 2072 580 2109 exitus
597 2073 860 2110 cuniculorum
877 2083 1093 2111 nostrorum

100 2138 185 2180 post
205 2138 350 2179 tergum
371 2131 575 2180 relegaret,
593 2140 705 2181 atque
725 2131 772 2169 ab
793 2141 946 2181 aspectu
963 2143 1095 2170 nostro

99 2196 306 2234 averteret,
329 2202 376 2226 ne
397 2190 571 2239 purgatio
592 2191 734 2227 ventris
754 2191 874 2228 visum
896 2193 1094 2229 oculorum

100 2248 323 2286 offenderet.
346 2253 397 2286 De
414 2262 490 2298 quo
509 2249 666 2299 pulchre
685 2250 736 2286 ait
755 2252 981 2300 Apostolus:
1001 2254 1097 2298 Quoe

101 2309 300 2352 videntur,
331 2308 474 2358 inquit,
508 2313 669 2357 corporis
701 2314 816 2345 nostri
845 2309 1009 2345 membru
1033 2315 1097 2345 in-

89 2368 283 2415 firmiora,
313 2373 564 2404 necessat-[ora
593 2377 679 2403 sunt
710 2382 721 2402 :
749 2378 784 2404 et
811 2382 896 2417 quse
915 2378 1097 2417 putamus

102 2426 323 2476 ignobiliora
342 2427 507 2463 membra
521 2432 684 2476 corporis
703 2441 779 2462 esst.-
793 2457 802 2472 ,
825 2433 880 2464 eis
896 2428 1095 2464 abundan-

104 2492 232 2523 tt'orem
249 2488 421 2523 honorem
434 2489 706 2523 clrcumtlamus
718 2502 730 2522 .·
746 2497 783 2523 ee
796 2502 883 2536 quoe
902 2489 1100 2523 Inhonesta

105 2555 229 2582 nostra
241 2555 335 2591 sune,
352 2546 664 2582 abundantiorem
688 2547 912 2582 honestatem
929 2547 1098 2583 hahemu

1161 1900 1235 1937 rari
1265 1901 1383 1945 solet,
1407 1901 1458 1937 sic
1483 1901 1711 1937 verecundia
1731 1902 1767 1937 in
1789 1902 1871 1951 ipso
1892 1915 2045 1951 quoqne
2066 1917 2155 1940 cor-

1160 1958 1264 2008 poris
1293 1958 1429 1995 decore
1460 1959 1544 2008 plns
1567 1959 1708 1995 eminet
1729 1974 1736 1995 :
1760 1960 1811 1995 ita
1834 1968 1957 1996 tamen
1974 1988 1983 2004 ‚
2013 1970 2054 1997 ut
2073 1962 2153 2010 ipse

1161 2030 1239 2053 non
1259 2017 1305 2053 sit
1326 2018 1520 2054 affectatus
1536 2018 1710 2067 corporis
1727 2018 1860 2064 decor,
1878 2019 1942 2055 sed
1960 2020 2154 2065 naturalis,

1161 2076 1342 2125 simplex,
1364 2076 1556 2125 neglectus
1578 2077 1694 2125 magis
1716 2090 1828 2125 quam
1846 2078 2055 2126 expetitu53
2077 2092 2154 2115 non

1160 2136 1334 2184 pretiosis
1354 2143 1391 2171 et
1411 2134 1627 2172 albentibus
1646 2135 1799 2184 adjutus
1816 2137 2048 2174 vestimentis
2061 2167 2070 2183 ,
2091 2138 2156 2174 sed

1160 2193 1446 2241 communibus,
1485 2203 1526 2231 ut
1555 2195 1741 2231 honestati
1777 2196 1835 2231 vel
1869 2197 2078 2233 necessitati
2106 2198 2157 2233 nil

1162 2254 1279 2300 desit,
1301 2254 1353 2290 nil
1378 2253 1530 2290 accedat
1554 2255 1679 2291 nitori.
1701 2258 1784 2291 Vox
1800 2255 1879 2304 ipsa
1897 2268 1974 2292 non
1991 2256 2159 2302 remissa,

1162 2327 1237 2350 non
1271 2314 1408 2358 fracta,
1443 2314 1535 2350 nihil
1570 2314 1772 2350 femineum
1804 2327 1942 2351 sonans
1973 2314 2160 2364 (qualem

1163 2372 1270 2409 multi
1290 2372 1484 2421 gravitatis
1502 2372 1625 2422 specie
1647 2373 1824 2409 simulare
1845 2373 2156 2423 consueverunt),

1163 2431 1228 2468 sed
1258 2431 1417 2467 formam
1447 2431 1649 2480 quamdam
1681 2440 1717 2468 et
1743 2432 1908 2480 regulam
1937 2445 1979 2468 ac
2008 2445 2158 2470 succum

1163 2490 1310 2526 virilem
1326 2502 1532 2526 reservans.
1553 2494 1634 2528 Hoc
1650 2499 1705 2527 est
1721 2491 1821 2526 enim
1840 2491 2160 2539 pulchritudinem

1165 2549 1318 2586 vivendi
1350 2557 1502 2595 tenere,
1536 2549 1800 2586 convenientia
1827 2549 1963 2598 cuique
1990 2551 2095 2586 sexui
2126 2559 2162 2587 et

106 2605 254 2642 Etenim
279 2605 489 2641 imitatione
514 2613 658 2641 naturae
680 2605 864 2642 industria
884 2606 988 2642 auxit
1014 2614 1144 2654 gra—D
1165 2621 1336 2659 personae
1362 2608 1532 2644 reddere.
1555 2610 1624 2645 Hic
1643 2608 1737 2645 ordo
1755 2617 1946 2656 gestorum
1973 2610 2159 2657 optimus,

109 2665 217 2710 tiam,
249 2673 292 2701 ut
319 2677 395 2701 non
427 2664 548 2700 solum
576 2663 851 2700 abscondamus
879 2664 926 2700 ab
957 2665 1097 2710 oculis,

105 2737 238 2761 verum
259 2725 371 2761 etiam
393 2737 478 2774 quae
497 2723 764 2761 abscondenda
783 2725 992 2774 accipimus
1007 2753 1016 2771 ‚
1039 2739 1101 2762 eo—

110 2797 193 2821 rum
218 2784 357 2821 indicia
380 2796 543 2834 ususque
571 2783 826 2821 membrorum
850 2798 916 2821 sna
936 2786 1103 2835 appella-

110 2844 212 2880 tione
242 2856 482 2894 nuncnpare,
515 2842 738 2880 indecorum
767 2852 954 2894 putemus.
987 2845 1103 2881 Deni-

109 2915 183 2951 que
205 2903 235 2939 si
256 2916 342 2939 casu
363 2903 581 2953 aperiantur
601 2902 656 2938 hae
680 2911 804 2952 partes
820 2932 829 2947 ,
857 2903 1104 2940 confunditur

110 2962 339 2998 verecundia
366 2977 373 2997 :
396 2962 424 2998 si
449 2961 594 3006 studio,
626 2961 858 3012 impudentia
884 2963 1102 2999 aestimatur.

166 3021 202 3057 8.
229 3025 320 3058 Cum
342 3021 456 3069 igitur
477 3021 512 3057 in
539 3021 763 3071 quibusdam
790 3021 962 3058 humanis
986 3035 1105 3058 mem-

113 3079 194 3117 bris
218 3089 319 3117 tanta
345 3081 392 3117 sit
417 3080 651 3127 deformitas,
682 3090 722 3118 ut
753 3081 938 3118 nominari
975 3094 1107 3129 magna

116 3139 163 3175 sit
187 3139 414 3175 verecundia
436 3154 443 3175 :
466 3140 558 3177 heu!
585 3154 695 3190 quam
727 3149 853 3190 turpes
874 3140 925 3176 illi
945 3148 1051 3184 sunt,
1073 3148 1109 3174 ct

118 3210 230 3246 quam
248 3197 504 3247 impudentes,
532 3200 596 3249 qui
616 3200 682 3236 has
703 3207 862 3236 secretas
883 3206 1008 3249 partes
1030 3211 1109 3234 cor-

170 3324 298 3353 ¹1Cor.
315 3333 381 3357 xii.
401 3326 441 3354 2¹2
457 3348 465 3362 ,
489 3328 543 3356 23.

279 3393 368 3414 ἰὐΜ.
403 3393 435 3414 v.

1018 3330 1030 3345 ⁸
1052 3325 1138 3356 Alias
1153 3348 1159 3359 ,
1179 3324 1210 3353 in
1225 3324 1285 3353 imo
1299 3322 1425 3353 locavit.
1447 3343 1478 3345 μ
1505 3317 1519 3339 ¹'
1537 3324 1622 3354 Alias
1637 3348 1643 3357 ‚

1166 2668 1225 2704 hic
1244 2675 1401 2703 ornatus
1420 2666 1466 2702 ad
1487 2680 1638 2702 omnem
1667 2667 1853 2703 actionem
1876 2667 2158 2704 accommodus.

1166 2727 1238 2765 Sed
1266 2737 1307 2764 ut
1335 2727 1567 2763 molliculum
1597 2735 1632 2762 et
1659 2726 1859 2762 infractum
1889 2726 1991 2762 vocis
2024 2739 2158 2763 sonum

1167 2795 1231 2823 aut
1251 2795 1394 2836 gestum
1412 2786 1584 2835 corporis
1602 2797 1676 2820 non
1696 2783 1840 2833 prob03
1859 2785 1907 2820 ita
1924 2798 2046 2833 neque
2062 2798 2164 2834 agre-

1169 2854 1261 2882 stem
1283 2859 1324 2881 ac
1348 2845 1523 2881 rusticam
1550 2852 1721 2879 naturam
1742 2843 1960 2879 imitandam
1980 2856 2060 2879 esse
2078 2856 2162 2880 cen-

1170 2918 1247 2942 seo.
1278 2904 1367 2952 Ejus
1388 2904 1595 2952 disciplina*
1617 2903 1777 2938 l'orinula
1798 2902 1939 2950 efligies
1960 2902 2164 2939 honestatis

1171 2972 1237 3000 est.
1264 2964 1435 3000 Imitetur
1464 2963 1548 3011 pius
1573 2961 1792 2998 adolescens
1820 2962 1975 3010 vestigia
1999 2966 2100 2998 Isaac
2128 2971 2164 2998 et

1171 3022 1321 3071 Joseph.
1348 3022 1400 3059 Sit
1421 3021 1677 3066 verecundus,
1699 3031 1835 3065 castus,
1857 3021 2038 3071 simplex,
2057 3031 2092 3058 et
2109 3035 2166 3059 so—

1173 3081 1277 3116 brius
1302 3094 1308 3115 z
1333 3080 1503 3124 humilis,
1526 3079 1726 3125 obediens,
1743 3081 1912 3130 patiens,
1933 3089 1968 3116 ct
1990 3082 2167 3117 remissor

1175 3138 1332 3187 injuriae.
1357 3140 1479 3176 Faciat
1497 3148 1535 3174 ut
1555 3139 1685 3175 Daniel
1705 3147 1740 3174 et
1766 3147 1838 3175 tres
1860 3140 1966 3187 pueri
1991 3154 1997 3174 :
2018 3140 2163 3175 studeat

1176 3197 1368 3246 sapientiae
1381 3226 1389 3242 ‚
1408 3206 1443 3233 et
1464 3210 1539 3233 non
1557 3197 1617 3234 det
1637 3210 1675 3234 se
1692 3197 1876 3234 illecebris
1893 3199 1999 3247 gulae.
2019 3200 2169 3247 Pinguis

1668 3335 1756 3366 arsum
1778 3335 1787 3352 .·
1807 3325 1844 3353 ita
1864 3324 1944 3364 apud
1962 3325 2170 3355 Ambrosium.

1945 3383 1990 3417 25
