2504 3928
294 83 362 117 431

1015 84 1044 118 G
1053 85 1077 118 L
1087 84 1247 118 tooMs‘
1275 85 1478 118 misses]
1488 83 1614 118 timis·

2264 84 2338 119 432

1287 158 1334 177 '¹⁰⁷
1355 168 1425 204 tas,
1443 158 1610 203 bonitas,
1627 157 1887 202 mansuetudo,
1907 157 1996 192 tides
2009 186 2017 202 ,
2039 158 2234 202 modestia,
2252 172 2339 195 con-

653 228 828 265 CAPUT
858 228 929 268 vl.

304 346 386 372 Deus
414 342 529 372 bomini
561 341 747 371 intellectum
778 342 930 372 sarim-uni
957 343 1068 373 artium
1097 351 1126 374 et
1153 345 1290 374 scientia-

350 406 417 424 rum
442 405 584 436 capacem
610 394 714 429 dedit.
741 404 800 434 quo
823 400 925 425 tamen
945 395 996 426 alii
1019 396 1116 433 male.
1139 397 1190 427 ahi
1213 397 1291 427 bene

354 453 490 477 utuntur.

366 566 421 601 15.
448 568 488 601 ln
512 577 557 601 eo
576 578 666 600 vero
694 566 730 601 in
755 578 831 613 quo
857 579 894 601 se
915 566 983 602 sibi
1006 568 1212 603 animalitas
1236 581 1293 603 ra-

308 625 434 672 tioque
451 625 748 669 conterminant,
767 625 802 660 in
824 634 954 661 natura
969 627 1100 662 anima:
1121 627 1293 663 bumanae

307 684 457 719 relictus
476 692 528 719 cst
555 697 574 719 a
600 692 768 719 creatore
791 683 892 720 bono
910 685 1120 722 intellectus
1137 695 1170 722 et
1191 687 1294 735 inge-

305 743 432 787 nium,
453 752 488 779 et
510 743 546 778 in
570 743 718 792 ingenio
736 757 813 786 ars,
833 744 867 779 in
889 758 964 792 quo
985 746 1177 781 constituit
1195 750 1294 782 Deus

305 801 495 837 bominem
516 815 627 850 super
641 815 754 850 opera
772 815 947 838 manuum
968 817 1141 848 suarum,
1164 813 1197 840 et
1214 819 1289 840 om-

307 861 367 897 nia
396 861 583 896 sa²i·tilai·ia
613 861 679 896 ista
709 860 865 909 subjecit
895 862 963 898 sub
995 863 1152 912 pedibus
1184 864 1290 911 ejus;

1303 220 1328 251 Α
1354 218 1531 261 tinentia,
1570 216 1717 252 castitas
1751 222 1783 260 ²;
1815 224 1850 252 et
1879 216 2018 265 pictas,
2050 216 2338 265 promissionem

1353 276 1493 312 babens
1511 277 1594 312 vitre
1614 288 1696 323 quse
1721 288 1819 310 nune
1835 284 1889 310 est
1903 304 1912 319 ,
1930 284 1967 311 et
1987 276 2120 311 futurae
2138 274 2163 311 ³.

1414 338 1470 371 16.
1496 336 1539 372 lli
1561 335 1708 382 utriqne
1735 334 1911 381 quamdiu
1938 335 2047 370 simul
2068 342 2154 370 sunt
2174 334 2210 370 in
2233 343 2314 371 actu
2330 364 2338 380 ,

1358 395 1528 431 homines
1562 393 1689 429 vident
1713 393 1849 428 similes
1876 394 2060 438 actiones,
2094 397 2192 429 Dens
2218 403 2341 430 autem

1360 454 1572 488 voluntates
1589 451 1762 487 discernit
1791 459 1826 486 et
1858 451 2096 487 intentiones.
2131 455 2221 488 Cum
2254 465 2343 488 vcro

1362 513 1618 560 unusquisque
1650 510 1742 546 redit
1773 510 1808 545 in
1842 524 1930 554 sua,
1966 524 2272 560 unumquemque
2298 525 2343 547 ex

1362 571 1542 607 fructibus
1566 569 1783 606 intentionis
1799 582 1874 605 suae
1890 578 2003 618 pascit
2023 570 2247 605 conscientia
2265 582 2342 606 sua.

1361 634 1434 667 M(-
1460 639 1582 665 tamen
1611 628 1657 664 ab
1692 636 1850 676 utroque
1879 641 1982 676 :eque
2009 628 2053 664 ad
2078 629 2344 665 conscientiam

1361 690 1502 725 reditur
1534 704 1540 724 :
1572 689 1659 736 quia
1681 701 1791 722 nemo
1814 687 1858 723 ad
1885 701 1964 723 eam
1995 689 2115 724 redire
2143 698 2239 725 amat
2260 698 2346 738 post

1359 749 1561 791 actionem,
1585 747 1649 796 qui
1676 755 1773 782 reeta
1793 747 2000 782 intentione
2023 747 2067 782 ad
2091 748 2274 792 agendum
2298 748 2345 784 ab

1357 822 1398 844 ea
1426 821 1500 843 non
1523 806 1782 856 proficiscitur.
1802 807 1870 853 Qui
1900 816 2020 842 tamen
2053 807 2147 842 redit
2176 807 2222 842 ad
2252 821 2345 843 con-

1358 866 1570 909 scientiam,
1604 865 1632 900 si
1665 864 1832 900 nondum
1873 865 1960 899 vicit
2002 865 2344 913 concupiscentiam

303 920 452 956 animali
474 919 638 969 superbo
653 949 661 964 ,
684 921 719 955 in
748 921 1000 957 testimonium
1027 923 1203 958 naturalis
1230 922 1290 958 di—
1313 925 1338 958 B
1357 937 1479 968 suam,
1497 923 1641 959 invenit
1661 921 1709 957 ibi
1730 922 1774 957 de
1792 923 1869 971 ipsa
1885 922 2187 970 concupiscentia
2205 935 2269 958 sua
2289 923 2345 959 vel

303 979 466 1027 gnitatis,
492 988 527 1015 ct
553 980 806 1015 similitudinis
842 981 907 1016 Dei
937 982 1100 1026 amissam
1136 982 1293 1031 simplici

302 1052 394 1075 vcro
415 1048 450 1074 et
470 1039 597 1075 humili
611 1067 619 1083 ,
643 1039 678 1074 in
696 1040 874 1075 auxilium
893 1040 1155 1089 recimerandze
1173 1040 1292 1089 digni-

304 1099 389 1135 tatis
404 1128 412 1143 ,
433 1107 469 1134 et
485 1098 751 1134 conservandae
767 1099 1032 1135 similitudinis.
1050 1103 1089 1135 In
1107 1100 1176 1134 boc
1194 1099 1294 1147 quod

304 1166 435 1193 notum
458 1165 511 1192 est
530 1158 619 1200 Dei,
641 1157 876 1193 manifestum
893 1166 947 1193 cst
966 1158 1002 1193 in
1026 1158 1098 1193 illis
1116 1164 1139 1192 ¹.
1160 1161 1201 1193 In
1225 1158 1294 1193 boc,

304 1217 509 1253 :estimatur
534 1216 579 1251 de
600 1225 770 1252 creatura
795 1220 960 1253 Creator.
986 1221 1026 1253 In
1049 1217 1117 1252 boc
1147 1230 1292 1266 cogno-

303 1274 574 1323 sciturjnstitia
598 1275 665 1311 Dei
689 1289 695 1309 :

302 1336 362 1384 gni
385 1342 470 1370 sunt
490 1334 586 1378 vita3
608 1334 671 1381 qui
694 1346 782 1368 vero
799 1334 918 1376 aliter,
940 1333 1041 1381 digni
1056 1342 1142 1369 sunt
1158 1341 1289 1369 morte.

302 1398 346 1431 In
374 1394 445 1429 boc
469 1401 638 1429 creatura
665 1405 748 1440 quae
771 1400 905 1440 sponte
926 1392 1068 1428 bomini
1095 1393 1228 1437 servit,
1245 1393 1291 1428 ad

301 1461 471 1489 naturam
486 1451 683 1499 subjicitur
703 1459 739 1486 et
757 1459 918 1500 aptatur,
936 1460 976 1487 ut
996 1452 1132 1487 serviat
1148 1451 1192 1487 ad
1211 1464 1291 1487 eam

302 1525 386 1561 quae
406 1525 451 1548 ex
470 1519 624 1560 peccato
645 1518 699 1546 est
717 1510 993 1554 necessitatem,
1020 1519 1056 1546 et
1080 1510 1125 1546 ad
1157 1511 1292 1546 volun-

304 1579 415 1607 tatem
437 1579 472 1606 ct
492 1570 736 1618 voluptatem.
755 1570 849 1605 Hinc
867 1570 976 1605 etiam
994 1578 1085 1618 quot
1105 1578 1141 1606 et
1157 1579 1296 1618 quanta

303 1631 386 1667 vita‘
408 1630 493 1666 buic
515 1629 739 1673 necessaria,
757 1637 792 1665 et
811 1628 922 1665 bonis
935 1638 972 1665 et
995 1630 1100 1665 malis
1116 1630 1239 1675 utilia,
1260 1639 1296 1666 et

719 1284 755 1309 ct
773 1275 858 1322 qnia
877 1275 939 1322 qui
959 1273 1054 1310 bene
1073 1284 1187 1323 agunt
1201 1302 1209 1318 ,
1231 1275 1289 1310 di-

1359 996 1490 1019 suaves
1515 982 1799 1025 delectationes,
1833 981 1889 1016 vel
1923 994 2053 1030 graves
2088 982 2344 1028 corrosiones;

1359 1051 1394 1078 tt
1420 1042 1505 1077 inde
1535 1042 1755 1090 multiplicat
1787 1041 2044 1089 cogitationes.
2066 1040 2138 1088 Qui
2155 1054 2247 1077 vero
2269 1041 2347 1090 jam

1360 1102 1702 1151 concupiscentiam
1743 1101 1852 1143 vicit,
1890 1100 2069 1148 ‹piamdiu
2112 1108 2234 1136 tamen
2268 1102 2347 1137 veri

1360 1160 1448 1196 boni
1477 1160 1595 1207 major
1632 1160 1961 1207 concupiscentia,
1989 1159 2047 1193 vel
2087 1158 2207 1207 major
2244 1159 2348 1195 dele-

1360 1219 1472 1254 ctatio
1497 1226 1657 1253 mentem
1680 1217 1761 1265 ejus
1787 1230 1861 1253 non
1887 1217 2112 1261 obtinuerit,
2136 1230 2219 1253 cum
2238 1231 2349 1254 exosa

1360 1278 1519 1326 quadam
1542 1278 1753 1326 voluptate,
1777 1284 1964 1323 gestorum
1981 1304 1989 1319 ‚
2015 1277 2179 1313 visorum
2202 1278 2259 1313 vel
2282 1291 2350 1314 au-

1357 1336 1522 1372 ditorum
1553 1337 1694 1384 patitur
1715 1336 1998 1382 imaginationes
2020 1350 2027 1370 :
2050 1335 2150 1371 unde
2173 1336 2210 1371 in
2243 1345 2349 1372 utro-

1357 1408 1430 1444 que
1444 1394 1559 1430 lumbi
1575 1395 1780 1443 implentur
1791 1393 2027 1429 illusionibus
2041 1394 2348 1440 delectationum,

1358 1463 1394 1490 et
1424 1454 1469 1489 ad
1508 1453 1703 1502 cogitanda
1728 1453 1854 1488 divina
1885 1453 1942 1488 vet
1973 1452 2179 1501 spiritualia
2220 1454 2345 1489 lumen

1360 1526 1513 1549 suorum
1538 1513 1757 1554 oculorum,
1784 1520 1819 1547 et
1850 1512 1970 1560 ipsum
2005 1525 2079 1547 non
2101 1520 2156 1547 est
2184 1525 2308 1548 secum
2337 1527 2344 1548 ε

1361 1573 1521 1621 quicum
1546 1579 1687 1621 pugnat
1707 1579 1837 1606 contra
1858 1571 2191 1618 concupiscentias,
2209 1572 2351 1619 patitur

1362 1632 1573 1675 molestias;
1595 1631 1680 1679 quia
1702 1630 1852 1665 vincere
1870 1629 1992 1664 adbuc
2011 1642 2084 1664 non
2110 1631 2285 1677 praevatet
2303 1630 2349 1666 ad

302 1689 340 1725 in
357 1701 493 1737 genere
508 1701 574 1723 suo
596 1687 866 1736 pulcherrima,
881 1695 917 1723 et
938 1701 957 1723 a
976 1687 1085 1723 bonis
1105 1696 1140 1723 ct
1158 1701 1176 1723 a
1193 1689 1298 1724 malis
1317 1692 1342 1725 C
1363 1691 1569 1740 perfectum
1591 1690 1819 1725 affectiones.
1844 1689 1915 1735 Qui
1947 1701 2035 1723 vero
2061 1687 2136 1735 jam
2163 1687 2207 1723 ad
2229 1688 2349 1725 liber—

301 1746 518 1783 bominibus
540 1747 632 1782 facta
662 1755 748 1782 sunt
774 1755 809 1782 et
834 1747 944 1791 liant,
975 1746 1151 1782 omnibus
1173 1748 1291 1782 mani-

301 1807 433 1842 festum
456 1814 522 1841 est.
549 1805 646 1841 Hinc
666 1805 764 1841 enim
787 1805 822 1840 in
845 1805 999 1847 litteris,
1031 1805 1088 1841 vel
1114 1805 1291 1853 opificiis,

302 1866 358 1902 vel
391 1865 576 1907 asciuit-iis,
605 1877 673 1914 per
706 1863 1033 1900 innumerabiliter
1066 1864 1292 1913 multiplices

299 1925 495 1960 bominum
516 1923 821 1967 adinventiones,
837 1930 891 1958 tot
909 1931 1173 1971 processerunt
1191 1923 1292 1959 modi

300 1982 530 2027 studiorum,
556 1990 610 2018 tot
623 1993 759 2030 genera
780 1981 1057 2030 professionum
1073 2009 1082 2024 ‚
1103 1980 1291 2017 subtilita-

301 2050 378 2086 tes,
398 2041 592 2090 exquisitae
618 2039 799 2084 scientiae,
821 2048 941 2082 artes,
964 2040 1207 2088 eloquentiae,
1237 2039 1293 2075 di·

300 2101 482 2149 gnitatum
519 2099 805 2147 officiorumque
842 2098 1062 2143 varietates,
1101 2107 1138 2134 et
1172 2099 1290 2134 innu-

301 2158 498 2195 merabiles
525 2158 819 2206 conquisitiones
839 2157 952 2205 liujus
978 2158 1124 2201 saeculi,
1156 2157 1294 2206 quibus

300 2218 472 2253 homines
493 2217 562 2261 illi,
584 2217 693 2252 etiam
711 2216 775 2264 qui
793 2215 970 2251 dicuntur
983 2216 1168 2264 sapientes
1184 2216 1294 2263 liujus

304 2276 456 2321 mundi,
479 2289 560 2311 cum
583 2275 635 2311 eis
656 2275 719 2323 qui
735 2282 822 2310 sunt
838 2275 1026 2322 simplices
1052 2282 1087 2310 et
1116 2274 1178 2309 lilii
1201 2275 1291 2319 Dei,

303 2336 444 2384 pariter
473 2342 632 2370 utuntur
653 2333 697 2369 ad
728 2333 984 2369 necessitatem
1015 2341 1051 2368 et
1080 2333 1290 2368 utilitatem.

303 2394 374 2430 Sed
398 2394 447 2429 illi
469 2392 677 2429 abutuntur
703 2392 754 2427 eis
774 2391 820 2427 ad
842 2391 1094 2427 curiositatem
1126 2399 1161 2426 et
1186 2392 1294 2426 volu-

1359 1757 1467 1785 tatem
1490 1749 1647 1796 aspirat,
1661 1756 1836 1783 excutere
1851 1760 1870 1782 a
1890 1759 1928 1783 se
1949 1760 2023 1782 non
2047 1755 2168 1795 potest
2186 1747 2350 1783 affectio-

1358 1820 1446 1844 num
1469 1807 1774 1855 imaginationes,
1796 1813 1831 1840 et
1855 1805 1985 1840 noxias
2011 1806 2065 1840 vel
2092 1806 2350 1853 occupatorias

1358 1866 1416 1902 vel
1438 1866 1596 1908 otiosas,
1623 1877 1707 1913 quae
1727 1864 1862 1899 exinde
1882 1863 2017 1911 passim
2040 1863 2226 1907 oriuntur,
2247 1864 2351 1912 cogi-

1360 1926 1528 1961 tationes.
1550 1924 1647 1961 Hine
1663 1925 1697 1959 in
1716 1932 1885 1972 tempore
1905 1922 2121 1971 psalmodiae
2139 1923 2195 1958 vel
2214 1923 2352 1959 oratio-

1359 1985 1436 2028 nis,
1461 1993 1758 2031 caeterorumque
1785 1982 2049 2018 exercitiorum
2078 1982 2349 2031 spiritualium,

1359 2044 1394 2079 in
1412 2043 1524 2079 eorde
1541 2043 1637 2079 servi
1653 2042 1734 2085 Dei,
1754 2041 1862 2076 ctiam
1887 2041 2048 2076 nolentis
2068 2049 2103 2076 et
2122 2041 2350 2086 reluctantis,

1359 2102 1643 2150 imaginationes
1664 2102 1883 2143 volvuntur,
1907 2109 1942 2136 et
1964 2101 2219 2149 phantasmata
2249 2101 2351 2149 cogi-

1362 2161 1543 2196 tationum
1568 2167 1767 2195 versantur
1786 2171 1793 2192 :
1816 2172 1834 2194 a
1854 2158 2008 2206 quibus,
2028 2159 2131 2194 velut
2157 2158 2202 2194 ab
2219 2158 2351 2195 avibus

1359 2218 1565 2254 immundis
1600 2216 1851 2253 insidentibus
1884 2217 1940 2252 vel
1970 2216 2350 2261 circumvolantibus,

1358 2277 1579 2312 sacrificium
1611 2275 1822 2311 devotionis
1858 2275 1915 2310 vel
1945 2275 2101 2310 omnino
2135 2276 2280 2325 rapitur
2305 2275 2351 2312 de

1360 2349 1472 2372 manu
1495 2336 1654 2371 tenentis
1668 2363 1677 2379 ,
1700 2335 1757 2370 vel
1776 2347 1873 2382 sa‘pe
1895 2334 2078 2382 polluitur
2101 2347 2220 2382 nsque
2237 2334 2282 2369 ad
2302 2335 2350 2371 la-

1360 2409 1505 2444 crymas
1529 2395 1730 2430 offerentis.
1757 2395 1886 2442 Fitque
1911 2394 2132 2429 miserabilis
2162 2402 2198 2429 et
2223 2394 2351 2442 iniqua

304 2461 462 2502 ptatcm,
493 2461 528 2487 ct
562 2450 775 2500 superbiam
809 2465 816 2486 :
844 2451 878 2485 lii
910 2459 1032 2486 autem
1060 2458 1218 2485 utuntur
1242 2450 1295 2485 eis
1314 2455 1501 2490 Dmiserae
1532 2454 1665 2489 anim-L¹
1695 2452 1848 2495 (lix-isio,
1873 2452 2006 2500 spiritu
2039 2460 2074 2487 ct
2108 2453 2252 2488 ratione
2280 2465 2350 2487 vo-

302 2520 460 2561 propter
481 2512 759 2553 necessitatem,
778 2509 864 2545 alibi
884 2509 1064 2545 babentes
1084 2522 1186 2545 suam
1208 2522 1292 2545 sua-

303 2572 470 2607 vitatem.
493 2570 582 2606 Ideo
610 2570 692 2605 illos
721 2582 850 2604 servos
879 2582 1056 2604 sensuum
1077 2582 1228 2604 suorum
1257 2577 1293 2604 ct

303 2643 504 2679 corporum
521 2642 675 2664 suorum
690 2636 900 2676 sequuntur
916 2628 1056 2663 fructus
1069 2628 1190 2663 carnis
1202 2640 1291 2672 suae,

303 2690 365 2738 qui
388 2698 473 2725 sunt
493 2688 710 2732 fornicatio,
739 2687 996 2732 immunditia,
1024 2686 1197 2736 superbia
1212 2715 1220 2731 ,
1240 2687 1294 2722 lu-

303 2749 408 2784 xuria
422 2777 430 2792 ,
451 2748 652 2784 inimicitise
666 2776 675 2791 ,
700 2747 980 2790 contentiones,
1009 2746 1264 2782 :emulationes
1279 2774 1288 2791 ,

302 2808 386 2850 ira‘,
418 2808 529 2851 rixre,
554 2806 823 2850 dissensiones,
857 2806 1026 2848 imidiae,
1046 2806 1290 2841 comessatio-

303 2879 387 2910 nes,
409 2866 626 2909 ebrietates,
647 2874 682 2900 et
704 2865 758 2900 bis
780 2866 935 2900 similia:
959 2878 1040 2914 quse
1061 2865 1289 2913 quicumque

302 2933 415 2972 agunt
430 2953 438 2967 ‚
475 2937 628 2971 regnum
667 2925 730 2960 oei
777 2938 850 2959 non
888 2933 1179 2972 consequentur.
1214 2928 1288 2960 llos

302 2992 423 3019 autem
454 2983 594 3018 fructus
615 2983 792 3030 Spiritus,
818 2983 879 3030 qni
899 2992 984 3018 =sunt
1004 2983 1180 3026 cbaritas,
1203 2995 1291 3031 gau-

301 3042 402 3078 dium
419 3070 427 3085 ,
457 3055 551 3091 pax,
581 3042 778 3090 patientia,
811 3041 1042 3089 benignitas,
1068 3042 1291 3090 longanimi-

347 3174 353 3187 ¹
377 3171 466 3199 Rom.
490 3179 518 3203 i,
545 3170 592 3198 19.
611 3185 648 3189 --
671 3173 680 3187 ²
701 3166 801 3198 Galat.
825 3179 854 3204 v,
884 3170 993 3198 19-23.
1025 3186 1050 3190 -
1076 3169 1210 3199 jI'I‘im.
1229 3181 1272 3206 iv,
1299 3174 1327 3201 8.

1359 2514 1537 2549 luntatem
1554 2512 1676 2548 cordis
1694 2520 1731 2548 et
1747 2512 1993 2547 intentionem
2007 2539 2015 2553 ,
2034 2520 2071 2547 et
2092 2512 2263 2560 corporis
2279 2510 2349 2548 sibi

1360 2581 1575 2622 promptum
1595 2572 1817 2620 obsequium
1846 2571 2070 2606 defendente
2088 2586 2095 2606 :
2117 2571 2267 2606 animali
2286 2583 2350 2607 ve-

1361 2645 1403 2667 ro
1424 2632 1665 2680 improbitate
1685 2631 1753 2667 sibi
1776 2631 1947 2666 affectum
1970 2630 2208 2679 przeripiente
2229 2638 2266 2665 et
2291 2630 2350 2666 in-

1362 2692 1570 2734 tellectum,
1594 2699 1716 2726 mente
1742 2691 1876 2739 sa‘pius
1905 2691 1983 2725 sine
2009 2690 2129 2725 fructu
2151 2702 2349 2725 remanen-

1360 2760 1406 2787 te.
1437 2752 1531 2786 llinc
1553 2751 1586 2785 in
1610 2751 1741 2785 animis
1769 2748 2057 2792 infirmioribus,
2081 2757 2117 2784 et
2146 2749 2181 2784 in
2210 2748 2347 2797 quibus

1356 2811 1667 2858 concupiscentia)
1683 2810 1804 2845 carnis
1818 2818 1852 2844 et
1865 2809 1988 2844 szeculi
2009 2808 2167 2844 necdum
2184 2809 2348 2857 perfecte

1358 2870 1586 2905 mortificata¹
1604 2878 1709 2912 sunt,
1733 2869 1818 2903 vitia
1841 2868 1975 2916 passim
1995 2868 2218 2903 curiositatis
2236 2867 2348 2904 ebul-

1357 2929 1463 2964 liunt.
1508 2929 1602 2964 llinc
1641 2927 1854 2963 solitudinis
1884 2935 1919 2962 et
1955 2926 2090 2961 silentii
2126 2935 2347 2974 quteruntur

1358 2987 1596 3031 inordinatae,
1616 2995 1649 3022 et
1666 2987 1859 3036 proposito
1881 2985 2040 3020 inimicae
2056 2985 2345 3031 consolationes,

1359 3046 1393 3081 in
1414 3046 1470 3082 via
1497 3046 1593 3094 regia
1624 3045 1878 3081 communium
1907 3043 2183 3079 institutionum
2211 3044 2344 3080 furtiva
