2418 3949
64 191 139 229 329
755 196 802 230 IN
832 195 1058 240 CANTICA,
1085 196 1247 231 SERMO
1276 199 1423 233 XLVII.
2040 199 2116 234 330

61 272 174 305 lectas
197 277 279 306 tuus
295 283 343 306 ex
358 272 489 306 dilecto
507 272 661 318 s’qualis
687 278 741 305 est
762 272 911 307 dilectus
936 270 1213 309 tuus?¹⁶²doce
1252 273 1371 321 qualis
1404 273 1610 310 secundum
1649 274 1916 310 humanitatem
1947 283 2021 320 cst,
2051 288 2111 311 se—

60 331 103 364 In
125 329 317 366 nativitate
349 329 476 366 divina
496 337 551 366 est
579 329 737 366 dilectus
767 343 813 366 ex
833 330 992 376 dilecto,
1011 331 1050 367 in
1067 336 1097 369 A
1116 332 1280 368 cundum
1297 345 1409 381 quam
1432 333 1589 370 dilectus
1608 341 1664 369 est
1690 346 1735 369 ex
1766 333 1910 369 dilecta.
1936 336 2040 370 Doce
2071 342 2108 369 ct

60 388 252 425 nativitate
270 389 432 426 humana
445 389 562 426 factus
581 397 637 425 est
656 388 814 425 dilectus
833 402 879 425 ex
894 388 1047 426 dilecta:

60 445 131 482 nisi
153 447 257 496 quod
282 461 359 484 non
381 456 453 484 tam
474 456 529 484 est
548 448 628 497 ipse
653 447 810 484 dilectus
830 460 876 483 ex
905 450 1022 484 Matre
1036 475 1046 494 ,

59 518 171 554 quam
186 507 266 556 ipsa
282 515 338 544 est
356 508 488 544 effecta
505 507 639 544 dilecta
662 520 731 557 per
749 507 887 556 ipsum.
909 510 1045 543 Totum

59 563 172 602 habet
190 566 290 615 quod
307 565 420 603 habet
439 566 596 603 dilectus
613 579 659 602 ex
687 566 821 602 dilecto
834 593 844 610 ‚
878 565 941 602 scd
969 578 1043 601 non

59 631 178 661 totum
203 638 224 661 a
254 625 407 672 dilecta3
443 625 558 674 magis
595 633 718 662 autem
758 633 877 661 totum
910 623 1042 671 habet,

58 684 162 733 quod
195 684 307 721 habet
334 686 432 734 ipsa,
453 684 500 721 ab
522 686 617 734 ipso.
649 685 739 722 Ideo
768 697 852 721 cum
880 683 1043 734 primum

56 751 192 792 rogant
209 743 293 780 filiae
310 744 514 781 Jerusalem
528 772 539 790 ,
562 745 690 790 Qualis
714 753 769 780 est
791 745 945 779 dilectus
962 754 1044 779 taus

57 815 106 856 ex
120 804 250 838 dilecto
265 807 285 839 P
299 815 374 839 non
398 802 568 839 similiter
587 802 797 851 adjungunt
810 831 819 848 ,
842 802 969 850 Qualis
987 809 1044 839 est

55 860 210 899 dilectus
225 870 308 898 tuus
327 875 372 898 ex
393 862 550 899 dilecta?
565 862 630 899 sed
651 862 890 911 simpliciter,
909 864 1044 908 Qualis

55 929 110 955 est
124 922 276 956 dilectas
290 930 370 957 taus
384 924 406 959 Ρ
421 921 524 970 quod
538 920 589 957 ibi
603 934 716 970 supra
737 921 950 970 capacitatis
967 934 1043 958 suae

55 978 154 1016 vires
171 988 257 1016 vota
275 981 493 1030 porrigunt,
515 980 712 1031 corrigunt
729 979 980 1017 incontinenti
996 981 1043 1016 ad

1115 388 1174 425 dic
1190 391 1311 438 qualis
1327 400 1382 427 est
1398 391 1552 428 dilectus
1567 400 1663 428 tuus.
1684 393 1853 429 Delectat
1872 404 1942 428 nos
1961 391 2007 427 de
2022 392 2104 440 ipso

1108 447 1187 496 jam
1204 449 1330 486 audita
1347 451 1529 487 reaudire.
1556 451 1711 500 Replica
1737 450 1845 487 nobis
1875 463 1958 499 quae
1980 450 2026 487 de
2046 450 2104 487 di-

1113 507 1207 544 lecto
1235 516 1320 554 tuo,
1352 510 1409 546 vel
1442 509 1542 546 credi
1574 510 1730 556 debent,
1761 511 1819 546 vel
1849 511 1930 560 capi
1962 511 2098 546 valent.

1111 570 1279 618 Utraque
1299 568 1425 605 audita
1455 582 1523 604 nos
1556 569 1799 605 vehementer
1829 569 2014 606 delectant
2036 584 2042 605 :
2066 578 2102 605 ct

1110 638 1194 674 quae
1214 625 1436 676 incapabilia
1455 626 1564 662 nobis
1587 635 1691 672 sunt,
1714 640 1782 663 nos
1803 636 1927 664 tamen
1947 631 2102 677 capiunt

1108 685 1191 731 illa;
1214 698 1259 722 eo
1279 686 1362 734 ipso
1382 685 1641 722 admirationis
1660 694 1696 721 et
1716 686 1852 722 amoris
1871 695 1960 723 aestu
1982 696 2099 735 capta:

1108 757 1259 790 sumus,
1282 758 1366 793 quae
1389 750 1448 780 tea
1474 745 1525 780 sic
1550 752 1714 793 captam,
1744 745 1795 780 sic
1817 754 2025 794 arreptam,
2046 748 2098 783 sic

1108 812 1325 841 aestuantem
1342 803 1525 840 videmus.
1551 805 1581 839 O
1601 803 1721 852 qualis
1740 812 1816 849 est,
1835 816 1856 838 o
1873 816 1983 852 quam
2001 818 2100 840 ama-

1108 862 1192 900 bilis
1209 870 1264 899 est
1283 862 1441 899 dilectus
1455 864 1560 898 tuus!
1575 861 1681 910 cujus
1702 861 1739 897 in
1766 869 1800 897 tc
1821 874 1970 910 semper
1992 857 2098 899 am’or

1108 923 1208 972 capit
1227 929 1425 971 augmenta
1441 950 1450 967 ,
1476 921 1540 971 qui
1566 920 1632 956 tibi
1653 921 1699 956 sit
1727 934 1876 970 semper
1895 920 1941 957 de
1965 921 2100 958 dilecto

1109 981 1286 1028 dilectus,
1306 981 1382 1017 imo
1403 980 1448 1016 de
1469 980 1710 1016 dilectissimo
1733 992 1882 1028 semper
1901 980 2071 1016 dilectior
2090 996 2096 1016 z

54 1036 314 1075 humaniorem
344 1040 609 1088 quaestionem,
633 1047 670 1075 et
697 1039 812 1090 magis
834 1040 1041 1076 modestam
1060 1038 1088 1071 Β
1108 1039 1214 1089 cujus
1234 1048 1269 1076 te
1291 1040 1376 1076 facit
1395 1052 1502 1075 amor
1521 1038 1715 1088 pulchram
1728 1067 1738 1084 ,
1764 1039 1995 1088 experientia
2019 1040 2101 1075 avi-

54 1107 93 1133 se
113 1106 387 1135 convertentes.
410 1102 612 1136 Possumus
630 1107 753 1135 autem
770 1106 932 1148 utroque
952 1111 1039 1135 sen·

54 1169 98 1193 su
118 1156 190 1193 hoc
208 1157 416 1206 intelligere
428 1185 439 1204 ,
473 1166 515 1194 ut
533 1165 598 1194 aut
617 1157 864 1208 interrogatio
882 1167 1040 1208 propter

53 1216 238 1265 geminam
255 1217 292 1252 in
319 1219 409 1254 Jesu
430 1225 599 1253 naturam
622 1215 826 1267 accipiatur
844 1217 1039 1266 congemi-

52 1283 139 1312 nata
150 1303 159 1320 ‚
179 1284 242 1312 aut
257 1275 319 1312 illa
335 1277 438 1326 prior
450 1277 554 1325 quasi
567 1275 786 1326 incapabilis
798 1277 866 1313 hac
882 1289 1039 1326 sequen-

53 1335 79 1372 ti
95 1335 142 1372 sit
158 1344 351 1384 revocata,
376 1349 417 1373 ac
432 1336 461 1374 si
483 1336 630 1373 dicant:
652 1336 787 1382 Qualis
811 1347 864 1373 est
890 1340 1042 1374 dilectus

54 1403 136 1430 tuus
157 1408 207 1431 ex
225 1397 379 1441 dilecto,
398 1409 419 1431 ο
440 1397 692 1444 pulcherrima
720 1399 909 1432 mulierum
922 1399 943 1433 ι’
956 1400 1040 1433 Hu-

47 1452 110 1502 jus
130 1461 165 1490 te
185 1453 272 1490 fidei
295 1453 452 1500 veritas,
474 1467 586 1503 quam
606 1463 710 1491 tenes
733 1454 779 1490 de
799 1455 1040 1504 generatione

49 1511 174 1550 dilecti
194 1513 241 1550 de
260 1512 416 1561 dilecto,
438 1513 536 1550 inter
558 1526 690 1550 omnes
705 1515 873 1550 omnium
887 1515 1037 1563 profes-

51 1584 154 1608 sores
171 1580 353 1609 seetarum
376 1580 410 1608 te
434 1572 723 1622 pulcherrimam
742 1573 837 1610 facit.
855 1576 928 1609 Ista
948 1573 1040 1610 fides

52 1638 88 1666 te
109 1630 288 1678 mundat,
307 1631 376 1668 ista
406 1638 596 1676 venustat,
627 1644 700 1680 qua
727 1631 901 1667 dilectum
933 1639 1037 1668 tuum

51 1688 206 1736 dilecto,
240 1702 286 1726 ex
307 1702 384 1738 quo
406 1697 483 1735 est,
516 1690 695 1738 aequalem
725 1689 906 1726 defendis.
942 1690 1039 1726 Talis

51 1756 107 1785 est
136 1748 255 1797 qualis
286 1748 367 1798 ipse
387 1762 407 1785 a
427 1762 502 1798 quo
532 1757 598 1786 est.
633 1749 728 1786 Mira
758 1750 948 1799 aequalitas
961 1778 971 1796 ‚
1002 1758 1040 1786 et

1107 1099 1212 1146 dam,
1242 1098 1400 1136 aviditas
1417 1098 1580 1135 anxiam.
1602 1098 1714 1134 Anxii
1739 1106 1795 1134 est
1812 1098 1911 1133 enim
1939 1107 1973 1134 et
2006 1100 2099 1134 affe—

1106 1167 1185 1195 ctus
1201 1159 1318 1195 votivi
1330 1157 1433 1207 quod
1453 1158 1504 1193 sic
1527 1156 1677 1206 adjuras
1695 1170 1775 1193 nos.
1796 1158 1927 1203 Qualis
1941 1167 1992 1193 ese
2010 1161 2100 1194 dile-

1105 1227 1182 1254 ctus
1201 1227 1280 1253 tuus
1294 1230 1344 1253 ex
1359 1219 1494 1252 dilecto
1505 1245 1518 1263 ,
1535 1220 1710 1264 quoniam
1726 1221 1778 1252 sic
1796 1218 1981 1262 adjurasti
2001 1231 2066 1253 nos
2082 1222 2101 1254 ‚³

1105 1280 1224 1324 Quam
1246 1277 1403 1327 pulcher
1423 1284 1499 1323 est,
1527 1276 1593 1325 qui
1623 1276 1660 1312 in
1677 1284 1712 1312 te
1738 1275 1878 1312 foedum
1900 1276 1990 1311 nihil
2021 1290 2099 1313 esse

1107 1336 1287 1381 sustinet,
1307 1335 1469 1383 ideoque
1488 1343 1523 1370 te
1541 1334 1834 1383 pulcherrimam
1864 1334 1987 1370 effecit
2015 1347 2101 1371 mu-

1106 1396 1263 1432 lierum!
1289 1408 1401 1444 quam
1432 1393 1600 1430 amabilis
1621 1401 1657 1429 et
1679 1393 1881 1442 gratiosus,
1913 1393 1993 1429 sine
2023 1407 2099 1442 quo

1105 1467 1174 1490 nec
1201 1454 1248 1490 ad
1271 1454 1402 1490 horam
1423 1466 1502 1490 esse
1522 1452 1705 1498 sustines,
1727 1460 1886 1502 propter
1910 1465 2022 1501 quem
2049 1453 2099 1489 sic

1105 1513 1254 1562 adjuras
1271 1526 1339 1549 nos
1355 1515 1363 1549 l

1159 1574 1193 1611 7.
1217 1575 1324 1621 Rogo
1344 1585 1430 1617 vos,
1453 1572 1538 1607 filiae
1559 1571 1764 1609 Jerusalem
1778 1599 1787 1617 ,
1803 1571 1887 1607 filiae
1900 1570 2013 1619 hujus
2029 1579 2099 1608 ter-

1104 1633 1233 1669 restris
1263 1632 1489 1677 Jerusalem,
1524 1644 1591 1667 cur
1621 1643 1698 1666 non
1725 1630 1790 1666 has
1819 1630 1866 1666 ad
1894 1631 2096 1667 Ecclesiam

1102 1692 1416 1741 interrogationes
1432 1690 1692 1739 ingeminatis?
1707 1702 1774 1725 cur
1787 1689 1883 1725 hanc
1897 1697 2098 1738 utramque

1103 1752 1335 1788 nativitatem
1359 1751 1396 1787 in
1411 1750 1558 1788 Christo
1571 1778 1580 1796 ,
1597 1761 1708 1798 quem
1726 1748 1940 1785 detractatis
1960 1749 2095 1785 crede—

49 1807 144 1844 mira
164 1808 334 1856 qualitas.
355 1806 559 1856 AEqualitas
578 1808 640 1844 illa
660 1808 892 1844 identitatem
913 1808 1038 1854 valet,
1059 1811 1086 1847 C
1106 1824 1166 1856 re,
1190 1810 1432 1847 dissimulatis
1447 1809 1667 1845 addiscere?
1684 1810 1759 1844 Cur
1775 1820 1843 1844 vos
1859 1820 1934 1844 non
1953 1809 2097 1844 sentitis

49 1865 208 1915 qualitas
224 1865 586 1904 substantialitatem.
601 1867 637 1904 Si
649 1867 866 1904 essentduae
878 1876 1034 1913 naturae,

51 1932 209 1975 utraque
239 1939 408 1972 summa,
429 1939 503 1962 una
534 1926 571 1962 in
601 1929 732 1971 Patre,
762 1926 802 1963 in
833 1926 928 1965 Filio
948 1926 1037 1974 alia;

49 1991 146 2019 esset
179 1984 330 2033 quidem
362 1985 571 2033 aequalitas,
602 1997 679 2021 non
711 1993 807 2021 esset
836 1985 1034 2022 identitas:

49 2042 114 2078 sed
135 2043 316 2091 aequalem
343 2042 412 2079 sibi
439 2044 546 2079 aliam
575 2044 702 2080 divina
724 2052 856 2081 natura
877 2057 952 2081 non
971 2045 1039 2081 ad-

49 2101 175 2137 mittit.
204 2105 288 2139 Una
308 2115 467 2139 numero
489 2103 527 2138 in
549 2111 709 2151 utroque
729 2111 783 2139 est
802 2103 979 2153 qualitaS,
1000 2112 1038 2140 et

48 2159 302 2198 substantialis
322 2162 501 2209 qualitas,
531 2162 608 2196 imo
628 2161 835 2197 substantia
858 2163 1031 2210 qualitas.

45 2219 136 2256 Ideo
152 2219 308 2265 Filium,
333 2219 453 2268 qualis
473 2227 528 2255 est
553 2223 684 2265 Pater,
717 2221 825 2256 talem
854 2233 952 2266 esse,
982 2229 1037 2257 cst

44 2277 84 2314 id
102 2278 222 2327 ipsum
243 2278 347 2327 quod
366 2281 472 2315 Pater
491 2287 546 2315 est
562 2291 653 2315 esse.
674 2279 802 2326 Qualis
833 2283 941 2316 Pater
959 2289 1035 2327 est,

47 2337 130 2374 talis
146 2345 183 2373 et
202 2337 338 2374 Filius:
353 2345 389 2373 et
404 2337 483 2386 ipsa
501 2338 660 2386 qualitas
676 2346 731 2374 est
750 2346 909 2388 uterque
921 2367 930 2384 ,
948 2352 1035 2375 cou-

46 2393 297 2432 substantialis
313 2404 369 2431 est
389 2395 464 2439 illi,
484 2404 520 2431 et
539 2396 669 2432 eadem
689 2405 745 2432 est
765 2409 847 2432 cum
866 2397 928 2432 illo
949 2396 1035 2433 sub-

45 2455 192 2491 stantia.
215 2454 428 2491 Substantia
450 2467 525 2490 non
553 2463 696 2491 tantum
719 2454 920 2492 subsistere
940 2469 1034 2492 con-

47 2513 191 2560 ferens,
215 2513 279 2550 sed
299 2521 335 2550 et
355 2513 433 2563 ipsa
454 2513 678 2562 subsistens,
695 2514 826 2551 vivens
839 2542 849 2560 ,
872 2523 1008 2565 potens
1022 2543 1032 2562 ,

46 2571 266 2620 intelligens.

100 2632 138 2667 6.
157 2631 282 2668 Talem
304 2630 481 2679 praedicas
498 2630 674 2668 dilectum
695 2640 798 2668 tuum
816 2645 861 2668 ex
875 2632 1029 2678 dilecto,

48 2689 158 2725 talem
185 2688 328 2726 delitiis.
355 2690 390 2726 Si
414 2690 492 2726 lieri
520 2698 662 2739 potest,
682 2690 795 2739 liujus
816 2690 900 2727 lidei
923 2692 1032 2728 nobis

48 2748 230 2785 rationem
264 2749 449 2794 edissere,
479 2758 514 2785 ct
549 2750 684 2786 suflicit
713 2749 833 2787 nobis.
869 2752 1032 2789 Ostende

48 2806 157 2843 nobis
201 2811 347 2844 Patrem
366 2836 376 2854 ,
423 2816 459 2844 et
501 2809 638 2845 suflicit
672 2808 792 2845 nobis.
832 2810 1032 2856 Quomodo

47 2866 207 2903 sciemus
232 2867 351 2916 qualis
382 2876 437 2903 est
462 2867 616 2904 dilectus
644 2877 727 2904 tuus
749 2882 795 2904 ex
818 2869 974 2916 dilecto,
1003 2871 1030 2906 si

47 2937 124 2961 non
160 2925 314 2970 edoces,
343 2926 462 2974 qualis
491 2934 547 2962 est
578 2926 752 2973 dilectus,
776 2940 821 2963 ex
845 2942 920 2977 quo
946 2930 1029 2965 est?

48 2983 120 3021 Sed
162 2996 236 3020 non
273 2993 328 3021 est
363 2985 433 3021 hoc
469 2995 533 3022 aut
570 2986 680 3035 liujtis
723 2988 921 3036 temporis,
967 2997 1031 3024 aut

47 3041 160 3091 hujtis
188 3044 400 3092 capacitatis
438 3053 571 3081 nostra:
598 3061 605 3082 ε

47 3115 87 3137 re
107 3101 193 3150 quia
216 3102 296 3138 talis
318 3111 371 3138 est
391 3104 510 3151 qualis
534 3113 590 3140 est
609 3108 728 3141 l‘ater.
755 3106 934 3152 Quamvis
956 3119 1030 3141 non

48 3160 249 3197 sufficimus
266 3162 585 3211 enini›rehendere
599 3177 682 3212 qua*
703 3164 762 3199 illa
783 3165 941 3212 ‹pialitas
958 3173 1008 3201 est
1022 3194 1031 3210 ,

634 3046 697 3081 sed
731 3047 866 3082 suflicit
901 3048 1031 3082 erede-

93 3290 106 3304 ·''
124 3284 225 3326 lirim.
243 3291 271 3316 et
287 3288 390 3318 lton-st.
407 3295 486 3331 ι’(ψίι
502 3300 602 3319 mmm
618 3313 622 3321 .
646 3290 698 3334 alui
719 3297 757 3320 tc.
775 3291 798 3328 ”·1

1103 1869 1292 1918 adjuratas
1311 1869 1358 1906 ab
1374 1869 1536 1906 Ecclesia
1549 1897 1558 1914 ‚
1577 1868 1731 1917 prolatis
1753 1876 1887 1904 contra
1913 1881 1981 1904 vos
2004 1869 2099 1905 Scri—

1103 1937 1225 1978 pturae
1243 1937 1377 1965 vestrae
1401 1941 1486 1964 cum
1513 1926 1586 1963 fide
1613 1926 1858 1972 testimoniis,
1889 1926 2031 1962 collatis
2058 1926 2096 1961 in

1105 1987 1178 2023 fide
1199 1987 1399 2036 spirituum
1420 1986 1564 2035 gratiis,
1585 1984 1738 2034 perlatis
1757 1997 1827 2034 pro
1848 1983 1921 2020 fide
1949 1984 2095 2032 passio—

1103 2059 1193 2082 num
1229 2046 1444 2094 martyriis?
1462 2058 1528 2080 cur
1556 2056 1633 2080 non
1667 2055 1733 2078 vos
1767 2043 1873 2091 quasi
1905 2042 2096 2090 adjuratas

1103 2103 1248 2139 sentitis
1267 2102 1314 2139 ab
1330 2102 1493 2139 Ecclesia
1508 2099 1737 2150 aptioribus,
1759 2112 1852 2148 quas
1868 2100 2094 2149 frequentat,

1102 2162 1358 2206 coercmonii55
1385 2159 1634 2203 acutioribus,
1652 2172 1743 2207 quas
1765 2166 1919 2204 tractat,
1942 2168 2091 2195 senten-

1102 2219 1181 2265 tiis;
1194 2219 1407 2264 altioribus,
1428 2232 1511 2267 quae
1528 2225 1739 2266 exspectat,
1755 2217 1938 2266 praeniiis;
1956 2218 2095 2253 aretio-

1101 2277 1224 2324 ribus,
1254 2278 1392 2327 quibus
1423 2290 1502 2313 sese
1532 2276 1711 2321 instituit,
1737 2276 1860 2312 votis?
1889 2277 2096 2325 Disciplina

1101 2337 1320 2382 restrictior,
1335 2336 1504 2373 doctrina
1515 2335 1748 2379 instructior,
1763 2334 1976 2383 expeditior
1987 2336 2093 2380 ritus,

1099 2396 1329 2432 eminentior
1344 2396 1462 2431 virtus
1480 2394 1544 2430 tibi
1560 2402 1735 2444 poterant
1752 2394 1872 2429 zelum
1889 2407 2068 2442 generare
2082 2424 2090 2439 ,

1099 2468 1309 2505 provocare
1329 2455 1526 2499 affectum,
1559 2461 1595 2489 et
1615 2452 1660 2488 ad
1689 2452 1917 2488 movendam
1938 2454 2092 2489 aemula-

1100 2514 1240 2551 tionem
1285 2513 1532 2563 adjtuationis
1567 2511 1706 2548 habere
1737 2512 1824 2547 vim.
1859 2511 1929 2548 Sed
1967 2513 2092 2548 veniet

1047 2581 1081 2614 D
1100 2582 1246 2623 tempus
1263 2573 1448 2624 (nondum
1469 2581 1523 2609 est
1537 2571 1653 2621 enim)
1675 2584 1758 2607 cum
1775 2572 1964 2607 conversis
1985 2571 2093 2607 vobis

1096 2633 1143 2669 ad
1163 2634 1369 2670 Dominum
1385 2660 1393 2677 ,
1413 2633 1604 2669 auferetur
1620 2631 1841 2679 ignorantize
1861 2639 1895 2666 ct
1914 2630 2089 2667 dissimu-

1098 2693 1246 2728 lationis
1265 2693 1447 2728 velamen.
1467 2695 1570 2728 Tunc
1590 2690 1694 2739 quasi
1715 2689 1907 2725 sensibiles
1926 2690 2068 2726 et‘l'ectae
2081 2720 2090 2737 ,

1097 2760 1252 2801 accepto
1272 2751 1424 2788 Domini
1447 2751 1602 2799 spiritu,
1627 2748 1907 2797 adjurationum
1935 2749 2088 2784 istarum

1099 2813 1446 2849 sentietisx·iru1t‹·1n
1465 2825 1471 2846 :
1492 2809 1622 2845 tunein
1637 2817 1801 2845 sanctam
1818 2810 2087 2857 expergefacta:

1098 2870 1365 2913 curiositatem,
1381 2869 1488 2904 avide
1503 2867 1567 2903 lias
1582 2867 1892 2915 interrogationes
1915 2867 2089 2915 frequen-

1096 2929 1220 2966 tabitis
1233 2957 1243 2974 ,
1266 2928 1444 2973 (licendo,
1467 2930 1596 2973 Qualis
1616 2935 1667 2962 est
1685 2929 1835 2961 dilectus
1858 2936 1940 2961 (aits
1958 2941 2005 2961 ‹21-
2027 2929 2088 2961 ‹li-

1098 2993 1208 3032 lecto,
1230 3003 1249 3022 ω
1270 2988 1519 3036 pulcherrima
1541 2989 1768 3021 audieram?
1785 2989 1902 3033 qnalts
1923 2995 1975 3020 est
1999 2988 2089 3021 ‹life-

1096 3057 1168 3082 (τω
1188 3057 1282 3091 tuus,
1297 3051 1473 3094 quoniam
1489 3050 1541 3080 sic
1557 3047 1740 3090 adjurasti
1751 3047 1839 3080 nos?
1853 3044 2085 3085 judaeorum„

1099 3106 1229 3142 fratres
1247 3106 1338 3149 mei,
1367 3105 1534 3141 nundum
1561 3112 1706 3153 tempus
1724 3103 1896 3148 advenit,
1918 3112 2085 3138 nostruin

1098 3174 1220 3201 autem
1243 3178 1391 3214 semper
1415 3172 1584 3213 paratum
1609 3172 1674 3199 est.
1701 3162 1787 3198 lili-0
1805 3163 1948 3198 omissis
1971 3162 2085 3198 frixo-
