2504 3928
337 189 398 222 lbl
1090 189 1380 225 GILLEBER'l'l
1410 192 1618 226 ABltA't'IS.
2304 194 2374 230 152

331 263 412 305 det,
435 272 469 299 et
490 262 599 298 detur
622 261 875 298 abundantius
891 260 1128 300 abundanter
1149 265 1316 302 habenti.
1338 266 1369 283 ⁰⁹
1388 267 1489 302 ximo
1504 295 1513 311 ‚
1533 280 1599 302 cor
1617 266 1652 302 in
1676 266 1818 302 intimo.
1842 267 1939 314 Quid
1960 267 2017 304 hic
2036 281 2110 304 non
2135 269 2276 318 optime
2296 271 2376 306 col—-

335 325 507 357 Mensura
527 321 602 356 haec
619 332 794 355 mensura
818 318 916 355 bona
936 329 972 356 et
990 323 1156 359 conferta
1172 352 1181 369 ,
1202 332 1237 360 et
1258 338 1323 361 co—
1342 331 1370 363 Α
1391 325 1581 361 locatum?
1600 324 1690 373 qnid
1713 337 1789 360 non
1818 325 1972 361 festive?
2005 326 2232 375 Egredimini
2263 328 2349 365 hinc
2364 357 2374 375 ,

330 381 484 428 agitata.
516 388 552 414 et
586 378 834 427 superfluens.
867 379 1111 428 superfluitas
1147 382 1322 430 videtur,

329 438 480 487 qnando
503 450 577 473 non
600 445 741 473 tantum
769 438 974 473 necessaria
1001 449 1229 489 suppetunt,
1250 442 1315 478 sed

332 498 442 532 etiam
463 496 668 532 exuberant
690 496 938 545 voluptuaria.
962 501 1003 534 In
1025 497 1133 535 donis
1160 501 1319 549 Spiritus

331 556 500 604 quaedam
520 555 748 604 expediunt,
774 556 943 604 quiedam
965 556 1123 602 docent,
1150 559 1320 607 qna’dam

332 615 537 659 delectant,
567 622 720 657 sanant,
742 623 949 660 exornant,
967 616 1186 654 exhilarant.
1215 621 1320 665 Quo-

333 673 447 709 modo
469 685 545 708 uon
564 673 800 721 superfluunt
819 686 903 721 quae
919 674 970 709 sic
986 678 1234 712 excrescunt?
1248 676 1320 713 Sed

333 732 411 767 hrec.
422 730 500 780 jam
527 731 717 767 sufiiciunt
737 731 783 767 de
803 745 981 777 numero,
1003 742 1039 769 et
1064 747 1237 771 mensura
1253 762 1262 780 ,
1284 744 1321 771 et

333 791 379 826 de
412 790 580 839 pondere
608 790 849 836 diadematis,
884 791 986 840 qnod
1017 793 1209 829 Salomoni
1243 794 1320 842 regi

335 858 453 885 mater
472 848 553 897 ejus
573 850 797 898 composuit.
813 850 1010 897 Quoddam
1028 851 1126 887 cuim
1145 852 1196 888 illi
1213 853 1319 900 quasi

332 917 472 945 sertum
504 908 630 956 gloriae
661 909 807 944 confert
834 923 842 945 :
870 909 958 945 dum
989 919 1139 959 coaptat
1167 911 1268 960 quod
1299 925 1316 948 a

331 967 440 1003 nobis
456 968 674 1016 assumpsit,
695 975 731 1003 et
749 967 851 1016 quod
876 968 984 1005 nobis
1003 969 1184 1006 exhibuit.
1204 970 1317 1007 vide-

1391 392 1527 420 nostrae
1545 384 1627 419 tiliae
1648 385 1735 421 Sion
1750 411 1759 427 ‚
1776 393 1811 419 et
1826 383 1966 429 videte,
1991 393 2031 420 nt
2049 393 2086 420 et
2099 398 2166 421 vos
2183 387 2376 423 transeatis

1389 443 1424 478 iu
1457 443 1629 479 affectum
1651 442 1774 478 cordis
1804 442 1937 491 hujus,
1960 443 1998 479 in
2021 456 2168 492 sponsae
2192 445 2346 494 gratiam
2365 474 2375 492 ,

1387 501 1424 537 in
1442 501 1660 538 diadematis
1677 501 1851 549 speciem.
1876 502 1997 537 Nolite
2014 502 2165 538 nominc
2182 515 2285 539 casso
2299 504 2376 553 glo-

1389 560 1488 596 riari.
1517 563 1644 596 Estote
1670 558 1772 607 quod
1799 572 1878 595 esse
1896 559 2080 604 dicimini,
2109 561 2376 609 speculationis

1388 620 1482 655 filia».
1510 623 1607 656 Usus
1628 619 1706 667 ipse
1726 626 1921 654 attestetur
1943 618 2099 654 nomini.
2124 622 2252 656 Festus
2275 620 2374 656 enim

1387 687 1443 714 est
1459 678 1760 727 desponsationis
1780 677 1846 713 iste
1865 677 1943 713 dies
1960 706 1969 724 ,
1990 686 2027 714 et
2051 679 2117 715 Dei
2139 678 2375 728 susceptione

1387 736 1538 784 dignus,
1556 744 1592 772 et
1605 735 1651 771 ab
1667 736 1736 771 hoc
1753 735 1798 771 ad
1817 735 2064 780 festiviorem,
2080 736 2144 784 qui
2159 736 2374 785 nuptiarum

1386 804 1440 831 est
1458 795 1557 840 dics,
1578 795 1803 843 pertingitur
1825 809 1832 830 ε
1851 795 1887 830 in
1909 807 1985 843 quo
2006 807 2080 830 non
2103 794 2215 831 datur
2229 794 2377 832 libellus

1386 853 1554 903 repudii,
1574 867 1650 890 non
1672 853 1867 889 intercedit
1884 853 2114 899 divortium;
2138 866 2213 890 non
2229 853 2305 890 abit
2320 854 2378 890 vir

1386 914 1444 949 via
1468 913 1701 962 longissima,
1729 926 1774 948 ne
1796 912 2015 948 brevissima
2043 912 2214 960 quidem,
2235 912 2299 948 sed
2322 921 2378 949 est

1386 984 1534 1020 semper
1559 972 1596 1007 in
1621 971 1734 1007 domo
1766 984 1831 1007 sua
1862 983 2023 1020 sponsus
2048 971 2216 1008 Christus
2242 974 2374 1017 Jesus,

334 1027 379 1062 tis
395 1025 532 1075 quibus
552 1026 623 1061 hoc
642 1026 813 1062 diadema
838 1027 990 1064 dotibus
1009 1029 1212 1076 gratiarum
1229 1042 1320 1064 con·
1337 1030 1364 1063 B
1384 1031 1448 1080 qui
1470 1031 1561 1066 vivit
1593 1039 1629 1066 et
1650 1038 1780 1079 regnat
1801 1043 1884 1065 cum
1921 1033 2000 1066 Deo
2032 1034 2140 1067 Patre
2170 1039 2208 1067 et
2235 1030 2376 1079 Spiritu

333 1094 416 1120 stet.
449 1085 519 1122 Sed
550 1084 638 1133 quid
671 1085 717 1121 de
750 1086 876 1134 gratiis
905 1087 949 1123 ad
984 1087 1320 1132 (liademai‘Dabic,

335 1143 456 1192 iuquit
476 1144 513 1179 in
544 1143 774 1189 Proverbiis,
797 1151 912 1193 capiti
932 1155 992 1181 tuo
1019 1156 1217 1194 augmenta
1232 1160 1323 1193 gra-

332 1206 503 1238 aarum&
525 1205 635 1238 Pater
654 1202 738 1246 dat,
761 1211 798 1239 et
822 1213 940 1240 mater
961 1213 1128 1240 coronat.
1152 1208 1236 1253 Ipsa
1254 1218 1321 1240 co-

335 1269 467 1306 ronat,
496 1261 583 1310 qnia
607 1262 688 1310 ipsa
719 1262 858 1308 credit,
881 1263 959 1311 ipsa
982 1263 1210 1308 circumdat,
1242 1264 1321 1312 ipsa

334 1327 491 1355 coronat
507 1322 638 1355 Mater.
665 1320 827 1356 Ecclesia
849 1333 886 1357 se
909 1322 987 1370 ipsa
1010 1330 1066 1367 te,
1093 1326 1180 1358 Jesu
1201 1321 1319 1368 hone,

335 1385 519 1422 exornat,
535 1390 573 1412 se
601 1377 678 1426 ipsa
699 1386 733 1413 te
754 1379 865 1414 vestit
884 1393 890 1413 :
912 1392 950 1415 se
973 1380 1053 1429 ipsa
1075 1388 1110 1416 te
1126 1381 1263 1416 calceat
1284 1388 1321 1415 et

335 1444 502 1471 coronat.
530 1439 573 1471 In
597 1437 829 1484 profectione
858 1438 1150 1474 calceamentum
1181 1448 1255 1485 est,
1283 1439 1320 1475 in

334 1495 566 1543 perfectione
585 1508 737 1532 corona.
763 1497 856 1532 Mira
883 1498 1039 1533 mutatio
1053 1526 1062 1543 ‚
1085 1497 1147 1533 ubi
1165 1511 1321 1534 excusso

333 1554 489 1602 pulvere
502 1582 511 1598 ‚
534 1555 562 1590 si
577 1555 660 1603 quis
676 1555 903 1602 adhaeserat,
923 1556 969 1592 de
990 1557 1242 1593 calceamento
1259 1571 1323 1594 co-

335 1625 427 1648 rona
442 1612 616 1649 efficitur.

389 1674 422 1706 (5.
448 1673 491 1705 1η
515 1674 574 1706 dic
591 1674 884 1719 (lesponsationi.s·
906 1683 941 1709 et
957 1677 1114 1710 loetitioe.
1138 1675 1230 1712 Vide
1258 1689 1323 1712 or—

337 1729 475 1765 dinem.
497 1733 605 1767 Unus
629 1730 764 1767 dicitur
789 1731 1090 1781 desponsationis
1109 1742 1145 1770 et
1165 1748 1323 1771 corona-

339 1789 448 1824 tionis
468 1788 559 1824 dics.
581 1789 617 1825 Si
639 1789 736 1825 istud
758 1791 826 1826 scis
843 1820 851 1836 ‚
873 1790 1003 1828 beatus
1029 1806 1068 1828 es
1088 1793 1118 1828 si
1141 1794 1318 1842 sequaris.
1341 1799 1368 1834 C

337 1848 534 1883 Convertis
547 1848 738 1894 ordinem,
754 1849 782 1884 si
799 1850 853 1885 vis
865 1850 969 1898 prius
982 1850 1199 1900 desponsari
1211 1865 1323 1900 quam

337 1906 510 1941 coronari
528 1920 535 1941 :
558 1907 585 1942 si
604 1907 708 1955 prius
731 1907 784 1943 vis
802 1907 848 1943 ad
865 1907 1140 1956 jucunditatem
1161 1919 1198 1946 et
1217 1911 1325 1959 quie-

339 1973 410 1999 tem
432 1964 611 2001 devinciri
633 1966 800 2011 Christo,
832 1980 942 2016 quam
965 1981 1049 2004 cum
1069 1969 1215 2006 Christo
1244 1970 1326 2005 viu-

335 2036 431 2059 ‹·ere.
450 2024 679 2073 Anticipatio
697 2026 849 2074 quidem
882 2026 987 2063 beata
1002 2056 1011 2073 ,
1038 2028 1102 2064 sed
1124 2041 1200 2064 non
1221 2029 1326 2065 ordi-

335 2091 439 2128 nata,
463 2083 492 2118 si
524 2093 609 2119 ante
631 2084 862 2134 triumphum
894 2086 1095 2123 thalamum
1123 2087 1190 2123 tibi
1220 2097 1327 2137 optas

334 2141 509 2177 collocari
538 2157 545 2178 :
573 2143 601 2178 si
626 2151 711 2179 ante
742 2143 908 2180 laborem
935 2145 1131 2193 praesumis
1150 2146 1325 2182 laetitiam.

335 2203 347 2233 l
374 2213 443 2233 uus
459 2209 513 2233 est
535 2201 591 2233 liis
611 2201 730 2234 trihus
747 2204 972 2235 constitutus
990 2203 1067 2236 dies
1085 2219 1091 2236 :
1111 2204 1325 2246 diademati,

335 2255 636 2303 desponsationi,
669 2264 706 2291 et
733 2257 868 2292 laetitiae
897 2257 1031 2293 cordis.
1062 2261 1110 2294 Et
1140 2259 1242 2307 quod
1271 2267 1326 2295 est

335 2327 401 2349 cor
423 2315 632 2351 Salomonis
653 2315 799 2350 nostri?
819 2318 901 2359 l'vs,
927 2316 1068 2364 inquit,
1092 2322 1177 2352 estis
1197 2331 1326 2365 empus

339 2374 494 2416 (striati,
515 2382 548 2407 el
573 2373 734 2407 membra
767 2375 811 2408 de
841 2374 1002 2409 nn‘tnbro
1025 2381 1049 2410 ⁷.
1087 2375 1187 2412 Felix
1217 2376 1326 2424 plane

335 2431 602 2479 quodcumque
632 2431 840 2467 membrum
863 2433 993 2481 capitis
1016 2433 1149 2481 hujus;
1170 2434 1233 2469 sed
1262 2435 1326 2483 qui

336 2503 401 2525 cor
421 2498 474 2525 est
497 2489 578 2538 ejus
594 2519 602 2534 ‚
622 2490 668 2526 de
695 2491 892 2540 przecipuis
915 2500 982 2527 est.
1004 2495 1049 2528 Et
1069 2491 1174 2538 vide,
1192 2493 1220 2528 si
1249 2506 1325 2529 non

1387 1098 1514 1126 sancto
1534 1102 1602 1139 per
1618 1090 1744 1125 omnia
1762 1089 1896 1125 saecula
1915 1089 2152 1125 saeculorum.
2171 1094 2305 1127 Amen.

1387 1233 1836 1243 -s==s==x=s-=======s=zxs=========
1842 1233 1893 1242 ssu
1899 1233 2378 1245 =======ss===muussnmmuuvsu=

1634 1353 1885 1410 SERMO
1941 1354 2130 1409 XXII.

1389 1495 1489 1533 Quam
1502 1491 1636 1537 pulchra
1664 1503 1715 1528 es,
1747 1493 1849 1522 amica
1874 1504 1961 1529 mea,
1993 1504 2084 1537 quam
2105 1491 2268 1536 pulchra!
2294 1493 2379 1524 oculi

1435 1545 1479 1575 tui
1490 1569 1499 1581 V,
1524 1543 1761 1580 columbarum;
1787 1544 1901 1589 absque
1923 1557 1958 1576 eo
1982 1544 2068 1590 quod
2086 1545 2272 1576 intrinsecus
2287 1544 2376 1578 latet.

1435 1598 1554 1630 Cautic.
1572 1608 1640 1640 cap.
1659 1609 1704 1636 iv,
1721 1595 1760 1633 >²-
1784 1601 1811 1629 1.

1780 1724 1963 1738 --flnooo—
1975 1731 1977 1733 ·
1987 1731 1993 1734 -

1448 1851 1476 1887 l.
1499 1853 1581 1886 Non
1602 1857 1755 1885 veretur
1773 1861 1820 1885 ne
1844 1849 1919 1885 suis
1942 1850 2164 1886 intumescat
2182 1849 2378 1897 laudibus,

1391 1918 1428 1945 et
1459 1908 1680 1944 humilitatis
1703 1906 1888 1956 jacturam
1919 1908 2053 1953 faciat,
2076 1908 2183 1957 cujus
2211 1910 2290 1958 ipse
2309 1909 2379 1946 sibi

1393 1966 1712 2017 pnleln‘itudinem
1734 1979 1816 2002 cum
1838 1968 2080 2016 expressione
2101 1976 2202 2004 tanta
2221 1981 2382 2017 sponsus

1392 2025 1643 2063 commendat.
1666 2028 1897 2074 Frequenter
1921 2038 1965 2061 ex
1987 2026 2106 2062 multo
2127 2026 2298 2075 placendi
2316 2027 2383 2064 de-

1392 2085 1530 2122 siderio
1551 2083 1679 2120 subest
1695 2092 1816 2120 metus
1833 2083 2053 2133 displicendi
2069 2101 2078 2131 3
2103 2093 2139 2121 et
2157 2086 2384 2135 propensior

1392 2143 1544 2181 devotio
1564 2142 1803 2179 conscientiae
1819 2143 2053 2178 securitatem
2070 2144 2258 2179 imminuit
2273 2152 2309 2180 et
2326 2144 2382 2180 fu-

1393 2211 1508 2236 ratur.
1527 2200 1624 2246 Quid
1639 2213 1726 2246 ergo
1745 2201 1878 2234 mirum
1898 2201 1926 2235 si
1944 2214 2104 2248 sponsus
2121 2202 2316 2250 applaudit
2331 2202 2384 2239 illi

1391 2259 1437 2295 de
1464 2256 1766 2307 pulchritudine,
1796 2257 2046 2306 affectumque
2078 2257 2217 2295 blanda
2245 2260 2384 2296 allocu-

1393 2319 1492 2354 tione
1505 2316 1709 2360 demulcet,
1721 2328 1833 2364 quem
1849 2325 1969 2352 metus
1984 2317 2199 2354 invexerat?
2211 2322 2381 2366 Quanam

1391 2377 1489 2413 enim
1512 2375 1656 2411 ratione
1684 2374 1959 2410 deformitatem
1982 2388 2057 2411 non
2078 2385 2252 2413 vereatur
2277 2391 2382 2414 suam

1392 2434 1552 2471 hominis
1571 2433 1694 2468 anima
1714 2431 1910 2480 quaelibet,
1933 2446 2015 2481 quae
2035 2435 2153 2470 nostri
2175 2435 2383 2472 Salomonis

1392 2493 1428 2529 iu
1466 2491 1744 2528 matrimonium
1774 2491 1994 2526 asciscitur?
2028 2492 2182 2528 Audivit
2208 2493 2312 2530 illum
2343 2494 2382 2530 in

336 2562 401 2584 cor
420 2557 473 2584 est
487 2578 495 2593 ,
523 2549 586 2597 qui
613 2549 775 2598 quodam
799 2550 834 2585 iu
861 2558 991 2586 ventre
1012 2559 1240 2586 secretorum
1260 2552 1326 2587 Dei
1346 2560 1374 2592 D
1395 2551 1603 2587 diademate
1621 2563 1688 2585 suo
1704 2578 1713 2593 ,
1741 2549 1777 2584 in
1801 2549 1860 2585 die
1876 2550 2177 2598 desponsationis
2191 2559 2228 2586 et
2247 2551 2383 2588 taetitiae.

338 2609 498 2652 fovetur,
521 2609 556 2643 in
580 2609 680 2644 xitali
712 2610 952 2645 affectionum
973 2610 1118 2654 calore,
1139 2610 1177 2645 in
1205 2610 1328 2646 medio

337 2666 636 2702 uwditatiomuu.
651 2670 704 2703 De
721 2667 834 2703 eorde
851 2668 949 2703 cuim
966 2668 1230 2716 cogitationes,
1251 2681 1323 2703 non

335 2725 575 2773 operationes
596 2734 734 2760 exeunt
754 2724 778 2760 ³.
800 2730 889 2762 Jure
909 2740 998 2775 ergo
1016 2739 1081 2761 cor
1100 2734 1154 2761 est
1170 2754 1179 2770 ‚
1207 2726 1270 2774 qui
1290 2727 1326 2762 in

339 2784 462 2820 medio
479 2785 726 2833 spiritualium
750 2786 893 2822 locatus
911 2795 965 2821 est
986 2786 1271 2834 cogitationum,
1291 2786 1326 2821 in

338 2843 564 2891 pinguedine
593 2845 818 2891 gratiarum,
843 2845 877 2880 in
911 2844 1074 2893 quodam
1107 2852 1236 2880 xentre
1261 2858 1327 2880 ve-

336 2901 472 2945 ritatis,
497 2902 532 2936 in
556 2910 662 2937 utero
678 2902 895 2950 sapientise,
915 2902 1020 2950 cujus
1044 2902 1079 2938 in
1104 2911 1193 2951 typo
1221 2904 1326 2939 Salo—

335 2974 421 2996 mon
459 2961 623 3009 ponitur.
655 2965 699 2997 lit
732 2961 881 3009 quidem
916 2975 990 2997 uua
1025 2961 1232 3010 cademque
1268 2963 1326 2997 vel

337 3019 495 3054 Ecclesia
511 3047 520 3063 ‚
546 3020 601 3054 vel
624 3020 745 3055 anima
761 3048 770 3065 ,
791 3028 826 3055 et
854 3034 995 3056 corona
1026 3029 1080 3056 est
1096 3049 1105 3066 ‚
1126 3028 1162 3055 et
1182 3033 1261 3063 cor,
1292 3029 1327 3056 ct

334 3090 483 3126 sponsa.
501 3082 647 3115 Corona
665 3079 701 3113 in
719 3079 840 3126 capite
855 3107 863 3123 ‚
883 3092 1020 3128 sponsa
1040 3079 1086 3115 de
1103 3080 1216 3115 latere
1233 3107 1241 3123 ,
1264 3093 1328 3115 cor

336 3139 370 3172 in
393 3146 523 3172 ventre
554 3151 560 3171 :
585 3151 723 3173 corona
756 3137 790 3172 in
814 3151 984 3184 summo,
1015 3152 1151 3188 sponsa
1174 3139 1208 3174 in
1234 3152 1326 3187 pro-

387 3269 392 3281 ¹
417 3267 503 3293 l‘rm.
521 3274 565 3299 iv,
588 3266 616 3292 9.
636 3283 654 3285 *v
696 3267 904 3297 v'l(jor.7t11,

928 3267 979 3294 ζεῖ.
999 3284 1033 3287 κ
1061 3262 1270 3298 ζλ1.πιιΙι.>,τ,
1292 3268 1340 3294 tn.

1394 2611 1536 2655 cordis,
1559 2610 1594 2645 in
1619 2609 1678 2644 illa
1699 2608 1834 2655 abysso
1851 2609 1978 2657 gloriae
1998 2609 2109 2645 solito
2129 2609 2354 2646 festiviorem
2372 2639 2382 2657 ,

1395 2677 1618 2719 poteratque
1635 2667 1721 2715 jure
1741 2668 1860 2702 vereri
1884 2668 2092 2716 repulsam,
2114 2669 2142 2704 si
2165 2669 2383 2705 deformita-

1396 2729 1440 2763 tis
1473 2736 1508 2763 et
1536 2725 1756 2774 abjectionis
1787 2739 1863 2761 suae
1894 2735 2121 2775 respectaret
2145 2727 2191 2763 ad
2221 2741 2381 2764 causam.

1395 2786 1572 2835 Oportnit
1596 2785 1720 2833 itaque
1742 2793 1781 2820 ut
1812 2785 1980 2820 securior
2007 2785 2152 2821 reddita
2179 2794 2384 2823 resumeret

1395 2844 1560 2879 animum
1577 2871 1586 2888 ,
1607 2851 1641 2878 et
1667 2843 1787 2878 infusa
1816 2843 1986 2879 alacritas
2014 2844 2148 2880 mentis
2175 2844 2304 2880 faciem
2326 2845 2383 2880 vi—

1394 2903 1482 2938 vido
1510 2901 1672 2950 quodam
1707 2901 1832 2936 colore
1853 2902 2111 2950 perfunderet.
2145 2906 2235 2939 Nam
2270 2903 2383 2939 totius

1393 2962 1478 2997 vita}
1501 2969 1538 2996 et
1555 2973 1712 3008 operum
1738 2960 1894 3008 pulchro
1914 2961 2030 2996 vultui
2054 2961 2258 3009 plurimum
2288 2960 2385 3010 adji-

1393 3020 1439 3056 cit
1462 3020 1596 3056 mentis
1616 3019 1791 3054 hilaritas.
1811 3022 2012 3068 Propterea
2041 3020 2076 3055 in
2107 3020 2207 3056 hunc
2230 3020 2383 3056 modum

1394 3080 1549 3115 amicam
1571 3091 1730 3127 sponsus
1750 3078 1952 3126 alloquitur
1979 3093 1986 3114 :
2011 3080 2131 3122 Quam
2146 3079 2312 3127 pulchra
2331 3092 2381 3122 es,

1394 3145 1516 3174 anm-11
1553 3141 1658 3173 mea!
1687 3138 1825 3174 Similia
1860 3138 1934 3173 fere
1965 3137 2060 3173 dicta
2089 3145 2174 3173 sunt
2202 3150 2314 3186 supra
2346 3137 2383 3173 in

2484 0 2504 613 -t-*fflnn
