2418 3949
109 198 184 234 217

796 201 843 235 IN
873 201 1098 243 CANTICA,
1129 200 1289 236 SERMO
1317 202 1460 236 XXXI.

2074 203 2148 241 218

106 277 151 315 ad
171 277 368 314 mulierum
393 285 426 313 te
447 276 568 314 studia
586 276 713 322 mino,
733 290 816 326 quae
837 277 1009 327 corporei
1028 274 1438 324 ‹le-'⁰³C01npassi0nis
1471 285 1508 313 ct
1541 277 1874 326 congratulationis
1897 278 2052 317 affectus
2086 282 2148 317 in-

106 337 203 373 coris
229 345 265 372 et
293 337 413 373 cultus
433 344 469 372 et
491 349 644 386 operam
671 345 829 386 gerunt,
858 346 895 373 et
916 344 1093 374 assecutae
1111 340 1138 373 A
1160 342 1217 370 tus
1234 343 1407 371 nascatur
1429 335 1512 381 tibi,
1537 337 1601 373 scd
1625 350 1693 386 per
1709 338 1910 387 Scripturae
1926 352 2040 376 sacrae
2061 353 2147 377 ver·

105 404 193 432 sunt
210 404 340 432 artem.
361 394 459 443 Quid
477 395 574 431 enim
597 396 710 445 magis
733 396 908 432 affectant
927 395 966 431 in
983 407 1092 431 orna-

107 463 184 490 tum
216 453 400 503 pectoris,
432 467 545 503 quam
573 467 620 490 ne
643 467 813 490 mammae
841 466 1090 503 superexcre-

106 521 232 560 scant,
253 522 290 549 et
317 512 536 549 deformiter
558 513 727 559 fluitent,
745 520 781 549 ct
795 512 956 562 pectoris
976 512 1091 561 ipsius

105 581 293 621 occupent
308 572 424 621 spatia
438 572 452 606 Ξ)
468 571 557 608 Ideo
578 579 833 607 excrescentes
850 578 886 606 ct
905 570 1091 606 fluitantes

106 631 225 667 fasciis
243 628 493 680 pectoralibus
509 630 716 679 stringunt,
737 638 880 666 naturae
897 629 988 665 vitio
1012 636 1091 665 arte

105 690 307 726 medentes.
330 689 488 725 Pulchra
508 697 596 724 sunt
617 689 717 725 enim
740 688 874 735 ubera,
890 701 974 738 quae
993 702 1090 738 pau-

103 750 223 785 lulum
255 747 557 798 supereminent,
584 756 621 784 ct
649 755 794 784 tument
820 748 965 784 modice
989 762 996 784 :
1023 760 1091 784 nec

101 809 197 845 elata
211 808 340 853 nimis,
359 820 428 844 nec
456 816 579 844 tamen
606 816 750 856 aequata
777 809 879 844 carni
909 808 1090 856 reliquae3

101 868 207 917 quasi
234 880 424 916 repressa,
455 867 519 903 sed
551 879 627 903 non
656 866 1009 916 depressa31eniter
1037 880 1092 903 re-

101 928 228 965 stricta
240 956 249 973 ,
274 940 350 964 non
371 927 557 964 fluitantia
573 927 740 969 licenter.
758 930 840 963 Hoc
857 927 1008 976 quidem
1024 940 1092 964 ex-

101 987 228 1037 emplo
247 987 312 1036 qui
327 985 440 1022 verba
456 985 576 1032 bona,
595 985 710 1022 verba
724 986 957 1035 spiritualiafl
980 985 1092 1022 debet

1156 392 1202 430 ba
1216 422 1225 440 ,
1246 407 1288 430 ac
1308 394 1337 430 si
1360 394 1476 431 ubera
1502 396 1672 444 quaedam
1686 426 1696 442 ,
1717 397 1762 433 ad
1789 397 2050 435 educationem
2077 413 2147 436 au-

1157 453 1338 490 dientium
1351 455 1526 504 profluat.
1539 456 1678 492 Pudice
1689 456 1856 505 quidem,
1873 466 1915 493 ut
1931 458 1967 494 in
1979 471 2019 495 re
2031 460 2125 496 seria
2136 474 2146 505 ;

1157 521 1194 549 et
1216 513 1423 562 petulantia
1443 513 1557 558 absit,
1579 522 1616 550 et
1640 516 1818 551 serenitas
1840 516 1949 553 adsit.
1977 517 2035 554 Ad
2060 519 2150 568 pul-

1157 571 1406 608 chritudinem
1434 573 1534 608 enim
1571 586 1817 610 mammarum
1852 576 2017 622 accedit,
2052 578 2082 614 si
2110 591 2148 614 se

1156 630 1352 678 paululum
1370 632 1561 676 attollant,
1581 640 1617 667 et
1636 640 1821 679 tumeant,
1839 635 1984 672 modice
2002 645 2125 674 tamen
2137 667 2146 684 ,

1156 696 1199 724 ut
1219 687 1381 724 habeant
1402 690 1632 725 auctoritatis
1648 699 1831 738 quantum
1852 701 1907 728 sat
1924 703 2001 740 est,
2022 705 2151 733 auste-

1157 747 1277 784 ritatis
1297 748 1403 784 nihil.

1210 809 1246 843 5.
1278 807 1367 843 Ideo
1390 815 1428 843 et
1456 811 1544 843 vino
1565 812 1716 844 meliora
1740 808 1918 846 dicuutur
1937 811 2065 850 ubera.
2094 816 2152 852 Sic

1157 865 1254 901 enim
1277 866 1314 902 in
1333 866 1442 902 laude
1467 879 1597 903 eorum
1621 868 1744 903 statim
1770 868 1966 917 sequitur:
1989 873 2153 910 flleliora

1157 934 1241 960 sunt
1257 925 1368 961 ubera
1388 934 1451 961 tua
1475 930 1578 962 vino.
1600 925 1727 963 Ubera
1749 927 1895 975 gratiae,
1917 928 2032 965 ubera
2059 945 2151 968 con-

1158 985 1370 1030 solationis,
1393 986 1621 1022 austeritatis
1645 994 1682 1021 et
1711 986 1859 1022 duritia·
1888 987 1976 1023 vino
1998 991 2153 1027 meliora

100 1046 293 1096 proferre,
321 1045 520 1082 mulierum
546 1045 715 1081 imitetur
737 1053 774 1081 et
803 1045 948 1090 studia,
971 1054 1008 1081 et
1027 1046 1090 1082 in-
1110 1046 1138 1080 B
1159 1053 1267 1091 sunt,
1289 1045 1378 1094 quia
1405 1046 1640 1092 efficaciora,
1663 1054 1700 1082 et
1728 1046 2011 1084 accommodata
2039 1051 2155 1100 magis

94 1106 293 1143 dustriam.
313 1105 497 1154 Castigato
518 1112 645 1141 utatur
672 1117 868 1149 sermone,
884 1103 1090 1141 verborum

100 1178 178 1201 non
200 1165 348 1201 fluitent
370 1163 485 1200 ubera
498 1192 507 1210 ,
524 1176 599 1200 non
618 1163 698 1200 sine
712 1164 792 1212 lege
809 1163 994 1209 ferantur,
1013 1176 1092 1200 non

98 1232 230 1273 pectus
255 1231 293 1260 et
319 1221 510 1272 quoddam
539 1222 780 1259 secretarium
813 1223 948 1258 mentis
975 1222 1093 1271 magis

97 1291 303 1333 occupent,
324 1296 436 1332 quam
457 1290 612 1328 ornent3
634 1295 711 1318 non
731 1281 894 1318 habeant
910 1282 996 1331 plus
1013 1295 1092 1318 ma-

99 1343 200 1379 teriae
216 1355 327 1391 quam
343 1341 488 1391 gratiae3
506 1353 583 1377 non
602 1341 686 1389 plus
702 1340 824 1377 carnis
844 1353 956 1389 quani
974 1341 1090 1377 lactis.

99 1406 218 1439 Purus
237 1409 274 1437 et
296 1400 464 1450 prudens
487 1400 532 1436 sit
560 1412 684 1436 sermo
711 1412 781 1449 pro
812 1408 995 1449 tempore.
1018 1404 1092 1436 Ac—

98 1461 206 1498 cedat
222 1461 296 1497 huc
317 1461 452 1511 pietas,
473 1469 510 1498 et
526 1460 816 1510 pulchritudinis
838 1468 1091 1496 numeroste-

99 1528 196 1557 neat.
214 1523 296 1556 Non
316 1519 452 1555 habeat
470 1519 553 1568 plus
569 1519 644 1554 oris
657 1547 666 1564 ,
684 1532 796 1567 quain
818 1519 999 1567 pectoris,
1021 1532 1090 1555 nec

99 1580 203 1616 lactis
217 1579 360 1615 fluxum
378 1579 554 1628 patiatur.
576 1581 629 1615 Ex
649 1586 802 1627 pectore
817 1577 957 1614 debent
974 1577 1090 1614 ubera

97 1639 275 1689 prodire,
297 1647 334 1675 et
357 1638 539 1674 inhaerere
564 1637 637 1683 illi,
664 1650 742 1673 non
770 1637 892 1687 ipsum
920 1637 1090 1674 converti

98 1699 136 1734 in
156 1698 230 1734 illa.
262 1701 315 1734 Ex
336 1696 566 1734 abundantia
594 1696 719 1733 cordis
739 1709 780 1733 os
802 1697 1001 1746 loquatur,
1030 1697 1089 1732 lo-

97 1765 236 1806 quatur
263 1770 307 1793 ex
336 1757 416 1801 illa,
449 1769 526 1792 non
557 1764 675 1792 totum
705 1755 887 1793 effundat.
918 1757 1091 1793 Restrin-

1158 1104 1205 1140 ad
1235 1105 1546 1141 commutandum
1579 1106 1703 1141 tristes
1734 1113 1771 1141 et
1797 1115 2037 1155 exasperatos
2067 1109 2156 1145 affe·
2185 1121 2192 1130 ·

1158 1171 1262 1209 ctus,
1283 1171 1319 1199 et
1338 1163 1385 1200 ad
1406 1164 1688 1200 confovendum
1709 1163 1913 1200 imbecilles
1933 1173 1969 1200 et
1992 1173 2153 1203 teneros.

1157 1223 1318 1259 Facilius
1347 1231 1529 1268 movent,
1557 1231 1594 1259 et
1623 1223 1753 1259 fovent
1786 1223 1946 1260 suavius.
1985 1225 2152 1263 Verbum

1159 1281 1258 1317 enim
1275 1281 1404 1328 dulce,
1425 1290 1462 1318 et
1479 1281 1622 1331 mitigat
1636 1281 1826 1328 inimicos,
1842 1291 1878 1318 et
1896 1283 2036 1320 amicos
2056 1286 2153 1322 mul-

1159 1341 1335 1389 tiplicat4.
1355 1342 1473 1378 Dulce
1497 1342 1690 1390 Evangelii
1713 1340 1890 1388 verbum,
1915 1342 2052 1380 durum
2078 1348 2152 1381 Le-

1156 1401 1223 1450 gis.
1245 1404 1291 1437 Et
1311 1401 1399 1437 vide
1419 1401 1612 1450 quomodo
1631 1400 1791 1437 verbum
1810 1401 1919 1438 dulce
1935 1403 2051 1440 effera
2066 1417 2153 1453 gen-

1158 1460 1250 1496 tium
1266 1460 1380 1496 corda
1396 1461 1608 1505 convertit,
1628 1468 1664 1497 et
1681 1461 1786 1509 quasi
1805 1461 1970 1498 marinos
1984 1471 2020 1498 et
2035 1464 2152 1500 salsos

1156 1517 1292 1554 ssuctus
1324 1518 1363 1554 iu
1395 1519 1499 1555 lactis
1529 1531 1715 1568 saporem.
1747 1521 2054 1565 mandationem,
2090 1523 2152 1559 in-

1155 1577 1255 1626 quit,
1274 1582 1387 1613 maris
1406 1582 1515 1626 quasi
1539 1581 1596 1613 lac
1619 1577 1784 1627 Stcgeuc5.
1800 1582 1856 1615 De
1872 1582 2064 1629 Apostolis
2083 1582 2155 1620 hoc

1155 1635 1297 1672 dictum
1315 1644 1369 1672 est
1388 1635 1458 1672 sub
1480 1644 1572 1685 typo
1592 1635 1760 1673 Zabulon
1778 1644 1816 1672 et
1833 1639 2011 1675 Issachar.
2033 1641 2156 1678 Hodie

1155 1696 1239 1745 quis
1258 1709 1408 1732 amarus
1423 1704 1459 1732 et
1482 1695 1654 1732 turbidus
1675 1696 1781 1732 fluit?
1802 1709 1848 1733 nc
1866 1696 2060 1747 desperes,
2084 1701 2154 1737 ad-

1156 1753 1242 1790 hibe
1270 1754 1407 1799 ubera,
1430 1754 1569 1791 instilla
1595 1755 1671 1800 lac,
1693 1755 1788 1791 forte
1819 1763 1855 1791 et
1883 1756 1962 1805 ipse
1987 1770 2068 1795 cras
2097 1759 2153 1795 la—

99 1816 221 1866 gcnda
246 1825 333 1853 sunt
360 1815 496 1859 ubera,
520 1828 566 1852 ne
586 1815 696 1851 nimis
715 1815 935 1852 exuberent.
958 1815 1091 1852 Videas
1111 1818 1138 1854 C
1157 1823 1261 1851 cteus
1282 1815 1385 1851 fluct.
1408 1815 1500 1862 Quis
1519 1815 1588 1851 scit
1608 1815 1637 1851 si
1658 1828 1734 1851 non
1753 1815 1900 1852 modica
1917 1817 2013 1854 stilla
2035 1827 2149 1856 totam

98 1876 242 1925 aliquos
260 1876 349 1912 dum
374 1875 489 1911 verba
515 1875 767 1911 consolatoria
791 1876 876 1924 plus
902 1889 1010 1924 aequo
1032 1888 1091 1912 sc-

97 1944 257 1980 etantur,
275 1935 312 1971 in
332 1948 428 1971 vana
446 1934 597 1970 devolvi
615 1949 622 1970 ε
641 1942 677 1970 et
695 1934 782 1970 (lum
803 1935 991 1971 auditores
1007 1935 1092 1970 lon-

97 2006 145 2043 go
167 2001 345 2043 pcrtzesos
369 1992 538 2036 silentio,
573 2000 609 2028 et
630 1992 735 2041 quasi
762 1993 922 2041 quadani
950 1992 1091 2029 subtriu

98 2061 171 2088 stes
187 2051 313 2088 acedia
329 2051 535 2087 exhilarare
552 2051 706 2096 volunt,
724 2052 926 2101 petulantis
944 2052 1091 2088 lascivia

96 2112 232 2160 linguae
270 2119 354 2160 post
391 2111 495 2146 utilia
528 2111 726 2159 profluunt
754 2111 799 2146 ad
823 2111 991 2147 scurrilia
1009 2140 1017 2155 ,
1057 2119 1093 2146 ct

98 2169 248 2206 modico
275 2170 462 2205 frumento
483 2169 642 2204 multum
664 2169 889 2205 zizaniorum
913 2178 977 2205 aut
996 2183 1094 2218 prae—

95 2228 302 2272 seminant,
329 2235 392 2263 aut
421 2227 731 2277 superseminant.
759 2231 989 2276 Loquuntur
1013 2228 1093 2277 pla-

96 2287 216 2324 centia
229 2316 238 2334 ,
262 2295 299 2323 ct
315 2286 495 2323 doctrinae
506 2300 647 2334 panem
669 2290 705 2322 in
724 2285 978 2333 risufizcimec,
997 2287 1093 2323 sicut

94 2347 274 2397 scriptum
299 2352 375 2382 cst·
400 2361 408 2382 :
429 2344 494 2382 sed
515 2345 628 2394 paulo
650 2353 734 2394 post
761 2346 876 2381 risum
890 2374 899 2391 ,
922 2345 1001 2382 sine
1022 2359 1092 2395 pa-

95 2420 160 2452 ne,
180 2406 259 2443 sine
283 2418 379 2455 pane
406 2404 512 2442 verbi
543 2405 727 2442 salutaris.
751 2408 834 2442 Non
865 2413 921 2442 est
942 2405 1091 2441 adulte-

94 2465 253 2503 randum
274 2464 430 2502 verbum
448 2464 516 2500 Dei
530 2470 556 2510 ²,
579 2477 647 2500 nec
663 2464 894 2500 admixtione
915 2477 1090 2500 corrum—

92 2525 258 2575 pendum
273 2523 481 2574 peregrina.
498 2523 580 2559 Suis
597 2523 643 2559 sit
655 2531 876 2559 contentum
893 2521 1087 2568 uberibus,

1158 1887 1314 1910 massam
1342 1875 1564 1910 convertat?
1591 1873 1706 1909 Dabit
1736 1875 1835 1910 enim
1866 1878 2043 1912 Dominus
2070 1892 2155 1914 vcr-

1157 1933 1239 1969 bum
1264 1934 1597 1981 (evangelizantibus
1626 1938 1764 1970 vlrlute
1792 1937 1922 1971 [melta.
1953 1937 2094 1974 Sterilis
2117 1947 2153 1975 et

1158 1991 1306 2027 infirma
1327 2000 1381 2027 est
1402 1992 1580 2027 severitas
1606 1992 1715 2040 legis,
1734 2000 1770 2027 et
1788 1993 1867 2027 sinc
1887 1995 2004 2041 gratia
2022 1998 2154 2045 praeei-

1158 2051 1233 2099 pit,
1255 2059 1291 2086 et
1308 2051 1387 2086 sine
1404 2051 1514 2087 venia
1538 2051 1670 2100 punit,
1702 2059 1865 2099 utroque
1894 2052 2009 2089 ubere
2039 2064 2152 2093 caret.

1159 2113 1201 2145 In
1220 2110 1523 2158 praeliguratione
1541 2110 1618 2145 liaec
1636 2110 1803 2145 continet
1816 2138 1825 2155 ,
1844 2111 1908 2146 scd
1926 2112 1963 2147 in
1979 2121 2062 2149 actu
2078 2127 2154 2152 non

1161 2167 1323 2204 exbibet.
1349 2172 1538 2204 Memento
1558 2180 1634 2203 non
1656 2168 1781 2217 Legis,
1799 2168 1862 2204 sed
1883 2172 2072 2220 Evangelii
2091 2175 2157 2211 mi-

1160 2227 1319 2263 nistrum
1341 2235 1375 2263 te
1393 2240 1492 2272 esse,
1515 2227 1727 2263 ministrum
1746 2231 1833 2263 Jesu
1847 2256 1855 2272 ,
1879 2230 1943 2277 qui
1965 2231 2000 2265 in
2016 2233 2157 2279 passio-

1159 2299 1206 2322 nc
1234 2294 1380 2322 acetum
1396 2314 1405 2331 ,
1429 2295 1465 2322 et
1489 2287 1525 2322 in
1550 2299 1657 2322 coena
1678 2287 1757 2322 vini
1779 2287 1914 2323 veteris
1936 2290 2155 2338 reprobavit

1158 2358 1320 2382 acorem.
1349 2345 1581 2382 Novatiauus
1611 2358 1687 2381 non
1721 2345 1833 2382 habet
1864 2360 2065 2386 mammam
2095 2364 2157 2388 vc-

1157 2404 1247 2450 niae,
1266 2417 1335 2440 nce
1351 2405 1522 2453 Pelagius
1542 2405 1681 2453 gratiae.
1700 2405 1766 2441 Ille
1780 2413 1924 2442 natura?
1939 2408 2158 2448 inveterata}

1157 2472 1195 2500 et
1218 2473 1407 2513 corruptae
1425 2463 1525 2500 bona
1545 2464 1745 2513 praedicat,
1765 2473 1801 2501 et
1821 2465 2061 2514 adjustitiam
2079 2472 2157 2506 sus—

1158 2524 1269 2559 licere
1283 2523 1373 2560 dicit
1392 2538 1399 2560 :
1415 2524 1475 2560 hic
1492 2524 1627 2561 ‹livina-
1644 2533 1787 2561 naturae
1805 2524 2010 2564 bonitatem
2033 2529 2153 2575 tollit,

93 2583 273 2622 uberibus
303 2583 499 2632 utriusque
527 2582 766 2619 Testamenti.
791 2586 879 2620 1-1aec
911 2581 977 2618 tibi
1011 2594 1090 2618 me-
1105 2589 1138 2623 D
1156 2583 1245 2619 dnm
1267 2583 1526 2632 poenitentiam
1550 2592 1671 2633 negat.
1686 2585 1775 2628 Ille,
1796 2593 1835 2621 ut
1852 2586 1903 2622 sic
1923 2586 2067 2633 dicam,
2094 2603 2155 2627 re-

94 2643 249 2680 moriter
275 2642 312 2678 in
333 2650 486 2692 pectore
511 2641 695 2686 haereant,
728 2641 806 2677 liaec
829 2640 895 2677 tibi
916 2641 1091 2677 consola-

94 2700 232 2737 torium
252 2708 289 2736 et
305 2699 409 2748 quasi
432 2700 590 2736 lacteum
621 2712 833 2735 sermonem
855 2698 1088 2744 ministrent,

91 2759 161 2796 ista
174 2766 373 2809 suggerant
392 2758 496 2808 quod
519 2758 580 2794 alii
597 2766 743 2807 sugant.
768 2761 822 2794 De
847 2766 1000 2807 pectore
1024 2765 1088 2793 tuo

94 2826 294 2868 erumpant
323 2817 520 2863 radicitus,
544 2825 585 2853 ut
618 2830 694 2853 non
716 2817 791 2853 siut
815 2817 985 2853 affectata
1004 2830 1088 2865 qua>

93 2877 197 2923 dicis,
215 2877 279 2914 sed
293 2876 339 2914 de
354 2890 451 2927 puro
469 2885 504 2913 et
521 2875 753 2926 praecordiali
772 2877 918 2926 prolata
931 2876 1065 2913 affectu
1077 2905 1087 2923 ,

90 2936 197 2986 jtixta
210 2937 302 2974 illud
321 2951 328 2973 :

397 3072 428 3102 Si
454 3071 499 3102 vis
513 3082 560 3103 me
579 3071 672 3109 llere,
694 3070 862 3102 dolendum
879 3077 922 3102 est

186 3126 290 3157 Primo
309 3125 366 3168 ipsi
385 3125 441 3156 tibi
454 3124 478 3157 3.

144 3256 150 3269 “
171 3249 268 3280 Ι·“,(’(·1ι·.
288 3261 329 3287 x,
354 3252 403 3280 19.
423 3266 463 3271 --
488 3254 498 3269 ²
523 3252 548 3279 ΙΙ
567 3252 638 3280 Cor.
662 3260 704 3285 tv,
725 3253 754 3280 9..
779 3266 819 3270 ›-—
845 3247 858 3269 3
880 3251 988 3280 llorat.
1011 3251 1076 3280 ΛιἸ.
1098 3254 1182 3290 poet.
1211 3259 1289 3278 vers.
1314 3252 1395 3284 1012,
1421 3252 1516 3280 1053.>

101 3305 150 3332 19.
170 3320 206 3323 —m
225 3300 241 3322 (ἶ
259 3301 338 3333 l‘sal.
359 3312 460 3338 mxvii,
484 3305 542 3338 112,
571 3306 619 3332 ΙΙ.

1156 2650 1267 2679 vocat
1302 2650 1491 2691 petentes,
1525 2642 1585 2678 hic.
1622 2655 1696 2678 non
1727 2643 1883 2693 suscipit
1910 2647 2149 2694 ptrnitentcs.

1154 2705 1387 2738 vetustatem
1406 2701 1466 2736 ille
1482 2702 1682 2751 propinat,
1706 2702 1764 2738 liic
1781 2704 2048 2742 austeritatem.
2067 2710 2150 2744 Non

1154 2763 1267 2803 habet
1292 2762 1373 2810 ejus
1400 2762 1570 2799 doctrina
1595 2764 1722 2812 gratiae
1747 2764 1899 2801 lacteam
1929 2767 2149 2814 novitatem,

1155 2835 1223 2858 nec
1256 2821 1368 2870 liujus
1395 2821 1646 2857 dnlcedinem.
1682 2825 1860 2867 Parasti,
1888 2825 2007 2873 inquit
2049 2830 2152 2865 Psal—

1155 2882 1279 2925 mista,
1297 2886 1333 2916 1¹11
1352 2883 1550 2916 dulcedine
1569 2890 1632 2917 ma
1645 2888 1818 2930 pauperi,
1837 2883 1970 2921 D‹·!1s‘³.
1988 2887 2154 2936 Pelagius

1156 2941 1260 2977 (lives
1285 2950 1361 2985 cst,
1384 2954 1459 2976 non
1490 2950 1572 2990 eget
1602 2942 1668 2977 liac
1700 2942 1898 2979 dulcedine
1920 2959 1927 2980 :
1952 2945 2156 2985 innascitur

1153 3000 1186 3036 ei
1202 3028 1211 3044 ,
1235 3013 1310 3035 non
1342 3008 1507 3048 paratur.
1546 3001 1712 3050 Pelagius
1738 3001 1848 3047 dicit,
1869 3007 1949 3039 Non
1976 3005 2125 3054 indigeo
2145 3023 2152 3044 :

1154 3068 1191 3095 et
1226 3059 1477 3103 Novatiauus,
1504 3063 1583 3095 Non
1616 3061 1802 3110 indulgeo.
1837 3063 1940 3099 Alter
1970 3067 2154 3113 pizcdives

1154 3127 1228 3163 est,
1262 3118 1356 3154 alter
1389 3118 1598 3167 praedurus.
1635 3123 1750 3163 l‘ara,
1787 3122 1966 3168 Domine,
1998 3137 2085 3172 para
2117 3127 2152 3162 in

1574 3249 1586 3275 -3
1603 3251 1697 3281 1·“.(·(“Ιί.
1714 3263 1756 3282 xi.
1779 3256 1807 3281 ξι.
1828 3271 1865 3274 -ω
1888 3250 1900 3271 5
1921 3254 2009 3283 lli-nl.
2036 3266 2154 3291 xxxiii,

1396 3300 1618 3332 ‹·.rn.xol‹1!or·1‘‹1.

1242 3304 1254 3317 ‘¹
1274 3301 1377 3336 Atlas,
