2418 3949
82 207 155 244 ι253

745 209 794 242 IN
822 207 1046 252 CANTICA,
1071 207 1233 242 SERMO
1262 207 1437 241 XXXVI.

81 285 256 321 fructum.
287 284 370 321 Noli
396 283 442 320 de
466 291 623 328 caeterO,
641 295 798 332 sponsa,
820 283 895 319 noli
917 283 1064 328 dicere,
1079 281 1108 299 ¹²

2057 207 2129 246 254

1113 280 1307 329 ²exsurgis
1332 281 1370 316 in
1391 281 1521 316 altum.
1558 280 1716 317 Pulchra
1737 281 1904 318 ascensio
1923 295 1930 317 :
1949 282 2014 318 sed
2046 284 2133 320 vide

86 345 183 389 Quia
197 341 309 390 fusca
336 356 442 387 sum‚·
460 341 539 378 noli
565 342 726 391 amplius
758 349 793 377 te
823 341 1071 378 decoloratam
1091 345 1121 378 A
1136 347 1179 375 ut
1198 339 1398 375 descensus
1415 340 1655 376 cinnamomo
1680 340 1726 376 sit
1751 340 1892 376 similis.
1914 343 2008 378 Cum
2031 350 2066 378 te
2085 341 2134 378 ab

81 415 215 438 vocare
230 409 253 438 ¹.
288 405 370 439 Jam
406 401 505 438 enim
542 401 671 450 sponsi
707 401 823 450 ipsius
859 401 1072 437 testimonio

82 473 214 498 croceo
236 461 363 497 colore
383 460 620 509 resplendes,
648 473 732 508 quae
752 472 904 496 crocum
922 460 1072 497 emittis.

82 523 182 556 Bene
207 532 341 556 croceo
370 519 464 554 nitet
489 518 639 565 colore,
667 530 778 566 quem
808 530 884 554 non
916 517 1076 554 infuscat

83 579 253 624 fatuitas,
284 591 396 627 quem
425 591 501 614 non
533 577 631 613 taedii
661 584 698 613 et
729 576 936 613 deficientis
962 576 1077 612 animi

84 637 333 674 moribundus
356 638 477 686 pallor
498 637 615 673 inficit
635 651 643 672 :
665 635 728 672 sed
751 635 941 684 sapientiae
966 635 1078 684 fulgi-

83 695 174 741 dus,
197 704 234 731 et
254 696 387 732 rutilus
405 695 594 731 charitatis
613 694 719 730 color
741 693 934 730 exhilarat.

136 756 173 791 5.
197 755 234 792 Si
252 754 411 790 velimus
427 754 506 790 haec
529 753 575 789 ad
597 753 732 790 Christi
751 765 952 801 personam
971 751 1081 788 refle-

84 821 206 857 ctere,
240 825 406 861 congrua
445 812 558 860 plane
593 811 854 860 interpretatio
892 811 1075 860 sequitur.

83 872 175 920 Quis
203 871 319 921 magis
348 872 432 908 oleo
470 871 648 907 decoctus
677 879 732 906 est
761 871 1020 920 gratiaePIpse
1039 871 1078 907 in

85 942 221 967 manna
240 930 480 979 intelligitur,
502 930 582 980 ipse
605 929 758 966 seminis
787 930 893 979 cypri
916 930 1079 979 speciem

86 997 209 1034 tenet,
229 989 308 1038 ipse
335 989 518 1038 passionis
537 1001 648 1026 cruce
674 1001 825 1038 pressus
848 997 1079 1026 sacramenta

1138 411 1293 434 ascensu
1313 399 1377 434 illo
1394 406 1431 434 et
1450 411 1604 434 excessu
1622 399 1747 447 aliqua
1773 398 2004 436 rationabilis
2023 413 2135 436 causa

1139 466 1291 495 revocat
1308 467 1345 494 et
1363 459 1576 507 restringit,
1599 467 1679 494 esto
1706 459 1809 495 velut
1835 460 2130 496 cinnamomum.

1142 518 1337 566 Colloquia
1367 526 1448 563 tua,
1469 518 1706 553 conversatio
1737 518 1948 554 communis
1978 519 2135 567 gratiam

1142 574 1297 623 spirent.
1318 577 1365 610 Et
1384 574 1413 610 si
1433 574 1479 610 de
1495 574 1690 610 voluntate
1710 582 1773 610 tua
1795 583 1831 611 et
1850 577 2048 625 proposito
2065 577 2136 613 ali-

1144 633 1291 681 quoties
1311 633 1514 669 reflecteris
1528 661 1538 678 ,
1557 632 1602 668 ad
1619 633 1776 669 senioris
1805 633 2002 671 arbitrium
2027 635 2138 672 refle-

1145 705 1192 727 xa
1217 700 1254 727 et
1285 692 1390 740 quasi
1420 692 1536 728 fracta
1569 692 1615 728 sit
1641 692 1840 729 voluntas:
1859 706 1936 729 non
1968 707 2141 731 murmur

1145 759 1318 797 resonet,
1336 763 1413 787 non
1443 751 1694 800 querimonia.
1716 754 1806 787 Esto
1827 751 2106 789 cinnamomum
2128 768 2138 790 ε

1145 810 1274 846 emitte
1309 810 1582 859 spiramentum
1618 810 1764 858 gratiae,
1798 823 1875 846 non
1914 823 2139 859 responsum

1143 868 1303 918 injuriae.
1324 869 1415 906 Ideo
1442 869 1678 906 confractum
1699 868 1844 906 visibile
1866 869 2139 918 spiramentum

1144 928 1304 973 emittit,
1327 941 1373 965 eo
1405 928 1506 977 quod
1538 929 1659 965 virtus
1680 928 1902 965 humilitatis
1921 928 1960 964 in
1980 928 2141 965 infirmi-

1144 995 1220 1023 tate
1239 987 1450 1024 vexationis
1464 1016 1474 1033 ,
1504 996 1541 1024 et
1559 988 1664 1024 velut
1684 987 1877 1024 fractionis
1890 1015 1899 1032 ,
1927 987 2077 1036 proficit
2103 995 2141 1024 et

86 1048 214 1085 salutis
228 1056 265 1084 et
283 1056 474 1097 unguenta
493 1048 620 1097 gratiae
635 1048 807 1098 profudit
823 1064 831 1085 :
847 1048 927 1098 ipse
948 1049 985 1085 in
1005 1061 1074 1098 cy-
1095 1049 1123 1083 Β
1143 1045 1340 1094 probatur.
1370 1049 1417 1082 Et
1447 1046 1718 1095 spiramentum
1732 1074 1741 1091 ,
1764 1054 1801 1082 et
1820 1044 1965 1082 visibile
1986 1045 2136 1082 dicitur.

86 1120 157 1156 pro
176 1107 335 1156 patitur,
358 1114 395 1142 et
420 1106 458 1142 in
485 1106 605 1142 nardo
622 1107 821 1156 sepelitur,
842 1115 879 1143 et
895 1107 941 1143 de
960 1106 1075 1143 corde

87 1174 195 1202 terrae
212 1165 373 1214 resurgit
390 1165 429 1201 in
447 1178 570 1202 croco.
593 1166 706 1212 Quasi
729 1178 850 1202 novus
868 1166 937 1203 flos
957 1174 994 1202 et
1010 1179 1075 1202 ru-

87 1224 194 1270 tilus,
209 1224 360 1274 quando
379 1236 448 1274 per
467 1225 779 1261 resurrectionem
803 1224 886 1273 ejus
906 1238 993 1261 caro
1011 1237 1073 1261 re-

90 1284 226 1320 floruit.
243 1287 288 1320 Et
303 1284 457 1320 fortasse
473 1284 510 1320 in
527 1284 647 1320 fistula
667 1283 834 1321 ascendit
855 1284 901 1320 ad
920 1284 1071 1321 coelum.

90 1346 179 1380 Haec
195 1344 294 1380 enim
315 1342 428 1380 arbor
447 1344 484 1379 in
511 1344 625 1380 altum
647 1344 847 1389 excrescit3
873 1352 910 1379 et
939 1356 1078 1394 sponsa

89 1400 171 1450 ejus
199 1401 304 1451 quasi
333 1402 559 1451 compatitur
589 1401 626 1437 in
656 1415 796 1451 cypro,
825 1403 1078 1451 consepelitur

94 1460 131 1497 in
153 1460 270 1497 nardo
284 1489 293 1505 ,
327 1466 376 1497 et'
391 1461 429 1497 in
450 1474 562 1497 croco
593 1461 838 1509 conresurgit.
874 1460 971 1508 Quid
992 1473 1081 1509 ergo

94 1533 326 1568 consequens
345 1528 422 1564 est,
445 1520 515 1555 nisi
544 1527 584 1555 ut
613 1519 835 1555 coascendat
864 1519 901 1554 in
929 1519 1082 1555 fistula?

94 1579 132 1615 Si
151 1579 249 1614 enim
266 1578 544 1615 conresurrexit
558 1591 698 1627 sponso
709 1605 718 1622 ‚
739 1591 821 1627 quae
836 1590 982 1614 sursum
997 1586 1083 1615 sunt

95 1650 262 1686 quaerere
294 1636 422 1682 debet,
457 1650 540 1685 quae
559 1650 706 1673 sursum
737 1646 824 1673 sunt
845 1650 996 1686 sapere,
1019 1636 1084 1674 ubi

95 1708 255 1744 sponsus
274 1694 354 1743 ejus
371 1704 425 1731 est
440 1696 478 1731 in
494 1695 647 1731 dextera
666 1696 734 1731 Dei
751 1695 884 1731 sedens
898 1701 921 1731 ².
944 1698 1084 1732 Fistula

95 1763 131 1789 e!
144 1758 427 1790 cinnamomum.
447 1754 586 1790 Fistula
605 1754 771 1802 exsurgit
789 1754 825 1789 in
842 1754 978 1799 altum,
1004 1755 1086 1791 cin·-

1141 1104 1417 1153 Spiramentum
1432 1132 1442 1150 ‚
1475 1105 1563 1154 quia
1594 1105 1844 1154 tranquillitas
1885 1112 2058 1141 servatur
2099 1105 2139 1141 in

1139 1163 1254 1199 corde
1269 1177 1277 1199 :
1295 1163 1442 1200 visibile
1453 1192 1462 1209 ,
1483 1164 1572 1212 quia
1587 1164 1731 1200 relucet
1747 1163 1786 1199 in
1803 1163 1908 1199 facie.

1195 1223 1232 1258 6.
1257 1223 1323 1259 His
1337 1223 1503 1259 annectit
1516 1230 1553 1259 et
1569 1223 1696 1259 omnia
1709 1222 1809 1272 ligna
1822 1222 1970 1260 Libani.
1990 1226 2036 1260 Et
2052 1223 2141 1260 vide

1141 1282 1245 1331 quod
1265 1283 1369 1318 nulla
1388 1283 1457 1319 nisi
1476 1281 1611 1319 Libani
1629 1282 1730 1331 ligna
1750 1282 1881 1332 ponit,
1915 1295 1984 1319 nec
2015 1283 2140 1332 aliqua

1143 1354 1227 1390 quae
1256 1349 1346 1378 sunt
1371 1340 1505 1378 Libani
1533 1342 1800 1391 praetermittit.
1837 1341 1924 1377 Cum
1945 1342 2135 1388 omnibus,

1142 1400 1288 1449 inquit,
1308 1403 1419 1450 lignis
1443 1401 1591 1438 Libani.
1608 1402 1726 1451 Ligna
1742 1400 1876 1438 Libani
1896 1409 1933 1437 et
1959 1401 2143 1451 imputri-

1146 1457 1328 1495 bilitatem
1348 1459 1509 1506 habent,
1529 1461 1617 1509 quia
1640 1460 1793 1497 cedrina
1809 1468 1918 1506 sunt3
1939 1469 1976 1497 et
1996 1461 2145 1510 purita-

1149 1525 1246 1563 tem,
1273 1530 1317 1554 eo
1335 1518 1438 1567 quod
1463 1527 1551 1555 sunt
1570 1518 1716 1555 Libani.
1745 1519 1831 1555 Sola
1851 1519 2023 1556 Ecclesiae
2045 1520 2145 1569 ligna

1148 1584 1236 1612 sunt
1249 1604 1258 1620 ,
1278 1589 1362 1625 quae
1383 1576 1524 1613 habent
1543 1578 1760 1626 mysterium
1786 1578 1873 1613 fidei
1893 1578 1930 1613 in
1949 1578 2145 1614 conscien-

1150 1635 1200 1670 tia
1229 1648 1344 1684 pura,
1380 1642 1417 1671 et
1447 1635 1647 1684 quamdam
1679 1636 1784 1684 quasi
1804 1636 2143 1685 imputribilitatem

1150 1694 1391 1730 continentiae
1416 1709 1424 1730 :
1451 1696 1529 1731 sola
1554 1694 1634 1744 ejus
1666 1695 1765 1744 ligna
1799 1704 1835 1732 et
1866 1696 2069 1745 puritatem
2106 1705 2145 1733 et

1150 1753 1440 1802 perpetuitatem
1462 1753 1615 1790 habent.
1638 1757 1782 1791 Bonum
1801 1755 1912 1804 plane
1928 1755 2072 1804 lignum
2086 1755 2145 1791 vir

96 1826 311 1849 namomum
342 1826 474 1862 parum
500 1812 652 1861 quidem
683 1812 830 1848 excedit
849 1826 869 1849 a
896 1821 1005 1850 terra.
1040 1816 1084 1850 In
1105 1815 1131 1851 C
1151 1812 1438 1857 ecclesiasticus,
1460 1812 1497 1848 in
1512 1826 1588 1861 quo
1602 1821 1835 1849 concurrunt
1856 1821 1893 1849 et
1906 1812 2146 1850 obviantsibi

96 1871 216 1907 listula
234 1872 349 1907 altum
371 1871 513 1916 cernit,
545 1870 609 1906 sed
641 1871 679 1906 in
709 1871 947 1907 cinnamomo
967 1873 1082 1908 altum

95 1943 171 1966 non
188 1931 295 1979 sapit.
319 1931 385 1966 Illa
404 1929 591 1974 ascendit,
614 1929 704 1965 illud
726 1930 1003 1966 condescendit.
1024 1931 1082 1967 Fi-

95 1990 191 2026 stula
209 1997 263 2025 est
282 1988 434 2037 quando
452 2001 589 2037 sponsa
606 1988 752 2024 excedit
774 1992 851 2024 Deo
869 2003 875 2024 :
894 1989 1084 2025 cinnamo-

97 2061 199 2084 mum
212 2076 222 2093 ,
241 2047 394 2096 quando
414 2055 701 2095 contemperans
729 2055 783 2083 est
807 2046 925 2083 nobis.
949 2048 1026 2083 Etsi
1045 2060 1084 2084 se

99 2114 380 2155 contemperat,
404 2114 523 2141 totum
552 2114 674 2141 tamen
697 2114 752 2141 est
770 2106 960 2154 spirituale
980 2106 1082 2154 quod

95 2166 251 2215 profert.
274 2165 561 2202 cinnamomum
580 2164 678 2199 enim
698 2176 780 2198 cum
806 2164 1008 2212 frangitur,
1031 2163 1083 2198 vi-

97 2223 203 2260 sibile
219 2223 489 2273 spiramentum
509 2222 656 2258 emittit.
687 2222 847 2269 Quando
877 2223 1081 2271 frangitur,

95 2283 164 2319 nisi
198 2295 281 2318 cum
301 2283 489 2331 aperitur,
517 2295 601 2318 cum
639 2280 879 2330 exponitur?
905 2282 964 2318 Sic
983 2282 1082 2317 enim

92 2344 199 2377 Jesus
236 2353 318 2376 cum
354 2339 497 2389 accepit
532 2352 665 2388 panem
679 2368 689 2385 ,
722 2340 831 2388 fregit
868 2347 906 2375 et
938 2339 1078 2376 dedit3.

93 2402 196 2436 Tunc
211 2412 300 2448 ergo
326 2398 460 2434 doctor
476 2406 762 2447 contemperans
782 2410 819 2434 se
834 2398 956 2446 ipsum
977 2399 1083 2447 quasi

97 2458 250 2507 frangit,
271 2470 355 2494 cum
379 2470 417 2494 se
435 2457 591 2506 coeperit
619 2457 809 2506 aperire-²3
830 2470 914 2492 cum
935 2457 1081 2493 evisce—

95 2528 175 2551 rare
194 2515 256 2551 illa
274 2528 357 2564 quae
378 2515 478 2551 intus
500 2514 546 2550 de
577 2515 749 2564 supernis
769 2516 883 2551 latent
914 2524 1054 2552 secreta
1072 2531 1079 2552 :

1150 1869 1332 1906 fortitudo
1353 1870 1579 1920 disciplinae,
1610 1879 1646 1907 et
1669 1871 1784 1908 decor
1813 1871 1913 1908 fidei.
1947 1871 2144 1909 Fortitudo

1149 1936 1185 1963 et
1202 1927 1315 1964 decor
1331 1929 1593 1965 indumentum
1612 1928 1732 1977 ejus&
1757 1933 1974 1979 Eruperunt
1991 1931 2047 1968 his
2067 1931 2146 1967 die—

1149 1985 1219 2022 bus
1251 1987 1349 2035 ligna
1382 1988 1577 2036 quaedam,
1610 2001 1693 2037 quae
1729 2001 1805 2024 non
1832 1990 2015 2038 plantavit
2037 1994 2147 2027 Pater

1150 2046 1325 2090 coelestis,
1341 2046 1440 2095 ligna
1457 2059 1541 2095 quae
1558 2059 1635 2082 non
1653 2055 1740 2082 sunt
1760 2047 1927 2095 plantata
1946 2047 1983 2082 in
1999 2047 2145 2084 Libano

1150 2114 1292 2141 nostro.
1319 2105 1592 2142 Fortitudinem
1624 2105 1867 2154 praetendunt
1899 2107 2046 2156 operis,
2083 2108 2146 2144 in-

1145 2162 1330 2211 juriarum
1354 2164 1700 2210 insensibilitatem,
1722 2165 1962 2214 parcimoniae
1984 2167 2146 2204 toleran-

1151 2223 1250 2259 tiam.
1280 2223 1440 2260 Cedriua
1465 2223 1642 2259 videntur
1660 2239 1667 2260 :
1688 2223 1751 2259 sed
1772 2223 1904 2260 Libani
1926 2238 2002 2260 non
2030 2235 2118 2262 sunt
2134 2256 2145 2273 ,

1150 2282 1236 2330 quia
1257 2282 1452 2318 immunda
1473 2291 1528 2318 est
1555 2295 1685 2318 eorum
1712 2295 1816 2318 mens
1842 2291 1878 2319 et
1904 2285 2144 2323 conscientia.

1147 2340 1370 2377 Inlidelibus
1395 2341 1493 2377 enim
1523 2342 1613 2377 nihil
1632 2350 1686 2377 est
1707 2341 1889 2378 mundum
1905 2341 1930 2378 ⁵.
1947 2345 2146 2382 Fortitudo

1148 2399 1299 2448 quidem
1315 2413 1398 2448 quse
1417 2408 1628 2436 ostentatur
1650 2409 1687 2436 et
1708 2400 1857 2436 virescit
1878 2402 1914 2437 in
1937 2415 2143 2440 conversa-

1149 2458 1272 2502 tione,
1292 2459 1328 2494 in
1351 2459 1587 2495 confessione
1607 2460 1803 2509 putrescit.
1836 2461 1945 2508 Quod
1968 2461 2017 2497 ibi
2044 2476 2141 2512 qua—

1147 2517 1176 2553 si
1206 2517 1340 2566 fulget,
1372 2518 1432 2554 hic
1465 2518 1565 2554 fetet.
1598 2522 1639 2555 In
1667 2532 1782 2569 opere
1809 2520 1962 2568 quidem
1992 2522 2143 2559 videtur

93 2587 177 2611 cum
201 2575 418 2611 memoriam
443 2573 681 2611 abundantiae
711 2575 902 2611 suavitatis
922 2584 1078 2611 eructat.
1096 2588 1129 2621 D
1150 2576 1288 2626 pietas,
1310 2577 1348 2612 in
1371 2577 1666 2626 interrogatione
1684 2578 1883 2615 infidelitas
1904 2588 2023 2629 putet.
2050 2585 2144 2618 For-

95 2637 173 2671 Hoc
202 2643 258 2672 est
292 2635 394 2684 quod
425 2635 703 2672 cinnamomum
737 2636 892 2672 fractum
934 2635 1080 2672 visibile

94 2692 230 2730 dicitur
245 2694 511 2743 spiramentum
531 2695 715 2731 emittere.
733 2698 855 2742 Quare
868 2695 1079 2744 spiramen-

95 2760 172 2788 tum
184 2780 194 2797 ,
216 2760 252 2788 et
271 2765 386 2801 quare
403 2752 576 2789 visibile?
592 2753 864 2802 Spiramentum
876 2782 885 2799 ,
903 2754 989 2802 quia
1001 2755 1079 2803 spi-

96 2810 239 2847 ritualia
259 2819 345 2848 sunt
362 2825 444 2860 quae
467 2811 579 2847 dicit:
602 2811 745 2848 visibile
758 2841 767 2858 ‚
782 2813 869 2861 quia
885 2813 1078 2849 manifeste

97 2868 219 2905 docet.
252 2869 320 2916 Qui
349 2870 447 2906 enim
469 2869 515 2905 de
536 2869 756 2906 sublimibus
790 2870 835 2907 ad
865 2871 1008 2908 ludicra
1043 2880 1080 2908 et

96 2940 207 2964 vanas
235 2927 478 2965 fabulationes
501 2927 731 2978 prolabitur,
754 2942 829 2966 non
850 2931 1081 2968 condescen-

95 2987 170 3033 dit,
190 2987 252 3023 sed
267 2987 375 3024 cadit.
397 2991 524 3025 Fracte
544 2988 694 3037 quidem
711 2988 896 3037 loquitur,
917 2990 980 3026 sed
997 2990 1078 3039 spi-

96 3054 303 3083 ramentum
321 3060 434 3083 suave
455 3060 530 3083 non
550 3047 697 3084 emittit.
713 3048 827 3095 Quasi
848 3050 969 3085 fistula
996 3063 1080 3099 quae

94 3105 224 3142 crescit
244 3106 279 3142 in
307 3106 430 3155 aquis,
454 3107 504 3143 ita
529 3106 627 3143 inter
651 3107 865 3143 orationum
897 3108 1080 3157 lacrymas

146 3242 153 3257 ¹
172 3239 288 3270 Cantic.
314 3251 337 3275 t,
359 3243 387 3270 5.
403 3259 445 3262 ψ-

99 3293 149 3321 ti».
167 3310 204 3314 —
224 3297 237 3321 7
253 3294 342 3323 Rom.
360 3304 424 3328 xiv.
445 3296 496 3325 23.

474 3245 485 3261 ²
506 3240 622 3272 Coloss.
651 3252 702 3278 111,
728 3244 763 3278 1,
789 3244 820 3271 2.
835 3258 876 3263 —-
902 3239 915 3262 3
931 3245 1029 3273 Marc.
1046 3254 1116 3279 xiv,
1138 3247 1190 3275 22.

1148 2635 1268 2672 titudo
1296 2636 1452 2685 lapidis,
1485 2637 1667 2673 fortitudo
1689 2651 1820 2674 eorum
1837 2667 1845 2683 ,
1874 2647 1910 2674 ct
1931 2653 2018 2675 caro
2039 2653 2142 2677 aenea

1145 2704 1212 2731 est.
1236 2695 1382 2731 Scilicet
1399 2709 1473 2731 non
1493 2695 1721 2744 degenerant
1738 2711 1757 2732 a
1772 2706 1878 2746 patre
1895 2711 1964 2734 suo
1977 2728 1985 2742 ‚
2003 2700 2049 2735 de
2063 2713 2141 2749 quo

1146 2755 1182 2790 in
1201 2754 1274 2791 Job
1292 2754 1468 2791 scribitur
1492 2768 1498 2790 :
1520 2758 1738 2791 India-amm
1767 2766 1821 2792 est
1846 2771 1909 2792 cor
1935 2759 2010 2803 rjus
2036 2764 2144 2807 quasi

1145 2817 1261 2862 lapis,
1296 2818 1489 2862 stringitur
1521 2824 1697 2863 tanquam
1727 2819 1957 2852 malleatoris
1991 2823 2093 2854 incus
2113 2817 2141 2856 ⁵.

1146 2874 1241 2910 Male
1257 2874 1369 2910 fortes
1384 2883 1471 2910 sunt
1483 2903 1492 2919 ‚
1509 2888 1583 2910 non
1602 2889 1671 2924 pro
1688 2875 1759 2911 fide
1773 2905 1781 2920 ‚
1797 2876 1861 2912 sed
1873 2885 2003 2914 contra
2017 2878 2140 2916 iidem.

1145 2937 1228 2970 Non
1263 2934 1362 2969 enim
1395 2934 1579 2970 emollivit
1616 2936 1866 2984 Omnipotens
1896 2949 1961 2972 cor
1986 2950 2118 2974 eorum
2132 2967 2142 2984 ,

1146 3006 1221 3028 non
1244 2993 1450 3037 emollivit,
1487 3006 1562 3029 non
1596 2993 1838 3039 emundavit,
1861 3008 1929 3030 nec
1963 2995 2034 3031 lide
2053 3009 2143 3033 ean-

1145 3052 1274 3088 didum
1300 3052 1384 3087 feeit
1403 3067 1410 3088 :
1432 3052 1517 3089 ideo
1540 3066 1614 3089 non
1637 3062 1723 3090 sunt
1743 3053 1876 3090 Libani
1896 3055 2003 3104 ligna.
2020 3059 2141 3093 Omne

1145 3111 1247 3160 quod
1268 3125 1344 3147 non
1360 3120 1415 3147 est
1431 3125 1476 3148 ex
1499 3112 1590 3157 fide,
1615 3122 1807 3162 peecatum
1823 3122 1877 3150 est
1890 3121 1902 3143 Τ
1919 3129 1926 3151 :
1941 3115 2138 3164 quomodo

1644 3264 1658 3265 ἡ
1680 3243 1691 3265 f*
1708 3246 1766 3276 tii.
1785 3258 1791 3275 1
1808 3270 1814 3279 ,
1840 3250 1889 3276 151.
1907 3266 1915 3268 ν

1246 3299 1257 3311 ·“
1279 3295 1383 3337 Ἰ“ιι·.ἰιΙ.
1401 3302 1428 3327 et
1449 3299 1551 3327 ttonst.
1572 3297 1620 3327 hic
1638 3297 1753 3327 addunt
1768 3321 1774 3330 ,
1802 3296 1852 3326 ‘rrl
1868 3295 1980 3327 andwi.
1998 3297 2023 3334 †

1282 3244 1294 3268 ⁴
1315 3246 1406 3274 Prov.
1429 3256 1522 3278 xxxi.
1548 3249 1600 3275 21».
1964 3244 1978 3263 ‘⁴
1992 3245 2052 3276 Job
2070 3257 2100 3275 ιι
2116 3258 2137 3281 ι,
