2418 3949
120 274 168 310 53
857 272 905 306 IN
934 271 1159 313 CANTICA,
1185 271 1348 306 SERMO
1377 272 1438 305 vl.
2125 270 2173 306 54

119 351 199 388 sim.
216 353 263 387 Et
280 349 360 399 ipse
377 356 503 385 custos
515 360 596 383 sum
612 361 622 392 3
639 346 725 382 ideo
740 346 839 382 illam
856 346 947 382 mihi
966 358 1114 395 sponsae
1133 343 1140 361 ¹

1148 343 1162 361 ⁹
1183 344 1253 380 scit
1281 344 1460 380 dominici
1493 352 1529 380 et
1560 344 1732 381 conscios
1765 343 1922 388 secreti,
1951 352 1988 380 et
2020 344 2177 380 nuntios

118 422 251 446 vocem
271 421 369 458 saepe
384 406 572 456 replicatis
587 420 595 442 ε
611 407 708 441 Num
725 419 833 454 quem
850 407 974 453 diligit
984 409 1114 440 αηὶιηα
1131 402 1161 435 A
1181 403 1359 439 mandati.
1377 405 1474 439 Num
1489 417 1595 451 quem
1614 406 1737 451 diligit
1751 408 1881 438 anima
1898 416 1981 439 mea
2000 405 2177 439 vidistis?

118 481 203 504 mea
223 469 368 503 vide'stis
381 471 401 504 ‚³
417 469 448 503 O
464 465 572 502 beata
593 465 717 501 anima
730 493 739 509 ‚
761 477 873 513 quam
893 472 965 499 tam
985 471 1113 499 sancta

118 526 302 564 desideria
328 527 529 562 exercent!
551 523 747 560 Desideria
777 523 941 568 dilectae,
967 521 1112 558 dilectae

117 598 202 635 quae
229 586 347 623 nescit
372 585 443 621 nisi
472 584 517 620 de
542 584 689 621 Christo
717 595 870 631 rogare,
891 594 975 631 quae
1001 581 1113 617 talem

116 645 269 682 inventa
291 644 456 694 erumpit
479 644 518 680 in
547 656 677 679 vocem
705 657 712 679 :
732 644 830 679 Num
851 655 958 689 quem
991 643 1115 689 diligit

117 710 250 741 anima
275 717 357 741 mea
374 706 550 740 vidistis?
979 715 983 717 “

170 765 204 802 2.
226 764 400 812 Denique
419 774 558 811 sponsa
577 769 651 807 est,
667 773 751 810 quae
773 759 908 797 talibus
922 759 1114 796 invenitur

116 830 303 872 occupata
322 821 511 858 scrutiniis
531 834 538 856 :
556 823 776 855 Invenerunt
796 833 866 865 me,
886 819 1029 868 inquit,
1052 832 1113 854 cu-

114 883 235 918 stodes
257 884 422 916 civitatis.
445 880 518 928 Qui
539 879 616 915 ficti
644 887 681 915 et
707 879 854 915 fallaces
877 887 987 924 sunt,
1018 878 1112 914 nihil

116 948 192 977 tam
211 939 427 989 refugiunt,
450 951 563 988 quam
592 936 638 973 ab
667 937 724 973 his
749 937 912 973 inveniri
942 936 1111 973 custodi-

113 998 187 1036 bus
204 1014 213 1036 :
234 1007 271 1036 et
290 999 321 1036 si
341 997 694 1048 deprehenduntur,
728 1010 804 1033 non
826 997 933 1033 facile
954 996 1113 1033 convin-

113 1067 267 1096 cuntur.
290 1058 380 1096 Cain
397 1058 516 1095 factus
532 1065 588 1094 est
607 1069 722 1106 vagus
741 1064 778 1092 et
798 1056 980 1105 profugus
999 1068 1113 1105 super

1178 463 1277 510 Quid
1303 471 1426 499 tamen
1448 462 1519 498 sibi
1544 464 1625 499 vult
1643 463 1720 498 haec
1737 462 1982 511 interrogatio
2001 461 2070 498 sub
2093 475 2176 498 am-

1178 521 1293 571 biguo
1310 523 1459 571 posita?
1479 527 1538 559 An
1558 523 1597 558 in
1623 523 1694 558 hoc
1712 522 1917 558 admonere
1941 530 1976 558 te
1996 522 2115 558 voluit
2135 531 2177 559 ut

1179 595 1256 618 non
1277 581 1409 618 credas
1423 582 1527 617 omni
1547 581 1694 631 spiritui
1712 610 1722 627 ,
1739 581 1803 617 sed
1825 580 1964 630 probes
1981 581 2010 618 si
2028 594 2075 618 ex
2095 584 2176 618 Deo

1180 641 1226 677 sit
1251 641 1430 690 spiritus?
1457 641 1630 689 Denique
1656 653 1734 676 non
1764 641 1932 676 omnium
1955 649 2011 676 est
2031 648 2175 677 certum

1178 701 1308 749 sponsi
1330 708 1507 749 praestare
1522 699 1702 735 indicium
1717 727 1727 744 ‚
1748 699 1813 747 qui
1829 698 1994 736 custodis
2009 699 2175 736 officium

1176 759 1236 795 vel
1263 767 1532 808 susceperunt,
1562 758 1621 794 vel
1652 759 1907 807 arripuerunt.
1940 759 2049 795 Multi
2075 759 2174 795 enim

1177 825 1265 854 sunt
1292 830 1456 866 quorum
1487 825 1544 853 est
1571 819 1697 852 oculus
1730 821 1768 852 ln
1790 821 1958 852 universa
1983 827 2108 863 terra,
2139 827 2177 855 et

1173 876 1284 926 juxta
1296 876 1449 913 alterius
1461 876 1535 912 loci
1550 874 1798 912 Proverbium
1809 904 1818 921 ‚
1832 875 2014 922 infinibus
2025 886 2136 912 terroe
2148 883 2174 914 ².

1177 939 1263 973 Non
1283 944 1340 973 est
1359 937 1487 972 lumen
1518 948 1651 971 eorum
1677 947 1762 971 cum
1785 934 1874 983 ipsis
1889 962 1898 979 ,
1922 947 1990 970 nec
2018 945 2177 984 possunt

1177 995 1271 1032 illud
1298 996 1397 1032 ultra
1418 1003 1526 1031 terrae
1549 993 1744 1042 porrigere
1764 992 1919 1028 limitem
1937 1019 1947 1037 ,
1975 993 2099 1030 levare
2128 995 2175 1030 ad

1178 1055 1328 1091 coelum.
1346 1054 1441 1091 Satis
1466 1052 1619 1103 quidem
1639 1052 1768 1088 fideles
1786 1060 1875 1088 sunt
1890 1060 1927 1088 et
1949 1051 2068 1088 seduli
2085 1068 2093 1089 :
2111 1053 2176 1090 sed

115 1127 273 1164 terram,
292 1117 454 1154 inveniri
470 1109 690 1153 formidans.
719 1119 863 1160 Omnis,
885 1115 1028 1164 inquit,
1049 1118 1111 1162 qui
1129 1113 1158 1148 Β
1177 1115 1374 1162 hucusque
1394 1122 1436 1150 ut
1453 1121 1602 1149 terrena
1618 1118 1866 1154 coacervent,
1883 1118 1920 1146 et
1936 1118 2084 1147 terrena
2098 1124 2176 1148 ser-

117 1181 296 1213 invenerit
312 1190 391 1220 me,
418 1177 560 1212 occidet
578 1189 636 1211 me
655 1181 680 1212 ¹.
705 1178 790 1212 Non
810 1175 892 1211 vult
914 1182 1109 1224 peccatum

112 1235 254 1282 occidi,
280 1248 357 1272 non
383 1235 466 1270 vult
485 1233 562 1283 pati
582 1234 782 1270 salutarem
812 1233 852 1269 in
874 1232 1111 1269 confessione

112 1293 401 1340 verecundiam,
427 1292 689 1330 medicinalem
715 1293 994 1342 castigationem
1027 1305 1110 1328 ma-

111 1354 232 1403 gistri.
253 1357 338 1392 Non
360 1353 443 1389 vult
471 1352 656 1399 inveniri,
676 1352 765 1402 quia
792 1365 870 1388 non
894 1351 978 1388 vult
1001 1352 1110 1388 mori.

67 1433 79 1442 ·
112 1416 207 1451 Nam
227 1411 292 1450 ubi
310 1425 386 1448 non
404 1420 559 1448 veretur
575 1411 757 1457 interfici,
777 1410 843 1447 sed
861 1410 978 1459 magis
999 1422 1037 1446 se
1058 1410 1111 1446 fo-

109 1473 191 1509 veri
204 1471 382 1516 confidit,
403 1470 646 1520 impudenter
667 1483 706 1507 se
723 1469 838 1518 jactat
852 1469 1111 1518 indisciplina-

110 1541 171 1570 tus
192 1531 361 1568 affectus.
389 1530 462 1567 Sed
487 1543 626 1580 sponsa
657 1530 758 1566 ultro
792 1542 831 1566 se
859 1529 994 1574 offert,
1027 1529 1111 1565 laeta

109 1590 239 1641 sponsi
272 1589 439 1626 occurrit
469 1588 672 1625 sodalibus.
710 1588 852 1636 Quidni
884 1588 996 1624 laeta?
1025 1591 1110 1625 Non

109 1651 302 1687 invenitur
322 1649 429 1698 quasi
457 1649 603 1697 fugiens
628 1649 790 1684 ultorem
806 1677 816 1693 ,
847 1647 911 1684 sed
939 1660 1111 1696 quaerens

109 1717 331 1746 amatorem.
367 1711 586 1743 Invenerunt
607 1721 666 1743 me
700 1709 884 1752 custotles;
914 1719 991 1743 non
1023 1715 1111 1744 sunt

108 1768 275 1814 inventi,
296 1766 362 1804 sed
384 1767 623 1803 invenerunt.
649 1766 852 1817 Diligentia
870 1767 1039 1815 ipsorum
1069 1767 1108 1802 in

108 1828 180 1865 hoc
199 1826 498 1864 commendatur.
520 1825 621 1875 Pigri
641 1825 817 1862 custodes
837 1834 876 1862 et
895 1826 992 1862 male
1012 1826 1107 1863 fide-

1175 1181 1278 1209 vent.
1302 1174 1451 1216 Oculus,
1481 1171 1625 1220 inquit,
1645 1183 1770 1206 eorum
1801 1174 1838 1205 in
1867 1174 2037 1206 universa
2064 1180 2173 1207 terra.

1176 1230 1422 1281 Inexplebilis
1441 1230 1601 1267 aviditas
1619 1230 1659 1266 in
1675 1230 1851 1266 universa
1872 1237 1970 1265 terra
1991 1242 2029 1265 se
2045 1238 2176 1266 exten-

1177 1291 1232 1328 dit
1252 1306 1260 1328 :
1285 1300 1489 1341 propterea
1515 1290 1674 1327 terrenis
1694 1290 1897 1326 incrassata
1925 1302 2032 1326 mens
2052 1290 2150 1326 curis
2164 1319 2174 1337 ‚

1177 1360 1214 1388 et
1235 1351 1335 1388 illius
1355 1363 1494 1388 mensae
1511 1350 1678 1387 serviens
1697 1350 1763 1398 qui
1780 1349 1880 1399 perit
1903 1347 1998 1394 sibi,
2015 1349 2176 1386 coelestis

1177 1411 1298 1460 epulae
1318 1410 1437 1447 nescit
1453 1409 1673 1459 dispensare
1687 1408 1863 1444 viaticum
1879 1436 1888 1453 ‚
1915 1416 1952 1444 et
1972 1407 2018 1443 de
2038 1421 2174 1456 super-

1177 1471 1234 1506 nis
1264 1470 1418 1506 theoriis
1437 1468 1581 1518 aliquid
1612 1480 1785 1504 serenum
1807 1476 2017 1517 temperare
2046 1465 2175 1515 subje-

1177 1530 1257 1566 ctis.
1282 1533 1375 1567 lN'am
1397 1529 1466 1565 etsi
1485 1529 1581 1564 forte
1601 1527 1667 1576 qui
1694 1527 1784 1563 tales
1804 1535 1893 1563 sunt
1907 1555 1916 1571 ‚
1935 1526 1981 1563 de
1999 1526 2175 1575 spiritua—

1176 1588 1275 1625 libus
1292 1596 1472 1636 rogentur
1487 1586 1639 1624 secretis
1654 1614 1663 1631 ‚
1685 1586 1834 1635 planam
1858 1585 1943 1622 fidei
1964 1593 2002 1622 et
2024 1598 2172 1621 morum

1177 1647 1411 1698 respondent
1439 1647 1611 1683 sufficere
1632 1645 1745 1681 viam.
1770 1648 1813 1681 In
1841 1644 1912 1680 hoc
1940 1644 2173 1681 sterilitatem

1176 1707 1340 1743 solantes
1368 1719 1493 1751 suam,
1523 1706 1585 1741 vel
1605 1718 1652 1741 ex
1676 1713 1806 1753 tepore
1836 1704 1994 1753 proprio
2013 1703 2175 1740 avidita-

1177 1773 1249 1801 tem
1273 1766 1432 1802 alienam
1460 1765 1668 1801 metientes.
1691 1761 1908 1812 Languidus
1928 1763 2026 1798 enim
2055 1771 2091 1798 et
2111 1776 2174 1799 re-

1175 1825 1309 1861 missus
1334 1837 1454 1869 amor,
1487 1822 1665 1872 culpabili
1693 1822 1855 1871 quadam
1885 1822 2068 1871 patientia
2097 1835 2173 1858 non

109 1887 163 1924 les
192 1886 335 1923 nullam
362 1886 400 1922 in
430 1885 502 1922 hoc
534 1885 713 1922 adhibent
745 1885 975 1934 diligentiam
999 1900 1007 1922 :
1032 1898 1109 1922 non
1128 1882 1155 1918 C
1175 1893 1249 1921 tam
1276 1893 1404 1934 optat,
1435 1896 1548 1932 quam
1579 1890 1771 1932 exspectat
1803 1882 1928 1918 futura
1950 1880 2066 1918 bona.
2100 1882 2173 1929 Qui

109 1947 367 1991 circumeunt,
396 1957 472 1981 non
497 1952 675 1993 quaerunt
703 1944 733 1980 si
765 1957 877 1993 quem
912 1944 1110 1980 inveniant

108 2004 349 2042 cauteriatam
368 2002 568 2040 habentem
583 2002 849 2039 conscientiam
861 2031 871 2048 ‚
886 2003 993 2052 signo
1008 2016 1109 2039 amo-

110 2064 161 2101 ris
183 2064 274 2100 casti
296 2071 334 2099 et
355 2062 480 2099 studio
505 2061 697 2111 quaerendi
722 2062 946 2111 prodentem
969 2062 1110 2098 dilecti-

109 2123 193 2160 onis
222 2121 455 2158 incendium.
486 2124 570 2157 Non
601 2121 832 2156 conveniunt
860 2120 1052 2165 subditos,
1073 2129 1109 2157 et

109 2183 206 2220 forte
223 2182 421 2218 molestum
438 2180 582 2216 ducunt
598 2180 626 2215 si
647 2180 924 2229 compellantur
939 2178 987 2216 ab
1006 2180 1105 2229 ipsis.

108 2241 266 2279 Nonnisi
305 2239 527 2288 interrogati
561 2239 759 2288 proferunt
790 2238 949 2274 verbum
986 2238 1108 2274 solatii

109 2299 286 2350 quidam,
308 2312 376 2335 nec
398 2307 487 2335 tunc
506 2298 671 2348 quidem.
705 2298 846 2334 Littera
865 2297 967 2347 quod
995 2297 1108 2334 habet

112 2361 151 2397 in
169 2360 303 2410 pagina
316 2388 326 2405 ,
346 2367 490 2395 tantum
504 2359 686 2408 proponit
699 2386 708 2403 ‚
727 2359 779 2394 nil
795 2357 1105 2408 superadjiciens,

108 2420 167 2457 vel
186 2419 403 2465 industriae,
420 2418 478 2455 vel
495 2418 709 2468 diligentiae.
732 2418 813 2455 Alia
834 2426 889 2454 est
910 2418 1020 2467 plane
1042 2431 1108 2454 cu-

110 2478 229 2516 stodis
249 2478 346 2515 ratio
368 2493 376 2515 :
396 2478 604 2528 praevenire
625 2476 755 2523 debet,
778 2490 854 2513 non
879 2485 1025 2513 tantum
1047 2490 1109 2513 re—

108 2551 251 2589 ponere
271 2552 279 2574 :
296 2538 459 2574 excitare
476 2537 592 2586 magis
614 2550 726 2586 quam
745 2545 962 2586 exspectare
979 2537 1110 2586 quaesi-

110 2607 214 2635 turos
236 2612 244 2633 z
261 2597 367 2647 quasi
383 2596 429 2633 de
450 2596 601 2646 specula
620 2609 739 2645 super
760 2596 856 2632 filios
872 2595 1108 2645 prospicere,

1174 1955 1267 1978 vero
1301 1942 1508 1978 ferventior
1536 1950 1614 1986 est,
1639 1940 1787 1977 ardenti
1819 1940 1936 1976 fertur
1964 1939 2172 1985 desiderio,

1176 2001 1378 2050 repositam
1399 1999 1672 2050 plenitudinem
1697 1999 1825 2034 furtim
1853 2007 1890 2034 et
1912 2012 1959 2034 ex
1984 2007 2089 2048 parte
2108 1998 2175 2035 de-

1176 2060 1313 2096 florare
1326 2068 1485 2096 tentans.
1503 2059 1599 2106 Quia
1614 2058 1704 2094 tales
1719 2058 1905 2106 plurimos
1919 2058 2025 2094 novit
2035 2070 2173 2107 sponsa

1175 2119 1367 2164 custodes,
1380 2118 1545 2168 quodam
1562 2116 1631 2153 sub
1644 2115 1821 2165 ambiguo
1836 2116 2171 2165 interrogationem

1175 2178 1310 2215 librat:
1338 2180 1432 2214 Num
1457 2192 1562 2226 quem
1584 2179 1705 2224 ‹liligtt
1733 2181 1864 2211 anima
1891 2189 1972 2211 mea
1993 2178 2173 2211 vidistis?

1174 2239 1228 2275 Sit
1259 2238 1447 2287 prudens,
1469 2238 1515 2273 sit
1542 2236 1682 2280 fidelis,
1706 2236 1750 2272 sit
1772 2243 1897 2272 custos
1926 2235 2078 2271 sedulus
2095 2263 2104 2280 ,
2137 2243 2172 2271 et

1175 2298 1381 2347 disciplinae
1403 2296 1595 2345 diligentia
1615 2295 1779 2331 hostium
1798 2303 1970 2331 coerceat
1988 2295 2174 2344 irruptio-

1174 2369 1260 2392 nem
1281 2356 1327 2392 ab
1348 2356 1452 2392 ovili.
1473 2359 1555 2392 Non
1580 2364 1704 2391 tamen
1730 2354 1852 2390 statim
1885 2354 1975 2390 sciet
1995 2355 2173 2390 amatoria

1175 2429 1308 2452 canere
1323 2444 1333 2461 ‚
1361 2424 1398 2451 et
1417 2414 1548 2465 sponsi
1572 2413 1830 2450 internuntius
1859 2412 1941 2461 ejus
1963 2421 2175 2449 monstrare

1175 2476 1433 2526 praesentiam,
1455 2483 1493 2510 et
1519 2475 1557 2510 in
1580 2486 1747 2510 recessus
1775 2482 1920 2510 secreto
1950 2473 2085 2522 raptim
2107 2472 2174 2508 ad-

1175 2536 1309 2572 missus
1323 2535 1460 2571 stillare
1473 2533 1518 2570 de
1533 2534 1664 2569 intima
1674 2532 1814 2581 aliquid
1830 2532 2042 2568 dulcedine.
2058 2532 2173 2569 Valde

1175 2596 1274 2633 enim
1296 2603 1351 2631 est
1367 2594 1522 2643 imparis
1541 2593 1668 2642 gratiae
1682 2622 1691 2638 ,
1718 2593 1855 2629 furtiva
1871 2601 1908 2628 et
1928 2593 2049 2628 fucata
2069 2592 2175 2628 adul-

108 2658 173 2707 qui
202 2658 249 2694 sit
277 2656 489 2705 intelligens
513 2664 551 2692 et
584 2656 779 2705 requirens
810 2658 942 2692 Deum.
976 2658 1110 2693 Custos
1128 2657 1161 2692 D
1178 2655 1245 2691 teri
1261 2653 1544 2703 deprehendere
1562 2652 1748 2688 lenocinia
1764 2679 1773 2695 ‚
1793 2660 1829 2687 et
1845 2651 2030 2700 legitimos
2045 2652 2173 2701 sponsi

111 2726 200 2754 tuus
213 2729 314 2763 sum,
329 2715 376 2752 da
390 2715 479 2751 mihi
494 2744 503 2761 ,
520 2715 682 2752 Domine
694 2743 704 2760 ‚
720 2715 884 2764 linguam
903 2714 1086 2751 eruditam
1097 2744 1107 2761 ,

110 2784 152 2814 ut
171 2777 284 2813 sciam
304 2789 389 2813 eum
411 2775 476 2824 qui
508 2776 634 2824 lapsus
661 2783 717 2812 est
736 2782 946 2811 sustentare
968 2774 1105 2821 verbo,

109 2845 146 2873 et
163 2835 209 2873 ad
229 2834 389 2872 verbum
410 2834 582 2883 dirigere.

162 2896 198 2932 3.
220 2897 267 2932 Et
293 2894 385 2944 quid
411 2893 511 2931 aliud
543 2901 651 2942 optat
682 2906 842 2942 sponsa,
869 2905 955 2929 cum
987 2891 1105 2928 dicit:

108 2957 208 2991 Num
235 2968 340 3003 quem
371 2957 494 3002 deligit
520 2958 649 2989 anima
675 2967 758 2988 mea
790 2955 972 2989 vitlistis?
998 2951 1109 2989 Vides

108 3014 208 3050 illam
226 3026 304 3050 non
323 3023 396 3049 tam
419 3014 607 3062 fatigatam
626 3025 738 3062 quam
763 3012 961 3048 excitatam
978 3011 1111 3048 studiis

109 3072 382 3124 spiritualibus.
420 3072 638 3110 Intellexisti
674 3071 919 3121 pertinaciam
956 3069 1038 3119 ejus
1071 3070 1109 3105 in

110 3131 316 3181 quaerendo
340 3132 519 3168 dilectum
547 3147 555 3168 :
577 3131 663 3168 vide
682 3145 781 3167 nunc
800 3131 979 3167 humilem
1012 3143 1107 3179 pru-

110 3191 290 3228 dentiam.
307 3192 433 3228 Nescit
452 3191 628 3228 custodes
645 3200 900 3228 contemnere.
916 3194 991 3227 Nec
1008 3190 1108 3226 enim

111 3258 233 3287 tutum
265 3250 471 3288 arbitratur
502 3251 735 3287 inconsultos
768 3250 982 3300 praeterirc,
1013 3262 1110 3298 quos

165 3374 271 3400 ¹(2e1i.
295 3381 338 3408 iv,
361 3374 410 3401 1ἰ.
456 3378 500 3391 ⁷²
521 3374 609 3402 l'rm.
630 3382 698 3400 xvii
716 3394 722 3405 ,
741 3373 795 3400 Ἰὶ.
814 3389 836 3391 Η

878 3368 888 3388 5
912 3369 979 3399 hai.
1003 3381 1062 3401 ¹⁴1¹,
1085 3371 1115 3399 T.

1175 2715 1361 2751 adventus
1377 2713 1589 2750 conciliare.
1608 2712 1792 2749 Malorum
1816 2711 1904 2760 quia
1922 2711 2099 2760 frequens
2119 2719 2173 2747 est

1175 2773 1429 2824 experientia,
1448 2772 1564 2808 facilis
1580 2780 1635 2808 est
1651 2771 1795 2807 notitia.
1811 2771 2068 2820 Spin-itualium
2083 2784 2173 2806 vero

1175 2845 1351 2870 sensuum
1370 2832 1456 2880 quia
1476 2844 1583 2867 rarus
1600 2843 1688 2867 usus
1705 2839 1761 2867 est
1774 2858 1783 2875 ,
1806 2839 1842 2866 et
1857 2831 1952 2866 exile
1965 2829 2172 2878 judicium,

1176 2902 1286 2930 tenue
1312 2892 1398 2928 satis
1418 2899 1473 2927 est
1503 2890 1682 2926 indicium
1715 2889 1761 2925 de
1784 2889 1895 2939 ipsis,
1925 2902 1992 2925 nec
2015 2898 2173 2937 possunt

1174 2952 1385 3002 spiritualia
1399 2950 1468 2986 nisi
1482 2964 1501 2986 a
1518 2948 1778 2999 spiritualibus
1795 2948 2007 2997 dijudicari.
2031 2952 2075 2985 Et
2087 2949 2173 2985 ideo

1176 3025 1252 3048 non
1283 3018 1442 3061 possunt
1467 3009 1537 3045 nisi
1567 3023 1586 3045 a
1616 3007 1873 3058 spiritualibus
1900 3008 2170 3051 demonstrari,

1177 3071 1307 3120 ‹luales
1335 3077 1421 3106 sunt
1441 3067 1487 3105 de
1520 3067 1658 3117 quibus
1678 3068 1812 3116 legitur
1845 3081 1853 3103 t
1881 3069 2004 3113 Quam
2026 3067 2174 3115 pulchri

1175 3144 1287 3178 super
1305 3138 1446 3165 'nomes
1463 3130 1579 3177 pedes
1600 3132 1906 3163 (ιηηιυιίὶιιηὶίαηι
1923 3140 2057 3175 μαι-«711
2071 3155 2080 3170 ,
2103 3140 2173 3161 ‹111-

1176 3193 1425 3226 nuntianlium
1445 3187 1542 3224 bona
1558 3187 1591 3222 3!

1233 3248 1267 3284 st.
1292 3250 1390 3283 Νιυη
1403 3261 1509 3295 qut-m
1527 3249 1646 3295 diligit
1660 3251 1792 3282 anima
1807 3259 1890 3281 mea
1906 3247 2075 3281 vidi-stis?
2092 3248 2171 3279 Nun
