2504 3928
350 139 422 170 :3053
1112 136 1399 170 (HLLEBt-ilt'l'l
1432 134 1631 169 ABBA’HS
2318 133 2389 167 36¹1

351 215 449 248 enim
481 212 672 247 indefinite
701 210 949 259 depromitur.
976 209 1090 258 quid,
1115 211 1184 246 nisi
1213 211 1339 246 inlini-
1358 209 1537 246 '⁷⁸cbrius
1561 209 1668 245 simul
1692 217 1728 244 et
1758 208 1972 254 inebrians,
1999 208 2063 257 qui
2093 209 2312 258 propinator
2340 219 2396 246 est

352 281 428 307 tum
452 270 698 320 exprimitur?
717 277 818 304 tanto
846 268 948 304 omni
976 282 1059 317 quae
1090 269 1336 306 determinata
1357 271 1385 302 Α
1407 278 1442 305 et
1471 269 1647 318 poculum
1666 295 1676 312 ,
1696 268 1886 304 vasculum
1915 275 1951 303 et
1982 267 2133 312 vinum,
2156 269 2283 304 vinum
2315 281 2394 305 nie-

351 340 426 373 est‚
467 329 664 365 dulcedine
696 328 1004 378 supereminens,
1041 337 1183 377 quanto
1217 329 1340 365 omnis

351 389 605 438 propritetatis
630 387 944 423 determinatione
959 400 1100 424 carens.
1120 387 1347 430 minabunt,-

353 449 492 496 inquit,
513 456 649 482 numu-s
667 449 894 482 dulcedinem
906 475 915 488 ,
935 455 970 482 et
988 448 1223 494 c‹›l!‹.·sslacm
1239 450 1297 482 Iac
1318 454 1338 483 ¹.

356 510 424 542 Lac
457 506 566 542 dulce
595 514 671 550 cst,
698 505 761 542 scd
786 505 944 541 dulcedo
975 519 1049 541 non
1079 514 1145 542 cst.
1175 506 1341 542 Dulcedo

354 578 443 600 vero
460 574 496 600 et
513 565 630 600 duleis
647 573 700 601 est
712 593 721 610 ,
737 573 773 600 et
792 563 951 600 dulcedo
970 573 1048 607 est,
1071 574 1106 600 ct
1129 578 1174 601 cx
1191 578 1232 601 ca
1252 564 1338 601 dnl-

353 624 407 659 cia
434 632 518 659 sunt
542 623 714 660 universa
741 636 824 672 qua*
844 623 966 659 dulcia
985 632 1069 659 sunt
1082 651 1090 665 ,
1109 624 1186 660 sive
1206 637 1342 673 genere

354 683 583 727 differenter,
601 683 678 718 sive
698 682 814 730 gradu
838 682 1090 731 pia’ccllenter
1111 697 1117 717 ;
1141 696 1224 732 qua:
1241 683 1340 718 cuim

357 742 440 790 ejus
467 742 754 791 participatione
783 741 902 777 dulcia
930 750 1040 786 sunt,
1065 742 1342 790 comparatione

357 811 480 838 tamen
509 815 582 837 non
616 809 715 837 sunt.
744 804 944 850 Propterea
974 801 1134 837 dulcedo
1160 814 1235 837 non
1266 801 1342 836 liaec

355 863 412 897 xel
444 862 526 905 illa,
557 861 621 897 scd
651 860 869 910 simpliciter
900 861 1066 910 ponitur,
1098 869 1137 897 ut
1166 874 1209 897 ex
1232 861 1343 896 niodo

358 921 529 956 vocabuli
551 919 737 970 pendatur
757 919 986 956 immensitas
1006 920 1069 955 rei.
1093 919 1208 956 Valde
1226 920 1346 956 inlini·

1406 342 1487 364 rmn
1506 337 1541 364 et
1564 328 1721 364 mixtum
1741 341 1748 362 :
1769 327 1916 363 miscuit
1940 327 2038 363 enim
2059 327 2237 377 sapientia
2256 328 2293 364 in
2313 340 2395 364 era—

1407 397 1483 425 terc
1499 388 1627 424 vinnm
1645 385 1672 422 ⁸.
1691 390 1721 423 Ο
1736 394 1855 422 crater
1868 385 2056 424 inebrians
2069 400 2180 435 quam
2199 388 2398 436 praeclarus

1406 449 1465 483 es!
1513 446 1711 496 praeclarus
1735 445 1868 494 plane,
1895 446 2050 482 veritate
2088 445 2256 491 radians,
2288 447 2397 482 volu-

1409 516 1507 556 ptatc
1536 506 1738 543 inebrians.
1772 506 1942 554 Denique
1965 506 2001 542 in
2022 520 2067 542 eo
2093 506 2277 542 reconditi
2307 513 2394 542 sunt

1408 579 1539 603 omnes
1574 565 1738 602 thesauri
1775 564 1968 614 sapientiae
2002 573 2038 601 et
2073 565 2237 602 scientiae
2283 564 2351 601 Dei
2369 572 2396 600 ⁹.

1409 629 1509 662 Bona
1540 625 1722 669 mixtura,
1757 623 1819 660 ubi
1845 624 2108 660 commiscetur
2136 624 2284 660 veritati
2315 637 2400 672 gra-

1410 687 1478 729 tia,
1504 683 1696 733 sapientiae
1726 683 1904 728 scientia,
1933 683 2072 720 divinis
2100 683 2274 719 liumana.
2310 686 2401 729 Quae

1411 744 1564 781 Deitatis
1588 752 1697 790 sunt,
1719 755 1820 779 mera
1843 742 1992 792 penitus
2016 751 2122 789 sunt,
2146 741 2209 778 ubi
2231 742 2320 778 nibil
2347 749 2401 777 est

1410 805 1466 840 vel
1486 802 1654 854 partibus
1671 811 1920 852 compactum,
1942 803 1998 838 vel
2018 802 2256 838 materialiter
2272 800 2400 849 subje—

1411 873 1524 909 ctum,
1542 863 1599 899 vel
1619 862 1822 898 formaliter
1836 862 2030 905 affectum3
2047 861 2177 897 etideo
2192 873 2260 896 nec
2274 859 2400 903 simul,

1413 936 1480 959 nec
1508 921 1740 959 successione
1765 920 1954 956 diversum
1975 934 1982 955 :
2001 919 2064 955 sed
2090 918 2236 964 onmia,
2256 932 2339 968 qua:
2365 919 2401 954 in

356 989 432 1016 tuin
462 980 639 1029 quiddam
668 987 703 1015 et
731 979 902 1014 intimum
932 979 1116 1014 intellexit
1140 979 1345 1029 propheta,
1366 979 1392 1012 Β
1415 981 1548 1027 nobis,
1571 989 1607 1017 et
1627 994 1694 1030 per
1715 993 1805 1024 nos,
1838 979 1991 1015 nomine
2007 987 2045 1014 ct
2071 979 2225 1015 notione
2244 978 2404 1022 distant,

358 1040 529 1075 intimare
550 1039 701 1083 volens,
726 1038 916 1086 explicare
938 1051 1012 1073 non
1034 1039 1162 1075 valens
1183 1052 1190 1073 :
1215 1041 1348 1074 Oculus

356 1113 429 1134 mm
447 1101 555 1143 vicht,
573 1102 685 1142 Deus,
702 1097 839 1146 absque
856 1106 908 1141 lc,
930 1112 1015 1145 quw
1027 1103 1262 1146 proeparasu'
1279 1113 1348 1134 ‹nc-

354 1157 602 1206 .-p‹.¹c!(m!ibus
629 1167 662 1192 te
680 1163 705 1192 ².

409 1219 443 1255 3.
468 1218 617 1268 Refugit
634 1217 857 1253 immensum
878 1216 969 1253 illud
986 1216 1124 1253 divinae
1145 1217 1347 1266 majestatis

357 1279 508 1328 pelagus
526 1277 680 1314 humani
702 1275 826 1312 cordis
845 1284 883 1312 et
902 1276 976 1312 oris
995 1276 1203 1324 angustias,
1228 1286 1264 1312 ct
1289 1286 1346 1313 te-

358 1351 449 1373 nues
465 1336 570 1385 quasi
597 1349 664 1385 per
680 1335 832 1370 rimulas
857 1334 918 1369 vix
939 1333 1026 1369 inde
1047 1334 1095 1369 ad
1117 1348 1184 1370 nos
1207 1335 1348 1383 aliquid

357 1396 521 1433 distillat.
545 1393 743 1442 Quomodo
769 1393 869 1429 enim
897 1405 1070 1429 sermone
1095 1394 1345 1440 emit-luditur,

357 1455 459 1504 quod
488 1467 600 1491 sensu
627 1467 702 1490 non
723 1453 974 1503 pertingitur?
993 1455 1085 1489 Nam
1103 1453 1170 1489 etsi
1201 1453 1238 1489 in
1262 1454 1348 1503 qui-

359 1514 514 1551 busdam
540 1513 666 1550 omnia
690 1513 801 1549 etiam
823 1511 1008 1562 profunda
1031 1512 1100 1549 Dei
1118 1512 1254 1562 legitur
1270 1513 1349 1562 spi—

358 1575 452 1611 ritus
480 1581 669 1618 scrutans,
701 1585 777 1609 non
812 1580 934 1608 tamen
966 1580 1002 1608 ct
1027 1580 1238 1621 penetrans.
1266 1576 1349 1609 Nm

359 1643 415 1672 est
437 1634 553 1671 nostri
576 1634 634 1670 vel
657 1633 744 1678 otii,
763 1632 821 1668 vel
843 1631 982 1680 ingenii
1003 1632 1215 1682 pertingere
1233 1632 1278 1668 ad
1300 1633 1349 1668 il-

359 1694 422 1731 lud
453 1694 652 1737 intimum3
683 1700 720 1728 et
746 1699 942 1741 penetrare
972 1691 1220 1736 immensum,
1248 1700 1285 1727 ct
1311 1692 1349 1728 in

361 1754 459 1790 illam
488 1760 637 1789 secreta}
658 1751 751 1788 lueis
779 1749 954 1798 abyssum
981 1758 1091 1800 caput
1114 1750 1353 1800 immergere,

362 1822 397 1849 et
414 1811 651 1849 madentibus
670 1810 854 1847 cincinnis
869 1809 1003 1857 guttis,
1032 1822 1108 1845 non
1130 1810 1269 1855 noctis,
1289 1810 1354 1847 sed

363 1872 625 1920 luminis(ros
657 1870 758 1907 enim
788 1869 961 1914 luminis,
994 1877 1033 1905 ut
1065 1869 1115 1905 ait
1147 1870 1353 1920 propheta,

364 1945 426 1968 ros
455 1931 516 1967 ille
541 1930 581 1978 ³)
616 1929 725 1965 dulce
753 1927 818 1964 tibi
847 1928 989 1977 aliquid
1022 1928 1110 1965 inde
1141 1942 1353 1978 aspergere.

362 1991 534 2039 Denique
567 1989 656 2025 tales
681 2001 702 2024 a
728 2000 786 2024 me
811 1988 925 2024 stillas
948 1986 1135 2037 deposcis,
1153 1989 1358 2036 quantitate

363 2049 516 2099 quidem
543 2049 717 2098 exiguas,
753 2046 818 2083 sed
850 2045 1028 2095 qualitate
1058 2046 1237 2092 eximias3
1266 2061 1356 2097 pru-

364 2110 498 2145 denter
521 2108 621 2144 satis.
642 2106 748 2144 Nosti
766 2106 865 2142 enim
884 2104 1023 2154 ubique
1041 2105 1117 2141 fere
1140 2106 1355 2156 Scriptura-

366 2181 447 2204 rum
467 2167 636 2217 praeponi
654 2165 811 2215 profluis
827 2163 979 2200 subtilia
993 2191 1002 2209 ,
1023 2164 1187 2213 profusis
1204 2178 1355 2215 resper-

366 2241 401 2263 sa
418 2255 427 2272 ‚
449 2226 679 2276 corpulentis
699 2224 939 2261 comminuta.
959 2224 1130 2272 Denique
1150 2223 1355 2260 hostiarum

367 2286 424 2321 lex
442 2284 661 2334 sanguinem
677 2281 786 2330 jubet
799 2281 1015 2316 animalium
1036 2280 1192 2316 fundere
1205 2309 1214 2327 ,
1231 2281 1356 2317 avium

367 2344 545 2380 distillare
565 2357 571 2378 :
593 2351 630 2378 ct
649 2342 719 2377 hoc
742 2341 822 2389 ipso
843 2340 958 2375 altare
986 2339 1086 2388 quod
1113 2339 1203 2376 foris
1224 2348 1301 2385 est,
1323 2348 1360 2376 et

369 2403 467 2439 basis
484 2401 566 2451 ejus
586 2400 845 2451 perfunditur;
865 2399 966 2448 quod
994 2412 1085 2434 vero
1109 2398 1212 2435 intus
1232 2407 1287 2435 est
1305 2399 1358 2434 al-

369 2471 444 2498 tare
461 2471 497 2497 et
514 2462 660 2505 velum,
683 2460 741 2495 vel
769 2458 900 2494 leviter
917 2457 1126 2507 attingitur,
1146 2457 1205 2493 vel
1223 2458 1360 2506 septies

370 2521 597 2571 respergitur
612 2522 639 2555 ⁴.
657 2523 793 2556 Manna
810 2530 962 2567 quoque
980 2517 1165 2553 minutum
1181 2517 1315 2565 legitur
1333 2516 1361 2563 ⁵,

370 2592 405 2619 et
440 2582 525 2618 thus
553 2581 591 2616 in
610 2579 803 2629 pulverem
826 2577 1028 2626 redigitur:
1054 2584 1093 2611 ut
1109 2589 1191 2625 quae
1213 2577 1248 2612 in
1268 2577 1363 2613 Scri-

374 2642 495 2692 pturis
523 2639 633 2677 exilia
651 2667 660 2683 ,
683 2651 766 2687 quae
791 2644 992 2673 extenuata
1021 2635 1230 2681 inveneris,
1250 2636 1363 2686 spiri-

376 2700 538 2737 tualibus
553 2697 734 2735 attribuas
750 2705 788 2733 ct
808 2695 972 2744 mysticis
987 2693 1171 2731 sensibus.

430 2761 463 2797 si.
486 2764 569 2796 ltaec
595 2771 684 2807 ergo
711 2765 820 2801 sunt,
847 2756 884 2792 in
912 2768 996 2804 quae
1028 2763 1062 2790 te
1091 2754 1168 2790 sitis
1193 2764 1367 2804 perurget

377 2819 579 2855 ardentior.
618 2820 716 2852 Bona
745 2816 821 2851 lia-e
853 2814 956 2851 sitis:
979 2813 1043 2850 sed
1064 2813 1228 2859 utinam,
1251 2822 1290 2849 ut
1312 2814 1365 2849 le-

376 2879 498 2927 gitur,
529 2876 657 2912 ebrius
685 2874 870 2911 sitientem
900 2881 1064 2910 assumat
1087 2872 1124 2918 ⁶,
1154 2872 1216 2909 ille
1242 2872 1368 2909 ebrius

377 2938 441 2986 qni
463 2937 597 2986 plenus
617 2934 752 2969 dicitur
772 2933 886 2981 gratia
903 2941 939 2968 et
954 2932 1120 2968 veritate.
1140 2931 1204 2968 Ille
1220 2930 1366 2978 ebrius,

378 2997 422 3032 de
439 2995 546 3044 eujus
561 2992 793 3043 plenitudine
812 3005 879 3028 nos
897 3004 1027 3028 omnes
1037 2991 1268 3040 accepimus?
1284 3005 1290 3025 :
1307 2991 1368 3027 ille

1414 1041 1451 1076 in
1475 1053 1585 1076 unam
1604 1039 1879 1075 indifferentem
1906 1046 1942 1074 et
1961 1037 2195 1073 essentialem
2223 1036 2403 1086 simplici-

1417 1108 1528 1136 tatem
1552 1106 1803 1143 concurrunt‚
1827 1106 1864 1134 et
1884 1097 2084 1133 indiscrete
2111 1097 2397 1146 permiscentur.

1419 1163 1506 1195 llaec
1523 1172 1612 1208 ergo
1637 1171 1737 1194 mera
1754 1165 1841 1194 sunt
1863 1165 1899 1192 et
1918 1156 2099 1205 simplicia
2118 1170 2125 1191 ε
2144 1155 2207 1192 sed
2234 1155 2405 1191 humanis

1413 1219 1451 1254 in
1484 1218 1664 1254 unitatem
1695 1230 1865 1267 personae
1897 1228 1965 1265 per
1998 1215 2270 1252 lucan-nationis
2302 1228 2405 1251 com-

1414 1279 1529 1314 mixta
1540 1277 1771 1326 mysterium.
1787 1280 1829 1313 In
1848 1275 1995 1312 Christo
2011 1279 2098 1312 Jesu
2115 1275 2260 1311 intuere
2277 1288 2406 1323 quem-

1415 1336 1615 1372 admodum
1637 1348 1806 1386 personae
1825 1343 1880 1371 est
1899 1335 2039 1379 unitas,
2069 1343 2105 1370 et
2129 1334 2298 1370 essentiae
2319 1334 2405 1370 Tri-

1416 1395 1512 1432 nitas
1537 1410 1544 1431 :
1574 1395 1662 1431 foris
1688 1406 1847 1443 corpus,
1873 1393 1972 1430 intus
1999 1393 2178 1441 spiritus,
2209 1393 2248 1428 in
2266 1392 2408 1428 intimis

1415 1457 1529 1490 Deus.
1551 1457 1594 1490 In
1622 1453 1704 1503 ipso
1728 1461 1764 1489 et
1789 1452 1976 1489 aeternitas
1994 1451 2172 1501 incoepit,
2192 1459 2230 1488 et
2244 1451 2406 1488 immen-

1416 1513 1503 1550 sitas
1531 1513 1680 1558 crescit,
1712 1520 1750 1548 et
1779 1511 1947 1561 potentia
1977 1510 2118 1556 defuit,
2149 1518 2186 1547 ct
2219 1510 2409 1560 opulentia

1415 1572 1614 1618 inanescit,
1633 1580 1669 1607 et
1684 1570 1866 1621 sapientia
1882 1570 2002 1607 nescit
2018 1598 2028 1616 ,
2046 1578 2083 1606 et
2099 1582 2222 1607 sermo
2242 1570 2380 1607 silescit
2399 1584 2406 1606 ε

1415 1635 1500 1668 Note
1532 1631 1725 1674 clamabit,
1764 1630 1913 1679 inquit,
1947 1639 1982 1665 ec
2013 1644 2084 1665 non
2119 1632 2293 1665 audietur
2312 1628 2409 1676 soris

1415 1705 1493 1727 vox
1512 1695 1589 1736 ejus
1603 1697 1644 1726 ¹⁰.

1477 1752 1512 1786 5.
1546 1749 1645 1797 Quid
1662 1757 1737 1793 est,
1764 1748 1862 1784 bone
1879 1752 1967 1785 Jesu
1982 1776 1992 1793 ‚
2017 1747 2109 1797 quid
2128 1757 2184 1785 est
2200 1748 2302 1797 quod
2320 1748 2411 1797 legi-

1420 1823 1504 1846 mus
1523 1824 1530 1845 :
1551 1811 1743 1857 Sapientia
1756 1807 1854 1855 soris
1873 1811 2058 1851 clamitat,
2078 1817 2112 1843 et
2135 1813 2176 1843 in
2191 1810 2330 1856 plateis
2347 1809 2412 1842 (lul

1422 1883 1548 1906 vocem
1565 1883 1668 1905 suam
1686 1869 1740 1904 ¹¹?
1762 1867 1953 1916 Numquid
1973 1881 2048 1903 non
2074 1875 2112 1903 tu
2138 1880 2179 1904 es
2202 1866 2411 1916 Sapientia,

1422 1942 1507 1978 quae
1533 1942 1579 1965 ex
1600 1941 1665 1965 ore
1690 1926 1868 1965 Altissimi
1895 1926 2085 1977 prodivit?
2104 1925 2296 1975 quomodo
2323 1939 2412 1975 ergo

1423 1989 1486 2025 illa
1504 1988 1592 2024 soris
1609 1987 1791 2033 clamitat,
1808 1994 1844 2023 et
1862 1994 1900 2022 tu
1925 1999 2001 2022 non
2026 1985 2185 2022 clamas?
2207 1998 2283 2022 non
2302 1985 2411 2022 audi-

1425 2055 1484 2082 tur
1502 2046 1590 2082 foris
1607 2058 1682 2082 vox
1699 2053 1780 2091 tua,
1798 2044 1858 2080 illa
1875 2044 1914 2080 in
1933 2044 2065 2094 plateis
2081 2043 2144 2080 dat
2159 2045 2288 2080 suam?
2303 2047 2415 2080 Num-

1422 2105 1514 2154 quid
1549 2118 1626 2142 non
1659 2113 1700 2141 tu
1739 2104 1927 2154 Sapientia
1960 2117 2000 2140 es
2013 2132 2023 2149 ,
2062 2104 2108 2140 de
2143 2117 2218 2152 qua
2251 2103 2416 2152 loquitur

1422 2164 1627 2213 Apostolus
1647 2178 1653 2199 :
1680 2162 1981 2210 Cl1r1·.=·tn.=·sacms
2007 2171 2060 2198 cst
2081 2162 2185 2197 nubis
2200 2176 2224 2197 a
2245 2164 2325 2197 Deo
2345 2164 2415 2197 Ste—

1418 2225 1565 2270 pienu'a
1584 2224 1635 2258 ¹²?
1654 2221 1764 2258 nobis
1783 2221 1936 2270 quidem
1965 2221 2102 2266 factus,
2126 2234 2210 2257 nam
2230 2221 2267 2257 in
2288 2233 2327 2257 sc
2347 2234 2415 2256 na-

1426 2290 1484 2318 tus
1519 2296 1525 2316 :
1560 2281 1669 2318 nobis
1701 2282 1835 2327 factus,
1872 2281 1987 2331 inagis
2018 2289 2142 2317 autem
2171 2293 2240 2317 nos
2269 2280 2354 2316 facti
2378 2280 2415 2316 in

1424 2340 1506 2389 ipso
1531 2341 1669 2376 :creati
1695 2340 1795 2376 enim
1825 2352 1954 2376 sumus
1982 2340 2019 2375 in
2045 2339 2195 2377 Christo
2216 2343 2306 2376 Jesu
2324 2339 2417 2375 sicut

1425 2399 1463 2435 in
1494 2399 1672 2449 operibus
1688 2398 1817 2444 bonis,
1837 2399 1885 2435 ita
1903 2399 1940 2435 in
1957 2398 2130 2435 sensibus
2149 2399 2233 2448 piis.
2267 2401 2348 2434 Imo
2381 2405 2418 2434 et

1425 2471 1494 2494 nos
1512 2458 1549 2494 in
1575 2458 1658 2507 ipso
1671 2485 1681 2503 ‚
1709 2466 1745 2493 ct
1763 2458 1843 2507 ipse
1859 2457 1897 2493 in
1916 2456 2039 2494 nobis.
2070 2459 2202 2493 Filioli
2217 2461 2312 2500 mei,
2328 2470 2419 2504 quos

1381 2521 1413 2554 D
1432 2522 1561 2552 iterum
1573 2522 1765 2565 parturio,
1787 2519 1901 2552 donec
1912 2515 2096 2564 formetur
2113 2517 2273 2552 Christus
2294 2520 2331 2551 itt
2349 2529 2418 2552 vo-

1429 2576 1483 2611 bis
1506 2576 1548 2612 ¹³.
1577 2579 1776 2613 Formatur
1797 2576 1835 2613 in
1865 2575 1974 2613 nobis
1999 2576 2046 2612 ad
2071 2576 2210 2620 vitam,
2240 2575 2421 2612 formatur

1428 2635 1474 2672 ad
1499 2636 1704 2672 veritatem.
1733 2638 1838 2678 Vivo,
1866 2635 2104 2684 inquit,sam
2130 2649 2204 2670 non
2220 2648 2306 2682 ego,
2332 2638 2421 2670 vivit

1434 2710 1518 2731 vero
1530 2701 1566 2730 in
1579 2710 1637 2731 me
1655 2696 1815 2731 Christus
1827 2696 1853 2721 '⁴'
1868 2710 1875 2731 :
1891 2695 2084 2744 quomodo
2098 2707 2173 2730 non
2190 2706 2421 2742 consequen-

1434 2764 1488 2790 ter
1504 2763 1540 2790 et
1556 2755 1680 2791 dicere
1698 2763 1865 2804 poterat,
1885 2754 1997 2804 Sapio
2015 2753 2092 2803 jam
2108 2781 2117 2799 ,
2144 2753 2209 2790 sed
2230 2766 2306 2789 non
2327 2765 2396 2801 ego
2410 2779 2419 2795 ,

1433 2813 1528 2863 sapit
1549 2827 1638 2849 vero
1656 2814 1692 2849 in
1711 2826 1770 2849 ine
1786 2813 1982 2850 Christus?
1998 2812 2133 2850 Omnia
2150 2812 2187 2848 in
2207 2824 2266 2848 me
2283 2825 2290 2846 :
2310 2811 2347 2847 in
2363 2822 2422 2846 me

1435 2872 1668 2921 redemptio,
1700 2873 1737 2908 in
1762 2886 1820 2909 nie
1853 2872 2048 2917 sanctitas,
2080 2871 2118 2907 in
2146 2884 2205 2907 me
2227 2869 2420 2919 sapientia.

1434 2936 1514 2969 Non
1531 2932 1674 2982 sapitin
1693 2944 1751 2968 me
1763 2960 1772 2976 ,
1797 2931 1958 2968 Domine
1970 2960 1979 2977 ,
1994 2931 2062 2967 nisi
2077 2939 2134 2976 tu;
2154 2930 2218 2967 sed
2236 2942 2310 2965 non
2326 2929 2422 2979 sapis

1434 2991 1471 3027 in
1493 3004 1551 3027 me
1568 2991 1637 3028 nisi
1661 2999 1716 3036 te,
1736 2991 1765 3027 si
1785 2999 1907 3027 tamen
1926 2991 1960 3026 in
1986 2998 2020 3026 te
2039 3003 2121 3038 quae
2144 3002 2289 3026 sursum
2311 2997 2420 3033 sunt,

430 3148 433 3160 ¹
453 3141 520 3171 .lo··l
537 3150 571 3169 ιιι
589 3163 595 3174 ,
617 3142 666 3168 18.
684 3154 723 3158 -—
749 3144 758 3157 ⁷
782 3137 849 3166 tm.
869 3147 956 3171 Lxu,
980 3138 1005 3165 i.
1024 3153 1064 3157 -
1084 3133 1155 3165 ³1d.
1174 3145 1273 3171 xxvi,
1299 3139 1347 3165 111.
1368 3154 1405 3157 -
1438 3136 1445 3159 ὃ
1471 3135 1564 3165 Leiit.
1582 3146 1612 3165 ιν
1628 3141 1656 3165 et
1680 3145 1747 3164 xvi.
1771 3153 1812 3157 —
1838 3132 1850 3154 ⁵
1877 3133 1974 3164 Exod.
1994 3144 2060 3163 xvi.
2086 3151 2116 3155 -
2155 3135 2170 3153 ¹²
2196 3135 2287 3164 Dent.
2320 3143 2399 3162 xxix
2414 3156 2420 3167 ,

910 3191 921 3205 ’“
941 3192 1026 3217 l’rox.
1047 3200 1090 3218 ix.
1114 3193 1141 3216 '’.

932 3239 1021 3269 ‘Old
1044 3250 1077 3270 ιι,
1102 3243 1153 3268 Ἡ).

382 3201 430 3225 Γ),
506 3200 518 3221 7
535 3196 625 3222 Joan.
646 3203 674 3223 ι,
701 3194 758 3223 1ὀ,
789 3194 836 3219 ts».
867 3208 875 3209 ff

381 3261 406 3281 ι,
441 3253 471 3275 w
566 3242 710 3273 'lt-„dar
737 3245 849 3277 ιι,1’».

1219 3195 1233 3216 {¹
1252 3189 1367 3218 (juloss.
1386 3200 1426 3224 ιι,

1449 3192 1477 3218 3.
1526 3206 1530 3208 >
1555 3195 1582 3208 '⁴'
1602 3187 1671 3218 lsai.
1688 3198 1778 3223 xiiii,
1802 3190 1830 3216 72.
1857 3206 1885 3209 -
1917 3189 2236 3222 ¹¹1‘r0x.1,7),0.-
2264 3190 2291 3205 ¹²
2315 3187 2323 3214 Ι
2345 3186 2415 3214 (lor.
