2418 3949
146 258 214 295 5⁴21

198 335 233 371 4.
259 338 354 372 Ecce
373 333 510 384 quibus
538 343 621 371 orta
646 334 831 371 natalibus
850 334 1046 377 voluntas,
1068 342 1135 366 cu—

636 259 780 294 LIBER
807 259 872 293 DE
902 256 1102 293 NATURA
1131 255 1189 288 ET
1219 253 1484 288 DIGMTATE
1514 254 1707 288 AMORIS.

1145 327 1194 345 '215

2125 254 2200 289 522

1207 326 1463 376 spiritualibus
1489 326 1570 375 ejus
1593 336 1757 376 aguntur
1782 329 2004 373 incentivis,
2028 329 2064 365 in
2089 330 2203 378 spiri—

141 393 204 441 jus
227 394 450 439 nativitatis,
471 393 579 443 cujus
598 393 834 443 adoptionis;
855 391 963 441 cnjus
982 389 1141 438 dignita·
1160 391 1188 423 A
1210 386 1317 422 tualis
1344 385 1553 434 juventutis
1583 388 1731 423 fervore
1753 401 1821 424 suo
1850 388 1936 424 lieet
1965 387 2078 424 modo
2103 389 2204 425 insa-

147 454 213 499 tis,
238 453 347 502 eujus
367 453 586 490 nobilitatis.
610 457 701 501 Quae
721 466 805 490 cum
827 450 1082 502 praeveniente
1103 455 1139 483 et

145 521 374 562 cooperante
400 513 517 562 gratia
539 512 693 561 Spiritui
715 512 785 561 ipsi
812 518 961 554 saneto,
985 507 1049 558 qui
1069 509 1139 543 Pa-

147 571 213 608 tris
235 580 268 608 et
293 572 374 609 Filii
398 585 503 608 amor
520 579 576 607 est
603 579 640 607 et
661 571 853 614 voluntas,
875 568 978 604 bono
1005 565 1060 603 sui
1082 577 1141 601 as-

145 644 256 668 sensu
284 631 418 680 incipit
445 630 650 676 inbaerere,
675 638 712 667 et
745 629 988 665 vehementer
1011 623 1142 673 incipit

146 691 241 727 velle
264 691 365 740 quod
394 694 494 727 Deus
514 690 616 734 vult,
642 697 679 725 et
699 688 802 738 quod
826 685 1033 723 volendum
1059 696 1140 719 me-

146 750 266 786 moria
285 749 450 798 suggerit
464 757 500 785 et
517 749 613 785 ratio
632 763 639 784 :
659 756 697 784 et
712 748 956 784 vehementer
976 741 1141 780 volendo

146 822 252 845 amor
273 809 446 844 eflicitur.
470 807 567 844 Nihil
590 807 687 843 enim
709 806 811 842 aliud
830 814 885 842 est
906 817 1012 841 amor
1031 813 1142 851 quam

145 867 347 904 vehemens
362 867 398 903 in
418 866 521 902 bono
535 866 722 902 voluntas.
742 869 814 902 Per
828 879 866 901 se
885 865 983 900 enim
1005 862 1144 897 volun-

146 935 200 963 tas
218 927 374 976 simplex
395 934 450 962 est
468 926 642 971 affectus,
661 925 713 961 sic
731 925 866 961 animae
888 921 1061 960 rationali
1084 920 1145 956 in-

144 986 260 1033 ditus,
281 995 322 1023 ut
341 986 388 1023 sit
413 999 531 1036 capax
553 994 625 1022 tam
650 984 740 1021 boni
766 998 877 1034 quam
899 984 985 1020 mali
1008 997 1015 1018 ε
1040 981 1142 1017 bono

145 1047 346 1096 replendus
373 1060 457 1083 eum
485 1045 687 1095 adjuvatur
712 1058 733 1081 a
752 1045 892 1094 gratia3
916 1043 1034 1088 malo,
1056 1053 1141 1078 cum

1206 447 1297 482 nire.
1316 446 1451 483 Gravis
1468 446 1567 481 enim
1586 446 1787 495 opprobrii
1809 460 1867 483 res
1883 456 1937 483 est
1958 448 1992 483 in
2011 456 2203 494 naturam,

1204 506 1234 542 si
1263 505 1347 554 plus
1380 505 1417 540 in
1447 504 1612 541 deterius
1632 508 1818 554 prolicere
1841 516 2000 556 possunt
2018 506 2100 556 ejus
2119 521 2205 544 cor-

1207 573 1406 614 ruptores,
1427 576 1540 613 quam
1562 565 1598 600 in
1621 564 1764 601 bonum
1788 567 1865 602 veri
1886 575 2085 604 amatores.

1567 694 1742 732 CAPUT
1774 696 1847 733 111.

1212 805 1259 833 De
1281 807 1384 832 sancta
1408 801 1541 843 quadam
1564 801 1678 832 amoris
1694 801 1834 839 insania,
1856 802 1887 833 in
1909 802 2033 834 bomine
2050 815 2120 836 vere
2138 806 2207 836 reli-

1578 855 1663 896 gioso
1686 855 1844 897 requisita.

1261 983 1297 1018 (3.
1312 981 1409 1018 Audi
1429 990 1595 1018 sanctam
1617 982 1798 1019 insaniam
1815 985 1917 1019 :Sive
1934 995 2072 1031 meme,
2089 986 2209 1035 inquit

1209 1042 1433 1090 Apostolus,
1458 1044 1672 1077 (xz-cedimis
1683 1071 1694 1086 ,
1719 1047 1823 1087 Deo,
1840 1049 1914 1079 sies:
1931 1045 2006 1080 sobi
2017 1051 2045 1081 ii
2063 1060 2186 1081 smnus
2197 1075 2206 1089 ‚

144 1105 214 1142 sibi
245 1105 420 1142 dimissus
448 1105 575 1141 delicit
603 1104 641 1140 in
670 1104 884 1153 semetipso.
906 1106 959 1140 Ne
994 1101 1095 1138 enim
1127 1112 1146 1135 a
1164 1102 1192 1135 B
1209 1100 1353 1138 vobis-3,
1376 1101 1438 1138 Vis
1458 1102 1580 1138 adhue
1601 1102 1733 1139 audire
1754 1103 2011 1141 insaniam?Si
2030 1108 2207 1149 dimittis,

144 1168 320 1202 Creatore
341 1164 481 1214 aliquid
501 1164 634 1200 aniinae
651 1163 797 1200 deesset
812 1163 1004 1207 humanae,
1021 1159 1139 1196 libera

147 1225 183 1260 in
212 1224 390 1261 utramvis
414 1233 559 1273 partem
586 1223 672 1259 data
697 1231 754 1260 est
773 1223 807 1259 ei
829 1223 1004 1258 voluntas
1026 1235 1033 1256 τ
1055 1233 1140 1269 quae

144 1297 228 1320 eum
257 1283 450 1333 adjuvanti
468 1282 675 1320 concordat
695 1282 844 1331 gratiae,
868 1280 1017 1317 virtutis
1042 1279 1141 1315 acci—

144 1340 199 1390 pit
217 1341 426 1390 profectum
445 1349 482 1377 et
502 1354 639 1377 nomen
652 1369 662 1386 ,
682 1348 717 1376 et
735 1353 841 1376 amor
860 1339 1040 1376 eflicitur:
1056 1350 1139 1374 cum

144 1398 215 1436 sibi
230 1400 379 1438 dimissa
395 1414 434 1437 se
450 1401 527 1450 ipsa
545 1399 752 1436 secundum
770 1412 808 1435 se
826 1399 942 1448 ipsam
959 1397 1031 1434 frui
1045 1397 1140 1441 vult,

145 1459 200 1495 sui
229 1460 268 1496 in
286 1473 325 1497 se
342 1460 422 1510 ipsa
451 1460 593 1509 patitur
617 1459 825 1504 desectum3
852 1466 889 1493 et
912 1465 1006 1506 quot
1032 1454 1144 1492 babet

147 1518 254 1565 vitia,
283 1527 338 1556 tot
364 1519 540 1556 vitiorum
567 1519 724 1555 sortitur
753 1517 926 1562 nomina,
955 1515 1144 1565 cupidita-

149 1576 212 1623 tis,
233 1577 416 1624 avaritiae,
438 1578 616 1624 luxuriae,
638 1586 675 1613 et
694 1577 763 1613 alia
781 1575 1012 1625 hujusmodi.

199 1637 235 1673 5.
253 1637 379 1674 Primo
398 1638 526 1686 itaque
546 1637 716 1686 profectu
738 1649 806 1673 suo
825 1635 1022 1681 voluntas,
1039 1634 1145 1683 quasi

147 1697 182 1732 in
207 1698 463 1747 Pytliagoricae
484 1698 615 1733 litterae
638 1696 759 1742 bivio,
781 1695 898 1732 libera
917 1695 1147 1741 constituta,

145 1756 176 1792 si
191 1757 398 1793 secundum
417 1756 638 1805 dignitatem
654 1755 880 1792 naturalium
900 1767 1054 1791 suorum
1074 1755 1146 1790 eri·

144 1817 245 1865 gitur
258 1817 295 1853 in
311 1830 500 1860 amorem,
515 1817 721 1854 secundum
737 1816 944 1853 naturalem
959 1816 1142 1852 virtutum

1204 1161 1346 1210 inquit,
1369 1165 1652 1210 (·1'.s·J)(’‹·‹·atum,
1677 1164 1823 1198 dimitis?
1844 1177 1855 1197 .·
1875 1168 1932 1198 sin
1953 1173 2075 1200 autem
2089 1193 2099 1208 ,
2125 1168 2206 1199 dele

1207 1236 1264 1258 me
1283 1224 1330 1257 de
1357 1221 1449 1257 libro
1476 1236 1584 1269 quem
1610 1225 1821 1270 scripsisti&
1841 1223 1904 1260 Vis
1927 1224 2064 1260 aliam?
2082 1228 2208 1274 Ipsum

1207 1281 1295 1318 audi
1321 1281 1574 1330 Apostolum:
1598 1281 1807 1329 Optabam,
1838 1283 1978 1333 inquit,
2008 1285 2210 1320 anathema

1207 1355 1284 1376 esse
1300 1355 1323 1376 a
1346 1341 1488 1376 Chris-eo
1511 1340 1778 1390 profi·(1tribus
1800 1347 1888 1377 meis
1906 1341 1930 1377 ⁵.
1951 1346 2087 1380 Nonne
2107 1357 2209 1393 quae—

1208 1401 1293 1437 dam
1319 1402 1453 1438 mentis
1473 1400 1569 1438 bene
1591 1402 1734 1439 assectae
1760 1416 1848 1439 sana
1866 1403 2037 1453 quaedam
2060 1406 2212 1442 videtur

1210 1462 1373 1507 insania,
1401 1461 1502 1510 quod
1537 1462 1769 1511 impossibile
1797 1463 1844 1499 sit
1877 1464 2037 1509 effectu,
2073 1464 2211 1502 habere

1212 1522 1329 1558 fixum
1361 1521 1399 1556 in
1427 1521 1582 1566 affeetu3
1612 1535 1682 1570 pro
1712 1522 1861 1559 Christo
1889 1523 2086 1560 anatliema
2116 1525 2212 1560 velle

1211 1592 1291 1616 esse
1311 1592 1331 1615 a
1355 1578 1526 1616 Christo?
1549 1582 1638 1615 Haec
1660 1579 1705 1615 ad
1733 1581 1848 1616 sancti
1880 1582 2040 1631 Spiritus
2068 1582 2210 1619 adven-

1212 1647 1289 1675 tum
1320 1639 1590 1688 Apostolorum
1614 1639 1681 1675 fuit
1705 1638 1866 1676 ebrietas
1892 1655 1899 1676 :
1923 1641 2001 1677 liaec
2027 1642 2130 1678 Pauli
2150 1642 2210 1678 in-

1213 1698 1335 1742 sania,
1366 1710 1451 1733 cum
1488 1697 1630 1733 diecret
1660 1697 1706 1733 ad
1735 1711 1820 1734 euin
1855 1703 2002 1746 Festus,
2040 1704 2209 1746 Iasonis,

1211 1754 1374 1792 Pauless.
1392 1756 1582 1793 Mirumne
1604 1766 1683 1793 erat
1703 1757 1731 1794 si
1750 1757 1914 1795 insanire
1935 1761 2211 1808 pronuntiaba-

1212 1825 1291 1861 tur,
1313 1816 1377 1865 qui
1404 1816 1443 1852 in
1474 1816 1557 1866 ipso
1585 1817 1717 1853 mortis
1743 1818 1915 1867 periculo
1940 1819 2041 1869 ipsos
2064 1820 2212 1870 judices

144 1890 296 1914 suarum
324 1878 496 1914 ordinem
526 1877 572 1914 (le
598 1890 726 1914 amore
740 1906 749 1923 ,
774 1885 812 1913 ut
839 1877 981 1913 dictum
1005 1885 1080 1922 est,
1103 1878 1139 1913 in
1159 1877 1186 1911 C
1206 1888 1312 1921 5ιιο5,
1329 1889 1350 1912 a
1363 1874 1501 1925 quibus
1520 1889 1589 1925 pro
1607 1876 2023 1926 Christojudieabatur,
2042 1881 2087 1916 ad
2103 1881 2211 1918 Chri-

145 1936 382 1982 eharitatem‚
406 1937 452 1973 (le
474 1937 652 1973 charitate
676 1936 828 1986 prolicit
848 1936 885 1972 in
907 1936 1138 1985 sapientiam.

145 1995 208 2031 Sin
233 2003 355 2032 autem
370 2024 379 2041 ‚
397 1996 502 2032 nullo
523 1995 656 2032 ordine
675 1996 754 2041 sui,
771 1994 873 2043 justa
895 2004 1018 2031 tamen
1039 1994 1142 2030 ordi-

147 2054 299 2091 natione
316 2055 405 2101 Dei,
424 2055 608 2104 praecipiti
625 2064 706 2091 aeta
726 2055 834 2091 ruina
848 2083 857 2099 ,
878 2053 1041 2091 tenebris
1057 2067 1144 2090 con-

148 2113 305 2150 fusionis
332 2113 468 2150 obruta
496 2115 676 2163 sepelitur
700 2114 736 2150 in
763 2114 912 2150 inferno
938 2113 1139 2158 vitiorum,

148 2173 215 2209 nisi
237 2186 257 2209 a
278 2174 396 2223 gratia
419 2174 526 2211 citius
542 2174 575 2210 ei
598 2174 709 2210 fuerit
735 2173 975 2210 subventum.
999 2174 1034 2210 Si
1053 2186 1143 2210 vero

147 2232 205 2268 via
243 2233 377 2269 inferni
419 2233 567 2279 relicta,
605 2246 751 2270 sursum
785 2234 940 2283 eoeperit
975 2247 1141 2282 gressum

146 2292 338 2338 attollere,
370 2301 407 2329 et
435 2293 591 2342 gratiam
626 2307 788 2343 sequens
823 2293 1071 2330 deducentem
1107 2302 1144 2329 et

145 2352 418 2399 enutrientem,
439 2353 564 2389 adulta
594 2353 704 2389 fuerit
727 2354 764 2389 in
793 2367 980 2400 amorem3
1000 2353 1077 2402 jam
1104 2354 1141 2390 in

141 2411 355 2459 juventutis
368 2412 571 2449 constituta
591 2412 833 2457 fortitudine,
850 2426 870 2448 a
887 2413 1021 2462 spiritu
1038 2413 1145 2449 timo-

146 2471 215 2517 ris,
238 2484 315 2520 quo
336 2472 514 2508 hactenus
544 2480 585 2508 ut
610 2484 706 2521 puer
732 2471 885 2508 timebat
914 2485 1083 2521 pronam,
1106 2472 1143 2507 in

146 2530 318 2579 spiritum
337 2531 484 2580 pietatis
501 2531 632 2581 incipit
649 2532 853 2581 prolicere,
870 2532 905 2567 in
926 2544 1011 2567 eum
1032 2545 1049 2567 a
1068 2545 1144 2580 quo

147 2589 277 2640 incipit
292 2590 370 2638 jam
388 2604 523 2627 novam
541 2600 690 2639 gustare
710 2593 890 2640 gratiam,
910 2591 969 2641 pie
986 2590 1063 2639 jam
1086 2591 1145 2627 in-

1207 1943 1303 1971 stum
1323 1943 1546 1972 convertere
1569 1935 1785 1973 nitebatur?
1805 1941 1887 1974 Non
1913 1939 2008 1974 bane
2029 1941 2212 1977 insaniam

1209 1993 1334 2030 multae
1358 1994 1491 2030 litterae
1513 1994 1549 2029 in
1571 2008 1616 2029 eo
1641 1994 1844 2042 faciebant,
1867 1997 1962 2033 sieut
1979 1997 2128 2034 dicebat
2149 2012 2213 2035 rex

1210 2054 1405 2090 veritatem
1428 2054 1659 2103 intelligens,
1679 2054 1742 2091 sed
1770 2055 2011 2094 dissimulans
2033 2073 2040 2093 :
2060 2057 2144 2104 sed,
2169 2068 2208 2095 ut

1209 2114 1442 2160 dictumest,
1463 2115 1578 2151 sancti
1597 2115 1758 2164 Spiritus
1776 2114 1956 2162 ebrietas,
1976 2117 2012 2152 in
2031 2131 2104 2167 qua
2123 2120 2211 2155 etin

1209 2189 1327 2225 parvo
1343 2183 1379 2210 et
1396 2175 1432 2211 in
1451 2187 1587 2223 magno
1604 2176 1741 2211 similes
1758 2189 1823 2212 eos
1844 2176 1913 2212 sibi
1934 2178 2055 2213 faeere
2073 2179 2210 2227 gestie-

1210 2234 1291 2280 bat,
1311 2235 1375 2284 qui
1392 2248 1477 2270 eum
1492 2233 1726 2282 judicabant.
1746 2237 1791 2270 Et
1808 2244 1847 2271 ut
1865 2244 2000 2272 caetera
2021 2238 2214 2280 omittam,

1209 2308 1293 2343 quse
1311 2293 1445 2342 major,
1464 2306 1548 2342 quse
1565 2294 1680 2342 magis
1699 2294 1893 2343 inopinata
1915 2295 2079 2341 insania,
2098 2310 2210 2345 quam

1211 2354 1402 2390 bominem
1426 2353 1559 2389 relicto
1580 2354 1718 2389 saeculo
1738 2352 2014 2391 d‹;·siderantem
2028 2356 2212 2392 etarden-

1213 2421 1285 2449 tem
1306 2412 1490 2448 inliaerere
1513 2413 1677 2458 Christo,
1704 2426 1773 2462 pro
1794 2413 1944 2450 Christo
1974 2428 2120 2451 rursum
2146 2430 2213 2452 ne—

1212 2473 1383 2509 cessitate
1398 2471 1624 2508 obedientiae
1642 2481 1680 2508 et
1697 2473 1886 2509 eharitatis
1908 2474 2080 2511 sraternze
2096 2476 2217 2513 inlue-

1213 2546 1294 2569 rere
1317 2532 1477 2577 saeenlo3
1502 2531 1718 2568 tendentem
1745 2533 1780 2569 in
1809 2534 1942 2569 ewlnm
1971 2537 2212 2586 semetipsum

1212 2603 1381 2639 mergere
1408 2590 1444 2626 in
1474 2591 1655 2626 coenum?
1680 2591 1746 2627 Hic
1772 2600 1827 2627 est
1859 2591 2054 2641 Benjamin
2084 2595 2212 2632 adole-

146 2649 288 2697 eipiens
304 2663 428 2686 amare
444 2654 564 2687 Deum
583 2659 619 2686 et
640 2651 782 2696 colere,
798 2650 844 2687 de
861 2664 937 2699 quo
955 2651 1135 2700 seriptum
1155 2654 1187 2688 D
1204 2651 1416 2695 scentulus,
1437 2651 1500 2699 qui
1522 2651 1558 2686 in
1583 2651 1720 2687 mentis
1745 2665 1822 2688 suae
1849 2666 2001 2689 excessu
2016 2661 2029 2684 7
2053 2669 2121 2691 nee
2149 2671 2186 2692 se
2201 2687 2209 2698 ,

147 2716 201 2744 est
214 2723 221 2743 :
236 2711 364 2744 Pietas
378 2719 430 2745 ese
449 2712 566 2745 culeus
583 2715 659 2755 ‹jiaes
673 2716 695 2745 ¹.
716 2710 783 2745 llie.
795 2723 884 2758 ergo
896 2709 1047 2758 juvenis
1062 2723 1138 2745 non

147 2769 264 2803 aetatis
278 2796 287 2812 ,
307 2768 369 2804 sed
393 2769 539 2805 virtutis
561 2769 770 2805 naturalem
793 2769 1050 2806 fortitudinem
1071 2783 1140 2805 ex-

147 2836 262 2873 serat,
280 2837 316 2864 et
332 2829 506 2864 virtutem
522 2844 530 2873 ;
548 2842 616 2865 nec
632 2828 842 2877 juventutis
858 2828 968 2881 (lieet
986 2843 1005 2865 a
1025 2830 1141 2865 ratio-

150 2900 194 2922 ne
215 2900 255 2923 ea
277 2895 421 2924 vetetur
444 2888 708 2938 corrumper‹.·)
730 2890 910 2925 naturalia
932 2889 1063 2938 perdat
1084 2890 1142 2924 in—

149 2946 306 2982 eentiva.
335 2946 478 2993 Quibus
505 2948 533 2983 si
560 2947 749 2983 insaniunt
774 2948 837 2996 qni
870 2957 1139 2997 corrumpunt,

148 3004 211 3052 qui
229 3004 264 3040 in
285 3004 443 3053 imagine
462 3015 738 3055 pertranseunt,
755 3021 915 3056 qnorum
933 3008 1086 3056 spiritus
1102 3016 1141 3043 ut

148 3063 301 3112 spiritus
321 3063 520 3101 bestiarum
540 3066 596 3101 vel
620 3079 820 3115 pecorum,
835 3080 990 3113 (μιυιιιηι
1012 3080 1143 3101 carm-s

145 3121 253 3169 juxta
277 3124 520 3173 proplietam,
545 3136 584 3161 11!
612 3140 741 3161 earnes
774 3136 857 3161 sunt
887 3131 1077 3161 ‹is-inmune
1095 3133 1105 3146 ²
1134 3141 1140 3162 :

152 3183 268 3218 multo
291 3184 405 3232 magis
421 3198 485 3220 eos
504 3185 568 3234 qni
590 3186 626 3221 in
646 3185 802 3222 veritate
820 3194 906 3221 sunt
929 3186 1088 3231 amoris,
1111 3196 1144 3222 et

202 3322 208 3335 ¹
230 3315 291 3345 Jub
307 3327 427 3351 xxviii,
448 3320 488 3346 2⁸
506 3341 512 3351 ,
528 3318 617 3357 Juxta
643 3321 741 3349 [XX.
758 3337 784 3340 >—
824 3317 1180 3352 ’1-11‹·‹·lt..x.x1u,i'n.-

153 3380 181 3396 tx
201 3392 206 3401 ,
226 3373 254 3397 .’“,
331 3370 346 3387 ‘'
369 3372 622 3406 Aet.x›.v1‚·.›.'·.
706 3371 813 3401 71‘sal.
839 3375 1014 3405 ixv11.')8.

1049 3392 1061 3394 —
1092 3372 1104 3392 ⁸
1126 3372 1287 3413 virgulta.

1206 2724 1274 2747 nee
1292 2723 1399 2746 suum
1414 2710 1555 2758 aliquid
1571 2711 1697 2755 sentit,
1717 2711 1779 2746 sed
1799 2725 1884 2747 enm
1901 2713 2023 2748 solum
2041 2714 2075 2749 in
2093 2729 2207 2764 quem

1207 2780 1307 2807 totus
1331 2770 1503 2806 excessit.
1530 2773 1607 2805 llae
1628 2771 1770 2806 insania
1793 2771 2043 2808 insanierant
2069 2784 2209 2824 marty-

1209 2844 1266 2867 res
1288 2831 1386 2865 inter
1402 2838 1588 2865 tormenta
1611 2829 1787 2866 ridentes.
1808 2835 1883 2868 Cur
1904 2831 1962 2867 bie
1984 2846 2058 2868 non
2085 2834 2206 2871 dicam

1209 2889 1310 2938 qnod
1332 2890 1367 2924 in
1390 2889 1538 2924 fervore
1563 2889 1723 2924 lasciviae
1745 2903 1820 2926 sua¹
1844 2891 1948 2927 laseix
1963 2905 2003 2927 ns
2025 2902 2133 2941 poeta
2153 2894 2209 2930 ‹li-

1209 2948 1315 2985 eebat
1332 2977 1341 2994 ‚
1361 2965 1374 2978 «
1394 2948 1565 2984 1nsanire
1591 2947 1705 2984 libets
1721 2951 1735 2985 ‚³
1749 2968 1762 2980 ι»

1263 3011 1296 3045 7.
1325 3009 1391 3044 llie
1410 3022 1500 3055 ergo
1520 3008 1603 3043 lieet
1621 3009 1784 3045 emineat
1804 3011 1930 3046 servor
1944 3011 2124 3059 juvenilis
2139 3042 2147 3055 ,
2174 3024 2204 3050 et

1212 3070 1360 3104 l'erxens
1378 3068 1569 3115 religionis
1589 3081 1738 3113 eursus3
1759 3070 1823 3118 qui
1843 3084 1974 3118 quamv
1988 3071 2014 3107 is
2030 3072 2151 3108 :ulline
2174 3075 2208 3109 in

1213 3129 1282 3163 boe
1297 3136 1392 3163 statu
1410 3141 1475 3163 nee
1493 3127 1644 3172 babeat,
1660 3142 1728 3164 nee
1744 3129 1882 3165 babere
1897 3130 2044 3170 debeat,
2063 3134 2207 3168 l'rennm

1215 3196 1337 3223 tannen
1358 3187 1499 3236 patitur
1521 3188 1688 3224 rationis.
1712 3192 1912 3225 Ferxorem
1931 3191 2029 3226 enim
2053 3206 2118 3226 nox
2133 3193 2196 3227 itio

1207 3338 1212 3340 -
1234 3318 1246 3340 *l
1268 3323 1292 3350 ll
1311 3322 1382 3350 (ius.
1406 3331 1436 3357 V,
1464 3324 1511 3350 13.
1532 3340 1556 3341 st

1592 3328 1603 3344 ⁴
1623 3321 1718 3351 lel.
1745 3333 1834 3350 xxxii
1874 3326 1934 3353 ,[1,
1958 3327 2010 3352 .ὲ’),
2096 3332 2098 3334 “
2123 3328 2198 3354 Neu·

1315 3374 1476 3404 ltusolieou
1496 3374 1599 3414 egloga
1621 3379 1658 3405 il.
1687 3385 1761 3403 ηἹκ.
1782 3379 1833 3403 ζῖϋ.
