2418 3949
197 208 269 249 793

194 288 360 325 miniam.
375 290 554 337 Quamvis
569 290 617 328 sis
631 291 669 327 in
686 299 788 338 tuto,
812 293 889 329 noli
913 306 993 331 esse
1017 306 1181 330 securuS.

868 216 1152 254 TRACTATUS
1180 215 1243 254 DE
1272 218 1561 257 CHARITATE.

1194 291 1244 310 ³30

2167 224 2238 261 794

1252 303 1357 331 actus
1371 294 1575 342 desiderio,
1592 295 1695 345 quod
1709 295 1755 332 de
1771 296 1888 333 salute
1903 305 1965 334 tua
1980 297 2101 335 habeo
2114 327 2124 345 ‚
2140 300 2243 337 istud

193 349 426 396 Frequenter
449 349 488 386 in
519 350 641 386 media
671 352 940 401 tranquillitate
953 380 963 398 ‚
1004 353 1183 389 vitiorum
1203 354 1235 387 A
1251 367 1365 403 supra
1384 354 1482 391 vires
1504 368 1602 392 meas
1618 357 1800 406 assumpsi
1821 358 2013 406 negotium
2027 387 2036 404 ,
2054 367 2095 395 ut
2111 359 2246 397 vincu—

193 408 358 455 syrtibus
381 409 523 446 incauti
542 418 579 446 et
605 410 750 448 desides
771 411 998 449 obruuntur.
1023 417 1182 461 Quanta,

192 467 290 516 proh
315 467 441 505 dolor!
465 470 669 506 animantia
691 471 811 507 nutrit
834 471 946 520 hujus
968 472 1094 509 saeculi
1119 472 1185 508 de-

193 535 355 573 sertum,
377 541 462 577 quae
485 529 715 579 negligentes
737 531 941 567 monachos
960 530 1063 566 duris
1086 543 1184 567 mor·

193 584 297 623 sibus
328 587 559 637 depascunt!
589 592 635 625 Et
669 590 848 639 quoniam
879 589 992 626 credo
1018 598 1052 625 te
1072 602 1184 639 posse

190 646 275 695 plus
296 648 481 695 proficere
508 648 696 694 oratione,
723 662 835 698 quam
859 649 929 685 ista
959 657 1088 685 nostra
1114 661 1183 684 ex-

191 706 428 753 hortatione,
463 707 597 744 addam
636 716 673 744 et
712 710 911 745 formulam
937 708 1072 745 orandi
1101 724 1108 745 ε
1142 717 1184 745 ut

190 765 351 814 legendo
375 774 413 801 et
435 766 602 813 orando,
630 768 810 804 esurienti
835 767 968 804 animae
993 767 1182 816 duplicem

189 823 331 861 tribuas
356 825 622 871 refectionem3
649 834 687 862 et
713 827 816 875 quod
843 826 1034 864 desideras
1045 820 1061 871 ,⁷
1081 826 1182 876 apud

189 886 310 919 Deum
340 883 482 920 facilius
499 885 624 921 valeas
645 884 833 922 obtinere.
850 886 975 922 Nimio
994 885 1095 921 enim
1120 897 1183 921 co—

1251 413 1296 449 lis
1319 412 1524 450 verborum
1555 428 1725 451 meorum
1754 416 1800 452 ad
1827 416 2115 454 instructionem
2142 427 2243 455 tuam

1250 475 1400 509 Patrum
1421 474 1622 511 sententias
1641 475 1866 523 colligerem.
1884 479 1971 512 Haec
1985 485 2025 512 tu
2045 477 2239 524 meditare,

1250 531 1330 567 haec
1350 532 1389 567 in
1410 531 1546 569 tabulis
1566 532 1689 568 cordis
1706 534 1759 569 tui
1780 533 1914 570 scribe.
1938 538 1983 571 Et
1998 543 2040 571 ut
2060 536 2153 572 scias
2173 549 2242 586 per

1249 603 1362 639 quam
1401 591 1498 627 viam
1529 592 1704 628 incedere
1744 592 1899 638 debeas,
1930 601 1966 629 et
1991 602 2032 630 ut
2061 596 2242 643 perficere

1249 649 1371 698 possis
1395 662 1533 699 opere,
1560 651 1662 698 quod
1688 651 1797 688 discis
1823 652 1982 689 lectione
2015 667 2021 688 :
2048 654 2166 690 clama
2194 655 2240 691 ad

1247 712 1370 745 Deum
1384 736 1394 753 ,
1418 709 1498 745 sine
1518 723 1594 758 quo
1610 710 1701 746 nihil
1718 710 1809 747 boni
1830 712 1973 760 agitur3
1993 713 2130 759 clama,
2151 726 2242 763 pre-

1247 779 1326 811 cor,
1351 767 1512 803 clamore
1533 769 1725 817 magnoin
1749 778 1827 806 toto
1852 771 1964 807 corde
1993 780 2077 818 tuo,
2108 781 2145 809 et
2168 773 2239 810 sse—

1248 825 1333 862 bilis
1351 826 1585 875 supplexque
1606 835 1645 864 tu
1665 841 1743 864 ora.

715 1221 959 1288 LIBER
1018 1221 1172 1290 SEU
1228 1219 1712 1290 TRACTATUS

411 1445 667 1575 DE
812 1441 2025 1580 CHARITATE.

233 1872 306 1911 Hic
332 1871 538 1910 Tractatus
565 1885 586 1909 a
607 1871 780 1923 quodam
801 1885 998 1923 anonymo
1025 1873 1310 1910 consarcinatus
1330 1881 1387 1910 est
1408 1882 1494 1910 tum
1522 1887 1568 1910 ex
1588 1871 1786 1910 Richardo
1806 1872 2030 1920 Victorino,
2052 1874 2242 1912 nimirum

181 1938 358 1988 quinque
377 1937 507 1987 priora
532 1938 656 1987 capita
686 1951 732 1974 ex
761 1936 949 1974 Tractatu
969 1935 1017 1974 de
1039 1936 1236 1974 Gradihus
1257 1936 1464 1975 Cliaritatis
1492 1955 1500 1975 ι
1526 1946 1612 1975 tuin
1639 1952 1684 1975 ex
1709 1937 1827 1975 Petro
1853 1937 2020 1975 Blesensi
2037 1968 2045 1984 ‚
2066 1937 2243 1977 videlicet

181 2016 204 2039 a
223 2003 346 2053 capite
365 2016 469 2040 nono
489 2016 614 2053 usque
639 2001 688 2039 ad
713 2002 852 2048 fine1n3
881 2001 988 2051 quod
1009 2016 1054 2039 ex
1082 2001 1238 2040 duobus
1267 2003 1388 2053 ipsius
1414 2003 1522 2041 libris
1548 2002 1596 2040 de
1621 2002 1816 2040 Charitate
1840 2002 1912 2039 Dei
1940 2012 1979 2040 et
2006 2004 2174 2053 proximi
2195 2003 2244 2041 ad

181 2067 351 2105 verbum
370 2077 596 2118 excerptum
614 2077 670 2105 est
685 2098 692 2112 ‚
723 2068 855 2117 paucis
883 2066 975 2104 hinc
1003 2066 1094 2104 inde
1115 2069 1395 2117 praeterniissis.
1423 2068 1615 2106 Caeterum
1637 2067 1832 2118 quidquid
1851 2082 1872 2104 a
1896 2069 2018 2119 capite
2037 2070 2177 2118 quinto
2196 2069 2245 2106 ad

181 2144 333 2169 nonum
352 2132 551 2182 interjacet
566 2162 575 2179 ‚
598 2146 643 2170 ex
669 2130 831 2170 diversis
851 2130 891 2169 S.
915 2131 1105 2169 Bernardi
1130 2131 1223 2170 locis
1243 2141 1472 2170 contextum
1499 2141 1578 2179 est,
1611 2133 1828 2182 praesertim
1856 2146 1902 2170 ex
1919 2131 2173 2170 sermonibus
2202 2134 2241 2170 in

180 2194 348 2233 Cantica.
371 2195 510 2234 Editus
527 2205 584 2234 est
601 2196 779 2247 primum
803 2209 825 2233 a
846 2195 1041 2243 Gretsero‚
1064 2195 1312 2248 Ingolstadii‚
1331 2211 1435 2236 anno
1458 2198 1575 2244 1617,
1597 2210 1642 2234 ex
1668 2195 1909 2234 Bibliotheca
1935 2195 2244 2235 Cartusiensium

181 2258 493 2298 Erfordensium.

502 2589 836 2628 PROOEMIUM
843 2622 852 2630 .

1198 2597 1226 2631 Β
1247 2592 1305 2628 vel
1327 2603 1513 2640 nusquam
1534 2598 1611 2634 est,
1637 2590 1725 2638 quia
1748 2602 1824 2625 non
1851 2588 1898 2625 ab
1921 2588 2173 2625 exterioribus
2199 2589 2245 2626 ad

1245 2650 1425 2686 interiora
1441 2649 1634 2685 suavitatis
1647 2656 1791 2684 secreta
1806 2648 2034 2697 transponit;
2051 2647 2114 2683 sed
2130 2646 2177 2683 ab
2191 2648 2247 2684 in—

237 2708 346 2758 Cogit
363 2720 422 2744 me
440 2708 616 2745 instantia
633 2709 823 2746 charitatis
840 2719 933 2756 tuae,
950 2711 1041 2747 inihi
1056 2724 1182 2748 aman·

183 2768 326 2805 tissime
338 2795 349 2812 ‚
366 2767 509 2816 aliquid
526 2768 593 2804 tibi
612 2768 657 2804 de
674 2769 854 2806 charitate
867 2769 1030 2807 scribere
1044 2799 1054 2815 ‚
1070 2779 1183 2819 atque

183 2840 296 2876 supra
320 2840 378 2862 me
400 2827 524 2876 ipsum
549 2840 797 2877 praesumere,
826 2837 863 2864 et
891 2842 1004 2878 super
1027 2830 1181 2866 modum

182 2886 378 2935 parvitatis
396 2898 488 2922 meae
504 2900 513 2932 3
530 2886 606 2922 iino
618 2916 627 2932 ,
646 2895 686 2923 ut
704 2887 794 2923 milii
811 2887 949 2924 sentire
965 2888 1096 2924 videor
1108 2917 1116 2932 ‚
1138 2889 1184 2925 de

182 2957 316 2990 vacuo,
337 2953 374 2980 et
393 2945 494 2993 quod
516 2959 593 2981 non
614 2945 754 2989 liabeo,
775 2945 875 2982 dare.
894 2947 1076 2991 Difficile,
1098 2948 1183 2984 dico

184 3002 273 3050 tibi,
299 3004 503 3053 acquiescit
523 3005 668 3041 animus
696 3018 802 3042 meus
825 3006 968 3055 aliquid
987 3006 1032 3042 de
1057 3007 1181 3043 chari-

184 3071 258 3099 tate
278 3063 422 3109 dicen-3
447 3064 614 3101 sentiens
632 3064 735 3113 quod
761 3064 807 3100 ad
825 3078 906 3101 eam
929 3065 1181 3110 tractandam,

185 3135 262 3158 non
276 3135 353 3168 cor,
371 3136 449 3158 non
467 3123 594 3172 lingua
613 3124 784 3159 sufficiat.
804 3124 1005 3170 Quomodo
1022 3124 1119 3159 enim
1139 3124 1185 3159 ‹le

185 3194 312 3217 amore
336 3182 506 3231 loquitur
525 3182 661 3227 honio,
687 3183 752 3231 qui
772 3196 848 3218 non
873 3191 994 3226 amat,
1023 3183 1088 3230 qui
1110 3183 1185 3218 vini

186 3252 262 3275 non
289 3241 402 3276 sentit
425 3241 591 3277 amoris?
617 3245 672 3278 De
701 3241 781 3277 aliis
811 3253 947 3289 nempe
972 3242 1122 3290 copiosa
1149 3241 1185 3276 in

194 3297 299 3334 libris
312 3300 473 3335 occurrit
491 3301 643 3336 materia
662 3300 761 3336 :ha‘c
773 3309 895 3336 autem
911 3309 986 3335 tota
1004 3301 1104 3335 intus
1118 3309 1185 3340 est.

1249 2708 1451 2745 terion-ibus
1476 2707 1523 2743 ad
1550 2707 1737 2743 exteriora
1758 2707 1990 2742 transiliittit.
2019 2707 2127 2742 Solus
2154 2719 2245 2755 pro-

1249 2768 1337 2804 inde
1356 2768 1401 2803 de
1422 2780 1463 2802 ea
1481 2767 1650 2814 loquitur
1668 2766 1781 2813 (ligne
1795 2794 1804 2810 ,
1827 2766 1892 2814 qui
1913 2765 2119 2801 secundum
2141 2765 2244 2813 quod

1250 2841 1316 2863 cor
1331 2827 1445 2862 dictat
1464 2825 1620 2861 interius
1634 2853 1644 2868 ,
1666 2825 1830 2860 exn-rius
1848 2824 1964 2860 verba
1981 2825 2188 2873 componit.

1302 2890 1355 2922 Ne
1378 2898 1466 2932 ergo
1489 2884 1634 2920 mireris
1657 2884 1686 2920 si
1713 2884 1826 2920 alium
1846 2883 1892 2919 <lo
1910 2884 1977 2919 hac.
2001 2883 2130 2919 audire
2149 2885 2243 2920 nial-

1251 2945 1340 2988 lem,
1369 2957 1480 2992 quain
1509 2943 1588 2991 ipsc
1613 2943 1728 2991 loqui.
1758 2943 1889 2987 Illum,
1918 2943 2092 2990 inquam,
2116 2942 2246 2979 audire

1248 3004 1407 3046 vellem,
1438 3002 1501 3050 qui
1528 3002 1711 3037 calamum
1742 3002 1878 3049 linguae
1908 3002 2069 3051 tingeret
2092 3001 2130 3037 in
2159 3015 2246 3038 san—

1249 3063 1360 3110 guine
1384 3061 1530 3106 cordis3
1559 3061 1645 3109 quia
1667 3069 1755 3096 tunc
1778 3073 1865 3096 vcra
1885 3069 1920 3097 et
1943 3060 2156 3096 veneranda
2174 3060 2244 3096 do-

1251 3121 1369 3157 ctrina
1386 3129 1460 3162 est,
1485 3133 1569 3155 cuin
1590 3133 1672 3168 quse
1695 3120 1821 3169 lingua
1836 3120 2026 3168 loquitur,
2048 3120 2245 3155 conscien—

1253 3180 1302 3215 tia
1319 3179 1451 3224 dictat,
1469 3179 1630 3214 charitas
1645 3179 1822 3227 suggerit.
1845 3179 1997 3215 Falleris
2016 3179 2043 3214 si
2060 3191 2118 3214 nie
2137 3180 2244 3214 talem

1255 3249 1384 3289 putas,
1416 3239 1491 3274 imo
1520 3239 1627 3274 fallor
1647 3252 1716 3288 cg«)
1738 3253 1744 3274 :
1768 3252 1851 3274 nain
1880 3238 1943 3274 tibi
1971 3238 2121 3286 quidem
2142 3238 2245 3287 pium

1252 3307 1309 3335 est
1330 3299 1367 3334 in
1394 3298 1476 3338 illa,
1500 3311 1584 3345 qua‘
1606 3299 1731 3333 onmia
1753 3297 1891 3338 credit,
1920 3297 2103 3332 :estimare
2121 3296 2167 3331 ‹le
2191 3310 2248 3332 nie
