2504 3928
322 213 415 248 1087

908 212 1192 246 'snACTt't'us
1226 213 1286 247 DE
1317 213 1465 247 STATtJ
1501 213 1765 247 vtttTuTUM.

2259 213 2360 250 1088

311 299 482 337 negatum
506 288 627 323 suerit.
650 287 760 333 Quod
779 288 805 322 >i
829 287 1019 323 luuniliter
1038 286 1177 323 bonnm
1196 286 1487 337 ‹piod·⁵'¹³triluis
1507 288 1664 323 novellis
1683 288 1898 337 propinare.
1921 289 1992 324 Sed
2009 290 2096 337 qnia
2117 289 2227 326 timor
2243 290 2361 327 intro—

309 348 491 384 desiderat
507 375 516 388 ,
535 347 688 395 pra-lato
706 354 897 393 suggerat,
918 355 953 381 et
973 359 1058 382 eum
1076 346 1300 397 denegatum
1323 353 1352 386 Α
1371 347 1472 383 ducit
1493 347 1730 392 charitatem,
1761 347 1812 382 sic
1840 347 1982 385 intrans
2015 356 2054 384 ut
2081 357 2207 394 exeat,
2239 349 2361 398 aliqua

313 408 419 443 suerit
443 407 617 441 immotus
637 413 875 454 permaneat,
896 404 1037 441 bonnm
1054 414 1121 441 est.
1141 410 1232 443 Item
1250 415 1305 442 est

312 466 526 502 obedientia
548 464 733 513 superbiae
754 464 862 500 sinml
880 472 915 499 et
936 465 1100 500 stultitia:¹
1122 474 1224 514 peste
1241 466 1306 500 de-

312 534 465 575 pravata
480 552 488 568 ,
513 538 557 559 ex
574 524 726 572 propria
746 523 942 559 voluntate
959 522 1204 567 descendens,
1221 537 1304 560 eum

313 585 397 634 quis
417 585 453 620 in
487 583 596 620 bonis
625 583 725 631 apud
752 583 993 631 semetipsum
1026 595 1110 631 quae
1141 584 1305 619 saeturus

310 652 427 687 esset,
448 643 477 678 si
500 642 790 691 injungerentur
808 641 861 686 ei,
882 649 919 677 et
939 654 1022 689 quae
1043 642 1240 677 minime...
1261 644 1305 678 Et

311 702 539 752 quandoque
568 701 750 749 contigit,
778 709 818 736 ut
849 700 910 736 illa
943 700 1041 737 bona
1071 714 1155 749 qnae
1186 701 1305 737 facere

315 775 389 798 non
416 761 515 805 uult,
546 760 578 796 ei
613 760 789 809 prfelatus
819 772 1009 808 nunquam
1043 759 1235 809 injungat,
1270 768 1306 796 et

312 830 432 858 tamen
456 828 613 868 propter
628 820 778 856 stultam
800 819 924 855 cordis
944 819 1250 856 deliberationem
1269 828 1305 855 et

311 879 603 916 inobedientiam
625 878 726 927 apud
749 882 867 914 Deum
891 891 975 914 rcus
994 879 1123 914 mortis
1145 887 1303 915 tenetur.

310 938 381 974 Sed
403 946 438 973 et
460 938 530 973 boe
565 937 798 983 notandum,
831 937 934 987 quod
969 937 1196 987 quandoque
1224 951 1304 974 ma-

314 998 426 1047 gister
455 996 597 1046 aliquid
629 996 788 1032 discrete
822 995 1002 1044 injungit,
1037 1005 1074 1032 et
1101 997 1306 1046 discipulus

313 1058 416 1094 nullo
436 1056 548 1092 niodo
567 1056 790 1104 acquiescit3
815 1056 878 1092 sed
896 1056 1001 1104 quasi
1014 1056 1210 1092 eonsilium
1227 1068 1305 1091 me-
1326 1057 1352 1090 B

318 1117 387 1152 lius
405 1115 572 1160 daturus,
594 1115 826 1151 voluntatem
846 1115 1010 1163 magistri
1030 1115 1213 1150 voluntati
1231 1128 1306 1151 suae

313 1175 492 1224 subjicit,
529 1188 612 1210 cum
648 1175 840 1223 propriam
879 1175 1110 1210 voluntatem
1145 1183 1181 1210 et
1212 1187 1305 1223 pro-

311 1236 435 1285 prium
462 1235 658 1270 consilium
683 1234 751 1270 sub
773 1235 964 1269 voluntate
984 1241 1021 1269 et
1046 1234 1204 1282 imperio
1229 1247 1306 1270 ma—

311 1294 414 1342 gistri
451 1294 599 1329 flectere
623 1292 776 1339 debeat.
814 1296 942 1340 Longe
975 1304 1063 1339 ergo
1095 1291 1141 1327 ab
1173 1292 1306 1328 itinere

312 1352 535 1388 obedientise
564 1364 692 1387 errore
713 1351 862 1386 ‹hu-itur
892 1351 1026 1393 devio,
1053 1363 1137 1385 cum
1165 1360 1303 1387 semet-

312 1413 435 1460 ipsum
458 1410 692 1457 magistrum,
723 1418 757 1444 ct
787 1409 1001 1456 magistrum
1026 1421 1132 1444 suum
1163 1409 1305 1445 consti—

316 1478 393 1506 tuat
415 1469 652 1518 discipulum.

366 1530 426 1566 28.
463 1532 645 1564 Praeterea
679 1526 948 1562 attendendum
976 1536 1049 1572 cst,
1077 1526 1180 1575 quod
1210 1526 1303 1562 sub-

307 1590 429 1638 jectus
458 1599 603 1624 errores
636 1586 801 1635 magistri
832 1586 884 1621 sie
917 1599 1050 1622 cavere
1078 1585 1231 1631 debeat,
1267 1594 1306 1622 ut

312 1661 459 1697 semper
487 1646 704 1695 magistrum
736 1653 938 1681 veneretur
964 1660 971 1681 :
1005 1644 1182 1693 quodque
1213 1644 1306 1681 adeo

310 1707 523 1749 seducitur,
562 1713 601 1741 ut
632 1705 849 1753 magistrum
886 1703 1104 1740 venerando
1138 1704 1306 1739 imitetur

309 1778 483 1807 errores,
520 1764 578 1799 vel
611 1776 758 1799 errores
788 1763 955 1798 cavendo
986 1763 1163 1811 magistro
1195 1761 1305 1799 subdi

1371 405 1416 441 de
1441 405 1573 442 timore
1594 418 1864 454 proponamus.

1372 527 2361 539 =====================================================================

1598 619 1779 674 PARS
1821 619 2126 675 TERTIA.

1547 750 1598 771 DF.
1635 749 1810 772 TIMORF.
1849 750 1895 772 ET
1931 750 2192 773 CHARITATF..

1772 848 1973 863 ⁴000*—

1425 938 1485 974 25).
1512 941 1574 974 Est
1601 936 1753 985 qnidam
1783 937 1895 973 timor
1922 939 2122 985 naturalis,
2148 939 2256 976 nobis
2277 953 2361 977 cum

1372 996 1593 1033 animalibus
1613 996 1845 1042 communis,
1865 1009 1912 1032 ex
1934 1005 2065 1033 natura
2086 998 2206 1034 carnis
2225 1011 2363 1048 proce-

1373 1057 1477 1092 dens.
1496 1057 1687 1092 Timemus
1707 1055 1806 1091 enim
1828 1068 1911 1104 qnae
1930 1055 2156 1104 corporibus
2183 1065 2270 1093 sunt
2290 1070 2362 1094 no-

1373 1116 1457 1159 xia,
1489 1124 1525 1151 et
1557 1115 1776 1151 naturaliter
1801 1128 1842 1151 ca
1873 1115 2059 1161 vitamus,
2086 1124 2122 1152 et
2153 1116 2365 1166 appetimus

1372 1175 1545 1210 salutaria
1570 1189 1577 1211 :
1602 1174 1702 1210 unde
1733 1174 1912 1223 scriptum
1946 1182 2023 1218 est,
2060 1177 2178 1210 Nemo
2201 1189 2364 1224 unquam

1372 1247 1520 1269 carnem
1549 1247 1654 1269 suam
1686 1235 1770 1268 odio
1800 1232 1950 1277 habuit,
1970 1235 2038 1268 sed
2064 1238 2173 1269 nutrit
2207 1243 2242 1270 el
2265 1233 2368 1282 fovet

1373 1305 1454 1327 eam
1474 1299 1496 1327 ¹.
1518 1296 1590 1329 Iste
1615 1293 1726 1328 timor
1748 1305 1824 1328 non
1853 1300 1907 1328 est
1929 1301 2142 1341 peccatum,
2170 1293 2234 1329 sed
2255 1306 2365 1343 poena

1372 1350 1541 1399 peccati;
1563 1364 1630 1386 nec
1652 1350 1858 1386 introducit
1883 1351 2122 1396 charitatem,
2147 1364 2215 1388 nec
2243 1352 2364 1389 intro-

1372 1409 1519 1445 ductam
1551 1410 1730 1458 expellit:
1756 1410 1818 1446 sed
1850 1410 2069 1446 naturaliter
2097 1419 2152 1447 est
2174 1411 2212 1447 in
2233 1410 2365 1456 nobis,

1371 1468 1449 1504 sive
1477 1467 1679 1504 babeamus
1710 1469 1949 1514 charitatem,
1973 1469 2050 1505 sive
2076 1482 2166 1506 non.
2195 1473 2242 1507 Et
2266 1471 2366 1508 hunc

1375 1526 1545 1563 timorem
1567 1526 1730 1563 habebat
1752 1527 1919 1564 Christus
1944 1541 2028 1563 cum
2056 1528 2216 1574 diceret,
2245 1531 2366 1566 Tristis

1373 1594 1426 1621 est
1445 1590 1573 1621 anima
1593 1600 1675 1621 mea
1698 1600 1812 1634 usque
1837 1589 1890 1622 acl
1915 1593 2110 1633 mortem²;
2137 1596 2178 1624 ut
2206 1601 2274 1639 per
2292 1589 2366 1625 hoc

1372 1645 1566 1680 veritatem
1589 1645 1769 1694 assumpti
1787 1645 1950 1682 hominis
1973 1646 2211 1692 ostenderet,
2233 1655 2270 1684 et
2286 1648 2366 1684 ele-

1373 1711 1453 1739 ctos
1472 1716 1560 1739 suos
1588 1703 1743 1739 adversa
1772 1703 1902 1739 mundi
1932 1712 2167 1754 mortemque
2191 1719 2367 1755 passuros

1373 1760 1637 1797 corroboraret
1668 1774 1736 1798 suo
1766 1763 1954 1812 exemplo.
1983 1766 2028 1799 Et
2057 1764 2182 1801 nullus
2209 1765 2367 1802 miretur

309 1825 543 1873 dedignetur.
563 1823 713 1871 Quippe
731 1821 820 1857 dum
841 1822 1004 1869 magistri
1023 1830 1128 1858 aetus
1144 1822 1201 1857 vel
1225 1835 1304 1857 ver-
1323 1820 1350 1856 C
1370 1819 1506 1856 electos
1528 1821 1658 1857 timore
1689 1822 1859 1868 concuti,
1880 1835 1963 1858 cum
1986 1823 2152 1860 Christus
2179 1833 2275 1862 esset
2296 1825 2364 1861 tri-

308 1884 354 1928 ba
378 1883 526 1919 curiosa
553 1880 756 1917 subtilitate
785 1880 965 1925 attendit,
998 1889 1034 1917 et
1063 1881 1305 1930 semetipsum

309 1943 429 1992 qualis
448 1940 549 1990 apud
566 1954 605 1978 se
621 1941 731 1977 lateat
747 1969 755 1986 ,
773 1940 946 1977 seductus
966 1940 1136 1988 ignorat3
1157 1948 1194 1976 et
1215 1940 1304 1976 dum

309 2003 405 2039 mala
442 2015 507 2038 sua
536 2013 605 2037 nec
635 2013 794 2049 magna,
830 2013 897 2036 nec
930 2000 1083 2036 minima
1114 1999 1306 2036 attendere

313 2063 411 2106 vult,
439 2061 503 2097 sed
531 2061 653 2105 bona,
684 2060 713 2096 si
742 2072 816 2108 qua
842 2067 954 2104 sunt,
987 2072 1054 2095 nec
1083 2059 1129 2095 de
1152 2059 1306 2096 occultis

311 2121 473 2170 magistri
502 2119 598 2156 bene
627 2119 760 2163 sentit,
784 2132 852 2154 nec
880 2117 960 2167 ejus
989 2118 1183 2154 manifesta
1206 2117 1305 2154 bona

312 2179 518 2229 approbat,
542 2179 607 2216 sed
627 2179 744 2222 mala,
767 2178 797 2213 si
818 2191 891 2226 qua
914 2185 1024 2222 sunt,
1049 2178 1243 2213 manifesta
1262 2177 1305 2213 li-

311 2240 444 2275 benter
467 2237 625 2274 attendit
647 2252 654 2273 :
677 2237 787 2280 dum,
823 2237 999 2285 inquam,
1031 2236 1102 2272 hoc
1133 2237 1238 2281 facit,
1270 2244 1307 2272 et

311 2312 349 2335 se
363 2299 484 2347 ipsum
506 2297 666 2332 inaniter
686 2296 851 2340 extollit,
874 2303 910 2331 et
931 2295 1145 2344 magistrum
1170 2294 1307 2331 malitia

312 2358 471 2407 agitatus
500 2355 689 2403 deprimit.
723 2358 987 2390 Verumtamen
1019 2354 1215 2390 commissa
1243 2367 1306 2389 sua

313 2413 532 2458 attendens,
559 2425 597 2448 sc
627 2421 863 2461 peccatorem
893 2413 1114 2455 confitetur,
1148 2424 1217 2447 nec
1250 2419 1306 2446 ta—

313 2484 399 2508 men
421 2479 564 2506 tantum
585 2481 623 2505 se
643 2482 816 2517 peccasse
837 2469 1016 2513 aestimat,
1040 2477 1080 2504 ut
1101 2469 1163 2504 tali
1188 2469 1305 2517 magi-

311 2541 388 2567 stro
409 2529 581 2566 subditus
601 2541 680 2564 esse
700 2527 877 2572 deberet,
900 2536 936 2564 et
956 2536 1146 2563 crescente
1168 2528 1304 2563 malitia

1371 1878 1436 1914 stis
1456 1892 1574 1927 usque
1598 1879 1645 1915 ad
1669 1888 1840 1916 mortem.

1425 1937 1488 1973 30.
1510 1938 1635 1974 Sedet
1656 1938 1791 1984 timor,
1813 1939 1878 1988 qui
1899 1948 1955 1975 est
1975 1939 2122 1976 initium
2145 1940 2362 1990 sapientiae,

1373 2005 1409 2033 et
1431 1997 1576 2034 servilis
1604 1997 1759 2044 dicitur,
1789 1999 1826 2034 in
1857 1999 2006 2036 Christo
2038 1999 2150 2036 fuisse
2176 2000 2363 2047 creditur,

1374 2056 1420 2092 de
1446 2069 1522 2104 quo
1552 2057 1665 2093 Isaias
1684 2057 1773 2093 dicit
1806 2072 1813 2093 :
1846 2060 1897 2093 Et
1923 2060 2073 2105 replevit
2099 2071 2182 2094 eum
2212 2060 2364 2106 spiritus

1373 2119 1515 2151 timoris
1537 2116 1730 2151 D0mi111'3.
1759 2115 1870 2153 Unde
1890 2116 2024 2152 merito
2044 2116 2247 2164 quaeritur,
2277 2130 2361 2153 cum

1373 2175 1575 2224 perfectam
1605 2175 1843 2220 charitatem,
1875 2188 1959 2224 quae
1986 2175 2082 2211 soras
2111 2175 2224 2212 mittit
2252 2176 2364 2213 timo-

1374 2247 1477 2279 rem,
1500 2234 1538 2270 in
1563 2234 1710 2271 Christo
1739 2234 1851 2271 fuisse
1872 2235 1976 2271 nefas
2005 2235 2051 2271 sit
2079 2247 2235 2283 negare,
2265 2248 2362 2284 quo-

1374 2293 1488 2329 modo
1509 2294 1673 2342 perfecta
1699 2294 1859 2330 charitas
1885 2302 1920 2330 et
1948 2294 2061 2329 timor
2086 2294 2231 2330 servilis
2250 2294 2289 2330 in
2316 2308 2362 2331 eo

1374 2364 1453 2388 esse
1473 2352 1581 2388 simul
1601 2352 1808 2400 potuerint.
1837 2352 1894 2389 Ad
1915 2353 2017 2401 qnod
2044 2352 2212 2396 diversa,
2234 2353 2361 2389 nescio

1374 2411 1402 2447 si
1423 2410 1645 2448 sufficientia
1659 2439 1668 2455 ‚
1694 2411 1982 2460 respondentur.
2012 2411 2158 2448 Dicitur
2176 2410 2278 2459 quod
2300 2411 2362 2448 ille

1372 2470 1437 2518 qui
1454 2469 1554 2505 nulla
1572 2482 1679 2505 causa
1695 2477 1851 2517 cogente
1863 2498 1872 2515 ,
1894 2469 1958 2505 sed
1974 2469 2189 2506 voluntarie
2206 2478 2360 2507 caeteros

1372 2536 1509 2564 nosti-:e
1524 2529 1760 2565 mortalitatis
1774 2530 1937 2577 suscepit
1952 2529 2136 2574 defectus,
2152 2529 2252 2565 hunc
2268 2542 2361 2578 qno-

311 2589 469 2626 verbum
502 2587 755 2637 responsionis
783 2586 990 2633 subtrabit,
1020 2595 1056 2622 et
1086 2586 1192 2636 pejus
1222 2587 1304 2623 silet
1322 2593 1353 2626 D
1370 2599 1463 2636 que,
1485 2600 1569 2623 cum
1587 2586 1633 2623 sit
1653 2587 1794 2623 donum
1816 2588 1973 2636 Spiritus
1990 2588 2108 2624 sancti
2122 2615 2131 2633 ,
2154 2587 2297 2624 habuit.
2315 2592 2359 2625 In

309 2661 421 2698 quam
442 2646 550 2696 pejus
571 2646 798 2694 loqueretur.
826 2646 896 2681 Sed
928 2646 964 2681 in
992 2646 1061 2681 hoc
1080 2646 1304 2682 inobedien-

313 2709 370 2744 tia}
384 2707 514 2743 vitium
534 2719 554 2741 a
570 2705 653 2741 siliis
674 2704 898 2741 obedientiae
915 2705 1026 2754 longe
1043 2714 1097 2742 est
1110 2734 1119 2749 ,
1140 2719 1302 2754 quorum

308 2767 473 2803 studium
495 2774 550 2801 est
570 2774 610 2801 ut
635 2778 783 2814 semper
807 2765 997 2801 humiliter
1019 2766 1199 2813 cogitent,
1230 2765 1301 2801 liu-

310 2825 445 2861 militer
472 2824 688 2872 loquantur,
710 2823 900 2858 liuniilitcr
925 2822 1126 2867 obediant,
1149 2823 1300 2859 bumili-

310 2884 393 2919 tatis
413 2882 581 2918 habitum
604 2894 679 2917 non
702 2890 883 2916 recusent.
912 2885 996 2917 ltaec
1019 2882 1065 2918 de
1088 2881 1300 2918 obedientia

308 2952 343 2979 et
370 2941 450 2990 ejus
471 2941 668 2990 proposito
690 2948 844 2989 propter
869 2941 1055 2990 simplices
1077 2941 1299 2978 obedientiae

309 3002 405 3036 lilios
425 3000 641 3048 simpliciter
665 2999 929 3047 descripsimus
949 3015 954 3035 z
978 3000 1040 3035 sed
1067 3001 1154 3048 quia
1176 3001 1298 3036 bumi-

309 3061 422 3097 litatis
443 3069 479 3095 et
506 3059 730 3095 obedientiae
751 3059 910 3095 ebaritas
940 3060 1064 3107 regina
1089 3068 1167 3105 est,
1194 3068 1230 3095 et
1254 3059 1299 3095 ad

308 3118 389 3167 ejus
410 3118 575 3167 regimen
597 3130 727 3152 omnes
747 3117 903 3153 virtutes
923 3118 1029 3165 dirigi
1049 3117 1210 3162 debent;
1234 3131 1299 3153 vo—

309 3179 363 3223 lo,
385 3177 413 3213 si
431 3189 581 3226 possum
599 3203 607 3220 ‚
627 3175 671 3210 de
686 3175 878 3210 uberrimo
897 3175 1085 3211 eharitatis
1104 3176 1205 3211 sonte
1224 3178 1299 3212 sra-

1369 2659 1413 2683 eo
1438 2654 1559 2682 tamen
1581 2646 1744 2694 perfecta
1760 2646 1919 2683 charitas
1937 2647 2005 2683 suit
2023 2662 2030 2683 :
2051 2647 2208 2683 alterum
2229 2646 2361 2684 habuit

1368 2718 1413 2741 ex
1444 2718 1510 2741 sua
1536 2705 1786 2753 perfectione,
1815 2705 1972 2741 alterum
1994 2705 2125 2742 babuit
2155 2718 2200 2742 cx
2230 2714 2359 2743 nostra

1368 2764 1597 2799 infirmitate.
1618 2763 1734 2799 Aliter
1755 2778 1761 2798 z
1783 2767 1874 2801 Cum
1893 2764 2045 2810 dicitur,
2063 2764 2221 2810 Timuit,
2240 2764 2291 2801 sic
2306 2765 2359 2801 in-

1370 2823 1565 2871 telligitur,
1587 2823 1682 2859 Nihil
1705 2824 1890 2871 neglexit3
1916 2832 1951 2859 et
1972 2823 2130 2872 ponitur
2155 2836 2264 2859 eausa
2286 2836 2358 2873 pro

1366 2882 1512 2918 effectu.
1532 2883 1660 2917 Timor
1674 2882 1772 2919 enim
1795 2895 1904 2918 causa
1921 2891 1975 2919 est
1990 2881 2101 2931 liujus
2120 2883 2276 2919 effectus
2289 2911 2298 2927 ,
2318 2891 2358 2919 ut

1368 2941 1457 2976 nibil
1475 2941 1694 2990 negligatur.
1712 2945 1800 2977 llaec
1814 2941 1999 2990 expositio
2015 2940 2140 2977 verbis
2155 2940 2251 2977 beati
2266 2943 2357 2978 Gre-

1365 2999 1459 3047 gorii
1486 3012 1693 3047 congruere
1716 2998 1863 3035 videtnr
1891 3014 1897 3035 :
1926 2999 2014 3035 dicit
2041 2999 2140 3035 enim
2163 2999 2236 3044 sic,
2263 3016 2276 3030 «
2299 2999 2356 3035 Ti-

1368 3076 1381 3089 »
1399 3070 1500 3093 mere
1518 3061 1636 3094 Deum
1653 3067 1707 3094 est
1723 3087 1733 3103 ‚
1755 3059 1853 3094 nulla
1872 3071 1954 3106 quae
1974 3058 2139 3093 facienda
2155 3065 2240 3093 sunt
2260 3070 2356 3106 pra:-

1369 3135 1381 3149 υ
1401 3117 1544 3153 terii-0⁴.
1566 3135 1579 3148 »
1596 3118 1712 3154 Aliter
1734 3130 1820 3154 vere
1837 3117 2005 3154 Christus
2027 3117 2170 3162 timuit,
2184 3116 2247 3153 sed
2263 3117 2357 3153 sicut

1367 3177 1402 3212 in
1417 3190 1454 3213 se
1472 3176 1859 3226 ineompreliensibilis
1875 3186 1927 3213 est
1942 3205 1951 3221 ,
1971 3177 2018 3212 ita
2036 3176 2206 3213 timorem
2225 3175 2356 3213 babuit

361 3302 367 3315 ¹
391 3294 501 3336 [plius.
523 3305 552 3327 v,
576 3296 626 3323 2¹).
644 3311 685 3315 —
706 3298 716 3312 ²
736 3291 849 3323 Manli.
867 3303 963 3330 xxx-1,
981 3295 1034 3323 38.
1057 3311 1097 3315 —
1116 3292 1127 3314 3
1145 3294 1214 3323 lsai.
1232 3305 1331 3324 x1.-—
1352 3294 1365 3319 -ῖ
1383 3294 1450 3324 Lib.
1473 3295 1585 3324 Moral.
