2504 3928
270 258 289 289 .’)
296 255 342 290 3¹.)

1047 255 1313 291 GUlLtAEmtt
1346 258 1541 292 ,tsssst'sls'

270 342 346 367 tmn
371 331 511 366 ratione
532 338 565 363 et
588 330 664 377 ipsa
686 341 809 363 rerum
832 329 986 364 veritate
1004 337 1040 364 et
1055 331 1308 378 experitur-'¹¹¹⁸
1323 333 1487 380 designat
1510 331 1699 368 charitatis
1728 344 1734 365 :

2239 262 2314 295 :310

1763 332 1798 366 in
1821 341 1896 367 tum
1928 341 2067 376 mente,
2098 334 2311 371 fruitionem

271 391 318 426 tia
340 389 599 424 terminantur.
635 386 701 422 llic
723 386 787 434 qui
815 386 850 421 in
880 387 1112 436 proficiendo
1144 390 1259 426 lassus
1277 393 1305 424 A
1325 393 1526 442 sapientiae.
1565 391 1729 428 l'ritnnm
1768 391 1866 426 enim
1906 391 1952 427 ad
1988 394 2107 428 Deum
2141 391 2314 430 voluntas

268 457 344 491 est,
369 448 398 483 si
420 446 553 482 residet
577 445 622 481 ad
643 445 828 490 sarcinas,
854 459 947 494 quas
969 446 1091 482 adhuc
1111 447 1157 483 de
1185 449 1261 484 suis

268 514 303 541 et
328 503 622 541 cohabitantium
652 504 804 539 sarcinis
830 512 865 540 et
895 505 1178 542 necessitatibus
1198 520 1258 543 se-

269 578 352 600 cum
387 563 518 607 trahit,
544 576 611 598 nec
639 564 844 606 morietur,
869 577 936 599 nec
969 573 1068 600 retro
1096 566 1258 614 regredi,

270 637 336 659 nec
356 623 451 659 ultra
474 622 680 672 procedere
702 623 781 671 lege
805 624 1046 672 compellitur
1073 638 1079 659 :
1104 633 1140 660 et
1163 625 1192 661 si
1215 626 1258 661 li-

267 682 398 718 deliter
442 680 607 717 residens
648 681 707 718 hic
747 682 908 718 sarcinas
942 682 1182 729 custodierit3
1221 684 1258 719 in

267 741 458 791 triumpho
475 741 639 778 victoriae
658 755 789 791 parum
815 743 848 778 ei
875 742 945 779 erit
965 742 1171 787 dissimilis,
1194 744 1257 792 qui

266 801 422 837 ulterius
442 801 667 849 processerit
683 807 707 837 ¹.
731 804 864 838 Nonne
883 802 986 838 loeus
1007 810 1061 838 est
1087 803 1255 838 sarcina—

264 874 366 905 rum,
399 860 462 896 nbi
493 861 655 910 patimur
685 874 748 897 eos
778 862 841 910 qui
870 875 937 911 per
963 862 1168 911 potentiam
1189 875 1257 899 nos

264 921 507 971 opprimunt,
526 921 631 969 quasi
651 929 762 970 eaput
781 930 948 958 nostrum
972 922 1255 966 conculcantes,

265 981 438 1018 inimicos
454 993 566 1029 supra
590 979 742 1016 dorsum
765 980 1007 1025 snt›1·icantvs;
1038 981 1133 1016 lilios
1152 981 1257 1029 quasi

264 1041 303 1077 in
325 1039 447 1076 inedie
465 1038 589 1075 cordis
605 1038 841 1089 amplexibus
867 1040 1091 1076 inhaerentes
1107 1040 1148 1074 ‘¹3‘
1169 1039 1258 1075 foris

1326 452 1485 488 amimam
1506 459 1631 487 movet
1645 478 1654 494 ,
1677 462 1784 486 amor
1804 458 2025 499 promovet,
2050 451 2209 488 charitas
2226 465 2314 488 con-

1327 511 1551 559 templatur,
1592 509 1773 558 sapientia
1814 509 1962 545 fruitur.
1999 510 2187 559 Sapientia
2223 524 2313 547 vero

1326 570 1435 619 dign(¹
1472 570 1506 605 in
1539 577 1662 606 mente
1693 568 1951 605 constituitur.
1986 573 2077 617 Quae
2109 583 2192 606 cum
2230 570 2314 607 ideo

1326 642 1431 665 mens
1461 629 1627 674 dicatur,
1661 628 1763 677 quod
1795 628 1983 674 meminit,
2022 629 2078 664 vel
2102 629 2240 665 eminet
2276 630 2312 665 in

1325 688 1466 733 anima·,
1486 687 1580 723 bene
1600 687 1650 723 illi
1676 685 1901 722 adscribitur
1925 687 2070 732 virtuti,
2093 701 2176 736 quae
2202 701 2314 737 super

1324 760 1455 782 omnes
1470 747 1637 782 eminent
1654 746 1811 781 virtutes
1829 745 1973 781 animae.
2008 749 2069 782 Est
2087 747 2185 783 enim
2209 760 2313 784 mens

1325 805 1378 841 vis
1410 805 1579 854 qua-dam
1609 805 1764 848 animae,
1795 817 1868 853 qua
1908 804 2132 841 inha‘remus
2164 808 2243 841 Deo
2277 815 2314 842 et

1324 865 1504 901 fruimur:
1527 864 1653 900 fruitio
1682 872 1805 900 autem
1829 863 1905 899 haec
1935 864 1971 899 in
1993 877 2126 914 sapore
2148 864 2311 913 quodam

1323 924 1450 960 divino
1471 932 1549 968 est,
1580 923 1680 959 unde
1709 931 1745 959 et
1773 936 1793 959 a
1814 936 1947 972 sapore
1971 923 2163 972 sapientia.
2194 926 2312 973 Sapor

1323 992 1446 1019 autem
1467 984 1532 1020 iste
1555 983 1591 1018 in
1607 991 1717 1031 gustu
1738 981 1901 1031 quodam
1919 991 1988 1018 est.
2009 985 2168 1020 Gustum
2187 991 2310 1019 autem

1325 1044 1433 1079 istum
1459 1043 1570 1092 (ligne
1600 1055 1709 1078 nenio
1738 1049 1862 1091 potest
1891 1042 2126 1090 exprimere,
2150 1042 2218 1078 nisi
2248 1042 2310 1090 qui

264 1113 419 1151 pugnae,
453 1100 553 1135 intus
578 1100 752 1144 timores3
779 1100 1019 1149 quotidiana,
1056 1100 1131 1135 imo
1165 1113 1256 1135 con-
1278 1099 1304 1132 B
1326 1112 1491 1139 merctur
1514 1111 1662 1151 gustare
1684 1116 1691 1137 :
1718 1104 1888 1145 castate,
1916 1110 1950 1136 et
1967 1103 2114 1145 videte,
2137 1106 2311 1148 quoniam

266 1160 368 1196 tinna
398 1159 566 1195 omnium
599 1159 828 1195 sollicitudo.
874 1159 944 1196 Sed
977 1159 1098 1195 adhue
1146 1159 1256 1195 habet

264 1219 450 1264 Idithum,
471 1232 548 1267 quo
581 1219 782 1263 transiliat;
813 1218 934 1255 adhuc
963 1218 1114 1267 grandis
1144 1227 1255 1255 restat

264 1277 325 1313 via
353 1277 569 1314 ascendenti
601 1277 637 1312 in
663 1286 828 1313 montem
854 1277 1029 1323 Domini,
1052 1286 1089 1313 et
1112 1277 1158 1313 ad
1187 1277 1256 1312 do-

266 1349 367 1372 mum
392 1336 460 1372 Dei
482 1334 608 1372 Jacob.
634 1336 797 1372 L'lterius
826 1344 947 1371 tamen
977 1336 1182 1385 procedere
1204 1336 1256 1372 fas

263 1408 338 1431 non
359 1404 414 1431 est
435 1408 517 1431 cum
540 1395 694 1431 sarcinis
710 1423 719 1439 ,
747 1395 810 1431 sed
835 1403 871 1431 et
892 1395 1075 1431 senectuti
1100 1408 1165 1431 sua
1188 1395 1254 1430 de—

262 1455 373 1490 betur
408 1454 630 1489 reverentia.
664 1457 716 1489 Ex
747 1453 817 1489 hoc
848 1454 947 1489 enim
975 1453 1052 1502 jam
1085 1462 1256 1489 senectus

261 1513 416 1562 incipit,
454 1512 517 1548 sed
551 1511 796 1556 venerabilis,
834 1525 909 1548 non
945 1525 1155 1556 annorum,
1192 1511 1256 1548 sed

261 1573 443 1608 virtutum
462 1584 622 1607 numero
643 1580 883 1620 computata3
901 1573 1049 1622 spirans
1064 1572 1256 1621 sapientiae

262 1631 514 1667 maturitatem
544 1639 581 1666 et
602 1631 768 1680 requiem
798 1630 993 1677 laborum,
1023 1632 1127 1681 quasi
1153 1645 1255 1668 eme-

259 1692 339 1727 ritae
357 1691 497 1727 militiae
514 1691 723 1739 praemium.

313 1751 375 1787 27.
393 1750 606 1799 Suscipiens
626 1750 724 1786 enim
743 1751 924 1800 sapientia
944 1751 1167 1800 proficiendi
1183 1751 1253 1787 iter

258 1810 550 1860 perficiendum,
581 1810 798 1846 charitatem
829 1810 980 1859 quidem
1007 1823 1084 1846 non
1106 1810 1250 1859 abjicit,

257 1883 333 1905 non
364 1869 518 1915 deserit,
546 1869 610 1906 sed
634 1870 833 1919 provehit:
857 1869 922 1906 sed
951 1878 1093 1906 tantum
1116 1878 1250 1919 pertae-

257 1942 340 1965 suni
363 1928 494 1973 habet,
521 1937 562 1964 ut
581 1928 722 1965 dictum
746 1937 823 1973 est,
856 1928 1021 1965 sarcinas
1043 1928 1125 1977 ejus
1156 1941 1250 1977 por-

257 1997 353 2033 tare,
374 2001 458 2037 quae
479 1988 560 2024 aliis
573 1987 650 2036 jam
672 1988 874 2024 intendens
900 1987 1010 2024 rebus
1028 2001 1163 2037 parare
1191 2001 1249 2032 se,

257 2057 293 2084 et
322 2056 451 2097 aptare
480 2055 638 2084 conatur
673 2047 718 2083 ad
753 2047 969 2084 intrandum
1002 2047 1039 2083 in
1074 2047 1250 2096 gaudium

259 2107 412 2144 Domini
426 2107 494 2143 sui.
516 2106 604 2144 Odit
629 2120 721 2155 ergo
742 2120 850 2143 curas
870 2120 1149 2156 quascumque;
1168 2116 1203 2143 et
1223 2108 1250 2143 si

258 2165 411 2215 quando
439 2166 585 2215 aliquos
614 2166 768 2214 suscipit
792 2165 961 2211 labores,
993 2167 1058 2203 sed
1076 2166 1247 2203 laborum

259 2238 334 2261 non
365 2233 464 2261 amat
487 2224 770 2261 sollicitudines.
789 2225 895 2261 Vires
912 2225 1062 2274 quidem
1088 2239 1164 2262 non
1185 2226 1249 2262 de-

256 2285 387 2320 liciunt
404 2283 448 2319 ad
471 2283 700 2332 portandum
732 2296 738 2317 :
758 2284 822 2320 sed
845 2285 979 2333 refugit
997 2285 1249 2334 impedimen—

256 2351 347 2379 tum.
379 2342 553 2379 Exeitans
583 2355 673 2391 ergo
703 2343 741 2378 in
779 2344 849 2379 hoc
882 2343 1102 2392 proficiendi
1133 2344 1249 2393 gradu

256 2402 466 2446 Dominus,
497 2410 534 2437 et
565 2414 777 2450 provocans
814 2411 978 2438 sanctam
1014 2403 1175 2438 animam
1204 2403 1250 2438 ad

254 2460 491 2505 intrandum,
521 2469 561 2496 ut
585 2460 726 2497 dictum
751 2470 828 2506 est,
850 2462 886 2497 in
907 2461 1084 2510 gaudium
1115 2475 1221 2499 sunm
1242 2476 1249 2497 :

255 2522 417 2568 Diliges,
447 2520 590 2568 inquit,
610 2523 808 2556 Dominum
831 2524 945 2556 Deum
977 2530 1077 2556 tuum
1105 2535 1153 2556 ez·
1179 2531 1250 2557 men

253 2581 361 2615 corde
373 2588 433 2614 luo
447 2606 457 2622 ,
480 2588 514 2614 et
532 2593 581 2614 ι’,τ
599 2587 674 2615 tota
705 2584 833 2615 (mima
857 2589 920 2615 tua
936 2609 945 2624 ‚
969 2589 1002 2614 (Ἰ
1017 2594 1064 2614 nr
1084 2580 1252 2615 omnibus

256 2637 389 2674 viribus
407 2643 496 2681 ads,
515 2647 549 2672 e!
563 2651 612 2673 ea?
627 2647 700 2673 eota
716 2648 836 2674 mente
852 2648 914 2675 tim
931 2646 956 2674 ².

617 2740 792 2779 CAPUT
822 2743 873 2781 X.

251 2846 382 2871 Gustum
405 2848 433 2872 et
459 2852 597 2882 saporem
617 2852 719 2872 rernm
743 2842 919 2875 divinarum
941 2843 1029 2874 nobis
1049 2843 1168 2874 infundi
1192 2856 1245 2886 per

665 2894 832 2926 Christum.

305 2991 367 3027 28.
393 2995 564 3038 Quatuor
583 2993 619 3027 in
642 2995 760 3029 Deum
783 3006 802 3028 a
827 2992 936 3030 nobis
954 3004 990 3031 et
1007 2997 1073 3032 toti
1090 2997 1246 3046 exigun-

253 3060 312 3086 tur
329 3050 495 3086 affectus.
510 3054 551 3087 In
569 3064 613 3086 eo
631 3052 731 3100 quod
749 3052 858 3099 dicit,
876 3057 939 3090 Ex·
955 3065 1028 3092 toto
1043 3060 1152 3092 corde
1167 3067 1241 3102 tm),

252 3118 366 3144 totam
387 3108 456 3145 sibi
476 3109 641 3145 vindicat
664 3108 897 3149 voluntatem
921 3129 928 3150 τ
949 3115 984 3151 in
1011 3125 1086 3152 eota
1103 3120 1243 3162 (mima,

251 3178 369 3205 totum
401 3182 566 3205 amorem
589 3184 595 3205 ε
619 3170 655 3205 in
677 3172 844 3208 (minibus
874 3176 1036 3222 viribus,
1066 3178 1242 3215 virtutem

299 3290 303 3300 ¹
325 3285 333 3311 Ι
353 3286 426 3321 iti-g.
444 3293 520 3312 xxx.
538 3300 577 3303 —
598 3287 608 3302 ²
626 3286 716 3314 Dent.
736 3297 779 3319 vi.
804 3292 831 3318 Γ».

300 3347 302 3352 ’
334 3341 514 3372 fluminale.
545 3340 750 3373 '‘ussto'l'allh't,

1320 1167 1438 1198 suavis
1477 1173 1529 1197 est
1564 1165 1746 1197 Dominus*
1784 1159 1810 1197 ³.
1849 1164 1928 1197 Hoc
1959 1169 2069 1209 gustu
2107 1160 2311 1197 secundun)

1320 1223 1543 1271 Apostolum
1577 1229 1747 1270 gustatur
1792 1221 1859 1257 Dei
1892 1219 2070 1265 verbum,
2115 1228 2314 1269 gustantur

1321 1282 1430 1317 etiam
1455 1281 1593 1317 divitiae
1613 1281 1736 1316 saeeuli
1759 1280 1907 1315 venturi
1928 1281 1954 1315 4.
1974 1283 2055 1316 Jam
2079 1293 2166 1328 ergo
2183 1280 2228 1316 de
2244 1293 2314 1329 gu-

1321 1347 1379 1375 stu
1407 1340 1496 1382 isto,
1525 1340 1588 1388 qui
1609 1353 1781 1389 saporem
1805 1338 1916 1375 habet
1942 1339 2068 1384 illum,
2089 1339 2126 1375 in
2148 1352 2224 1388 quo
2252 1352 2312 1376 sa-

1323 1399 1462 1447 pientia
1485 1399 1603 1447 sapit,
1632 1397 1804 1434 subtilius
1836 1398 2102 1447 inquirendum
2132 1406 2198 1434 est.
2229 1399 2311 1435 Pri-

1323 1469 1424 1492 mum
1442 1456 1642 1493 dicendum
1670 1457 1757 1505 quia
1774 1456 1861 1492 licet
1883 1469 1951 1505 per
1967 1456 2104 1505 gradus
2120 1457 2165 1493 ad
2187 1470 2310 1493 arcem

1323 1515 1515 1565 sapientiae
1536 1515 1681 1551 venerit
1700 1515 1764 1563 qui
1782 1515 1969 1560 ascendit,
1994 1523 2115 1551 tamen
2137 1516 2205 1552 nisi
2225 1516 2311 1552 ubi-

1322 1587 1394 1622 que
1425 1574 1461 1609 in
1483 1574 1589 1610 omni
1610 1573 1727 1623 gradu
1746 1573 1925 1622 usquead
1952 1574 2145 1621 ultimum,
2162 1576 2312 1625 sapien—

1323 1634 1372 1670 tia
1393 1634 1509 1684 (sicut
1535 1634 1614 1683 ipsa
1635 1633 1723 1669 dicit
1743 1633 1780 1668 in
1807 1632 1903 1669 libro
1924 1633 1979 1669 sni
2004 1633 2192 1683 nominis)
2211 1648 2312 1683 quae-

1320 1702 1446 1729 rentes
1476 1707 1514 1730 se
1553 1693 1764 1742 quaesisset,
1800 1700 1836 1728 et
1883 1693 2108 1729 occurrisset
2147 1693 2185 1729 in
2220 1694 2308 1739 viis,

1318 1753 1520 1790 ostendens
1539 1765 1576 1789 se
1594 1753 1760 1789 hilariter
1778 1750 1813 1797 53
1832 1766 1898 1788 nce
1919 1753 2093 1788 voluntas
2114 1754 2307 1797 movisset,

1319 1826 1387 1849 nec
1407 1826 1512 1849 amor
1540 1811 1814 1862 promovisset;
1846 1824 1913 1847 nec
1939 1811 2109 1847 charitati
2138 1820 2310 1848 contem-

1270 1875 1297 1909 C
1317 1873 1432 1922 platio
1446 1901 1455 1918 ,
1477 1885 1545 1908 nec
1561 1871 1751 1921 sapientiae
1768 1871 2003 1921 provenisset
2021 1870 2164 1908 fruitio.
2182 1874 2312 1920 ltaque

1317 1933 1412 1969 sicut
1431 1944 1686 1981 coeperamus,
1705 1943 1980 1980 prosequamur
2000 1929 2046 1966 (le
2065 1938 2187 1978 gustu.

1372 1993 1433 2029 ⁶29.
1468 1996 1614 2041 Corpus
1655 1991 1791 2028 Christi
1828 1989 2002 2026 universa
2037 1998 2092 2025 est
2126 1990 2308 2034 Ecclesia,

1319 2062 1391 2089 tani
1422 2052 1557 2088 veteris
1589 2063 1700 2100 quam
1731 2050 1818 2086 novi
1848 2049 2086 2085 Testamenti.
2120 2053 2162 2086 In
2198 2049 2308 2098 hujus

1319 2111 1487 2160 corporis
1509 2110 1648 2160 capite,
1678 2108 1715 2144 id
1747 2117 1801 2145 est
1825 2107 1945 2157 prima
1974 2116 2010 2143 et
2041 2108 2244 2157 antiquiori
2273 2117 2310 2144 et

1318 2170 1504 2220 superiori
1540 2178 1665 2219 parte,
1692 2182 1775 2217 quae
1809 2177 1864 2205 est
1902 2167 2090 2217 primitiva
2122 2168 2306 2213 Ecclesia,

1316 2238 1480 2278 quatuor
1496 2237 1584 2265 sunt
1603 2241 1733 2265 sensus
1750 2242 1757 2263 :
1775 2228 1893 2272 visus,
1916 2227 2087 2273 auditus,
2104 2227 2284 2265 odoratus
2296 2257 2306 2272 ,

1316 2297 1353 2324 et
1376 2297 1506 2325 tactus.
1534 2288 1642 2325 Oculi
1675 2295 1761 2323 sunt
1786 2287 1917 2335 Angeli
1953 2295 2110 2336 propter
2137 2294 2307 2324 contem-

1318 2348 1494 2397 plationis
1517 2346 1760 2383 subtilitatem
1778 2361 1785 2382 :
1804 2359 1914 2382 aures
1930 2375 1939 2391 ,
1966 2346 2187 2382 Patriarehae
2214 2359 2306 2395 pro—

1318 2417 1401 2457 pter
1418 2407 1642 2443 obedientiae
1662 2407 1838 2442 virtutem
1862 2421 1869 2442 :
1893 2419 2000 2442 nares
2021 2406 2079 2442 vel
2104 2406 2304 2451 odoratus,

1320 2468 1536 2516 Prophctae,
1555 2474 1711 2515 propter
1731 2465 1941 2502 absentium
1962 2466 2130 2502 notitiam
2155 2480 2162 2502 :
2189 2474 2306 2502 tactus

1319 2541 1408 2563 vero
1437 2525 1649 2562 communis
1682 2533 1739 2561 est
1765 2538 1908 2561 sensus.
1938 2527 2078 2561 Omnes
2109 2526 2146 2561 hi
2175 2538 2305 2562 sensus

1318 2594 1403 2621 ante
1423 2584 1637 2620 Mediatoris
1664 2583 1867 2619 adveutum
1896 2583 1932 2619 in
1955 2583 2076 2632 capite
2093 2592 2199 2620 erant
2213 2612 2222 2629 ,
2239 2584 2305 2620 sed

1267 2645 1296 2677 D
1317 2643 1543 2693 languebant
1565 2643 1733 2679 inferiori
1765 2655 1923 2691 corpore
1953 2651 2128 2679 emortuo
2149 2651 2306 2693 propter

1313 2704 1422 2740 unius
1436 2716 1565 2740 seusus
1586 2702 1809 2747 absentiam,
1833 2702 1868 2737 id
1891 2710 1943 2738 est
1960 2710 2111 2750 gustus,
2137 2703 2216 2739 sine
2235 2715 2305 2739 cu-

1306 2763 1369 2811 jus
1390 2763 1618 2800 adminiculo
1640 2775 1707 2798 nec
1732 2763 1858 2798 vivere
1879 2775 2018 2811 corpus
2040 2770 2210 2811 poterat,
2233 2775 2302 2799 nec

1311 2836 1441 2859 sensus
1463 2823 1535 2858 vim
1562 2836 1639 2858 suae
1669 2822 1877 2857 vivacitatis
1895 2821 2080 2858 obtinere.
2105 2821 2299 2870 Quidquid

1312 2883 1410 2918 enim
1451 2881 1495 2917 ad
1541 2882 1653 2918 totius
1691 2881 1862 2930 eorporis
1888 2889 2031 2930 spectat
2061 2881 2301 2927 alimentum,

1311 2942 1456 2978 cunctis
1488 2941 1681 2985 sensibus,
1720 2941 1896 2978 universo
1932 2941 2083 2990 corpori
2129 2953 2300 2990 appone,

1314 3014 1506 3051 suppone,
1529 3001 1796 3050 circumpone;
1819 3001 1848 3037 si
1871 3002 1973 3037 solus
2002 3009 2130 3049 gustus
2157 3001 2298 3046 deerit,

1308 3061 1398 3111 quid
1421 3060 1617 3110 proderit?
1649 3060 1810 3096 Infundc
1843 3059 2017 3104 auribus,
2048 3058 2199 3095 intrude
2230 3072 2298 3096 na-

1312 3120 1434 3165 ribus,
1465 3120 1521 3155 vel
1544 3132 1611 3168 per
1642 3119 1813 3168 quamvis
1847 3119 1955 3154 aliam
1982 3116 2300 3167 partem;obesse

1312 3179 1468 3229 poterit,
1500 3178 1677 3227 prodesse
1708 3191 1782 3213 non
1809 3177 1958 3227 poterit.
1989 3179 2148 3213 Gustum
2175 3185 2298 3213 antem

915 3289 926 3311 3
944 3292 1020 3322 l’sal.
1038 3304 1160 3327 xxxiii,
1185 3297 1214 3324 9.
1233 3312 1272 3316 -—
1295 3298 1307 3321 -1
1327 3294 1420 3325 llehr.
1445 3298 1534 3331 x1‚.'›.
1558 3312 1591 3316 —-
1613 3291 1625 3314 ⁵
1641 3296 1710 3334 Sap.
1727 3304 1767 3324 vt.
1794 3296 1843 3324 17.
