2504 3928
323 228 416 264 12:30

317 307 469 339 Prorsus
491 303 618 350 utique
647 301 750 336 nibil.
772 300 868 336 Niliil
896 309 1012 346 amat,
1034 302 1123 338 niliil
1153 298 1334 351 diligit3⁰²

1123 227 1186 263 OG
1195 227 1292 261 Erat
1322 226 1484 261 SERMO
1513 227 1548 261 X

1341 299 1351 317 ⁷
1364 302 1434 337 erit
1453 302 1487 337 in
1508 301 1638 351 gloria.
1661 304 1702 337 In
1726 301 1844 350 prima
1862 313 1990 338 sumus
2011 302 2140 339 llcntes
2159 317 2227 352 pro
2245 305 2346 341 Chri-

2250 227 2347 264 1220

314 371 445 398 cuncta
462 361 696 405 odit‚cuneta
711 360 858 408 perimit
872 368 908 396 ct
921 360 1134 397 occidit.At›
1149 374 1296 409 egressu
1319 360 1346 392 A
1365 369 1422 396 sto
1440 376 1446 396 :
1468 361 1503 396 in
1522 359 1682 395 secunda
1703 360 1839 396 erimus
1858 359 2062 408 gaudentes
2080 374 2163 397 cum
2181 363 2343 399 Christo.

314 422 476 470 propriae
498 421 623 455 matris
643 419 759 463 uteri,
782 432 899 467 usque
919 419 964 455 ad
984 420 1188 468 ingressum
1207 433 1299 455 vcn-

316 480 380 514 tris
397 479 564 514 omnium
595 478 742 520 matris,
768 477 858 525 quid
878 477 987 513 babet
1010 478 1122 514 bomo
1145 479 1255 514 miser
1279 492 1297 514 a

317 537 480 572 munito?
504 540 670 579 Famem,
692 537 809 581 sitim,
833 537 1057 582 nuditatem,
1081 538 1193 587 frigus
1214 551 1299 573 cru-

316 598 435 639 cians,
455 609 584 631 eiiunia
607 594 855 644 perturbans,
880 595 1038 631 scabiem
1061 597 1173 640 cutis,
1197 597 1299 633 dolo-

317 669 393 691 rem
412 656 562 704 eapitis,
584 655 789 702 chiragram
815 655 850 690 in
874 654 1064 700 manibus,
1095 656 1297 705 podagram

317 715 351 749 iu
372 713 551 762 pedibus,
574 712 745 749 morbum
767 714 802 748 in
822 714 936 758 liene,
954 713 1125 749 morbum
1147 715 1181 750 in
1198 715 1299 762 jeco-

317 786 354 808 re
382 788 389 808 :
419 772 584 820 undique
617 772 823 817 miseriam,
852 772 968 817 intus,
994 781 1030 808 ct
1059 781 1173 808 extra.
1201 774 1300 809 Foris

317 832 419 867 illum
442 831 615 867 interlicit
642 831 786 880 gladius
813 845 820 867 :

314 898 369 925 est
387 897 408 925 ¹.
431 889 486 926 Ad
509 890 681 925 ultimum
703 898 822 925 morte
843 903 939 926 saeva
962 899 1115 927 cunctos
1133 899 1298 940 proster-

848 839 884 866 ct
910 831 1011 867 domi
1041 845 1142 867 mors
1170 832 1298 867 similis

316 950 369 984 nit
395 957 431 984 et
451 949 586 996 dejicit.
614 952 706 984 Ecce
726 949 846 997 qualis
867 958 922 984 est
953 963 1058 985 amor
1088 949 1232 986 mundi.
1256 953 1299 985 Et

313 1016 435 1043 tamen
456 1008 580 1043 miseri
602 1007 772 1043 homines
793 1008 921 1044 mundi
946 1009 1124 1044 fallaciam
1150 1022 1226 1044 non
1244 1017 1299 1045 at-

314 1067 531 1110 tendentes,
553 1066 740 1102 odientem
758 1067 935 1115 diligunt,
956 1077 992 1103 et
1012 1081 1110 1104 saevo
1130 1067 1210 1116 ejus
1226 1069 1297 1117 gla-
1317 1064 1343 1097 Β

313 1126 375 1161 dio
390 1135 521 1175 sponte
537 1126 631 1161 colla
647 1126 883 1162 submittunt.
899 1127 961 1163 Isti
981 1127 1104 1163 miseri
1118 1135 1203 1162 sunt
1219 1128 1298 1163 sine

314 1185 494 1229 consilio,
524 1184 586 1220 sed
610 1185 749 1220 utinam
771 1193 945 1234 saperent
965 1194 1000 1221 ct
1020 1185 1294 1233 intelligerent,

312 1252 348 1279 et
370 1244 426 1279 liis
442 1257 525 1291 qua).
544 1252 702 1279 ventura
723 1252 808 1279 sunt
832 1245 866 1279 in
888 1245 1100 1281 novissimis
1121 1245 1296 1293 tempori-

313 1302 381 1338 bus
393 1331 401 1347 ,
420 1302 683 1351 providerent!
703 1304 873 1338 Profecto
889 1303 1069 1338 mundum
1087 1303 1174 1338 odio
1190 1302 1300 1338 liabe-

310 1369 414 1406 rent,
438 1374 504 1396 nee.
525 1360 732 1407 diligerent.
758 1361 901 1395 Dicitur
922 1361 1032 1395 etiam
1054 1361 1161 1396 aliter
1186 1373 1298 1395 mun-

311 1419 380 1455 dus
393 1449 401 1463 ‚
420 1420 559 1455 scilicet
576 1432 700 1454 rerum
721 1420 992 1455 transeuntium
1010 1427 1205 1455 amatores.
1226 1419 1298 1455 Sed

311 1479 431 1526 qualis
453 1479 500 1514 sit
521 1491 592 1526 pax
613 1486 649 1514 et
675 1477 876 1514 concordia
896 1478 994 1514 inter
1014 1478 1097 1514 illos
1111 1506 1120 1522 ,
1151 1478 1298 1527 sapiens

310 1537 468 1585 quisque
500 1536 696 1572 advertere
729 1536 834 1572 lacile
864 1544 999 1585 potest.
1031 1536 1148 1585 Igitur
1175 1544 1299 1585 spreta

310 1596 567 1644 hujusmundi
584 1608 673 1644 pace
685 1604 721 1631 et
735 1595 955 1641 concordia,
973 1595 1094 1632 adhuc
1108 1595 1152 1631 ad
1168 1608 1297 1644 pacem

308 1656 462 1692 Domini
478 1655 595 1691 nostri
610 1660 698 1692 ,lesu
713 1655 847 1692 Christi
865 1654 1058 1691 redeamus
1069 1684 1077 1700 ,
1092 1667 1202 1703 quam
1218 1654 1298 1703 ejus

310 1715 549 1751 dilectionem
577 1728 656 1750 csse
688 1723 724 1750 et
752 1714 924 1759 credere,
953 1727 1026 1763 qua
1050 1714 1181 1750 dilexit
1205 1728 1295 1761 nos,

310 1783 345 1811 ct
367 1775 455 1810 lavit
475 1788 542 1811 nos
563 1788 582 1810 a
604 1774 764 1823 peccatis
785 1774 921 1810 nostris
947 1774 984 1810 in
1005 1774 1187 1823 sanguine
1207 1787 1294 1819 sno,

309 1833 459 1869 videtur
484 1847 560 1869 non
590 1846 668 1868 csse
697 1832 913 1869 absurdum.
944 1836 1031 1869 Haec
1051 1842 1106 1869 cst
1126 1834 1187 1869 illa
1208 1833 1297 1869 dile·
1315 1827 1342 1862 C

309 1893 400 1937 ctio,
416 1897 602 1941 quaDeus
616 1893 798 1929 mundum
814 1893 865 1929 sic
879 1893 1024 1937 dilexit,
1043 1901 1083 1929 ut
1100 1906 1138 1929 se
1156 1893 1297 1929 mundo

310 1952 500 1988 bominem
530 1952 656 1997 daret,
691 1961 730 1988 ut
755 1953 875 1988 omnis
897 1953 961 2001 qui
983 1952 1102 1988 eredit
1134 1953 1170 1988 in
1192 1953 1296 1989 illum

310 2024 384 2047 non
408 2020 559 2061 pereat,
590 2011 655 2047 sed
675 2011 810 2047 habeat
830 2011 944 2047 vitam
974 2019 1164 2048 aeternam.
1195 2015 1300 2048 Hanc

312 2084 464 2119 pacem,
488 2071 627 2106 scilicet
657 2070 896 2115 charitatem,
924 2070 994 2106 illis
1021 2070 1192 2119 reliquit,
1215 2083 1299 2106 cun]

312 2130 471 2165 animam
490 2142 592 2165 snam
610 2143 679 2178 pro
698 2129 847 2164 illorum
864 2129 982 2165 salute
1001 2128 1124 2175 dedit;
1144 2129 1215 2164 hoc
1228 2138 1296 2174 est,

311 2202 448 2237 corpus
466 2188 558 2224 illud
578 2189 851 2224 sanctissimum
869 2215 877 2232 ,
896 2188 997 2236 quod
1019 2187 1064 2223 de
1081 2188 1300 2224 intemerata

311 2248 461 2295 Yirgine
474 2256 664 2295 sumptum
680 2248 715 2282 in
732 2256 802 2282 tam
818 2247 1007 2282 horrendo
1020 2247 1167 2282 climate
1180 2247 1300 2283 crucis

311 2307 438 2354 posuit
455 2306 675 2341 confusione
688 2314 918 2354 contempta.
930 2310 1034 2342 Hanc
1047 2318 1174 2354 pacem
1189 2305 1300 2342 nobis

317 2365 486 2412 reliquit,
508 2365 603 2400 sicut
635 2364 765 2399 beatus
796 2367 925 2399 Petrus
951 2365 1143 2412 apostolus
1170 2365 1301 2400 asserit

315 2423 444 2458 dicens
465 2438 471 2457 :
499 2424 659 2458 Clu-istus
670 2437 804 2470 passus
823 2433 874 2458 esc
889 2437 957 2470 pro
977 2423 1080 2457 uobis
1093 2453 1102 2468 ,
1124 2423 1226 2458 nobis
1246 2437 1299 2458 re-

316 2485 483 2529 linquent
499 2485 708 2529 (κι-ιήψΙιιηι
719 2511 729 2526 ‚
748 2491 786 2516 ut
800 2496 998 2529 sequamur
1009 2486 1168 2530 vestigia
1185 2487 1297 2527 (just.

314 2544 355 2576 lii
379 2541 422 2575 ad
445 2541 538 2575 banc
565 2541 780 2575 charitatem
802 2541 890 2576 alibi
917 2541 1112 2587 hortatur,
1135 2541 1197 2576 ubi
1220 2542 1269 2577 ait
1291 2556 1298 2576 ε

1417 423 1452 455 (ἰ.
1477 419 1586 456 ΙῖιιιΙυ
1607 432 1682 455 non
1700 419 1886 454 immerito
1913 420 2061 468 plorant
2082 421 2252 470 discipuli
2275 434 2343 470 pro

1368 479 1563 525 Magistro,
1585 478 1680 514 servi
1702 491 1771 526 pro
1792 478 1977 524 Domin0,
1999 478 2044 514 ab
2069 480 2138 515 illis
2158 480 2345 528 quodam-

1367 537 1478 572 modo
1494 550 1560 585 per
1578 544 1733 571 mortem
1752 548 1956 572 recessuro.
1980 541 2054 574 Nec
2073 539 2220 574 mirum.
2243 538 2347 575 Vide-

1367 595 1455 631 bant
1474 595 1572 631 unde
1594 595 1721 630 dolere
1742 603 1914 643 poterant
1932 610 1939 631 :
1965 596 2028 632 sed
2051 610 2124 633 non
2147 596 2348 634 credebant

1366 654 1465 690 unde
1481 653 1642 702 gaudere
1660 652 1858 690 debebant.
1890 654 2105 703 Lugebant,
2126 657 2212 705 quia
2239 657 2346 693 Chri-

1365 721 1460 748 stum
1484 713 1706 747 moriturum
1733 712 1900 748 sciebant
1925 728 1932 749 :
1959 713 2021 749 sed
2044 715 2146 750 illum
2176 728 2346 751 resurre—

1365 782 1510 808 cturum
1528 781 1564 808 et
1581 773 1626 808 ad
1644 773 1759 808 coelos
1776 785 2015 809 ascensurum
2034 774 2154 810 adliue
2172 789 2245 811 non
2265 789 2347 824 per-

1367 833 1459 868 l'cctc
1488 831 1702 868 credebant.
1734 836 1882 868 Poterat
1910 834 2165 882 unnsquisque
2197 835 2346 870 illorum

1365 893 1545 927 veraciter
1573 891 1695 927 dicere
1710 920 1719 935 ,
1753 891 1780 926 si
1815 898 1937 927 tamen
1973 905 2048 940 prm
2081 892 2213 929 dolore
2244 893 2346 942 loqui

1365 950 1538 987 valebant
1562 950 1735 986 :Idcirco
1765 962 1833 997 ego
1864 950 1993 998 ploro,
2024 959 2061 986 ct
2085 952 2214 987 oculus
2244 964 2347 987 niens

1365 1010 1517 1046 deducit
1551 1022 1683 1058 aquam
1708 1037 1716 1053 ,
1752 1009 1840 1057 quia
1875 1022 1932 1044 me
1966 1008 2103 1045 deserit
2133 1011 2348 1046 consolator

1366 1082 1469 1104 meus
1489 1068 1686 1104 consolans
1712 1068 1873 1103 animam
1906 1080 2038 1102 meam.
2068 1072 2170 1114 Quos
2201 1076 2242 1104 ut
2269 1072 2347 1106 Do-

1365 1128 1488 1164 minus
1517 1127 1744 1163 amarissime
1771 1126 1860 1162 llere
1887 1127 2069 1174 respexit,
2103 1127 2216 1163 credo
2246 1128 2346 1176 quod

1364 1188 1545 1236 lacrymas
1576 1186 1779 1223 secundmn
1818 1186 2007 1221 bominem
2041 1187 2236 1223 continere
2270 1200 2346 1223 non

1366 1247 1507 1294 potuit,
1526 1247 1590 1283 sed
1610 1246 1729 1282 modis
1755 1245 1891 1293 quibus
1907 1245 2020 1281 valuit
2042 1258 2106 1282 eos
2132 1246 2344 1290 consolari,

1364 1316 1440 1339 non
1459 1304 1621 1349 distulit,
1638 1304 1764 1340 (licens
1780 1318 1786 1339 :
1805 1306 1887 1338 Non
1904 1303 2068 1339 turbetur
2087 1318 2148 1339 cor
2171 1314 2343 1351 vestrum,

1363 1362 1450 1410 quia
1483 1375 1549 1398 vos
1584 1363 1621 1397 in
1650 1375 1741 1411 pace
1771 1362 1961 1410 relinquo;
1994 1364 2122 1409 Neque
2141 1362 2344 1409 formula,

1364 1420 1467 1468 quasi
1482 1433 1549 1456 vos
1566 1420 1675 1469 lupus
1691 1419 1842 1455 invadat
1858 1432 1924 1468 per
1940 1421 2099 1468 pastoris
2113 1420 2315 1458 absentiam
2335 1438 2342 1459 :

1363 1479 1451 1527 quia
1483 1479 1579 1515 sicut
1608 1479 1722 1514 homo
1755 1478 1876 1523 vado,
1911 1478 1973 1514 sed
2007 1479 2102 1515 sicut
2134 1483 2235 1517 Deus
2265 1494 2346 1518 sum

1364 1550 1537 1587 praesens.
1560 1540 1644 1573 Non
1668 1536 1828 1572 liabetur
1849 1550 1912 1572 cor
1933 1547 2110 1583 vestrmn,
2133 1553 2252 1587 neque
2261 1539 2347 1588 fin·-

1363 1599 1476 1631 malet
1495 1596 1541 1632 de
1563 1604 1683 1632 morte
1701 1608 1801 1640 mea,
1823 1595 1909 1644 quia
1929 1605 2014 1645 post
2032 1604 2105 1633 tres
2126 1596 2203 1634 dies
2224 1611 2348 1635 resur—

1363 1668 1446 1705 gam
1460 1685 1469 1701 ‚
1491 1664 1528 1691 et
1544 1655 1691 1691 veniam
1714 1654 1760 1691 ad
1780 1668 1847 1691 vos
1862 1683 1871 1700 ,
1891 1663 1928 1691 et
1948 1654 2121 1691 videbitis
2143 1669 2200 1692 me
2216 1657 2344 1703 vitam,

1363 1715 1401 1750 in
1417 1728 1529 1763 quem
1545 1714 1774 1763 quicumque
1795 1713 2017 1759 crediderit,
2041 1715 2170 1751 mortis
2189 1715 2348 1765 imperio

1363 1774 1556 1823 subjacere
1570 1787 1644 1810 non
1660 1774 1811 1823 poterit.
1834 1776 1934 1809 Vada
1944 1803 1954 1819 ‚
1976 1777 2043 1809 sed
2054 1780 2182 1810 iterum
2197 1780 2345 1812 veniam

1363 1836 1415 1869 acl
1434 1847 1518 1877 vos,
1546 1842 1582 1869 ec
1600 1838 1782 1881 accipiam
1807 1847 1873 1868 vos
1899 1835 1951 1868 ml
1977 1847 2033 1868 me
2053 1838 2194 1882 ipsum,
2219 1844 2260 1870 ut
2289 1836 2349 1870 ubi

1362 1906 1442 1929 sum
1462 1906 1546 1942 ego,
1570 1901 1604 1927 et
1623 1906 1690 1928 vos
1708 1896 1796 1928 sitis.
1818 1895 1900 1929 Non
1922 1891 2066 1929 debetis
2086 1892 2251 1939 turbari,
2271 1907 2347 1930 non

1363 1950 1506 1987 debetis
1526 1950 1737 1986 contristari
1759 1949 1804 1986 de
1824 1949 1995 1987 abscessu
2014 1963 2096 1986 meo
2111 1979 2121 1996 ,
2141 1951 2243 1987 unde
2260 1952 2349 1988 mihi

1366 2017 1490 2046 tantus
1513 2009 1687 2058 provenit
1707 2008 1830 2044 honor
1858 2016 1894 2044 et
1913 2008 2030 2057 gloria
2057 2016 2156 2045 tanta
2183 2022 2190 2044 :
2224 2009 2350 2058 potius

1366 2069 1452 2105 inde
1478 2069 1640 2118 gaudere
1660 2067 1817 2104 debetis.
1841 2071 1923 2105 Non
1946 2081 2004 2103 me
2025 2067 2187 2117 diligitis.
2210 2070 2251 2103 Si
2270 2071 2351 2105 dili-

1364 2133 1499 2177 geretis
1526 2141 1582 2163 me
1601 2156 1612 2172 ,
1639 2129 1848 2176 gauderetis
1880 2130 2026 2174 utique,
2060 2131 2149 2174 quia
2176 2129 2275 2162 vado
2301 2129 2354 2162 ad

1365 2189 1512 2223 Patrem
1526 2215 1536 2230 ‚
1555 2192 1644 2235 quia
1662 2188 1779 2222 Pater
1793 2190 1914 2232 major
1929 2200 1986 2221 me
2000 2195 2063 2221 est.
2076 2190 2157 2222 Jam
2170 2187 2350 2236 imperate

1364 2246 1562 2295 lacrymis,
1583 2246 1668 2294 quia
1689 2245 1734 2281 de
1755 2258 1838 2281 meo
1859 2245 2031 2281 abscessu
2053 2245 2214 2294 gaudere
2234 2246 2350 2283 debe-

1367 2306 1424 2341 tis.
1452 2306 1574 2342 Nolite
1600 2304 1750 2341 fletibus
1778 2305 1995 2353 indulgere,
2021 2306 2108 2353 quia
2137 2305 2183 2341 ad
2204 2310 2348 2342 Patrem

1366 2363 1462 2399 vado
1474 2391 1483 2407 ‚
1502 2377 1570 2399 nec
1585 2376 1650 2399 vos
1669 2364 1855 2411 relinquo.
1873 2363 1929 2400 Ad
1946 2367 2091 2399 Patrem
2108 2364 2205 2400 vado
2221 2377 2351 2400 sccun-

1366 2422 1454 2457 dum
1476 2435 1624 2458 carnem
1644 2437 1651 2458 :
1675 2435 1741 2458 nec
1758 2435 1825 2458 vos
1842 2423 2013 2470 relinquo
2034 2422 2238 2459 secundum
2258 2423 2350 2459 dix-i-

1366 2481 1531 2516 nitatem.
1553 2481 1608 2518 Ad
1633 2485 1777 2517 Patrem
1796 2481 1897 2517 vadit
1916 2481 2030 2517 bomo
2053 2491 2265 2531 assumptus
2286 2497 2292 2517 :
2314 2490 2351 2519 et

1370 2538 1558 2576 vobiscum
1596 2539 1804 2576 remanebit
1840 2541 1957 2577 Patris
1989 2554 2183 2576 assumens
2219 2542 2345 2579 Filius.

319 2601 461 2634 (striata
484 2604 519 2633 ιή
538 2613 786 2646 enimomnes-(1,
808 2609 843 2634 et
861 2613 922 2634 vas
939 2602 1066 2634 euclem
1085 2604 1302 2646 cogitatione
1322 2594 1353 2627 D
1369 2603 1534 2648 Corpus,
1556 2600 1657 2648 quod
1680 2599 1724 2635 dc
1746 2599 1910 2648 virginea
1934 2608 2028 2635 terra
2049 2601 2217 2649 suscepi,
2238 2614 2350 2650 supra

315 2664 517 2693 arniamim'
533 2657 557 2694 3.
588 2662 692 2694 lianc
719 2671 847 2707 pacem
879 2658 987 2693 nobis
1020 2659 1214 2694 moriendo
1241 2672 1301 2694 re-

317 2718 445 2765 liquit:
465 2717 571 2752 aliam
594 2730 720 2765 pacem
751 2717 857 2753 nobis
884 2717 1112 2765 resurgendo
1134 2717 1297 2753 donavit.

316 2777 436 2812 Prima
459 2789 526 2811 nos
548 2775 677 2810 liberat
705 2789 724 2810 a
753 2783 905 2823 peccato
925 2790 931 2811 ;
956 2775 1121 2811 secunda
1141 2789 1208 2811 nos
1238 2789 1298 2811 re-

314 2836 486 2870 conciliat
504 2835 676 2869 Domiuo.
697 2835 816 2870 l‘rima
834 2834 941 2870 nobis
958 2843 1108 2883 peccata
1123 2834 1297 2871 dimittit:

314 2893 476 2928 secunda
504 2906 571 2928 nos
591 2893 635 2927 ad
662 2893 794 2940 gaudia
817 2893 976 2942 paradisi
1008 2893 1193 2942 perducit.
1220 2895 1300 2931 Pri-

316 2965 410 2987 mam
433 2951 539 2987 nobis
555 2951 657 2986 dedit
675 2954 877 2987 moriturus
896 2954 930 2988 in
949 2967 1080 2989 cruce:
1099 2954 1299 2990 secundam

316 3010 424 3046 nobis
453 3010 554 3045 dabit
577 3011 611 3044 in
638 3011 842 3046 :eternitate
875 3025 1031 3059 regnans
1060 3026 1143 3048 cum
1180 3017 1298 3050 Patre.

317 3070 438 3105 Prima
461 3070 527 3104 suit
555 3069 588 3103 in
622 3070 721 3104 luctu
744 3078 778 3104 et
806 3070 934 3105 dolore
956 3085 962 3106 ι
985 3071 1147 3106 secunda
1167 3073 1237 3107 erit
1262 3073 1299 3108 in

315 3128 450 3175 gaudio
472 3136 507 3162 et
536 3128 792 3164 exsultatione.
827 3130 945 3165 l’rima
969 3130 1175 3176 lacry'mosa
1207 3144 1213 3165 :
1246 3144 1300 3167 se-

314 3187 433 3223 cunda
452 3181 629 3233 ¹gloriosa.
663 3188 781 3223 Prima
805 3197 858 3223 est
881 3189 914 3222 in
939 3189 1083 3224 miseria
1106 3203 1112 3223 ε
1136 3190 1298 3227 secunda

365 3319 372 3334 ¹
394 3313 506 3344 'llnin
525 3325 532 3342 i
552 3337 558 3349 ,
579 3318 630 3343 ⁰0.
662 3332 687 3334 -κ
708 3318 718 3333 ²
740 3317 846 3344 Il'ctr.
867 3325 908 3351 ιι,
928 3316 980 3344 21.
1006 3331 1043 3336 -—
1059 3313 1136 3345 ³1d.
1159 3326 1202 3352 tv,
1225 3319 1252 3346 1,

1369 2659 1504 2695 clioros
1521 2659 1748 2707 Angelorum
1769 2659 1914 2703 exalt03
1939 2667 1978 2694 ut
1994 2659 2106 2696 Filius
2122 2659 2282 2696 hominis
2300 2660 2350 2696 ibi

1367 2718 1493 2754 sedeat
1507 2719 1543 2754 in
1561 2717 1714 2754 dextera
1734 2718 1852 2755 Patris
1866 2747 1874 2763 ,
1892 2726 1927 2753 et
1945 2717 2077 2754 habeat
2094 2731 2160 2767 per
2175 2720 2349 2767 gratiam,

1367 2778 1549 2827 quidquid
1571 2779 1648 2827 ipse
1670 2781 1770 2814 Deus
1791 2777 1902 2813 babet
1922 2791 1989 2826 per
2005 2786 2186 2814 naturam.
2203 2779 2259 2814 Ad
2281 2782 2350 2815 Pa-

1368 2845 1459 2872 trem
1481 2837 1596 2882 vado,
1614 2845 1654 2872 ut
1670 2849 1785 2885 genus
1803 2837 2005 2872 humanum
2023 2835 2204 2872 diabolica
2223 2837 2350 2873 fraude

1367 2896 1588 2945 deceptum,
1619 2896 1747 2931 aculco
1778 2895 1919 2943 antiqui
1950 2895 2133 2943 serpentis
2161 2896 2347 2941 occisum,

1367 2955 1403 2990 in
1439 2955 1505 2990 liac
1537 2955 1629 2990 valle
1661 2955 1908 3003 lacrymarum
1941 2954 2157 3002 sepultum,
2189 2955 2225 2990 in
2256 2955 2350 2991 coelo

1366 3014 1566 3055 collocem,
1588 3022 1624 3049 ct
1657 3013 1702 3048 ad
1724 3026 1870 3061 gregem
1902 3013 2129 3061 Angelorum
2161 3021 2349 3062 reportem

1367 3073 1604 3108 centesimam
1628 3085 1735 3107 ovem
1760 3071 1968 3120 perditam,
1989 3084 2056 3120 per
2077 3072 2229 3119 longum
2256 3080 2350 3108 tem-

1367 3146 1436 3182 pus
1455 3141 1654 3169 errantem.
1687 3135 1729 3167 Et
1763 3131 1846 3167 idco
1869 3144 1982 3179 rogo,
2009 3144 2053 3166 nc
2086 3130 2258 3167 turbetur
2287 3145 2350 3167 cor

1365 3201 1529 3229 vestrum
1552 3192 1598 3228 de
1621 3199 1740 3228 morte
1764 3204 1841 3227 mea
1858 3219 1866 3235 ,
1893 3192 1979 3239 quia
2000 3191 2051 3226 sic
2074 3192 2152 3227 lieri
2181 3200 2346 3240 oportet.
