2418 3949
158 182 227 218 761

501 329 676 368 CAPUT
707 331 803 369 Vll.

153 441 199 469 De
213 446 346 480 quatuor
365 441 525 483 spiritibus
545 444 576 474 in
591 444 736 475 cordibus
752 444 912 475 hominum
934 445 1143 486 loquentibus.

208 560 266 596 12.
284 561 350 597 His
371 562 546 599 omnibus
566 563 860 612 cogitationibus
879 563 1049 600 cordium
1074 564 1144 600 hu-

150 631 348 656 manorum
366 630 529 670 quatuor
550 623 702 672 spiritus
733 623 942 672 loquuntur
965 623 1110 659 assidue
1133 638 1141 658 :

149 678 303 727 spiritus
317 680 447 716 mundi
459 708 468 722 ,
488 681 640 729 spiritus
656 682 777 718 carnis
789 711 798 727 ,
821 682 972 731 spiritus
988 682 1141 727 diaboli,

148 737 306 785 Spiritus
330 739 412 774 Dei.
442 740 602 787 Spiritus
625 740 755 776 mundi
775 740 943 789 loquitur
964 754 1080 785 vana;
1105 749 1142 776 et

146 794 226 843 ipse
247 804 335 832 tunc
354 796 523 845 loquitur
541 798 645 833 cordi
664 807 813 844 nostro,
834 812 918 835 cum
938 800 1139 835 vanitatem

147 852 351 901 diligimus,
374 867 458 890 cum
488 855 533 891 de
554 857 718 892 vanitate
740 857 928 903 laetamur,
960 871 1043 894 cum
1075 857 1141 893 de-

147 912 328 949 lectamur
349 913 388 949 in
415 915 592 951 vanitate.
616 915 775 964 Spiritus
798 918 921 953 carnis
952 917 1138 966 loquitur,

145 984 229 1007 cum
248 972 376 1009 mollia
391 974 495 1010 carni
520 982 558 1010 et
579 974 750 1011 sensibus
766 976 888 1011 carnis
905 977 1138 1025 appetimus;

812 191 905 225 TRA
913 190 1096 225 CTATUS
1124 190 1189 223 DE
1219 189 1544 229 CONSCIENTIA.

1156 265 1204 282 ⁵⁷⁵
1219 264 1307 300 tiam
1336 279 1474 314 meam,
1515 284 1625 319 quam
1663 272 1896 310 confundere
1926 274 2054 311 faciem
2089 283 2201 312 tuam.

1165 326 1195 358 A
1217 324 1253 361 si
1279 325 1369 373 quid
1394 326 1489 364 bene
1514 329 1653 366 dietum
1677 340 1752 377 est,
1776 332 1840 368 tibi
1866 333 2030 383 imputa,
2052 348 2122 384 pro
2138 349 2203 371 cu-

2130 198 2203 235 762

1208 383 1272 431 jus
1292 385 1377 431 fide,
1398 395 1434 422 et
1451 400 1615 434 sensum,
1634 399 1671 426 et
1692 390 1849 428 verbum
1868 392 1971 429 dedit
1986 394 2101 431 Filius
2118 396 2202 431 Dei.

1211 442 1247 478 Si
1279 443 1370 491 quid
1401 458 1506 482 secus
1537 448 1676 484 dictum
1710 459 1785 493 est,
1820 450 1884 486 tibi
1914 452 2078 502 imputa,
2114 455 2201 503 quia

1207 501 1364 549 jussisti.
1391 508 1504 542 Parce
1528 515 1652 543 autem
1681 517 1718 544 et
1749 509 1999 555 festinationi,
2033 513 2120 561 quia
2147 514 2200 549 ni-

1211 561 1260 596 l1il
1282 562 1332 597 ita
1358 565 1588 601 contrarium
1603 593 1612 609 ,
1633 567 1724 602 nihil
1747 568 1796 603 ita
1819 568 2198 619 discrepantissimum

1208 619 1246 654 in
1278 621 1503 667 scribendo,
1537 637 1649 672 quam
1680 627 1897 663 acceleratio
1938 637 1975 664 et
2013 631 2195 668 celeritas.

1206 678 1327 727 Digne
1357 680 1457 716 enim
1483 682 1653 718 invenire
1678 685 1781 732 quod
1816 687 1973 734 quaeris,
2003 697 2039 724 et
2077 690 2199 726 verbis

1207 738 1508 787 competentibus
1537 743 1673 778 vestire
1699 744 1803 791 quod
1829 745 2041 791 inveneris,
2075 757 2113 785 et
2142 750 2198 786 lo-

1207 809 1292 832 cum
1315 805 1462 846 aptum,
1492 806 1528 834 et
1554 808 1698 849 tempus
1727 800 1902 838 feriatum
1923 832 1932 846 ‚
1953 813 1990 840 et
2010 806 2198 854 ingenium

1206 854 1395 899 vividum,
1423 864 1461 891 et
1488 857 1613 893 stilum
1636 859 1881 895 exercitatum
1908 861 2104 900 desiderat.
2128 870 2199 901 Ve-

1208 922 1418 950 rumtamen
1450 914 1640 953 absconde
1657 918 1855 967 epistolam
1870 947 1879 963 ,
1904 921 1963 956 vel
1989 921 2125 959 librum
2140 953 2149 968 ‚
2170 926 2197 960 si

1208 974 1259 1009 sic
1290 974 1405 1024 magis
1430 976 1534 1024 eligis
1560 978 1757 1013 nominare
1789 993 1795 1013 :
1830 980 1886 1015 vel
1904 1007 1913 1023 ,
1944 980 1973 1016 si
1999 984 2197 1031 propalare

144 1044 229 1067 cum
250 1031 331 1080 ejus
350 1046 477 1070 curam
495 1033 534 1069 in
555 1033 750 1070 desideriis
775 1042 812 1070 et
834 1035 1029 1084 voluptate
1047 1048 1137 1084 per·
1157 1030 1185 1063 Β
1205 1032 1433 1077 decreveris,
1460 1042 1540 1070 tace
1567 1047 1704 1071 nomen
1726 1037 1901 1073 auctoris.
1926 1039 2038 1075 Novit
2056 1045 2199 1076 Auctor

144 1091 301 1128 ficimus.
337 1093 496 1143 Spiritus
524 1093 663 1131 diaboli
689 1094 882 1143 loquitur,
919 1094 1072 1143 quando
1100 1102 1138 1130 et

142 1163 268 1188 amara
293 1153 498 1201 cogitamus
511 1183 519 1199 ,
540 1162 577 1189 et
596 1166 725 1203 aspera
744 1153 990 1203 proferimus,
1015 1154 1137 1190 tristes

143 1210 180 1245 in
202 1210 334 1257 nobis,
354 1212 435 1248 aliis
460 1213 682 1258 irascentes,
709 1212 864 1262 ingrati,
892 1212 1029 1258 invidi,
1059 1213 1137 1249 sine

143 1269 362 1316 affectione,
382 1272 462 1307 sine
489 1272 642 1309 foedere.
665 1272 826 1322 Spiritus
850 1273 920 1310 Dei
942 1273 1134 1321 loquitur,

141 1328 295 1377 quando
319 1330 441 1367 dulcia
457 1331 682 1368 meditamur
707 1341 745 1368 et
766 1333 979 1381 loquimur,
1000 1333 1136 1368 hilares

142 1387 252 1425 nobis
277 1398 314 1426 et
337 1391 541 1440 proximis,
561 1391 598 1427 in
620 1393 723 1428 omni
747 1392 948 1428 dulcedine
971 1401 1008 1428 et
1030 1392 1137 1428 boni-

143 1455 218 1484 tate
232 1477 242 1495 ,
263 1450 411 1486 solliciti
441 1463 590 1486 servare
609 1451 793 1487 unitatem
812 1451 964 1500 spiritus
987 1451 1024 1487 in
1054 1452 1140 1487 vin-

143 1507 228 1544 culo
255 1509 357 1558 pacis
373 1516 397 1545 ¹.
428 1512 494 1546 Hae
528 1510 791 1555 conscientiae,
814 1511 871 1546 hae
896 1511 1140 1560 cogitationes

143 1568 478 1614 conscientiarum,
506 1569 545 1606 hi
566 1570 719 1620 spiritus
751 1571 948 1619 loquentes
970 1571 1008 1605 in
1034 1570 1139 1619 cogi—

143 1627 350 1665 tationibus
368 1629 507 1666 nostris
526 1643 533 1665 :
553 1643 637 1678 quae
652 1630 784 1667 melius
802 1638 865 1666 tua
881 1629 1108 1665 conscientia
1126 1657 1135 1673 ,

141 1686 355 1725 dulcissime
396 1689 537 1734 frater,
570 1703 683 1738 quam
717 1702 799 1726 mea
829 1689 967 1739 pagina
995 1689 1136 1735 cernit,

140 1753 255 1794 atque
283 1746 470 1783 discernit.
497 1751 632 1785 Factus
661 1762 743 1785 sum
774 1749 952 1798 insipiens
969 1776 978 1792 ‚
1012 1756 1051 1784 tu
1078 1762 1137 1785 me

140 1804 294 1854 coegisti
327 1820 334 1841 :
369 1806 434 1843 sed
460 1808 593 1844 melius
625 1808 731 1845 volui
758 1808 959 1845 ostendere
991 1808 1138 1857 imperi-

191 1941 199 1956 ¹
220 1935 332 1977 thes.
355 1947 399 1974 ιν,
421 1938 451 1966 3.

1202 1091 1350 1136 salutis,
1374 1092 1432 1128 cui
1465 1093 1533 1129 soli
1557 1093 1682 1130 honor
1701 1102 1738 1130 et
1759 1095 1898 1144 gloria,
1922 1106 2103 1145 quantum
2129 1113 2198 1148 ego

1202 1150 1318 1199 diligo
1343 1152 1500 1188 salutem
1528 1152 1661 1188 animae
1691 1160 1786 1197 tuae,
1822 1162 1860 1190 et
1891 1154 2076 1192 honorem
2112 1171 2199 1206 per-

1202 1223 1304 1246 sonae
1325 1218 1410 1247 tuae.
1430 1214 1514 1261 Ipse
1531 1220 1587 1248 est
1608 1212 1793 1248 Dominus
1814 1222 1942 1250 noster
1954 1218 2068 1254 &Jesus
2088 1216 2198 1253 Chri-

1201 1278 1301 1316 stus,
1325 1271 1390 1319 qui
1411 1269 1477 1307 tibi
1499 1279 1536 1307 et
1552 1284 1590 1307 se
1606 1272 1729 1321 ipsum
1753 1272 1869 1309 donat
1884 1301 1895 1318 ,
1921 1283 1958 1310 et
1981 1284 2139 1312 coronat
2166 1285 2198 1312 te

1201 1329 1239 1365 in
1262 1329 1516 1367 misericordia
1535 1339 1572 1367 et
1592 1331 1909 1370 miserationibus.
1939 1335 2049 1380 Vale,
2073 1344 2110 1371 ct
2133 1350 2198 1372 ora

1202 1402 1272 1438 pro
1290 1402 1360 1426 me.

1252 1606 1288 1634 In
1313 1603 1379 1634 aliis
1407 1603 1593 1635 editionibus
1628 1605 1731 1647 inepte
1760 1607 1909 1638 nonnulla
1939 1614 2040 1639 assuta
2065 1611 2199 1651 reperies

1204 1657 1475 1699 praecedentibus‚
1502 1659 1597 1699 petita
1628 1661 1666 1689 ex
1692 1665 1823 1691 tractatu
1852 1661 1890 1692 de
1917 1663 2060 1693 Interiori
2085 1667 2197 1695 Domo.

1203 1710 1263 1741 Sed
1285 1710 1375 1741 nobis
1391 1720 1453 1740 non
1472 1716 1516 1741 est
1533 1721 1635 1752 operae
1655 1712 1788 1753 pretium
1802 1737 1809 1750 ,
1835 1714 1926 1745 rebus
1948 1715 2045 1746 otiose
2062 1717 2198 1758 repetitis

1203 1762 1333 1804 implere
1355 1763 1482 1805 paginas
1501 1774 1508 1794 ε
1527 1765 1714 1805 praeserlim,
1736 1776 1806 1795 cum
1829 1766 1893 1807 ipsc
1911 1768 2068 1808 praesentis
2087 1774 2195 1799 tracta-

1206 1822 1253 1847 tus
1273 1816 1412 1858 epilogus
1427 1816 1485 1848 hoc
1500 1817 1745 1849 additamentum
1767 1819 1904 1851 reticeat.
