2504 3928
268 218 361 252 ΙΗέᾺ)
795 214 1050 250 Expost'rlo
1079 215 1126 249 ΙΝ
1156 214 1441 249 ΟΒΑΤΙΟΝΕΜ
1471 213 1760 248 DOMiMCAM.
2211 211 2308 246 1100

265 293 383 344 poi-ali
421 293 465 328 ad
495 292 681 327 ewlestem
720 290 853 334 vitam,
886 289 972 338 quia
1009 302 1066 325 res
1098 290 1256 326 coelestis
1268 289 1315 306 ³³³
1327 301 1457 324 omnes
1484 288 1697 323 voluntates
1722 286 1810 331 Dei,
1837 293 1873 321 ct
1899 285 2022 321 nullus
2047 284 2098 321 ibi
2128 285 2311 322 voluntati

268 352 435 389 inclinari
453 350 676 400 postulatur,
694 357 731 384 ut
747 349 804 384 hic
821 349 855 384 in
873 348 1048 397 prmscnti
1063 347 1256 384 habeatur.
1277 350 1303 382 Α
1330 348 1394 384 Dei
1414 347 1548 383 resistit
1567 361 1574 382 :
1592 345 1656 381 scd
1674 346 1709 381 iu
1729 353 1826 381 terra
1844 345 1950 381 multi
1968 344 2230 381 contradicunt
2247 345 2312 381 Dei

271 412 378 448 Panis
401 411 466 446 iste
489 417 543 445 cst
566 412 662 444 Deus
685 407 747 456 qui
774 407 886 455 pascit
911 406 1072 455 Angeios
1090 421 1097 443 :
1115 414 1151 442 et
1170 406 1263 443 sicut

274 471 380 520 panis
396 469 458 518 qui
482 483 501 504 a
525 478 640 504 matre
664 466 887 509 comeditur,
909 466 943 502 iu
966 466 1018 501 lac
1035 466 1206 510 vertitur,
1223 474 1265 501 ut

274 543 368 578 puer
391 529 453 564 illa»
475 528 640 571 fruatur3
659 527 709 562 sic
726 530 827 562 Deus
843 539 918 574 quo
940 526 1114 561 fruuntur
1132 522 1263 573 Ange-li

275 588 379 624 sicuti
405 596 474 630 est,
501 586 608 621 nobis
635 598 764 621 versus
780 593 835 620 cst
861 585 896 620 in
921 585 988 630 lac,
1007 592 1046 620 ut
1069 597 1114 620 eo
1133 596 1263 633 possc-

276 660 358 682 mus
377 646 459 682 frui.
488 645 694 694 Assumpsit
713 645 810 680 euim
830 642 1014 679 visibilem
1033 644 1204 688 sormam,
1224 651 1264 679 ut

274 706 425 741 doceret
449 705 639 749 homines,
666 712 704 739 ut
734 704 783 739 sie
814 704 943 739 saltem
971 716 1056 739 eum
1087 715 1264 750 agnosce-

275 778 411 800 remus,
430 763 670 800 Comedimus
687 776 775 810 ergo
791 775 875 798 eum
895 775 1042 811 semper
1059 761 1128 797 sub
1142 761 1266 809 aliqua

275 824 396 873 specie
419 823 454 858 iu
476 827 716 859 Sam-annonto
736 821 880 866 altaris,
901 821 936 857 in
958 821 1156 870 Scripturis
1175 829 1211 856 et
1230 821 1266 856 in

275 882 393 918 verbo
413 881 703 931 praedit-ationis»,
726 889 762 916 et
783 879 958 916 omuibus
985 879 1106 916 modis
1131 879 1268 928 quibus

277 943 312 977 in
335 942 443 977 uobis
465 942 664 977 rmfintur.
684 940 859 976 Fruimur
879 948 915 975 et
935 940 998 975 illo
1020 952 1131 988 pane,
1149 952 1268 987 quau-

277 1001 326 1036 do
348 1010 498 1036 terreno
521 1013 616 1049 panc
638 999 836 1044 vescimur,
857 1007 896 1034 ut
916 998 1112 1034 sustentati
1134 999 1167 1034 ei
1187 998 1265 1033 sor-

1328 406 1532 450 voluntati,
1563 405 1613 441 illi
1635 404 1771 440 seilicet
1791 417 1874 452 quae
1893 411 1948 439 cst
1967 415 2012 438 ex
2035 402 2313 448 misericordia3

1329 479 1412 502 cum
1429 465 1528 501 enim
1549 464 1659 500 vellet
1675 464 1785 499 etiam
1804 463 1948 498 salvare
1965 475 2102 511 pravos
2116 462 2144 498 si
2164 462 2315 506 vellent,

1332 535 1453 562 tamen
1485 525 1555 574 ipsi
1582 523 1846 559 contradicunt
1868 521 2047 571 operibus
2070 521 2154 558 huic
2180 522 2317 557 volun-

1333 585 1408 620 tati.
1432 587 1523 620 Orat
1551 596 1640 631 ergo
1671 583 1758 624 iste,
1791 581 1892 629 quod
1921 581 2014 617 sieut
2043 581 2217 616 voluntas
2248 579 2314 616 Dei

1330 643 1438 678 estin
1466 640 1641 677 omnibus
1666 639 1810 675 civibus
1835 639 1942 682 coeli,
1967 639 2016 674 ita
2036 638 2143 674 saciat
2163 645 2199 673 et
2225 637 2317 673 alios

1333 713 1500 739 terrenos
1520 702 1606 737 tales
1627 701 1690 749 qui
1712 700 1815 736 nullo
1838 698 1950 735 modo
1969 699 2151 734 voluntati
2173 698 2241 735 Dei
2260 711 2318 734 re-

1331 763 1479 806 simum
1500 760 1602 809 quod
1624 760 1658 795 in
1682 759 1784 795 nullo
1807 758 2019 807 completur
2037 758 2105 794 nisi
2126 758 2161 792 iu
2181 756 2319 793 coelesti

1331 822 1419 857 vita.
1454 824 1495 856 tit
1523 829 1644 855 tamen
1672 818 1798 867 aliquo
1820 816 1932 853 modo
1959 817 2172 866 completur
2194 816 2230 851 in
2251 815 2319 851 liae

1332 881 1405 916 vita
1428 880 1462 915 in
1484 879 1644 923 sanetis,
1669 878 1736 914 ctsi
1765 890 1838 913 non
1861 890 1929 926 per
1955 876 2101 921 omnia;
2124 876 2210 924 quia
2232 875 2318 911 nul-

1334 940 1389 975 lus
1417 939 1543 975 vivore
1564 938 1643 974 sine
1668 937 1808 973 macula
1830 944 1965 985 potest.
1991 939 2091 971 Sic-ac
2111 940 2147 970 in
2171 937 2262 970 coelo
2285 944 2320 970 et

1333 1005 1370 1034 iu
1394 1008 1515 1042 terra,
1538 997 1693 1033 diversis
1717 996 1837 1032 modis
1856 995 1992 1031 variari
2014 1002 2137 1043 potest
2160 1008 2167 1029 ε
2193 1001 2232 1030 ut
2259 993 2319 1029 di-

279 1059 350 1094 tius
373 1059 590 1094 serviamus.
621 1061 757 1094 Panem
789 1057 897 1092 istum
929 1065 1037 1092 vocat
1069 1055 1265 1104 „supersub-
1291 1056 1318 1089 B
1333 1071 1478 1103 camus,
1511 1061 1602 1093 sicut
1632 1062 1669 1092 in
1706 1058 1818 1099 coelo,
1847 1054 1883 1090 id
1912 1062 1991 1099 est,
2018 1054 2055 1089 in
2082 1053 2252 1097 Christo,
2281 1053 2320 1088 in

278 1120 490 1152 .s‘.'(1!1l('‹1l‹¹m
506 1123 512 1138 ¹
529 1146 538 1162 ,
559 1117 643 1166 quia
665 1129 778 1164 super
795 1128 926 1151 omncs
942 1114 1168 1151 substantias
1185 1124 1239 1151 est
1259 1130 1265 1151 :

277 1184 313 1212 et
339 1179 594 1224 qmm'diauum
624 1189 709 1212 eum
736 1183 846 1211 vocat
873 1178 1038 1218 Lucas²,
1066 1175 1153 1223 quia
1182 1187 1268 1210 eum

280 1235 448 1283 quotidie
465 1236 591 1284 aliquo
609 1234 912 1284 supradictorum
933 1233 1130 1270 modorum
1150 1247 1271 1269 come-

279 1293 413 1329 dimus.
436 1296 553 1328 llmlw
574 1301 681 1328 vocat
707 1305 870 1341 pra‘sens
893 1301 1049 1341 tempus.
1073 1295 1142 1328 Per
1156 1292 1265 1328 istum

276 1366 411 1400 panem
433 1353 618 1388 esurimus
639 1360 675 1387 et
702 1352 846 1386 sitimus
863 1350 1046 1398 justitiam
1071 1351 1233 1386 suturam
1256 1364 1262 1385 :

272 1412 417 1460 justitia
437 1411 535 1447 enim
562 1423 726 1459 pra·sens
748 1418 803 1446 est
830 1409 1069 1458 imperfecta,
1098 1417 1134 1444 et
1162 1409 1267 1457 quasi

280 1469 431 1504 esurie&
468 1472 521 1504 De
552 1468 620 1504 hac
649 1468 770 1503 esurie
799 1467 956 1511 dicitur,
993 1466 1167 1502 Sotiabm·
1189 1480 1268 1502 cum

278 1531 497 1575 apparuerit
514 1530 636 1575 gloria
658 1526 750 1562 mu3
773 1541 780 1562 :
803 1535 839 1562 et
860 1525 1088 1562 desiderium
1109 1526 1270 1562 coelestis

271 1587 441 1634 justifice,
459 1599 542 1635 quae
562 1586 725 1635 perfecta
746 1594 812 1622 est.
836 1588 881 1621 Et
898 1585 966 1621 iste
983 1585 1089 1634 panis
1107 1584 1269 1621 habetur

277 1658 345 1694 per
366 1644 506 1680 donum
530 1644 771 1680 fortitudinis.

330 1706 366 1740 5.
387 1706 479 1739 Fiat
494 1706 667 1739 voluutas
684 1713 755 1739 lua.
773 1707 857 1740 Istae
876 1712 951 1740 tres
968 1703 1168 1752 petitiones
1185 1716 1268 1752 quae

280 1771 437 1806 restant,
461 1776 535 1798 non
559 1771 716 1812 possunt
736 1763 936 1812 adimpleri
955 1762 1120 1811 perfecte
1141 1762 1211 1799 nisi
1232 1763 1269 1798 in

281 1823 387 1858 corin.
405 1825 497 1858 Dure
515 1831 601 1857 sunt
622 1823 834 1858 voluntates
853 1823 891 1858 in
911 1826 990 1859 Deo
1009 1837 1016 1857 :
1035 1835 1109 1857 una
1131 1822 1268 1858 miseri:
1286 1822 1313 1858 C
1335 1837 1416 1860 mus
1444 1823 1584 1859 scilicet
1619 1821 1876 1858 misericordes

281 1881 438 1926 cordiae,
455 1894 537 1929 quae
559 1894 633 1916 non
653 1890 707 1917 est
729 1894 886 1929 cogens,
907 1894 974 1917 nec
992 1881 1134 1929 aliquid
1151 1880 1271 1918 libero

281 1938 434 1975 arbitrio
461 1939 600 1982 aufert,
628 1952 701 1988 qua
730 1952 862 1975 omnes
891 1939 1065 1975 homines
1090 1940 1171 1976 vult
1198 1941 1272 1976 sal-

282 2011 348 2034 vos
376 1999 475 2042 sieri,
497 1998 600 2046 quod
626 2007 748 2034 tamen
778 1999 816 2034 in
845 1998 959 2034 libera
986 2012 1116 2035 corum
1137 1999 1273 2035 voiun-

283 2065 354 2093 tate
376 2057 540 2106 positum
565 2066 631 2093 est.
654 2061 717 2093 Est
736 2057 806 2093 alia
825 2071 908 2106 quae
928 2065 982 2094 est
1004 2057 1050 2093 de
1079 2057 1274 2094 effectibus

284 2129 436 2160 rerum,
470 2115 514 2151 de
549 2129 621 2164 qua
653 2115 789 2152 dicitur
818 2131 824 2151 z
862 2117 998 2151 Omnia
1033 2130 1274 2165 quoectcmque

283 2174 509 2221 voluitfecit
529 2176 555 2211 -ῑ,
579 2175 675 2211 Huic
698 2188 808 2211 nemo
829 2184 954 2225 potest
976 2176 1148 2212 resistere
1167 2191 1175 2213 :
1201 2180 1275 2212 Vo-

284 2237 419 2269 luntati
454 2239 550 2269 enim
580 2235 654 2277 (jus
687 2239 767 2281 quis
798 2239 932 2269 resistit
954 2234 993 2270 ⁵?
1019 2237 1108 2271 Haec
1140 2235 1272 2284 provi-

285 2293 421 2328 dentia»
441 2292 646 2328 concordat
672 2306 843 2341 semper,
871 2293 942 2329 alia
965 2306 1056 2329 vero
1078 2307 1154 2330 non
1176 2307 1275 2330 sem-

284 2364 363 2400 per.
387 2352 421 2387 Si
443 2351 541 2386 euim
571 2352 649 2386 vult
671 2365 737 2399 per
767 2351 1060 2388 misericordiam
1083 2352 1128 2388 de
1149 2353 1274 2401 aliquo

288 2424 405 2460 pravo
432 2411 534 2459 quod
566 2411 611 2446 sit
634 2411 779 2458 justus,
803 2420 839 2446 et
869 2412 1040 2448 conserat
1067 2412 1100 2447 ei
1121 2413 1276 2459 gratiam

286 2482 412 2513 suam,
433 2477 467 2504 et
488 2477 608 2504 tamen
629 2469 689 2504 itte
710 2482 776 2517 per
793 2468 952 2505 liberum
973 2469 1167 2506 arbitrium
1186 2483 1277 2506 con-

288 2527 455 2571 tradicat,
476 2541 543 2562 nec
559 2528 685 2575 gratiae
703 2528 770 2564 Dei
790 2529 1021 2573 consentiat;
1041 2529 1126 2564 huic
1145 2529 1280 2565 volun-

1336 1132 1412 1167 quo
1442 1108 1641 1154 Doiiiinico
1667 1115 1818 1151 homine
1846 1114 1971 1150 Deitas
1997 1112 2159 1157 residet,
2187 1120 2224 1148 ct
2245 1123 2320 1148 suae

1336 1177 1517 1213 voluntati
1537 1188 1727 1224 nunquam
1752 1174 1864 1209 homo
1883 1173 1943 1209 ille
1964 1171 2209 1217 contradixit3
2229 1181 2264 1206 ct
2282 1175 2321 1205 in

1337 1245 1447 1277 terra,
1468 1234 1504 1271 id
1521 1243 1593 1280 est,
1616 1235 1651 1270 iu
1673 1232 1832 1269 Ecclesia
1854 1234 1928 1268 [iat.
1945 1231 2025 1275 Vel,
2046 1236 2140 1265 sicut
2154 1234 2192 1264 in
2212 1231 2318 1273 coelo,

1338 1294 1373 1329 id
1395 1302 1471 1337 est,
1492 1293 1527 1328 in
1549 1292 1718 1341 Augelis3
1739 1291 1786 1326 ita
1808 1300 1842 1326 e!
1861 1295 1897 1325 ill
1917 1300 2035 1332 terra,
2058 1289 2093 1325 id
2112 1297 2185 1334 est,
2203 1289 2240 1324 in
2258 1288 2322 1324 ho-

1333 1351 1508 1388 minibus.
1536 1351 1623 1395 Vel,
1650 1354 1743 1385 sicat
1768 1355 1806 1384 in
1832 1352 1948 1392 coelo,
1977 1348 2014 1384 id
2037 1356 2112 1393 est,
2141 1348 2176 1383 in
2199 1347 2322 1384 anima

1331 1410 1444 1458 justi3
1470 1410 1518 1445 ita
1537 1418 1571 1444 et
1587 1414 1626 1444 1'12
1647 1417 1742 1443 terra
1757 1436 1764 1449 ,
1784 1407 1820 1443 id
1837 1416 1916 1452 est,
1940 1409 1977 1451 in
2000 1420 2132 1452 carne3
2156 1415 2196 1442 ut
2216 1406 2323 1442 nullo

1336 1468 1450 1505 modo
1477 1481 1563 1504 caro
1589 1466 1821 1503 contradicat
1846 1466 2014 1514 spiritui,
2038 1465 2100 1501 sed
2128 1465 2164 1500 in
2192 1464 2322 1501 eadem

1335 1529 1528 1564 voluntate
1558 1526 1767 1563 consentiat
1789 1538 1872 1561 cum
1893 1537 1951 1561 eo.
1979 1524 2060 1569 Vel,
2081 1529 2172 1559 sicut
2192 1528 2230 1559 in
2254 1537 2324 1559 coe-

1335 1590 1368 1622 lo
1382 1616 1393 1632 ,
1418 1586 1455 1622 id
1473 1594 1547 1631 est,
1568 1585 1603 1621 in
1625 1585 1762 1622 sanctis
1788 1584 1899 1629 viris3
1921 1584 1970 1620 ita
1990 1588 2028 1619 in
2057 1593 2176 1628 wira,
2198 1583 2234 1620 id
2251 1591 2325 1629 est,

1333 1647 1370 1683 in
1401 1644 1672 1696 peccatoribus.
1700 1643 1810 1692 Quod
1841 1651 1959 1679 totum
1984 1651 2040 1679 est
2063 1655 2130 1691 per
2151 1642 2324 1692 spiritum

1334 1705 1498 1750 consilii,
1517 1705 1581 1754 qui
1610 1703 1672 1740 dat
1698 1703 1807 1739 nobis
1834 1702 2032 1739 consilium
2063 1701 2226 1747 bonum,
2248 1714 2326 1751 quo

1335 1766 1440 1801 istam
1468 1762 1759 1800 misericordiam
1786 1761 1940 1811 adipisci
1966 1761 2174 1810 possimus,
2207 1769 2248 1797 ut
2273 1761 2326 1796 si-

1906 1836 1913 1857 :
1943 1823 2054 1856 Beati
2081 1820 2180 1856 enim
2212 1823 2326 1855 mise-

1337 1884 1520 1926 ricordes,
1561 1886 1738 1929 quoniam
1776 1884 1846 1929 ipsi
1879 1881 2165 1916 miserIconliom
2197 1891 2326 1914 conse-

1339 1951 1503 1990 (licentur.

1391 2001 1429 2037 6.
1465 2002 1648 2035 Adveuiac
1673 2013 1821 2047 regnum
1848 2008 1963 2035 caum.
1995 2001 2198 2047 Postquam
2228 2010 2327 2034 asse-

1340 2067 1448 2095 cutus
1468 2066 1523 2096 est
1540 2058 1638 2094 illam
1658 2056 1949 2094 misericordiam
1964 2084 1973 2099 ‚
1993 2064 2035 2092 ut
2056 2055 2239 2092 voluntati
2258 2054 2328 2092 Dei

1339 2131 1417 2154 non
1438 2118 1605 2162 resistat3
1633 2117 1798 2166 postulat
1825 2116 1934 2152 altius
1952 2116 2094 2152 donum
2111 2143 2120 2160 ‚
2150 2123 2189 2151 ut
2207 2117 2328 2151 Deum

1338 2177 1482 2224 videat,
1503 2177 1642 2213 scilicet
1667 2177 1785 2222 clare,
1808 2175 1960 2212 remotis
1981 2173 2157 2210 omnibus
2181 2172 2328 2209 nebulis

1339 2237 1668 2286 phantasmatum3
1698 2234 1801 2284 quod
1831 2247 1906 2270 non
1934 2234 2005 2270 erit
2033 2232 2198 2282 perfecte
2225 2245 2330 2269 com-

1340 2297 1480 2346 pletum
1499 2323 1509 2341 ,
1535 2296 1604 2332 nisi
1624 2296 1659 2331 in
1683 2295 1818 2330 futuro.
1842 2297 1887 2330 Et
1905 2292 2075 2341 quamvis
2095 2292 2154 2327 illa
2177 2291 2214 2327 in
2234 2291 2329 2328 coelo

1341 2355 1474 2391 ordine
1500 2368 1575 2391 non
1595 2355 1753 2399 dentur,
1782 2352 1988 2389 secundum
2010 2351 2181 2387 ordinem
2206 2359 2329 2386 tamen

1342 2414 1530 2462 dignitatis
1560 2413 1821 2463 postulantur3
1852 2412 1939 2460 quia
1967 2410 2138 2459 quamvis
2167 2410 2204 2445 in
2233 2417 2331 2445 terra

1343 2486 1419 2508 non
1449 2473 1523 2509 sint
1550 2472 1716 2521 plenarie
1745 2470 1851 2515 data,
1886 2479 2008 2505 tamen
2038 2468 2172 2504 ordine
2201 2476 2332 2504 sunta

1344 2532 1479 2567 sanctis
1512 2531 1548 2567 in
1586 2539 1684 2567 terra
1718 2537 1880 2577 recepta.
1916 2531 2005 2564 Haec
2041 2527 2244 2576 postulatio
2277 2535 2333 2564 est

289 2595 342 2622 tas
364 2586 611 2635 providenti-te
632 2600 706 2621 non
735 2587 941 2622 concordat
964 2602 970 2623 :
1002 2588 1088 2636 quia
1107 2588 1276 2636 quamvis
1295 2589 1327 2622 D
1344 2599 1464 2636 sexta,
1488 2591 1573 2639 quia
1596 2590 1709 2625 homo
1731 2589 1766 2623 in
1789 2596 1891 2624 sexta
1913 2587 1993 2629 die,
2020 2587 2056 2622 id
2077 2595 2131 2623 est
2150 2587 2184 2622 in
2209 2586 2332 2635 perse-

290 2658 356 2693 per
384 2645 618 2680 dulcedinem
642 2646 831 2689 conferat,
856 2653 978 2681 tamen
1000 2646 1068 2681 scit
1087 2659 1162 2682 non
1184 2659 1277 2682 con-

288 2716 497 2739 sensurum.
528 2708 619 2750 Quse
649 2713 773 2740 autem
803 2704 848 2739 de
881 2704 1076 2741 effectibus
1105 2713 1181 2749 cst,
1210 2706 1280 2741 alia

290 2771 344 2798 est
363 2763 600 2811 permittens,
619 2764 688 2799 alia
709 2762 938 2812 approbans.
963 2765 1184 2800 Permittcns
1203 2773 1278 2810 est,

292 2821 392 2869 quod
428 2822 534 2857 faeiat
562 2823 699 2858 malum
732 2821 1038 2870 quandoquidem
1070 2823 1178 2858 vult:
1206 2835 1278 2872 ap-

294 2878 458 2927 probans
483 2888 558 2924 est,
581 2880 682 2928 quod
705 2880 857 2929 quando
878 2881 978 2925 vult,
1000 2881 1107 2917 saciat
1123 2881 1278 2918 bonum.

293 2941 462 2985 [traque
493 2947 547 2973 est
575 2952 618 2974 (x
646 2939 800 2986 justitia.
835 2943 964 2987 Itaque
990 2940 1161 2977 homines
1189 2941 1282 2977 resi-

295 3005 397 3032 stunt
415 3010 427 3031 x
440 2998 596 3032 oluntati
611 2998 767 3045 justitiae
785 2998 908 3046 quoad
925 2999 1091 3035 effertus.
1109 3003 1150 3035 In
1169 3000 1284 3036 Paulo

297 3064 418 3091 tamen
452 3056 602 3092 xidetur
632 3071 768 3104 eogens
800 3058 973 3093 xolnntas
1003 3058 1089 3102 Dei,
1117 3058 1181 3094 sed
1209 3072 1283 3095 non

296 3123 350 3149 «st
377 3129 382 3148 :
407 3115 490 3162 quia
525 3115 609 3150 lieet
639 3117 683 3150 sit
709 3129 930 3164 percussus,
962 3125 1082 3152 tamen
1114 3119 1286 3155 voluntas

296 3182 375 3208 erat
399 3173 513 3208 libera
529 3202 538 3218 ,
559 3182 599 3209 ut
619 3175 804 3210 resisteret
822 3175 850 3210 si
870 3176 991 3211 vellet.
1013 3179 1054 3212 In
1075 3177 1169 3212 coelo
1192 3178 1284 3215 fiunt

1345 2650 1487 2694 ctione,
1509 2662 1592 2698 quae
1616 2662 1683 2697 per
1704 2647 1891 2684 senarium
1913 2646 2151 2695 designatur,
2171 2645 2216 2681 ad
2239 2646 2333 2682 ima-

1345 2707 1468 2756 ginem
1498 2708 1565 2743 Dei
1598 2707 1714 2742 sactus
1742 2714 1826 2741 est:
1849 2718 1932 2753 quae
1962 2704 2083 2752 imago
2112 2712 2239 2752 postea
2267 2716 2334 2752 per

1344 2775 1537 2815 peccatum
1566 2773 1744 2814 corrupta
1764 2772 1829 2799 cst.
1851 2763 1966 2800 Modo
1987 2764 2022 2799 in
2044 2763 2212 2799 eamdem
2235 2763 2335 2799 ima-

1345 2825 1468 2873 ginem
1501 2838 1538 2860 se
1573 2824 1768 2860 reformari
1797 2823 1909 2872 petit,
1941 2822 1979 2859 id
2010 2830 2065 2858 est
2091 2822 2127 2857 in
2159 2821 2334 2858 eumdem

1347 2883 1598 2928 intellectum,
1632 2891 1673 2918 ut
1705 2886 1822 2918 Deum
1856 2891 1985 2930 aperte
2017 2882 2220 2930 intelligat,
2251 2895 2335 2930 quae

1348 2943 1470 2991 imago
1496 2943 1633 2978 dicitur
1654 2954 1808 2990 regnum
1830 2942 1899 2977 Dei
1925 2956 1932 2976 :
1955 2940 2082 2977 videre
2108 2941 2206 2976 enim
2227 2953 2334 2976 sum-

1350 3015 1450 3038 mum
1479 3001 1620 3038 bonum
1643 3010 1697 3037 est
1718 3014 1872 3049 regnum
1894 3001 2083 3036 coelorum.
2106 3000 2336 3036 Reformatio

1351 3060 1462 3108 liujus
1481 3061 1648 3109 imaginis
1669 3061 1766 3096 idem
1789 3059 1960 3108 estquod
1983 3059 2164 3095 munditia
2186 3058 2334 3094 cordis:

1350 3120 1450 3155 unde
1471 3120 1620 3163 dicitur,
1641 3122 1749 3154 Beati
1772 3121 1905 3154 'nando
1928 3120 2048 3160 carde,
2068 3120 2241 3163 qnoniam
2264 3121 2337 3164 ipsi

1351 3181 1467 3214 Deum
1488 3178 1662 3214 videbunt
1685 3176 1700 3199 ⁶
1718 3192 1725 3213 :
1748 3190 1830 3226 quse
1850 3177 2084 3225 aliquatenus
2104 3175 2142 3211 in
2163 3176 2338 3225 praesenti

346 3304 351 3315 ¹
372 3296 483 3326 warh.
509 3309 517 3324 x
531 3308 558 3330 ι,
588 3300 638 3327 11.
657 3315 699 3320 -
717 3302 727 3318 ²
745 3302 818 3329 Luc.
841 3310 874 3328 11
891 3322 898 3335 ,
918 3303 948 3330 3.
968 3318 1007 3320 -
1027 3298 1221 3338 31'sal.xv1,
1248 3303 1648 3339 1.'».—⁴1‘s;21.c2111‚3.
1666 3323 1703 3326 --
1725 3300 1736 3323 5
1753 3305 1842 3333 Rom.
1859 3312 1910 3334 ix,
1931 3304 1981 3333 19.
1997 3298 2066 3323 —5
2081 3298 2192 3331 Mauh.
2207 3309 2237 3336 v,
2253 3301 2283 3334 7,
2303 3302 2333 3329 8.
