2418 3949
164 276 264 312 1165

932 274 995 307 DE
1023 271 1136 307 JESU
1166 271 1434 305 DUODE-NM.

161 360 199 388 et
228 350 391 400 capillis,
413 362 508 399 quos
536 349 608 386 sibi
632 350 812 386 hactenus
839 347 1015 397 superbia
1041 355 1078 383 et
1092 347 1148 383 la-
1160 345 1189 362 ³¹¹³

2112 270 2210 304 1166

1195 344 1207 362 ⁷
1221 359 1289 382 nec
1315 359 1336 381 a
1353 347 1524 394 lacrymis
1544 345 1717 390 cessabo,
1748 346 1803 381 vel
1825 347 1982 390 osculis,
2003 346 2123 381 donec
2140 358 2209 381 au-

163 410 277 447 scivia
308 409 585 456 vindicaverat,
605 408 874 457 detergendos,
897 406 1079 455 labiisque
1103 413 1157 442 tot
1173 410 1204 442 A
1220 404 1318 440 diam
1339 418 1348 438 ε
1372 407 1530 439 Dimissa
1547 414 1630 440 sunt
1651 408 1684 439 ei
1697 413 1851 451 peccata
1869 407 2006 449 multa,
2028 409 2204 452 quoniam

163 470 346 505 scelerum
375 467 541 504 foeditate
561 468 715 517 pollutis
740 466 896 503 dulciter
919 464 1152 502 osculandos.

163 529 362 573 Osculare,
398 529 586 572 osculare,
618 541 641 564 ο
671 526 778 564 beata
806 527 1011 576 peccatrix,
1041 525 1155 574 pedes

165 587 419 631 dulcissimos,
441 586 702 630 suavissimos,
725 586 1041 635 speciosissimos,
1064 583 1153 632 qui—

167 645 238 682 bus
255 654 367 694 caput
384 645 571 694 serpentis
587 645 811 688 conteritur,
828 652 914 679 ante
941 655 1037 691 quos
1053 641 1154 677 anti-

165 718 264 753 quus
292 704 407 740 bostis
433 703 645 752 egreditur,
666 702 803 751 quibus
823 703 1013 738 calcantur
1045 701 1154 742 vitia,

166 762 306 811 quibus
332 763 456 798 omnis
486 762 617 798 mundi
650 761 763 809 liujus
802 761 981 797 sternitur
1015 759 1154 809 gloria,

167 820 305 870 quibus
341 819 590 870 superborum
621 828 659 855 et
695 818 909 855 sublimium
941 819 1033 854 colla
1065 817 1157 853 mira

174 881 313 916 virtute
339 887 578 928 premuntur.
600 878 799 922 Osculare,
827 878 981 926 inquam
997 905 1005 921 ,
1025 885 1061 912 et
1082 875 1162 912 feli-

170 937 277 974 cibus
307 937 413 974 labiis
439 935 600 973 allambe
623 937 796 986 vestigia,
824 950 908 985 quae
933 937 1059 972 nullus
1079 943 1163 984 post

171 1006 206 1033 te
223 1005 398 1046 peccator
416 997 638 1041 exhorreat,
658 996 781 1032 nullus
801 994 1080 1045 quantumlibet
1094 994 1163 1030 cri-

170 1057 338 1093 minosus
371 1056 551 1105 refugiat,
574 1056 701 1092 nullus
721 1063 945 1104 expavescat
972 1053 1160 1101 indignus.

1219 465 1357 497 dilexit
1373 465 1541 498 multum.

1274 522 1335 558 ⁶28.
1367 524 1431 557 Est
1456 535 1545 571 ergo
1575 522 1654 558 dies
1678 523 1820 571 prima,
1847 535 1920 571 qua
1941 522 2064 558 anima
2091 525 2212 558 Deum

1221 582 1349 618 sitiens
1380 581 1419 617 in
1456 582 1693 632 speculativis
1721 581 2002 618 amoenitatibus
2038 582 2142 631 quasi
2173 582 2212 617 in

1219 640 1424 676 Jerusalem
1455 649 1728 685 commoratur,
1759 641 1896 676 divinae
1916 640 2095 689 potentiae
2125 652 2213 676 con-

1221 699 1426 748 templatio.
1449 700 1637 744 Secunda,
1667 700 1857 749 sapientiae
1886 700 1984 736 illius
2004 699 2212 736 admiratio.

1221 758 1344 794 Tertia
1359 786 1368 803 ,
1383 758 1561 795 bonitatis
1574 768 1611 795 et
1623 759 1832 795 dulcedinis
1849 759 1972 795 suavis
1990 757 2212 807 praelibatio.

1223 817 1279 855 Ad
1304 818 1465 866 primam
1502 820 1667 868 pertinet
1692 819 1837 868 justitia
1867 834 1873 854 :
1904 818 1950 854 ad
1984 817 2214 861 secundam,

1229 878 1381 914 scientia
1401 892 1408 914 :
1427 878 1472 914 ad
1494 879 1638 914 tertiam
1656 892 1766 925 vero,
1783 878 2049 915 misericordia.
2070 877 2217 912 Justitia

1230 944 1362 981 terret,
1385 937 1540 973 scientia
1567 936 1702 983 docet,
1728 936 1983 973 misericordia
2002 936 2116 972 fovet.
2148 938 2215 969 In-

1228 995 1363 1040 Ινοίὸο,
1383 996 1507 1044 inquit
1533 996 1744 1045 propheta,
1777 1000 1814 1031 in
1831 1000 2020 1044 potentias
2046 996 2217 1035 Domini,-

1229 1056 1405 1098 Domitze,
1425 1054 1656 1090 memorabor
1673 1059 1835 1102 justitia?
1859 1064 1932 1089 tuoe
1955 1057 2105 1089 salius&
2124 1056 2218 1089 Ecce

171 1117 372 1161 Ost-utare,
411 1116 682 1165 complectere,
706 1115 846 1163 stringe
877 1122 915 1149 et
947 1112 1098 1162 Angelis
1127 1120 1164 1148 et
1182 1112 1207 1145 B
1225 1112 1383 1160 justitia.
1408 1117 1572 1158 Incerta,
1604 1113 1678 1158 ait,
1704 1122 1739 1148 et
1761 1116 1900 1148 occulta
1925 1116 2126 1160 sapientiae
2146 1120 2220 1146 taae

172 1174 395 1210 bominibus
412 1173 607 1210 adoranda
628 1172 806 1222 vestigia,
835 1171 1021 1221 perfunde
1041 1172 1164 1221 poeni-

178 1235 304 1270 tentiae
319 1242 357 1270 et
372 1233 617 1270 confessionis
634 1240 828 1282 unguento
842 1261 851 1278 ,
869 1241 910 1268 ut
930 1240 1006 1267 tota
1029 1231 1166 1268 domus

171 1293 372 1342 impleatur
393 1292 511 1328 odore
534 1291 730 1340 unguenti.
749 1295 810 1327 Vae
823 1319 832 1336 ,
847 1304 904 1327 vae
923 1290 1011 1336 tibi,
1029 1304 1050 1326 o
1067 1290 1165 1327 Pha-

173 1353 299 1397 risaee,
318 1353 379 1388 cui
400 1360 455 1388 est
469 1351 566 1388 odor
581 1351 650 1387 iste
667 1350 763 1387 odor
782 1351 913 1387 mortis
929 1350 965 1386 in
986 1358 1165 1395 mortem,

171 1413 236 1461 qui
259 1412 366 1448 times
386 1411 517 1448 alienis
537 1411 713 1447 maculari
738 1411 919 1459 peccatis,
944 1423 1027 1446 cum
1050 1418 1084 1445 te
1105 1418 1168 1445 tu-

175 1484 256 1506 mor
276 1469 453 1519 proprius
473 1469 638 1505 deterius
665 1469 874 1517 foediusque
902 1469 1163 1504 commaculet.

174 1529 300 1566 Nescis
319 1542 431 1578 quam
452 1541 566 1565 suave
587 1528 753 1564 redoleat
779 1527 1046 1564 misericordiae
1075 1540 1168 1563 con-

176 1589 270 1625 fessa
304 1589 447 1624 miserae
480 1588 694 1637 peccatricis
720 1586 832 1635 liujus
854 1587 1002 1623 miseria
1025 1600 1034 1622 ;
1056 1599 1167 1635 quam

174 1648 286 1684 dulce
307 1648 426 1697 sapiat
459 1647 589 1696 pietati
622 1646 808 1682 confessio
843 1646 983 1694 peccati
1016 1659 1022 1680 :
1056 1658 1168 1693 quam

175 1715 323 1755 gratum
337 1707 384 1743 sit
398 1706 450 1742 illi
462 1706 682 1742 sacrificium
692 1703 835 1748 ,cordis
844 1704 1020 1739 contritio
1034 1719 1040 1740 :
1056 1717 1167 1752 quam

177 1767 252 1802 cito
268 1773 466 1802 consumat
484 1773 678 1814 peccatum
707 1763 843 1799 ardens
863 1763 1026 1799 dilectio.
1054 1763 1171 1799 Deni-

176 1838 251 1873 que
267 1828 424 1861 ‹limissa
438 1834 522 1860 saut
536 1829 572 1860 ei
585 1832 744 1872 pessula
765 1826 902 1867 Ιηαίια,
921 1828 1094 1871 quoniam
1110 1825 1170 1858 cli-

174 1887 270 1919 lacit
288 1887 440 1920 malcum
454 1890 479 1920 ¹.

227 1943 288 1979 27.
318 1943 466 1980 Gratias
502 1941 592 1987 tibi,
626 1956 649 1978 o
687 1941 899 1978 beatissima
942 1942 1129 1990 peccatrix
1163 1955 1170 1976 ε

174 2002 370 2038 ostendisti
402 2001 544 2038 mundo
574 2010 696 2038 tutum
725 2001 813 2038 satis
841 2000 1102 2049 peccatoribus
1121 2001 1173 2036 lo-

174 2074 283 2106 cum,
306 2061 421 2110 pedes
453 2061 593 2098 scilicet
618 2065 724 2105 Jesu,
753 2060 818 2108 qui
851 2060 1037 2095 neminem
1068 2072 1174 2108 sper-

179 2129 296 2163 nunt,
322 2121 509 2156 neminem
535 2119 731 2169 rejiciunt,
748 2119 937 2155 neminem
963 2118 1171 2167 repellunt,

177 2179 387 2228 suscipiunt
404 2191 555 2224 omnes,
585 2191 717 2215 omnes
745 2177 964 2214 admittunt.
989 2177 1045 2213 lbi
1073 2185 1174 2213 certe

180 2237 408 2287 Aitliiopissa
445 2245 565 2274 mutat
595 2238 732 2286 pellem
767 2249 872 2273 suam
910 2251 917 2272 ε
952 2235 1004 2272 ibi
1035 2236 1174 2285 pardus

180 2305 300 2333 mutat
313 2297 528 2334 varietatem
545 2310 649 2334 suam
664 2313 674 2343 ς
692 2296 854 2333 ibisolus
869 2296 1077 2333 Pliarisaeus
1094 2308 1171 2331 non

178 2365 380 2405 exspumat
401 2356 615 2406 superbiam
637 2369 755 2393 suam.
775 2355 873 2403 Quid
892 2356 990 2405 agis,
1006 2368 1029 2391 0
1047 2356 1172 2391 anima

182 2428 286 2460 mea,
306 2428 330 2451 o
350 2415 485 2452 misera
515 2429 619 2461 mea,
650 2430 673 2451 o
700 2414 889 2464 peccatrix
918 2415 1018 2450 mea!
1049 2412 1173 2450 Habes

182 2482 283 2510 certe
305 2473 368 2510 ubi
395 2482 477 2511 tuas
504 2475 687 2523 lacrymas
709 2473 802 2510 libes
816 2501 826 2518 ,
847 2472 910 2509 ubi
933 2471 1027 2508 foeda
1050 2472 1177 2508 oscula

186 2541 247 2568 tua
265 2533 379 2570 sacris
403 2533 541 2570 osculis
561 2546 722 2582 purges,
751 2531 815 2568 ubi
834 2540 953 2568 totum
985 2539 1058 2567 tuae
1085 2530 1178 2566 affe-

184 2592 320 2629 ctionis
347 2601 582 2641 unguentum
603 2605 732 2629 secure
751 2592 830 2628 sine
855 2591 980 2639 aliquo
1000 2599 1097 2626 tactu
1119 2589 1178 2626 vel

1230 1171 1476 1220 tuam'sestasci
1493 1171 1620 1209 milzi3.
1639 1176 1734 1209 Ecce
1749 1173 1916 1209 scientia.
1940 1174 2124 1217 Quoniam
2144 1183 2221 1203 me-

1231 1234 1299 1266 lior
1317 1240 1373 1267 est
1386 1234 1639 1267 misericordia
1657 1241 1720 1267 tua
1738 1245 1850 1279 super
1874 1235 1971 1265 vitas
1984 1230 2010 1265 4'.
2034 1232 2127 1266 Ecce
2152 1228 2223 1263 mi-

1231 1291 1445 1327 sericordia.
1462 1295 1507 1327 Et
1524 1292 1559 1327 in
1574 1291 1694 1340 prima
1711 1290 1769 1326 dic
1788 1291 1911 1333 timor,
1927 1288 1990 1337 qui
2009 1301 2055 1324 ex
2067 1287 2223 1335 justitiae

1231 1349 1533 1386 consideratione
1562 1350 1752 1399 procedit,
1785 1349 1946 1385 animam
1985 1355 2152 1397 purgat:
2185 1346 2222 1381 in

1233 1409 1394 1445 secunda
1410 1417 1607 1458 purgatam
1631 1409 1813 1458 sapientia
1826 1408 2013 1443 illuminat
2029 1421 2036 1442 :
2055 1407 2092 1441 in
2115 1405 2222 1442 tertia

1233 1469 1479 1504 illuminatam
1512 1468 1662 1505 bonitas
1691 1468 1900 1504 dulcedinis
1926 1480 2001 1503 suae
2036 1466 2224 1502 infusione

1234 1536 1463 1564 remunerat.
1480 1529 1626 1573 Cernis,
1644 1527 1681 1563 ni
1701 1527 1822 1571 fallor,
1846 1539 1957 1575 quam
1974 1524 2224 1560 necessarium

1233 1586 1281 1621 sit
1309 1594 1347 1622 et
1366 1586 1476 1630 utile,
1506 1587 1604 1623 inter
1628 1586 1815 1622 bonorum
1843 1598 2002 1634 operum
2031 1583 2224 1625 exercitia,

1235 1658 1303 1694 per
1331 1645 1497 1682 triduum
1531 1646 1600 1682 hoc
1629 1645 1951 1693 Jerosolymitieas
1984 1644 2226 1691 frequentare

1234 1703 1404 1748 delicias,
1435 1705 1472 1740 in
1502 1704 1641 1753 quibus
1674 1705 1787 1740 timor
1812 1703 2048 1740 administrat
2086 1714 2221 1751 panem

1235 1762 1399 1809 doloris-3
1428 1765 1600 1809 scientia,
1631 1765 1758 1800 vinum
1795 1762 2076 1806 exsultationis;
2110 1760 2224 1796 boni—

1237 1830 1309 1867 tas,
1333 1823 1388 1859 lac
1407 1824 1686 1860 consolationis.
1708 1823 1791 1860 Scio
1816 1831 1850 1859 te
1869 1835 1945 1858 non
1968 1820 2094 1857 mirari
2120 1819 2222 1868 quod

1189 1882 1215 1916 C
1235 1880 1385 1919 delicias
1415 1882 1596 1927 dixerim,
1626 1881 1766 1931 quibus
1792 1881 1962 1926 dolorem
1991 1893 2066 1916 non
2101 1878 2229 1915 deesse

1237 1943 1553 1988 commemoravi,
1571 1955 1655 1978 cum
1686 1942 1822 1991 saepius
1851 1949 2028 1990 expertus
2047 1940 2096 1975 sis
2124 1937 2226 1987 quod

1239 1999 1408 2036 dolorem
1440 2002 1545 2037 illum
1576 2001 1640 2050 qui
1669 2001 1715 2037 de
1746 2009 1847 2037 casto
1876 2001 2008 2035 timore
2038 1997 2227 2048 procedit,

1239 2058 1416 2096 omnibus
1436 2059 1547 2108 hujus
1567 2059 1697 2096 mundi
1717 2059 1858 2095 deliciis
1875 2071 1979 2094 mens
2004 2064 2230 2105 compuncta

1241 2126 1448 2166 praeponat.
1468 2122 1513 2154 Et
1534 2118 1610 2154 liaec
1625 2117 1722 2154 (licta
1740 2131 1809 2166 pro
1823 2117 1977 2153 modulo
1991 2115 2232 2164 experientia:

1241 2185 1391 2212 nostrae.
1415 2180 1597 2214 Caeterum
1622 2177 1693 2213 viri
1721 2176 1997 2213 excellentioris
2018 2175 2165 2219 meriti,
2196 2182 2232 2209 et

1240 2236 1446 2285 capacioris
1474 2237 1637 2285 ingenii,
1669 2237 1879 2284 animaequc
1918 2234 2166 2283 purgatioris,
2196 2234 2232 2268 iu

1243 2295 1362 2332 tribus
1390 2296 1447 2332 his
1466 2295 1661 2332 subtiliora
1688 2309 1730 2332 ac
1759 2294 2006 2344 profundiora
2035 2293 2232 2329 rimantur.

1237 2356 1279 2390 In
1310 2355 1482 2402 potentia
1501 2355 1644 2390 scilieet
1663 2354 1751 2398 Dei,
1784 2352 1971 2402 profunda
1987 2351 2128 2399 judicia
2159 2365 2166 2385 ;
2198 2351 2232 2385 in

1241 2413 1443 2461 sapientia,
1477 2413 1557 2460 ejus
1581 2422 1723 2449 secreta
1755 2412 1908 2448 consilia
1934 2426 1940 2446 :
1975 2411 2012 2446 in
2046 2410 2234 2451 bonitate,

1243 2471 1509 2508 misericordia:
1551 2471 1633 2519 ejus
1670 2471 1770 2508 dona
1817 2470 2031 2507 ineffabilia.
2064 2469 2236 2517 Denique

1244 2531 1381 2568 Paulus
1398 2532 1585 2579 ingressus
1607 2531 1643 2566 in
1665 2530 1853 2580 potentias
1881 2529 2056 2572 Domini,
2073 2536 2110 2564 et
2129 2527 2239 2575 abys-

1246 2603 1327 2626 sum
1344 2589 1574 2638 judiciorum
1592 2589 1672 2638 ejus
1687 2602 1939 2637 expavescens
1955 2602 1962 2623 :
1987 2592 2019 2622 O
2035 2588 2162 2629 homo,
2181 2587 2238 2621 iu-

188 2658 293 2686 motu
321 2651 401 2687 vitii
430 2651 608 2687 tentantis
625 2650 809 2687 effundas.
826 2649 925 2696 Quid
946 2649 1178 2685 dissimulas?
1196 2648 1228 2680 D
1246 2649 1347 2696 quit,
1377 2658 1414 2683 m
1440 2653 1524 2695 quis
1554 2663 1592 2684 es
1621 2658 1660 2683 ut
1689 2650 1894 2696 repondens
1915 2650 2023 2681 Deo?
2055 2647 2241 2692 numqua!

189 2710 402 2758 Erumpite,
427 2723 450 2745 o
475 2709 603 2745 dulces
632 2709 828 2757 lacrymae3
853 2707 1064 2756 erumpite:
1095 2720 1180 2742 our-

188 2783 271 2805 sum
294 2777 460 2805 vestrum
479 2769 606 2805 nullus
622 2768 810 2818 impediat.
831 2767 963 2815 Rigate
979 2765 1181 2802 sacratissi-

191 2842 269 2865 mas
298 2828 443 2878 plantas
459 2828 612 2865 Domini
633 2828 727 2871 mei,
750 2826 954 2863 Salvatoris
973 2826 1043 2862 mei
1059 2853 1068 2870 ‚
1099 2838 1184 2861 sus-

190 2889 352 2937 ‹·eptoris
393 2888 475 2924 mei.
523 2891 606 2924 Non
648 2900 741 2923 curo
778 2887 807 2922 si
851 2884 934 2934 quis
979 2884 1184 2934 pharisaeus

191 2946 494 2991 submurmuret,
525 2946 554 2982 si
577 2958 636 2982 me
656 2960 675 2981 a
695 2945 772 2982 suis
800 2943 952 2981 sedibus
979 2943 1184 2979 arcendum

192 3013 359 3049 censeat3
380 3005 409 3041 si
428 3004 585 3041 limbriae
595 3018 671 3041 suae
693 3012 793 3041 tactu
809 3002 1004 3051 indignum
1019 3001 1182 3050 judieet3

194 3063 422 3108 subsannet,
440 3063 612 3108 irrideat,
640 3070 786 3100 avertat
811 3062 964 3104 oeulos,
991 3061 1184 3098 contiueat

195 3135 323 3158 aures:
341 3122 586 3158 nihilominus
597 3122 668 3158 tuis
685 3120 876 3157 inhaerebo
888 3120 1071 3169 vestigiis,
1087 3120 1184 3156 boue

195 3185 306 3226 ,lesu;
328 3181 420 3217 meis
438 3181 617 3230 stringam
647 3180 841 3225 manibus;
870 3192 1037 3229 premam
1060 3178 1185 3223 labiis,

250 3319 257 3333 ¹
279 3316 347 3343 Lue.
373 3324 418 3342 vit
434 3337 441 3350 ‚
463 3317 577 3344 :to-50.
597 3332 639 3337 -
665 3320 676 3334 ¹
703 3314 781 3344 l‘sal.
803 3324 886 3350 Lxx,
913 3317 960 3343 ll').

202 3370 257 3397 3³.
276 3383 315 3387 --
332 3365 476 3399 71d.11.
496 3369 528 3396 sa.

998 3331 1028 3334 ss-
1052 3312 1062 3333 3
1086 3312 1164 3341 l’salt
1190 3323 1223 3346 1.,
1252 3315 1308 3339 8f

1247 2707 1566 2754 ‹licitfigmentum
1589 2711 1622 2741 ri
1644 2712 1709 2753 qui
1728 2707 1913 2752 sefin.caet,
1945 2707 2017 2740 Cur
2039 2718 2096 2740 me
2113 2703 2237 2750 seciam

1245 2763 1320 2798 sit-⁵
1335 2766 1349 2799 Ρ
1367 2764 1438 2800 Sed
1458 2773 1495 2800 ct
1516 2765 1710 2800 thesauros
1730 2764 1923 2812 sapientia·
1950 2762 2031 2810 ejus
2047 2762 2238 2798 admirans

1247 2823 1431 2859 exclamat
1454 2837 1461 2858 ;
1491 2828 1523 2859 Ο
1546 2824 1703 2858 altitudo
1733 2824 1946 2858 divitiarum
1975 2826 2178 2869 sapientise
2208 2829 2242 2855 ee

1248 2887 1412 2917 scientia-2
1451 2885 1523 2917 Dei
1539 2885 1553 2916 l
1592 2895 1701 2929 quam
1737 2880 2128 2928 incompreliens!bilia
2160 2889 2242 2914 sunt

1242 2943 1392 2985 judicia
1417 2942 1494 2985 ejus
1504 2968 1516 2984 ‚
1550 2950 1584 2976 ct
1602 2940 1873 2988 1'11.¹e.·seigeil›iles
1894 2945 1971 2974 vm·
1993 2937 2094 2983 ‹y'uv'i
2111 2942 2117 2974 l
2138 2939 2242 2975 Divi—

1253 3001 1320 3036 tias
1349 3013 1501 3048 quoque
1529 2999 1707 3035 bonitatis
1734 2998 1815 3046 ejus
1843 3009 2164 3043 coiiiuieiiimuns,
2185 3002 2242 3032 An

1251 3063 1414 3101 (lividius,
1438 3059 1579 3108 iuquit,
1597 3058 1770 3093 immtatis
1787 3058 1864 3102 ejus
1884 3061 2084 3092 contemnis
2102 3063 2113 3086 7
2129 3057 2143 3091 ‚³

1307 3119 1366 3155 29.
1398 3122 1485 3155 Post
1505 3118 1668 3154 triduum
1697 3117 1809 3166 igitur
1836 3117 2063 3152 invenerunt
2085 3129 2170 3151 eum
2205 3116 2240 3150 iu

1253 3177 1417 3226 templo,
1442 3177 1539 3213 haud
1567 3176 1725 3213 dubium
1750 3176 1841 3224 quiu
1870 3175 1982 3212 Maria
2006 3183 2041 3210 et
2070 3174 2209 3222 ,loscpli
2232 3189 2236 3207 :

1372 3310 1480 3339 ll'sal.
1501 3321 1588 3341 ixit.
1620 3312 1640 3338 i.
1671 3327 1698 3331 e
1724 3307 2024 3340 5*1t‹=·11.u.‘20.‡
2080 3309 2092 3322 ‘¹
2116 3306 2160 3335 lnl.
2188 3318 2239 3338 xi.
