2418 3949
208 206 282 242 825

205 283 407 333 prudentia
426 284 604 322 eliminet.
625 288 668 322 In
692 284 872 321 charitate
891 297 980 320 vera
998 282 1193 320 beatitudo

883 206 1166 244 TRACTATUS
1194 207 1259 241 DE
1288 206 1578 243 CIIARITATF..

2177 206 2253 244 826

1263 281 1434 328 advenit,
1468 283 1559 318 nihil
1593 281 1780 331 praeterit,
1812 291 1876 318 aut
1902 281 2089 328 succedit,
2116 290 2255 319 aeterna

205 352 261 380 est
275 343 461 394 :ideoque
488 345 592 381 nulla
612 344 835 388 adversitas,
866 356 978 393 quarn
1013 341 1194 379 fortitudo
1215 346 1247 380 A
1268 342 1644 391 tranquillitasipsius
1655 350 1691 378 et
1703 342 1828 391 quieta
1843 342 2030 378 aeternitas
2044 341 2253 378 intimatur.

206 412 409 452 expugnet.
440 408 483 441 In
513 404 693 441 charitate
721 403 848 440 omnia
873 410 959 439 sunt
996 401 1198 450 tranquilla

206 470 244 498 et
270 471 416 511 aequata
440 478 448 500 ε
474 463 637 513 ideoque
667 464 771 500 nulla
791 471 846 499 est
864 461 917 498 ibi
943 461 1196 510 inaequalitas,

206 535 319 570 quam
344 522 539 571 justificari
573 530 757 573 oporteat.
797 522 973 570 Denique
1004 533 1073 556 nec
1107 519 1198 556 fides

207 580 325 617 virtus
345 587 420 618 est³
443 582 523 618 sine
544 581 768 627 dilectione;
797 594 865 617 nec
884 593 968 630 spes
986 579 1108 616 virtus
1122 586 1197 624 est,

205 639 276 675 nisi
295 640 399 688 quod
430 648 618 690 speratur,
653 648 812 676 ametur.
839 638 938 686 Quid
961 646 1017 674 est
1053 646 1197 686 tempe-

206 698 348 744 rantia,
367 699 438 736 nisi
458 712 586 744 amor,
614 711 726 748 quem
743 699 846 735 nulla
864 698 1040 746 voluptas
1059 695 1198 732 illicit?

205 758 303 806 Quid
316 766 456 794 caeterae
472 758 644 802 virtutes,
666 758 736 794 nisi
750 771 876 804 amor,
888 756 954 806 qui
970 755 1072 805 quod
1087 767 1196 792 suum

205 825 279 862 est,
299 817 504 865 unicuique
529 816 750 853 distribuit?

259 875 321 912 46.
350 876 452 912 Sicut
479 875 638 911 charitas
666 883 721 911 est
749 887 839 911 vere
868 874 1003 910 mentis
1025 873 1199 909 humanae

204 935 353 983 requies
369 935 657 985 perfectumque
674 933 892 979 sabbatum3
915 933 967 969 sic
988 940 1025 968 et
1041 945 1106 968 sex
1119 931 1199 967 vir-

205 1001 303 1029 tutes
319 993 526 1043 praedictae‚
546 992 660 1038 fides,
682 1005 788 1041 spes,
809 991 1082 1040 temperantia,
1102 1003 1199 1039 pru-

1316 400 1379 436 48.
1412 401 1625 437 Notandum
1657 414 1748 437 vero
1768 401 1871 449 quod
1901 400 2080 450 operibus
2107 401 2177 437 Dei
2197 414 2256 438 se-

1264 459 1411 505 narius;
1435 460 1668 509 septenarius
1689 468 1814 496 autem
1833 460 1968 496 divinae
1982 460 2099 509 quieti
2116 460 2254 496 adscri-

1262 517 1376 554 bitur.
1392 519 1576 555 Nimirum
1593 519 1760 555 senarius
1777 532 1956 555 numerus
1973 519 2162 569 perfectus
2177 526 2253 563 est,

1263 585 1439 613 constans
1455 590 1501 613 ex
1522 577 1692 626 partibus
1715 578 1802 613 suis.
1825 577 1861 614 Si
1883 578 1983 613 enim
2006 577 2257 614 connexueris

1263 648 1380 672 unum
1395 665 1404 681 ,
1433 636 1528 681 duo,
1548 636 1641 681 tria3
1670 636 1877 685 perfectum
1901 635 2016 672 habes
2043 636 2255 682 senarium,

1263 695 1327 744 qui
1347 695 1416 732 Dei
1443 694 1621 744 operibus
1645 695 1857 744 specialiter
1888 704 1943 731 est
1966 696 2197 744 assignatus:
2215 703 2256 732 ut

1263 753 1302 789 in
1333 767 1459 790 rerum
1488 753 1733 790 universitate
1760 754 1852 789 nihil
1882 754 2137 803 superfluum,
2165 754 2257 790 nihil

1264 812 1422 861 recipias
1441 812 1714 861 imperfectum.
1736 815 1880 860 Magnae
1900 812 2052 860 quidem
2069 813 2257 849 excellen-

1266 871 1325 907 tiae
1342 870 1420 907 dies
1443 879 1515 916 est,
1543 871 1580 906 in
1607 884 1684 919 quo
1704 874 1806 907 Deus
1831 871 2045 920 superiores
2075 883 2190 919 aquas
2210 870 2257 906 ab

1264 928 1507 966 inferioribus
1536 930 1775 965 firmamento
1804 929 1992 966 mediante
2022 929 2158 966 divisit.
2182 933 2258 966 Nec

1266 987 1424 1024 minoris
1450 1000 1530 1023 esse
1555 986 1718 1023 arbitror
1752 987 1939 1036 dignitatis
1968 988 2086 1033 diem,
2114 988 2152 1024 in
2181 1001 2258 1036 quo

206 1051 352 1098 dentia,
381 1052 584 1098 fortitudo,
606 1051 773 1100 justitia,
795 1059 884 1086 sunt
913 1050 1019 1099 quasi
1047 1049 1201 1098 quidam
1218 1052 1246 1085 Β
1265 1047 1371 1096 aquis
1388 1046 1425 1082 in
1444 1059 1561 1082 unum
1587 1047 1822 1094 congregatis
1842 1060 1862 1082 a
1890 1050 1969 1082 Deo
1991 1047 2095 1083 arida
2122 1047 2258 1083 vestita

206 1111 286 1148 dies
306 1111 556 1161 operationis:
580 1110 739 1146 charitas
768 1123 861 1146 vero
882 1108 1054 1158 quaedam
1084 1108 1200 1144 lumi—

206 1182 299 1207 nosa
313 1178 350 1206 et
367 1169 659 1206 luminosissima
677 1169 756 1206 dies
775 1177 831 1206 est
847 1168 1003 1218 quietis,
1023 1167 1202 1216 tranquil-

206 1228 321 1266 litatis
334 1237 371 1265 et
389 1229 503 1278 pacis.
518 1232 565 1265 Et
579 1241 681 1264 nunc
692 1241 776 1277 quae
788 1235 844 1264 est
860 1227 1092 1276 exspectatio
1106 1239 1201 1272 mea,

206 1287 278 1324 nisi
305 1296 366 1332 tu,
397 1288 561 1324 Domine
581 1290 595 1324 ?
613 1288 644 1324 si
672 1288 768 1324 forte
789 1286 1020 1323 desiderium
1055 1298 1202 1334 paupe-

207 1359 292 1383 rum
319 1347 496 1383 exaudiat
521 1347 622 1384 auris
648 1355 732 1390 tua,
755 1354 795 1382 ut
823 1345 870 1382 ad
889 1345 1081 1381 modicum
1111 1352 1202 1380 tem-

207 1419 278 1456 pus
298 1407 529 1456 requiescam
547 1420 634 1443 cum
651 1406 803 1455 regibus
824 1414 861 1442 et
881 1403 1118 1449 consulibus,
1137 1403 1200 1452 qui

205 1465 390 1502 aedificant
407 1466 476 1502 sibi
492 1465 714 1502 solitudines
725 1493 734 1510 ,
753 1473 790 1501 et
806 1465 954 1513 replent
966 1463 1100 1499 domos
1116 1475 1201 1498 suas

208 1533 363 1573 argento
375 1532 384 1547 ¹
402 1527 417 1561 ?
434 1528 553 1561 Porro
569 1525 634 1560 vix
651 1524 697 1560 ad
715 1532 948 1560 momentum
971 1522 1202 1572 permittitur

209 1584 300 1620 mihi
321 1584 467 1633 requies
485 1583 531 1620 ab
551 1583 792 1620 exactoribus
811 1583 1040 1627 Pharaonis;
1062 1590 1102 1618 ut
1123 1594 1201 1617 non

209 1643 301 1680 mihi
328 1643 559 1680 sabbatizare
584 1644 693 1680 liceat
714 1643 772 1680 vel
800 1643 893 1679 hora
913 1641 1081 1678 dimidia.
1113 1641 1201 1678 Uti-

210 1716 297 1740 nam
329 1703 420 1739 mihi
451 1702 562 1739 detur
590 1715 724 1738 vacare
744 1730 753 1747 ‚
792 1710 828 1738 et
861 1701 988 1737 videre
1021 1699 1201 1748 quoniam

208 1765 317 1798 Jesus
335 1770 391 1798 est
405 1762 484 1811 ipse
501 1765 612 1798 Deus.
633 1765 718 1810 Ipse
739 1759 937 1797 sabbatum
957 1759 1089 1795 animae
1104 1771 1204 1807 quae-

1267 1114 1323 1142 est
1361 1104 1506 1151 herbis,
1541 1113 1578 1141 et
1609 1104 1808 1141 arboribus
1841 1105 2036 1150 decorata,
2065 1114 2260 1142 venustata

1268 1163 1424 1201 floribus
1444 1173 1481 1201 et
1504 1163 1686 1200 fructibus
1709 1163 1919 1199 fecundata.
1938 1167 2013 1200 Nec
2029 1171 2084 1199 est
2100 1163 2179 1199 dies
2203 1175 2259 1199 re-

1267 1223 1459 1273 putandus
1481 1224 1659 1269 inferior,
1679 1223 1717 1259 in
1738 1236 1815 1271 quo
1835 1226 1937 1258 Deus
1957 1222 2090 1258 coelum
2107 1222 2182 1258 suis
2198 1223 2260 1259 lu-

1268 1283 1476 1320 minaribus
1490 1282 1701 1319 adornavit.
1718 1281 1789 1318 Sed
1801 1295 1869 1318 nec
1884 1282 1946 1318 ille
1960 1281 2102 1318 alienus
2119 1281 2263 1318 alaude

1268 1352 1343 1389 est,
1364 1344 1404 1380 in
1424 1356 1500 1393 quo
1520 1346 1619 1379 Deus
1639 1350 1783 1391 partem
1805 1341 2051 1378 animantium
2074 1341 2112 1376 in
2132 1341 2260 1389 aquis,

1266 1412 1414 1453 partem
1434 1402 1634 1439 collocavit
1649 1402 1688 1436 in
1707 1414 1804 1437 aere.
1827 1400 1885 1437 Ab
1911 1401 2068 1436 istorum
2090 1400 2263 1436 eminen-

1268 1462 1318 1497 tia
1339 1470 1374 1497 et
1394 1460 1596 1510 privilegio
1626 1473 1701 1495 non
1723 1459 1926 1507 degenerat
1955 1458 2033 1494 dies
2053 1466 2202 1502 sextus,
2223 1458 2261 1493 in

1267 1534 1344 1570 quo
1361 1524 1463 1557 Deus
1485 1519 1531 1555 ad
1552 1519 1752 1567 imaginem
1771 1530 1875 1554 suam
1892 1518 2032 1553 creavit
2052 1517 2261 1562 hominem,

1268 1588 1305 1616 et
1319 1580 1433 1615 vitam
1456 1578 1664 1627 inspirans,
1686 1578 1809 1626 ipsum
1833 1577 2078 1613 animantium
2096 1576 2264 1625 praefecit

1270 1638 1517 1676 universitati.
1543 1641 1663 1674 Porro
1684 1637 1758 1673 diei
1787 1637 1955 1686 septimae
1979 1636 2263 1685 praeeminentia

1270 1698 1448 1735 omnibus
1471 1698 1682 1742 antecellit;
1701 1697 1739 1732 in
1769 1709 1845 1745 quo
1872 1696 2011 1732 nullius
2030 1696 2082 1731 rci
2102 1695 2262 1740 creatio,

1271 1759 1336 1796 sed
1358 1759 1527 1795 omnium
1553 1765 1812 1793 creaturarum
1839 1755 2020 1805 perfectio
2034 1784 2042 1799 ‚
2061 1763 2098 1790 et
2116 1754 2185 1791 Dei
2206 1767 2266 1790 re-

211 1820 328 1858 rentis
347 1833 431 1857 eum
444 1849 453 1865 ,
471 1833 690 1870 praeparans
707 1818 950 1870 diligentibus
970 1831 1008 1855 se
1023 1818 1206 1867 tranquil·
1225 1820 1252 1855 C
1270 1819 1376 1868 quies
1393 1816 1691 1854 commendatur.
1714 1819 1770 1852 De
1789 1815 1944 1864 singulis
1972 1815 2154 1863 scriptum
2185 1822 2263 1850 est:

209 1881 288 1916 lum
309 1888 346 1916 et
365 1878 708 1930 impermutabilem
731 1878 1012 1915 sabbatismum.
1037 1880 1067 1914 Ο
1090 1890 1202 1926 quam

209 1938 310 1975 beati
341 1939 404 1987 qui
434 1938 700 1987 ingrediuntur
719 1939 843 1974 locum
877 1936 1110 1973 tabernaculi
1136 1936 1204 1972 ad-

212 1996 394 2034 mirabilis
416 2011 536 2046 usque
554 1997 600 2034 ad
617 1997 771 2034 domum
800 1997 892 2041 Dei,
914 2005 1026 2045 atque
1055 1996 1093 2032 in
1111 2009 1204 2032 voce

212 2058 474 2094 exsultationis
488 2066 524 2094 et
540 2057 786 2093 confessionis
807 2055 1014 2105 tripudiant
1027 2063 1064 2091 et
1077 2055 1205 2091 exsul-

212 2124 313 2160 tant,
336 2129 522 2153 memores
549 2115 711 2153 uberum
744 2124 895 2152 tuorum
911 2143 920 2159 ,
944 2115 1063 2151 dulcis
1091 2119 1202 2160 Jesu,

213 2188 298 2211 cuni
311 2174 488 2212 Habacuc
506 2175 693 2225 propheta
710 2176 1011 2222 cantanteszEgo
1027 2183 1147 2209 autem
1167 2178 1206 2209 in

149 2258 160 2266 ›
212 2236 371 2270 Domino
380 2234 568 2283 gaudebo,
585 2240 621 2270 et
631 2234 826 2270 exsultabo
840 2239 877 2270 in
895 2237 971 2270 Deo
983 2235 1071 2269 sesa
1088 2247 1168 2269 meo
1180 2239 1205 2269 ².

267 2292 329 2329 47.
360 2292 571 2330 Sabbatizat
593 2293 762 2339 Judaeus,
781 2293 868 2342 quia
890 2293 978 2341 legit
999 2296 1118 2329 Deum
1143 2305 1208 2328 sex

214 2349 349 2388 diebus
369 2360 564 2401 operatum
590 2353 724 2398 fuisse,
742 2361 779 2388 et
801 2353 904 2402 quasi
933 2351 1062 2388 labore
1083 2351 1209 2401 operis

216 2410 407 2460 fatigatum
437 2411 497 2448 die
517 2412 676 2461 septimo
697 2412 882 2461 quievisse
895 2411 920 2448 ³.
949 2415 1033 2448 Non
1054 2419 1110 2447 est
1138 2411 1210 2446 hoc

214 2472 334 2506 Deum
351 2471 534 2520 cogitare,
554 2471 618 2507 sed
635 2472 673 2508 in
693 2472 764 2508 Dei
779 2471 1047 2508 contumeliam
1065 2469 1210 2506 idolum

217 2527 408 2566 fabricare.
440 2533 536 2567 Sane
558 2543 635 2566 non
664 2530 849 2567 laboravit
879 2529 1075 2580 operando
1103 2532 1213 2566 Crea-

1269 1880 1423 1913 Factum
1445 1885 1496 1912 est
1522 1889 1674 1923 vespere
1701 1884 1736 1910 et
1760 1887 1872 1909 mane
1889 1876 1967 1909 (lies
1983 1887 2093 1918 temes,
2121 1881 2185 1909 aut
2203 1886 2264 1908 se-

1270 1938 1422 1979 cundus,
1443 1944 1480 1972 et
1496 1935 1672 1984 deinceps
1683 1934 1707 1971 ⁵.
1719 1939 1767 1971 At
1779 1934 1851 1970 diei
1868 1934 2034 1982 septimae
2052 1946 2126 1969 non
2143 1945 2264 1978 mane,

1270 2009 1347 2033 non
1379 2008 1556 2045 vespere,
1587 2007 1664 2030 non
1690 1994 1838 2030 initium
1859 2006 1900 2029 ac
1924 1993 2007 2028 finis
2027 1991 2264 2028 describitur.

1271 2057 1360 2092 Dies
1377 2056 1477 2092 enim
1499 2054 1744 2103 requietionis
1764 2052 1900 2090 Christi
1915 2061 1950 2088 et
1971 2050 2216 2088 immutabilis
2229 2060 2266 2087 et

1272 2123 1445 2151 aeternus.
1465 2117 1594 2149 Mutua
1615 2111 1768 2161 quidem
1790 2111 1908 2147 Patris
1925 2110 2082 2159 Filiique
2099 2109 2265 2155 dilectio,

1272 2173 1514 2210 suavissimus
1537 2171 1736 2208 amborum
1757 2170 2000 2219 complexuS,
2024 2169 2184 2205 charitas
2199 2169 2270 2206 sci-

1272 2233 1382 2277 licet,
1402 2245 1475 2281 qua
1509 2235 1618 2268 Pater
1637 2231 1674 2267 in
1700 2230 1815 2274 Filio,
1840 2238 1876 2265 ct
1907 2229 2023 2265 Filius
2049 2228 2086 2263 in
2117 2231 2225 2264 Patre
2238 2226 2268 2273 ⁶,

1273 2292 1354 2342 ipsa
1372 2291 1711 2339 estjucundissima
1727 2290 1833 2339 quies
1847 2317 1855 2333 ‚
1876 2287 2115 2324 indivisibilis
2132 2287 2269 2332 unitas,

1274 2364 1348 2401 pax
1369 2348 1716 2400 imperturbabilis,
1737 2357 1876 2385 aeterna
1900 2347 2171 2396 tranquillitas,
2185 2346 2273 2395 Spi-

1277 2411 1370 2447 ritus
1394 2418 1566 2453 sanctus,
1594 2409 1658 2457 qui
1687 2407 1734 2444 ab
1763 2416 1926 2456 utroque
1956 2405 2139 2456 procedit.
2162 2405 2273 2452 Quod

1276 2469 1472 2506 insinuans
1495 2468 1610 2505 Filius
1631 2468 1723 2512 Dei,
1758 2470 1838 2515 Ego
1852 2496 1862 2511 ,
1892 2467 2035 2516 inquit,
2055 2468 2182 2502 Patris
2203 2470 2277 2500 mei

1279 2531 1461 2564 mandata
1481 2532 1639 2572 servavi,
1667 2537 1700 2563 et
1720 2541 1851 2563 maneo
1874 2531 1912 2562 in
1935 2527 2013 2572 ejas
2033 2528 2273 2569 cliIecti011873

218 2595 300 2623 tor:
318 2587 430 2634 dixit,
452 2597 489 2625 ct
506 2589 598 2626 facta
617 2598 705 2626 sunt
726 2590 854 2626 omnia
874 2603 944 2638 pro
972 2588 1210 2638 beneplacito
1230 2592 1263 2626 D
1278 2596 1315 2625 et
1329 2600 1476 2624 rursum
1493 2615 1501 2631 ‚
1519 2588 1598 2635 Ego
1615 2595 1649 2622 ec
1672 2587 1787 2622 Pater
1810 2600 1923 2621 uuum
1938 2583 2083 2621 sicanasS
2103 2598 2109 2619 :
2127 2591 2163 2618 et
2178 2583 2277 2620 idem

219 2645 323 2682 suo⁴.
346 2648 497 2684 Summa
530 2656 568 2684 et
596 2657 735 2684 aeterna
762 2649 922 2684 essentia
952 2652 1054 2685 Deus
1074 2648 1212 2684 nullius

219 2704 390 2754 indigens
405 2734 414 2751 ,
442 2706 553 2755 plene
590 2707 660 2743 sibi
690 2707 902 2752 sufficiens,
926 2707 963 2742 in
985 2720 1051 2744 sua
1068 2718 1214 2743 summe

222 2764 423 2812 tranquilla
441 2764 621 2801 charitate
643 2765 958 2802 indeclinabiliter
975 2774 1012 2802 et
1035 2766 1213 2802 immuta-

220 2821 346 2858 biliter
370 2836 525 2860 manens
543 2832 579 2859 et
602 2823 786 2861 mirabilia
806 2838 989 2874 operans,
1013 2825 1214 2874 requiescit

223 2881 259 2916 iu
278 2893 336 2925 se,
362 2881 437 2917 vita
458 2882 494 2917 in
511 2894 549 2918 se
569 2883 721 2927 vivens,
741 2882 930 2919 bonorum
953 2896 1025 2932 pax
1046 2891 1082 2919 ct
1106 2883 1215 2919 indc-

225 2939 352 2975 liciens
377 2941 496 2988 quies.
529 2941 714 2988 Quocirca
746 2941 840 2978 sicut
870 2942 1104 2978 successione
1132 2942 1215 2978 dic-

224 3011 306 3034 rum
320 3027 329 3044 ‚
346 3011 454 3035 manc
465 3007 502 3034 ct
514 3012 667 3049 vespere
680 3000 840 3037 vicissim
854 3001 1077 3037 variantium
1093 3030 1101 3045 ‚
1117 3014 1218 3036 crea·

226 3064 318 3093 turae
334 3057 563 3093 mutabilitas
578 3058 817 3107 designatur,
831 3060 882 3096 sic
900 3060 936 3096 in
955 3063 1035 3096 Dco
1051 3059 1111 3095 cui
1127 3058 1217 3094 nihil

1279 2648 1325 2684 de
1347 2648 1439 2684 Filio
1461 2650 1569 2683 Pater
1584 2674 1592 2690 ‚
1619 2649 1688 2681 Hic
1704 2654 1757 2681 est
1774 2648 1898 2681 Filius
1920 2658 2019 2680 meus
2040 2646 2213 2686 aflectus,
2237 2647 2275 2678 iu

1280 2721 1350 2755 qno
1366 2706 1457 2741 mihi
1478 2705 1569 2741 bene
1584 2707 1794 2752 complacui
1805 2711 1832 2750 9,
1850 2713 1919 2740 etc.

1623 2834 1799 2872 CAPUT
1829 2833 1944 2872 XIV.

1281 2949 1448 2991 Spiritualc
1470 2951 1686 2979 llcxaemeron
1699 2972 1706 2984 ,
1728 2959 1780 2979 scu
1797 2959 1876 2990 opus
1895 2958 1947 2978 sex
1965 2947 2085 2978 dierum
2102 2948 2278 2990 exponitur.

1343 3060 1403 3096 49.
1428 3062 1611 3108 Expressa
1629 3059 1738 3108 igitur
1749 3072 1915 3109 congrua
1933 3059 2175 3095 collationum
2192 3059 2279 3095 ima-

276 3194 283 3208 ¹
305 3189 627 3225 Job111.13-15.—
648 3197 659 3212 ²
675 3191 792 3222 llabac..
808 3203 869 3228 111,
892 3194 944 3222 18.
961 3208 1002 3212 —-
1020 3188 1032 3212 3
1048 3193 1222 3230 Gen.1-11,
1246 3196 1275 3222 a.
1292 3191 1464 3221 -.·81‘5;.l‚
1481 3203 1606 3221 cxcviii
1619 3216 1626 3226 ,
1646 3197 1674 3223 ἰ).
1691 3211 1733 3216 -—
1749 3190 1762 3214 ⁵
1778 3196 1956 3224 G‹·11.1.——
1978 3189 1992 3213 ⁶
2006 3194 2098 3223 Joan.
2119 3202 2137 3221 x
2150 3215 2157 3224 ,
2175 3193 2227 3223 38.
2240 3210 2279 3214 -—

229 3240 306 3272 7111.
323 3252 381 3278 xv,
403 3245 451 3272 lO.
465 3261 506 3264 ——
525 3243 600 3274 81d.
617 3255 636 3273 x
651 3268 658 3282 ‚
679 3246 732 3274 30.
753 3262 795 3266 -——
811 3250 826 3272 9
841 3242 955 3274 Manli.
979 3253 1057 3273 xvii.

273 3302 284 3316 ⁸
300 3302 370 3330 Non
393 3307 437 3330 cst
459 3302 555 3333 xii-ius
569 3326 576 3338 ,
593 3302 724 3334 formala
740 3303 853 3334 scilicet
869 3326 875 3336 ,
899 3308 927 3332 ct
945 3300 1150 3331 conducibilis
1166 3302 1203 3332 ad
1222 3308 1367 3332 wiennam
1392 3302 1628 3332 beatitudinem.
