2418 3949
127 243 223 281 1217

120 328 175 356 est
189 318 292 368 quod
313 318 402 355 dicit
423 333 430 354 ε
454 321 590 354 lterum
613 322 780 363 veniam,
797 328 835 354 et
851 320 1028 366 accipiam
1045 331 1111 353 vos
1122 315 1135 333 ‘³

781 243 846 277 DE
874 243 1044 279 VERBIS
1072 242 1249 277 DOMINI
1277 241 1325 276 IN
1354 242 1520 277 COENA.

1144 315 1286 361 ¹5eum,
1307 316 1408 364 quod
1425 316 1502 365 ipse
1519 323 1575 351 est
1592 314 1663 350 via.
1685 316 1782 361 Ergo
1801 311 1896 347 viam
1915 309 2081 346 sciebant
2101 324 2107 344 :
2129 317 2165 343 et

2069 232 2163 269 1218

119 382 173 414 acl
190 383 390 426 meipsum,
416 377 529 413 neubi
547 391 626 413 sum
645 390 730 425 ege,
750 386 784 412 et
798 391 864 412 vos
884 382 976 413 sitis.
999 375 1108 425 Quod
1126 377 1156 410 A
1174 375 1252 424 ipse
1281 383 1336 411 est
1368 376 1525 418 veritas,
1556 382 1593 409 et
1615 373 1693 408 vita
1715 386 1722 407 :
1747 379 1783 407 et
1816 370 1936 419 ipsum
1971 368 2162 411 sciebant,

119 446 175 474 est
191 437 314 473 dicere
331 453 338 474 :
357 436 560 486 Apparebo
576 437 614 472 in
629 435 792 484 judicio,
818 445 854 472 et
874 436 1109 473 introducam

118 509 186 533 vos
203 497 239 532 in
262 497 342 534 illas
366 497 604 540 mansiones,
625 503 667 531 ut
685 494 737 530 ibi
758 508 904 531 mecum
932 494 1111 531 maneatis

119 556 157 592 in
174 564 369 592 aeternum.
387 558 417 592 Ο
434 568 599 600 summa,
620 567 642 590 o
664 554 751 590 felix
769 553 963 590 beatitudo
976 583 984 598 ‚
1002 553 1111 590 habi-

122 624 199 651 tare
214 628 299 651 cum
321 614 484 652 Christo!
505 613 597 660 Quis
621 612 667 649 ad
692 613 786 648 hanc
812 612 1042 657 felicitatem,
1064 611 1110 647 ad

119 675 216 711 hanc
232 683 306 710 tam
326 675 524 723 gloriosam
539 672 811 709 beatitudinem
830 672 1027 721 pervenire
1045 685 1110 707 va-

119 733 236 770 lebit?
256 733 339 782 quis
356 732 427 769 erit
446 740 518 768 tam
535 731 623 768 felix
640 759 649 776 ,
672 731 755 779 quis
782 731 833 767 sic
862 744 1006 767 summe
1023 730 1109 767 bea-

119 800 179 828 tus
191 821 201 838 ,
218 800 259 828 ut
279 794 396 841 possit
416 803 571 839 regnare
587 804 673 827 cum
694 791 841 828 Christo
857 819 866 835 ,
887 790 1017 826 videre
1034 791 1110 839 glo-

119 851 210 886 riam
233 849 315 898 ejus
335 858 371 886 et
395 849 717 899 pulchritudinem
736 849 817 898 ejus
834 850 849 885 Ξ)

173 909 208 945 7.
230 911 261 945 Ο
277 911 384 953 Jesu,
411 911 519 953 Jesu,
552 907 697 943 utinam
726 919 871 944 merear
896 915 930 943 te
953 907 1080 943 videre
1096 934 1105 952 ,

118 967 168 1003 ini
187 969 296 1004 Jesu!
318 966 438 1004 Credo
458 966 496 1002 in
517 969 638 1002 Deum
653 995 662 1012 ,
682 968 772 1002 etin
791 975 825 1002 te
838 965 973 1011 credo3
995 973 1032 1001 et
1053 973 1108 1001 ta-

118 1039 202 1062 men
224 1025 333 1062 valde
350 1024 523 1061 turbatur
545 1038 611 1061 cor
629 1038 767 1061 meum.
787 1028 872 1061 Non
893 1024 1108 1060 turbaretur

1176 435 1262 482 quia
1281 433 1449 469 sciebant
1469 432 1662 468 'veritatem
1683 439 1719 466 et
1736 430 1869 473 vitam,
1893 427 1939 463 ad
1959 440 2070 475 quam
2086 426 2163 475 ipse

1178 492 1288 528 vadit.
1313 495 1397 541 Ipse
1417 500 1472 527 est
1499 491 1558 526 via
1589 489 1796 527 secundum
1819 487 1920 536 quod
1945 494 1998 522 est
2020 486 2132 520 homo
2152 499 2161 529 ;

1176 560 1213 587 et
1234 551 1369 587 veritas
1387 559 1424 585 et
1443 550 1519 586 vita
1539 548 1743 586 secundum
1762 546 1866 596 quod
1882 554 1936 582 est
1955 548 2068 580 Deus.
2094 548 2164 580 Per

1177 623 1214 646 se
1245 610 1370 658 itaque
1399 609 1499 645 viam
1531 608 1633 644 vadit
1655 607 1700 643 ad
1735 606 1930 643 veritatem
1960 612 1996 640 et
2026 604 2161 647 vitam,

1176 669 1263 718 quia
1283 667 1489 705 secundum
1517 668 1707 703 hominem
1730 665 1977 714 glorificatum
2000 663 2095 699 redit
2118 662 2163 697 ad

1178 741 1216 764 se
1233 732 1367 764 Deum.
1391 727 1501 764 Unde
1520 727 1631 775 plane
1652 724 1841 761 conxincit
1864 736 1928 758 cos
1943 722 2037 758 seire
2060 720 2162 769 quod

1177 800 1215 823 se
1240 787 1383 823 nescire
1411 785 1616 835 putabant,
1645 797 1729 819 cum
1748 782 1836 819 dicit
1858 797 1865 817 ε
1889 783 1969 829 Ego
1984 793 2062 815 sum
2082 783 2161 822 via,

1177 859 1244 895 per
1263 859 1375 894 quam
1392 844 1557 881 eundum
1572 859 1581 889 ;
1596 852 1631 878 et
1643 847 1797 886 veritas,
1815 840 1861 876 ad
1878 853 1989 888 quam
2008 838 2164 874 venien—

1176 905 1288 951 dum,
1310 914 1346 940 et
1370 909 1464 947 vita,
1487 904 1523 939 in
1545 915 1616 951 qua
1638 899 1949 950 permanendum.
1978 900 2058 945 Ego
2082 909 2160 931 sum

1174 969 1236 1000 via
1259 965 1338 1001 sine
1357 975 1502 1008 errore,
1524 966 1664 998 veritas
1684 960 1763 995 sine
1783 958 1961 1002 falsitate,
1986 961 2061 991 vica
2083 955 2162 991 sine

1174 1031 1308 1059 morte.
1345 1025 1427 1071 Ego
1455 1034 1534 1056 sam
1565 1024 1627 1055 via
1659 1019 1697 1053 in
1731 1017 1924 1065 exemplo,
1958 1020 2095 1050 vertens
2126 1014 2162 1049 in

118 1097 183 1120 cor
199 1097 346 1129 meum,
369 1084 397 1120 si
423 1083 608 1120 audissem
626 1096 647 1120 a
663 1092 716 1129 te,
745 1086 829 1120 Non
858 1083 1022 1118 turbetur
1048 1095 1110 1117 cor
1129 1083 1155 1117 B
1173 1082 1384 1131 praemisso,
1402 1084 1479 1116 vita
1496 1079 1532 1114 in
1552 1077 1720 1127 praemio.
1738 1078 1816 1123 Ego
1829 1088 1906 1109 sum
1926 1078 1990 1108 vla
2007 1071 2160 1115 habilis,

117 1153 216 1179 tuum
237 1142 328 1179 :sed
352 1143 475 1178 anima
495 1155 576 1178 mea
602 1156 703 1178 nunc
728 1142 836 1178 valde
857 1141 1006 1177 turbata
1025 1148 1105 1185 est,

116 1214 194 1238 non
222 1201 309 1250 quia
330 1214 403 1237 non
426 1200 574 1237 credam
593 1201 631 1236 in
662 1209 717 1246 te,
749 1201 813 1237 sed
831 1201 918 1249 quia
938 1200 1051 1236 modo
1073 1209 1107 1237 te

115 1259 246 1296 videre
264 1272 339 1295 non
361 1272 527 1309 possum.
543 1259 640 1296 Nihil
655 1260 754 1296 aliud
771 1261 859 1297 volo
875 1289 884 1305 ,
900 1260 991 1296 nihil
1007 1260 1108 1296 aliud

115 1330 265 1366 quaero,
287 1317 375 1353 nihil
399 1317 498 1354 aliud
525 1317 716 1363 desidero,
740 1318 830 1354 nihil
851 1317 951 1354 aliud
970 1318 1107 1367 cupi0;

115 1376 188 1412 nisi
215 1384 249 1412 te
280 1376 410 1413 videre
440 1377 644 1413 Dominum
674 1386 711 1413 et
740 1381 859 1414 Deum
896 1390 1019 1413 meum
1044 1386 1109 1413 :et

115 1435 204 1484 quia
231 1443 266 1472 te
285 1448 432 1484 quaero,
456 1444 493 1472 et
522 1449 598 1472 non
630 1437 805 1482 invenio,
829 1450 948 1482 voco,
973 1445 1009 1473 et
1031 1449 1108 1473 non

116 1494 323 1543 respondes
338 1495 439 1530 mihi.
455 1499 505 1531 Te
519 1495 645 1532 videre
663 1495 835 1532 desidero
850 1525 859 1541 ‚
875 1504 912 1532 et
929 1504 964 1532 te
979 1495 1108 1531 videre

115 1567 193 1590 non
224 1567 392 1603 possum,
421 1568 506 1591 cum
536 1564 574 1591 tu
605 1556 686 1604 ipse
713 1556 762 1591 sis
795 1563 938 1592 tantum
964 1554 1108 1591 deside-

115 1612 212 1649 rium
247 1626 385 1650 meum.
413 1617 468 1650 Tu
489 1614 580 1650 mihi
601 1615 703 1651 testis
735 1627 798 1659 es,
820 1614 986 1658 Veritas,
1019 1613 1108 1662 quia

116 1671 225 1708 valde
247 1671 420 1708 turbatur
438 1686 504 1709 cor
523 1686 646 1709 meum
672 1687 679 1708 τ
706 1673 769 1709 sed
798 1673 949 1709 confido
978 1673 1016 1708 in
1038 1673 1107 1708 mi-

116 1730 320 1767 sericordia
349 1739 433 1777 tua,
465 1732 554 1780 quia
584 1731 707 1768 adhuc
741 1740 777 1768 te
812 1731 956 1768 videbit
983 1731 1108 1768 anima

117 1803 224 1835 mea3
253 1798 289 1826 et
318 1789 481 1827 satiabor
506 1790 552 1826 de
573 1798 627 1836 te,
658 1799 695 1826 et
725 1805 746 1827 a
777 1799 832 1835 te,
856 1799 893 1826 et
918 1791 955 1827 in
987 1799 1041 1835 te,
1071 1798 1108 1826 et

1173 1145 1311 1176 veritus
1332 1137 1609 1182 irrevocabilis,
1637 1141 1717 1171 vila
1750 1131 2051 1170 interminabilis.
2085 1133 2164 1178 ligo

1172 1213 1250 1235 sam
1272 1203 1338 1234 via
1364 1199 1435 1234 lata
1462 1205 1499 1233 et
1526 1196 1713 1245 spaciosa,
1740 1196 1878 1229 veritas
1894 1198 2027 1240 potens
2048 1198 2084 1224 et
2103 1202 2164 1224 eo-

1173 1259 1296 1309 piosa,
1331 1262 1412 1293 vita
1439 1254 1668 1292 delectabilis
1695 1261 1732 1289 et
1767 1251 1940 1301 gloriosa.
1978 1250 2057 1296 ligo
2086 1262 2163 1283 sum

1174 1324 1240 1354 via
1266 1316 1550 1366 incipientium,
1571 1319 1711 1349 veritas
1746 1308 2024 1360 proficientium
2043 1336 2052 1352 ‚
2086 1312 2165 1342 vita

1174 1376 1490 1427 pervenientium.
1520 1376 1598 1421 Ego
1627 1386 1703 1407 sum
1725 1375 1789 1407 via
1819 1368 1912 1404 lucis
1942 1375 1979 1402 et
2010 1378 2162 1410 serena,

1173 1440 1314 1471 veritas
1330 1435 1461 1470 vivens
1479 1431 1619 1480 absque
1637 1442 1748 1480 poena
1760 1457 1769 1474 ,
1786 1431 1865 1463 vita
1884 1425 1970 1461 felix
1986 1433 2022 1459 et
2042 1437 2165 1460 amoe-

1174 1508 1230 1531 na.
1248 1497 1328 1543 Ego
1344 1507 1421 1529 sum
1440 1496 1506 1528 via
1520 1492 1556 1527 in
1575 1488 1765 1539 patibulo,
1786 1489 1925 1522 veritas
1947 1485 1983 1519 in
2001 1483 2163 1528 inferno,

1173 1559 1256 1590 vita
1283 1554 1319 1589 in
1341 1550 1625 1589 resurrectionis
1645 1548 1792 1598 gaudio.
1816 1547 1894 1593 Ego
1913 1558 1992 1579 sum
2015 1548 2099 1585 via,
2127 1543 2163 1578 in

1174 1626 1247 1663 qua
1266 1627 1341 1649 non
1358 1621 1412 1648 est
1429 1611 1535 1661 spina
1556 1610 1614 1646 vel
1636 1608 1817 1651 tribulus;
1840 1609 2003 1647 verimi,
2030 1603 2067 1638 in
2091 1614 2164 1650 qua

1173 1686 1249 1708 non
1272 1680 1327 1708 est
1345 1670 1511 1707 falsitatis
1531 1668 1727 1712 stimulus;
1758 1670 1854 1707 vita,
1873 1663 1910 1698 in
1931 1675 2004 1710 qua
2021 1660 2163 1696 revivi-

1175 1732 1243 1768 seit
1262 1738 1447 1767 mortuus.
1483 1731 1563 1775 Ego
1583 1740 1660 1762 sum
1681 1729 1747 1761 viu
1778 1731 1898 1765 recta,
1922 1725 2058 1756 veritas
2077 1733 2163 1769 per-

1173 1791 1287 1835 fecta,
1309 1795 1390 1826 vita
1410 1789 1490 1826 sine
1517 1789 1590 1823 line
1620 1797 1806 1822 mansura.
1828 1784 1905 1828 Ego
1920 1794 1998 1816 sum
2016 1784 2082 1815 via
2106 1791 2164 1815 re-

116 1862 185 1900 per
203 1858 256 1894 te,
289 1862 366 1886 non
396 1850 537 1886 meritis
571 1851 684 1896 meis,
709 1850 771 1887 sed
800 1849 1106 1887 miserationibus
1127 1849 1154 1885 C
1172 1849 1461 1895 conciliationis,
1479 1851 1620 1884 veritas
1635 1841 1912 1887 retributionis,
1926 1844 2165 1876 vitaaetcrnae

117 1908 191 1944 tuis
216 1908 359 1957 magnis
388 1917 425 1945 et
457 1909 603 1954 multis;
625 1917 663 1945 et
693 1909 796 1958 quod
817 1909 954 1946 videbo
977 1918 1011 1945 te
1032 1912 1110 1946 De-

117 1979 179 2002 um
212 1967 441 2004 Salvatorem
472 1981 619 2014 meum,
649 1981 733 2004 cum
761 1977 800 2005 tu
827 1969 975 2005 veneris
1002 1967 1109 2017 judi-

118 2038 203 2062 care
227 2026 404 2062 saeculum
435 2040 502 2077 per
534 2027 670 2076 ignem.
700 2027 772 2065 Sed
801 2041 893 2077 rogo
919 2036 953 2063 te
983 2041 1050 2077 per
1075 2036 1109 2064 te

118 2084 262 2134 ipsum,
283 2094 320 2122 et
346 2099 413 2135 per
435 2086 536 2122 illam
551 2114 560 2132 ,
580 2099 663 2135 quae
685 2094 719 2122 te
739 2087 892 2135 genuit,
927 2090 1083 2123 Matrem
1098 2113 1107 2130 ‚

118 2152 161 2179 ut
189 2157 274 2180 cum
294 2145 441 2180 veneris
470 2144 518 2181 ad
546 2144 756 2193 judicium,
779 2146 943 2182 attrahas
975 2159 1033 2181 me
1063 2145 1109 2181 ad

119 2203 309 2253 teipsum,
332 2212 372 2240 ut
394 2204 458 2240 ubi
479 2217 580 2240 nunc
599 2218 638 2241 es
652 2233 660 2249 ,
683 2205 820 2254 possim
837 2213 874 2241 et
893 2218 972 2241 esse
988 2213 1109 2241 tecum

117 2270 155 2298 et
173 2275 258 2298 cum
276 2262 469 2312 discipulis
486 2263 557 2299 tuis
570 2292 578 2308 ‚
596 2262 734 2312 quibus
755 2263 800 2300 ad
822 2268 966 2300 Patrem
989 2264 1110 2301 iturus

117 2321 270 2358 dixisti:
294 2325 345 2358 Et
360 2337 428 2370 quo
452 2336 518 2371 ego
539 2325 640 2358 vado
665 2325 775 2368 scitis,
799 2333 834 2359 et
860 2328 961 2359 viam
995 2328 1107 2360 scitis.

116 2381 292 2419 Sciebant
306 2383 404 2418 enim
425 2391 459 2418 te
479 2382 533 2418 ire
548 2382 594 2418 ad
611 2386 755 2419 Patrem
770 2410 779 2426 ,
804 2391 840 2418 et
857 2391 892 2418 te
908 2383 1005 2418 viam
1029 2395 1108 2419 esse

116 2452 185 2489 per
203 2453 315 2489 quam
345 2440 497 2477 venitur
522 2440 569 2477 ad
600 2445 746 2478 Patrem
762 2470 771 2486 ‚
792 2442 856 2490 qui
880 2442 974 2478 vivis
993 2450 1030 2478 et
1051 2455 1108 2478 re—

115 2511 207 2547 gnas
223 2512 308 2535 eum
328 2499 461 2536 eodem
482 2503 611 2545 Patre,
630 2499 667 2535 in
686 2500 828 2536 unitate
843 2500 1002 2550 Spiritus
1022 2513 1111 2537 san-

118 2557 165 2593 cti
186 2561 285 2595 Deus
305 2571 373 2608 per
393 2558 519 2595 omnia
541 2559 676 2595 saeeula
691 2560 928 2596 saeculorum.
946 2564 1080 2597 Amen.

457 2688 639 2727 SERMO
669 2689 763 2729 VII.

335 2806 370 2833 In
386 2813 464 2833 vers.
483 2805 562 2833 5-14
582 2813 650 2844 cap.
670 2814 728 2833 xiv
747 2803 889 2835 Joannis.

176 2914 208 2949 l.
230 2912 385 2948 Dixerat
405 2913 590 2950 Dominus
611 2913 802 2963 discipulis
819 2913 894 2949 suis
912 2927 919 2949 ε
943 2914 1022 2957 Quo
1044 2926 1109 2960 ego

118 2973 217 3007 vado
236 2977 347 3014 scitis,
371 2982 405 3008 et
427 2977 528 3008 viam
549 2977 662 3009 scitis.
697 2974 762 3008 Cui
794 2974 950 3008 Thomas
981 2975 1080 3007 dimit
1099 2987 1109 3006 .·

118 3033 289 3074 Domine,
312 3036 491 3067 nescimus
509 3045 581 3079 quo
607 3034 715 3067 vadis
726 3047 739 3075 ;
760 3041 795 3067 et
817 3035 998 3080 quomodo
1021 3045 1109 3079 pos-

116 3103 236 3125 sumus
263 3094 366 3125 viam
398 3095 524 3127 scire?
550 3091 732 3137 Thomas,
751 3092 814 3140 qui
832 3092 968 3128 dieitur
990 3091 1109 3138 Didy—

118 3162 217 3193 mus,
240 3148 275 3184 id
303 3158 374 3193 est,
404 3150 549 3186 Dubius
581 3151 656 3186 sive
678 3150 880 3194 Dabimus,
911 3150 1010 3186 uude
1033 3150 1109 3198 ipse

117 3207 336 3253 dubitabat,
358 3209 450 3245 alios
473 3209 644 3245 dubitare
666 3209 841 3246 credebat
863 3225 869 3245 :
893 3208 991 3244 unde
1011 3208 1110 3243 diee-

118 3265 202 3310 bat,
227 3269 402 3311 Domine,
433 3273 612 3304 marc-imus
630 3283 700 3316 quo
720 3271 839 3304 vadis.
861 3267 931 3303 Sed
953 3266 1110 3302 convin-

121 3324 169 3359 cit
193 3337 277 3360 eum
302 3324 396 3361 scire
420 3328 593 3376 Magister
613 3328 801 3373 veritati53
824 3327 911 3374 quia
942 3324 1107 3362 sciebant

275 3403 364 3425 Tun.
400 3405 431 3425 V.

1174 1907 1428 1945 beatitudinis.

1228 1968 1262 2004 2.
1286 1969 1404 2003 Nemo
1423 1970 1527 2004 venit
1543 1966 1595 2001 ad
1611 1966 1776 2006 Patrem,
1801 1962 1875 1996 nisi
1887 1973 1957 2008 pet·
1978 1972 2045 1993 me.
2065 1961 2118 1994 Ac
2135 1956 2164 1992 si

1176 2025 1274 2062 dicat
1295 2041 1302 2062 :
1324 2030 1441 2063 Nemo
1464 2024 1567 2061 venit
1588 2023 1634 2059 ad
1655 2034 1712 2058 me
1733 2020 1927 2057 veritatem
1957 2027 1994 2054 et
2022 2017 2135 2052 vitam
2153 2043 2162 2060 ,

1176 2085 1246 2121 nisi
1262 2098 1329 2134 per
1351 2097 1410 2120 me
1428 2084 1545 2128 viam;
1567 2090 1603 2118 et
1623 2093 1735 2117 nemo
1757 2078 1859 2115 venit
1882 2077 1927 2113 ad
1949 2089 2007 2112 me
2022 2079 2165 2118 Deum,

1176 2145 1246 2180 nisi
1263 2157 1330 2194 per
1351 2156 1409 2180 me
1431 2143 1621 2179 hominem
1646 2146 1894 2187 assumptum.
1920 2139 1998 2184 Ego
2021 2148 2088 2184 per
2107 2146 2166 2169 as-

1176 2212 1364 2252 sumptam
1386 2214 1536 2239 carnem
1557 2197 1779 2236 mortalibus
1801 2196 1894 2232 facio
1914 2195 2057 2230 foveam
2071 2221 2079 2237 ,
2100 2205 2167 2240 per

1175 2275 1287 2311 quam
1309 2262 1459 2297 venitur
1487 2259 1534 2296 ad
1564 2258 1760 2295 veritatem
1782 2264 1818 2291 et
1847 2254 1961 2290 vitam
1983 2267 1990 2288 :
2012 2259 2049 2287 et
2068 2251 2166 2286 viam

1175 2320 1375 2358 moriendo
1397 2320 1513 2365 facio,
1535 2315 1785 2365 resurgendo,
1815 2313 1861 2350 ad
1887 2313 2002 2348 coelos
2035 2322 2168 2346 ascen-

1175 2379 1320 2424 dendo,
1342 2378 1406 2415 ubi
1437 2391 1506 2427 ego
1536 2389 1616 2413 sum
1637 2375 1776 2411 veritas
1804 2380 1839 2408 et
1859 2371 1955 2416 vita,
1978 2373 2079 2406 Deus
2099 2381 2168 2404 ve-

1177 2451 1240 2474 rus
1254 2466 1263 2483 ,
1279 2441 1380 2474 Deus
1401 2445 1575 2473 aeternus.
1596 2434 1709 2471 Miser
1728 2433 1843 2468 homo
1864 2431 1910 2466 de
1934 2438 2030 2465 terra
2048 2436 2168 2463 terre-

1176 2511 1268 2543 nus,
1289 2510 1438 2546 semper
1458 2495 1614 2545 gibbus,
1637 2505 1784 2542 semper
1804 2490 2000 2540 proclivis,
2020 2499 2170 2535 semper

1175 2571 1285 2606 aeger,
1319 2568 1468 2605 semper
1502 2555 1696 2597 inlirmus3
1734 2550 1779 2587 ad
1811 2548 1945 2597 gaudia
1981 2546 2165 2596 paradisi,

1128 2618 1160 2651 D
1177 2616 1278 2652 unde
1298 2615 1477 2664 expulsus
1503 2614 1641 2656 suerat,
1665 2623 1732 2659 per
1753 2622 1790 2645 se
1812 2607 1932 2644 redire
1956 2619 2030 2642 nou
2061 2612 2168 2653 pote-

1177 2682 1255 2718 rat,
1280 2687 1349 2709 nec
1366 2672 1410 2708 ad
1432 2672 1627 2708 veritatem
1648 2678 1685 2704 et
1699 2669 1813 2703 vitam
1826 2695 1834 2711 ,
1852 2665 1953 2714 quod
1975 2668 2074 2700 Deus
2090 2670 2164 2705 est,

1175 2745 1243 2781 per
1259 2745 1297 2767 se
1320 2730 1519 2767 ascendere
1540 2728 1698 2764 valebat.
1721 2725 1791 2762 Sed
1819 2725 1919 2760 wnit
1944 2721 2107 2759 Verbum
2130 2722 2165 2756 iu

1177 2793 1465 2835 (tarnem,Deus
1500 2787 1545 2823 ad
1580 2786 1847 2828 homiuem,et
1879 2781 2043 2819 Verbum
2081 2794 2167 2815 earo

1180 2850 1315 2886 sactum
1335 2856 1413 2892 est,
1433 2855 1469 2881 et
1489 2850 1589 2881 Deus
1614 2845 1729 2879 faetus
1747 2850 1800 2878 est
1819 2842 1945 2876 homo.
1968 2838 2167 2875 Incliuavit

1177 2923 1215 2946 se
1232 2907 1395 2944 Verbum
1418 2905 1463 2942 ad
1487 2917 1634 2940 earnem
1652 2931 1661 2947 ,
1700 2906 1798 2937 Deus
1820 2900 1865 2936 ad
1889 2899 2077 2934 homiuem
2096 2913 2104 2941 3
2130 2905 2163 2932 et

1175 2969 1226 3004 sie
1247 2980 1362 3016 genus
1382 2966 1585 3001 humanum
1614 2975 1689 2998 uon
1714 2961 1834 2996 solum
1856 2959 1900 2994 ad
1925 2958 2136 3007 paradisum
2156 2985 2164 2999 ,

1175 3027 1239 3063 sed
1267 3027 1376 3061 etiam
1407 3024 1571 3074 portavit
1592 3023 1637 3059 ad
1659 3022 1792 3057 ‹wi-lum
1807 3049 1816 3063 ‚
1840 3019 1902 3055 ubi
1924 3027 1975 3054 est
1998 3031 2077 3053 esse
2096 3031 2163 3051 xe-

1176 3099 1256 3122 rum
1279 3093 1311 3119 et
1335 3097 1414 3120 esse
1435 3092 1615 3118 a·te1·uum
1635 3109 1644 3124 ‚
1667 3080 1803 3115 veritas
1825 3091 1907 3126 qua·
1929 3089 2076 3125 semper
2096 3076 2162 3110 suit

1177 3144 1320 3187 eterit,
1349 3143 1423 3178 vila
1453 3141 1558 3177 beata
1582 3148 1617 3175 οῖ
1651 3151 1798 3187 semper
1831 3136 1956 3179 beata,
1984 3149 2067 3183 qua·
2098 3148 2164 3169 u«-

1177 3202 1403 3252 priueipium
1437 3200 1584 3242 babuit,
1619 3213 1685 3234 nee
1716 3196 1866 3232 habebit
1904 3198 2026 3231 linem.
2058 3193 2164 3229 lude

1178 3261 1286 3297 nobis
1309 3260 1503 3308 terrigenis
1529 3259 1643 3294 homo
1670 3261 1768 3293 Deus
1801 3257 1916 3291 sactus
1938 3263 1988 3288 est
2025 3254 2103 3291 xia,
2130 3261 2161 3286 et

1178 3335 1246 3357 uos
1267 3320 1441 3370 perduxit
1463 3319 1508 3355 ad
1537 3319 1729 3354 veritatem
1752 3325 1785 3352 et
1815 3316 1925 3351 vitam
1943 3343 1950 3352 .
1977 3313 2022 3348 ad
2047 3326 2084 3347 se
2108 3313 2163 3347 xi·

1934 3381 1979 3411 ΖΓ.)
