2504 3928
343 171 413 207 311

1108 176 1399 211 GILLEBERTI
1427 176 1626 211 ABBATIS

343 260 464 293 mam;
493 246 608 296 quid,
643 247 814 295 inquam,
847 247 1002 297 putatis,
1032 250 1134 298 quod
1165 264 1240 287 non
1272 251 1372 287 hiesu

2313 177 2388 215 312

1377 250 1589 300 'quefactio
1620 249 1770 287 nonnisi
1802 250 2053 301 perfectorum
2088 260 2162 299 est,
2189 262 2226 290 et
2258 267 2389 292 eorum

343 319 467 343 sermo
490 306 741 354 quorumdam
763 306 935 354 suggillat
955 307 1154 353 duritiam,
1174 323 1335 359 quorum
1354 312 1384 346 A
1402 323 1476 346 non
1503 322 1669 359 semper,
1690 309 1754 345 sed
1774 309 1812 345 in
1836 318 2005 360 tempore
2027 320 2259 360 opportuno.
2279 317 2324 350 Et
2344 326 2391 350 ne

343 365 481 400 viscera
502 364 624 412 gelido
649 363 872 400 austeritatis
894 365 1015 401 nimiae
1037 367 1225 415 rigescunt
1241 369 1332 404 affc-
1351 413 1353 415 q

342 431 424 466 ctu,
442 436 603 471 quorum
622 424 761 459 viscora
780 425 922 460 nullum
939 426 1201 463 misericordiae
1218 427 1333 464 distil-

343 482 421 518 lant
440 482 644 530 liquorem,
664 496 732 519 nec
748 484 884 530 exiguo
903 492 1063 521 trennint
1081 494 1115 520 et
1134 495 1334 522 moventur

343 541 477 577 affectu
513 554 598 590 erga
630 543 855 591 pii-nitentes
874 559 882 588 ;
921 544 1172 581 misericordis
1203 558 1334 582 manus

344 608 482 636 tactum
505 614 580 636 non
599 602 786 643 sentiunt,
810 603 964 651 piissimi
985 607 1072 639 Jesu
1094 617 1169 639 non
1187 604 1333 652 igniun-

343 668 404 696 tur
435 660 622 708 alloquio,
660 662 869 710 pulsantem
899 663 935 698 in
969 664 1174 711 poi-nitente
1205 668 1331 700 Jesum

343 718 432 754 foris
454 732 527 754 non
546 719 729 757 audiunt?
749 725 889 757 Vereor
911 735 955 757 ne
973 722 1135 758 declinet
1157 722 1203 759 al)
1224 724 1276 760 eis
1296 732 1332 759 et

344 786 596 826 pertranseat,
621 792 666 814 ne
688 793 761 815 non
785 781 976 816 inveniant
997 795 1080 817 cum
1100 783 1328 830 qusesicrint‚

345 845 381 872 et
405 851 488 873 cum
510 838 750 875 clamaverint
774 854 847 876 non
870 841 1042 876 exaudiat
1064 855 1139 876 cos.
1167 846 1242 878 Cur
1261 842 1331 877 du-

344 904 473 932 rantur
494 897 634 933 viscera
653 907 712 934 tua
733 899 778 935 ad
802 900 895 935 lilios
910 928 918 943 ,
941 901 1044 948 quasi
1067 914 1139 935 non
1164 901 1234 936 sint
1255 902 1332 936 tui?

343 958 495 991 Poteras
511 957 661 993 forsitan
680 967 761 993 tuos
777 959 987 994 inclementi
1007 959 1117 994 oculo
1134 960 1332 1008 respicere,

1399 370 1634 406 infructuoso
1661 367 1866 405 subducam
1894 370 2042 405 silentio
2068 371 2170 419 quod
2192 372 2280 408 mihi
2300 384 2391 420 sug-

1399 429 1557 477 geritur,
1578 427 1742 464 breviter
1759 426 1866 463 vobis
1882 427 2072 464 absolvam
2090 429 2191 477 quod
2209 430 2330 467 adhuc
2345 430 2391 467 de

1399 488 1465 523 hac
1489 487 1753 536 liquefactione
1775 486 1964 523 intellectu
1982 489 2150 537 concepi.
2170 492 2251 526 Non
2272 490 2392 526 ‹terni-

1401 546 1444 581 tis
1469 546 1569 594 quod
1597 546 1757 594 liquefit,
1781 546 1942 594 qualiter
1960 545 2006 582 de
2025 547 2187 595 quodam
2213 548 2334 597 rigore
2355 557 2392 585 et

1399 605 1659 641 immobilitate
1679 606 1822 642 moveri
1843 606 1995 654 incipit,
2015 619 2053 642 se
2073 607 2194 656 ipsum
2212 607 2338 657 egredi
2355 616 2393 645 et

1397 665 1568 700 ‹hfsercre
1601 665 1756 710 nititur,
1785 664 1831 700 de
1863 673 2010 701 tumore
2041 674 2077 701 et
2107 666 2204 702 mole
2235 667 2393 716 pristina

1397 724 1526 759 defluit
1547 732 1584 759 et
1603 723 1816 767 descendit,
1835 732 1871 760 et
1891 725 2104 769 evanescit,
2127 738 2166 761 se
2182 726 2305 775 ipsum
2324 726 2391 763 du-

1397 791 1540 818 centem
1562 791 1598 818 et
1616 782 1661 819 ad
1684 783 1883 820 humiliora
1903 784 1983 819 loca
2001 785 2106 821 facile
2123 785 2314 834 sequitur3
2330 786 2389 822 vel

1397 842 1524 877 eadem
1555 855 1622 890 per
1643 855 1681 878 se
1706 842 1827 892 ipsum
1849 850 2032 888 sectatur,
2057 856 2292 892 praecurrens
2315 845 2390 881 fre-

1398 909 1556 949 quenter
1579 901 1748 937 ducentis
1776 910 1964 937 conatum.
1995 905 2129 951 Magna
2159 903 2195 938 in
2223 903 2392 952 liquefa-

1399 960 1465 994 ctis
1492 959 1536 994 ad
1567 959 1799 1008 sequendum
1828 959 2034 1005 mobilitas,
2057 969 2093 997 et
2120 970 2296 1010 prompta
2325 974 2393 998 vo-

343 1023 378 1049 et
401 1016 578 1064 resupino
597 1017 686 1052 fastu
705 1018 907 1066 pm‘tcrirc,
928 1019 955 1053 si
976 1027 1095 1054 tamen
1116 1019 1166 1053 tui
1190 1027 1330 1054 tantum
1350 1020 1376 1054 B
1396 1019 1531 1054 luntas.
1549 1018 1860 1067 Intelligitisjam‚
1877 1028 1918 1055 ut
1934 1019 2112 1064 arbitror,
2131 1021 2166 1056 in
2186 1021 2392 1069 liquefactis

343 1082 485 1117 essent,
511 1082 546 1109 et
572 1088 647 1110 non
672 1077 819 1112 Domini
847 1078 910 1113 tui.
932 1081 1051 1124 Quam
1075 1077 1189 1113 durus
1212 1079 1328 1122 fores,

344 1131 372 1166 si
393 1129 441 1167 de
463 1141 525 1168 tuo
545 1134 666 1181 largiri
687 1135 862 1179 deheres,
889 1137 951 1184 qui
978 1136 1128 1172 Domini
1156 1136 1332 1171 substan-

345 1190 430 1226 tiam
453 1199 524 1228 tam
547 1206 659 1229 avaro
680 1203 715 1229 ct
738 1195 937 1231 imminuto
955 1197 1063 1231 etiam
1090 1196 1172 1231 liliis
1195 1197 1330 1231 affectu

343 1249 576 1298 dispartiris?
602 1256 783 1300 Dispersit
802 1283 811 1297 ‚
845 1255 988 1302 inquit,
1021 1257 1123 1289 (ledit
1150 1259 1331 1301 pauperi—

343 1306 406 1342 bus
423 1315 445 1344 ¹.
468 1310 537 1345 Sed
561 1319 597 1346 tu
618 1312 767 1347 forsitan
797 1326 978 1361 pauperes
1000 1313 1129 1348 neseis.
1156 1313 1274 1359 Quid,
1304 1312 1334 1348 si

341 1366 438 1402 dicat
458 1367 521 1403 tihi
541 1373 642 1405 Deus
662 1385 668 1405 :
688 1372 949 1419 Imperfectum
978 1385 1101 1407 meum
1129 1384 1203 1406 non
1226 1370 1332 1406 vide-

345 1435 431 1466 runt
445 1428 543 1463 oculi
562 1430 638 1464 tui?
654 1433 693 1465 In
713 1430 808 1465 libro
830 1439 893 1465 tuo
910 1431 1058 1465 nonnisi
1078 1430 1230 1478 perfecti
1248 1438 1335 1465 sunt

341 1485 514 1533 scripti⁷‚
545 1487 590 1523 de
621 1489 856 1536 perficiendis
888 1490 988 1525 nulla
1020 1498 1054 1525 te
1085 1502 1174 1525 cura
1207 1497 1334 1524 tenere

339 1546 544 1581 consuevit.
580 1549 698 1583 Malus
728 1548 916 1593 medicus,
951 1549 1014 1596 qui
1043 1562 1117 1584 non
1150 1557 1204 1584 est
1238 1561 1334 1596 opus

338 1604 484 1651 aegrotis
498 1633 506 1649 ,
527 1606 589 1641 sed
612 1605 706 1642 liene
726 1607 905 1643 hahentes
925 1608 1079 1643 fortasse
1099 1608 1330 1643 exulcerans.

341 1662 377 1699 Si
403 1676 477 1698 non
508 1665 562 1700 vis
590 1675 776 1702 errantem
804 1679 994 1714 quaerere,
1022 1667 1151 1702 saltem
1178 1680 1332 1702 occurre

343 1724 556 1759 revertenti.
591 1726 704 1774 Aperi
729 1725 883 1773 januam
920 1726 1202 1771 niisericordiae,
1232 1734 1268 1761 et.
1301 1725 1331 1762 si

343 1792 418 1816 non
440 1783 683 1830 poenitentem
705 1794 861 1834 propter
880 1785 1085 1830 Christum,
1107 1785 1253 1833 suscipe
1275 1785 1332 1821 vel
1353 1788 1379 1823 C
1399 1784 1563 1821 Audistis
1588 1785 1805 1833 loquentem
1829 1784 2032 1821 Dominum
2057 1798 2064 1819 :

347 1839 534 1877 Christum
568 1843 604 1877 in
637 1844 855 1892 poenitente.
889 1845 1086 1892 Liquescat
1117 1845 1239 1880 anima
1273 1853 1335 1881 tua

344 1898 608 1937 misericordiae
631 1916 731 1947 rore,
755 1912 791 1938 et
811 1904 856 1939 ad
880 1903 1073 1939 clamantis
1095 1911 1131 1939 et
1151 1904 1335 1952 pulsantis

342 1961 430 1993 Jesu
460 1961 709 1998 succendatur
743 1963 949 2011 eloquium.
979 1967 1062 1999 Vox
1091 1963 1333 2012 poenitentis,

343 2029 415 2051 vox
432 2020 620 2067 pauperis,
637 2034 710 2056 vox
726 2030 780 2057 cst
796 2025 895 2057 Jesu.
913 2021 1002 2057 Ideo
1020 2035 1103 2058 cum
1119 2021 1224 2057 audis
1238 2021 1334 2058 hanc

343 2088 496 2123 vocem,
516 2079 688 2116 clementi
706 2082 840 2117 affectu
860 2082 1039 2130 liquescat
1055 2081 1178 2116 anima
1195 2090 1274 2126 tua,
1293 2089 1334 2116 ut

342 2143 377 2170 et
400 2144 436 2171 tu
457 2150 540 2173 cum
559 2151 695 2187 sponsa
716 2139 838 2175 dicere
858 2153 972 2187 queas
995 2155 1002 2176 ε

345 2194 516 2240 (jussae-m
538 2206 609 2239 ese,
633 2207 670 2232 ut
687 2201 839 2233 dilectus
860 2201 998 2233 locutas
1014 2208 1078 2233 est.
1098 2199 1276 2235 Ausculta
1297 2206 1334 2233 et

345 2255 467 2290 recole
497 2256 588 2303 quid
622 2257 768 2293 locutus
800 2258 924 2293 Murice
955 2257 1184 2305 Magdalcnae
1199 2285 1207 2301 ,
1242 2257 1332 2305 quid

347 2314 493 2350 mulieri
514 2315 550 2350 in
572 2315 755 2352 adulterio
778 2316 1039 2364 dcprehensae,
1060 2316 1150 2364 quid
1172 2317 1332 2352 Samari-

347 2380 440 2409 tanae
453 2402 462 2418 ‚
484 2374 716 2416 Chananfea‘,
735 2375 930 2420 Zacchaeo,
951 2379 1081 2419 Petro,
1101 2374 1334 2411 Centurioni.

346 2432 403 2469 Ad
421 2441 475 2468 tot
489 2434 635 2482 pietatis
650 2447 840 2469 sermones
857 2442 893 2470 et
913 2435 1120 2470 clementiae
1136 2433 1243 2481 cujus
1259 2446 1334 2469 non

349 2492 539 2528 mollescat
559 2493 737 2536 affectus,
767 2494 908 2530 viscera
931 2494 1163 2542 liquescant?
1184 2493 1239 2530 Ad
1262 2501 1334 2528 tam

1027 2143 1167 2174 Am'ma
1189 2154 1271 2174 mea
1292 2142 1334 2174 li-

1396 1078 1441 1114 ad
1467 1078 1719 1115 obediendum
1746 1078 1992 1128 aptitudinem
2023 1079 2224 1127 grandem,
2243 1080 2393 1117 humilis

1396 1138 1527 1173 anima}
1549 1138 1722 1173 affectum
1746 1137 1992 1174 tractabilem.
2016 1143 2121 1176 Hanc
2143 1139 2389 1175 humilitatem

1397 1209 1473 1231 non
1504 1205 1622 1232 metus
1652 1197 1804 1244 infligit,
1828 1196 1891 1232 sed
1913 1197 2015 1232 calor
2042 1197 2180 1233 amoris
2201 1197 2390 1234 informat.

1398 1259 1518 1291 Metus
1547 1264 1708 1291 mentem
1734 1256 1918 1291 violenter
1939 1256 2128 1303 infringit,
2149 1269 2255 1292 amor
2273 1257 2394 1293 emol-

1398 1314 1460 1358 lit,
1485 1323 1521 1350 et
1551 1324 1714 1351 teneram
1737 1329 1778 1351 ac
1800 1315 1976 1363 liquidam
2001 1315 2160 1351 reddens
2181 1316 2324 1364 effingit
2346 1316 2393 1352 ad

1400 1371 1557 1408 lihitum.
1590 1375 1787 1409 Humilitas
1817 1373 1862 1409 de
1896 1374 2074 1409 charitate
2106 1374 2320 1423 profluens,
2342 1375 2392 1410 nil

1400 1431 1580 1467 molestiae
1601 1433 1759 1480 patitur,
1780 1433 1878 1467 ultro
1908 1432 1953 1468 ad
1978 1433 2093 1468 imum
2125 1433 2263 1478 tendit,
2287 1434 2394 1482 quie-

1400 1503 1506 1525 scens
1527 1504 1610 1526 eum
1629 1491 1921 1541 apprehenderit
1943 1491 2132 1527 inferiora.
2148 1491 2302 1528 Habetis
2315 1491 2393 1540 jam

1399 1549 1435 1584 in
1453 1549 1716 1597 liquefactione
1729 1578 1738 1594 ,
1754 1549 1972 1586 humilitatis
1988 1549 2085 1585 illius
2102 1562 2307 1597 generosae‚
2327 1550 2395 1587 ha-

1399 1607 1492 1644 hetis
1513 1618 1549 1644 et
1567 1608 1790 1644 obedientiae
1810 1622 2024 1658 expressam
2044 1609 2112 1645 sub
2128 1608 2311 1646 brevitate
2328 1622 2395 1646 na—

1399 1675 1533 1703 turam.
1564 1667 1682 1703 Vultis
1707 1675 1744 1703 et
1774 1667 2012 1703 testimonia?
2043 1670 2222 1703 Dominus
2247 1670 2397 1715 aperuit

1398 1727 1489 1761 milti
1517 1740 1658 1770 aurem,
1688 1735 1728 1762 ut
1757 1726 1904 1762 audiam
1927 1739 2012 1762 eum
2034 1726 2139 1775 quasi
2160 1726 2390 1774 magistrum.

2092 1783 2216 1820 audite
2234 1784 2394 1832 liquefa-

1400 1853 1499 1880 ctum
1525 1844 1699 1880 affectum
1725 1844 1910 1893 discipuli.
1932 1846 2026 1892 Ego,
2051 1844 2190 1892 inquit,
2208 1857 2282 1879 non
2303 1857 2393 1879 con-

1399 1906 1553 1948 tradico,
1578 1913 1773 1939 retrorsum
1799 1917 1873 1938 non
1901 1902 1987 1939 abii.
2013 1902 2175 1939 Audistis
2201 1902 2394 1951 quomodo

1400 1964 1599 2012 sequitur:
1625 1963 1750 1999 audite
1772 1961 1849 2011 jam
1877 1962 1923 1999 ad
1952 1975 2065 2011 quam
2090 1962 2230 1998 infima.
2257 1961 2395 2010 Corpus

1400 2037 1518 2058 meum
1544 2025 1631 2058 (ledi
1656 2022 1958 2071 percutientibus,
1989 2030 2024 2056 et
2045 2033 2161 2069 genas
2186 2033 2290 2055 meas
2311 2022 2395 2056 vel-

1400 2082 1556 2117 lentibus
1576 2081 1739 2129 :faciem
1763 2096 1883 2117 meam
1904 2095 1976 2117 mm
1998 2085 2111 2116 averti
2126 2080 2174 2116 ab
2194 2085 2395 2127 increpan-

1400 2140 1493 2175 tibus
1512 2149 1546 2175 et
1565 2140 1845 2188 conspuentibus
1865 2145 1902 2175 Ῐη
1925 2140 2016 2175 me&
2033 2144 2090 2176 An
2109 2152 2184 2175 non
2204 2139 2272 2175 iste
2289 2138 2396 2188 quasi

1399 2199 1443 2234 ad
1471 2212 1602 2248 aspera
1621 2207 1658 2235 et
1682 2199 1828 2247 abjecta
1855 2198 2070 2242 descendit,
2094 2211 2169 2234 non
2194 2197 2312 2246 rigide
2335 2210 2395 2234 re-

1399 2258 1550 2301 sistens,
1576 2257 1640 2294 sed
1669 2258 1910 2306 liquefactus,
1931 2258 2163 2305 effectusque
2190 2254 2396 2292 tractabilis

1399 2315 1446 2351 ad
1476 2315 1642 2351 auditum
1673 2316 1825 2352 calentis
1851 2315 2016 2364 eloquii?
2045 2318 2142 2363 Ergo
2169 2314 2233 2362 qui
2265 2312 2396 2361 hujus-

1402 2374 1502 2410 modi
1536 2374 1754 2410 humilitatis
1786 2382 1822 2410 et
1851 2373 2074 2410 obedientiae
2105 2373 2275 2422 liquescit
2300 2373 2394 2409 affe-

1401 2442 1484 2478 ctu,
1509 2447 1583 2469 non
1606 2435 1736 2482 frigida
1759 2434 1991 2482 tumentique
2014 2434 2113 2469 mole
2135 2431 2339 2469 immobilis
2359 2441 2397 2468 et

1402 2494 1604 2542 rigescens,
1632 2507 1702 2543 pro
1726 2507 1794 2529 suo
1814 2492 1920 2541 jure,
1939 2492 2050 2540 hujus
2072 2491 2141 2528 sibi
2158 2490 2265 2527 verbi
2285 2504 2394 2528 usum

346 2550 585 2587 vehementes
602 2552 710 2588 ssatus
724 2553 932 2598 austrinos,
953 2553 1061 2589 etiam
1077 2553 1122 2589 de
1136 2553 1336 2589 durissimo
1357 2553 1389 2586 D
1404 2553 1566 2602 gloriose
1591 2553 1787 2602 praesumit
1810 2567 1818 2588 :
1840 2554 1982 2587 Anima
2003 2564 2086 2586 mea
2109 2549 2309 2599 liqmsacta
2327 2559 2393 2595 est,

349 2619 502 2659 pectore
533 2611 807 2660 quantumlibet
845 2625 985 2648 annosa
1022 2621 1170 2662 poterat
1203 2612 1337 2660 glacies

344 2670 450 2706 solvi.
467 2672 594 2707 Sentio
612 2684 669 2707 me
689 2672 877 2708 affluentis
892 2672 963 2708 olei
980 2672 1126 2721 liquore
1140 2671 1332 2720 perfundi,

345 2737 380 2764 et
396 2729 503 2765 simili
521 2731 655 2767 affeetu
672 2731 895 2780 liquescere,
911 2732 1058 2780 quoties
1073 2731 1337 2767 misericordiae

346 2796 417 2824 tuae
437 2803 569 2838 opera,
590 2791 726 2836 verba,
749 2800 936 2841 praecepta
957 2804 1146 2828 recenseo.
1171 2791 1336 2840 Ignitum

345 2849 536 2896 cloquium
557 2858 661 2886 tunm
678 2851 748 2887 hoc
770 2851 1025 2895 vehementer,
1048 2859 1084 2887 et
1101 2863 1230 2887 servus
1252 2858 1336 2886 tuus

347 2907 465 2953 diligit
492 2907 583 2944 illud
600 2907 624 2945 ³.
659 2910 801 2957 Diligit,
823 2910 909 2958 qnia
932 2910 1072 2958 indiget
1094 2924 1101 2945 ε
1123 2909 1207 2946 ideo
1236 2917 1336 2945 amat

347 2966 469 3001 anima
491 2980 589 3012 mea,
621 2976 656 3003 et
679 2981 754 3017 prae
776 2969 912 3016 gaudio
934 2969 1105 3018 liquescit
1126 2967 1188 3004 ubi
1215 2977 1251 3004 tu
1275 2968 1333 3004 lo-

346 3037 484 3073 queris.

400 3085 433 3120 7.
466 3087 575 3120 Istam
613 3085 915 3133 liquefactionem
949 3095 1100 3136 oportet
1131 3094 1170 3122 ut
1203 3085 1338 3121 sentiat

344 3143 466 3179 omnis
489 3152 649 3180 sanctus.
678 3149 768 3182 Nam
798 3146 858 3181 illa
887 3146 1058 3195 superius
1084 3145 1270 3194 disputata
1292 3145 1338 3181 li-

1403 2621 1441 2646 ιιῑ
1455 2613 1609 2646 (lilectas
1626 2614 1764 2646 loeutus
1780 2619 1843 2646 est.
1863 2613 1893 2648 Ο
1910 2610 2003 2646 mira
2018 2610 2074 2646 vis
2088 2608 2213 2653 verbi,
2228 2616 2265 2644 et
2280 2608 2395 2657 ignita

1402 2670 1664 2706 vehomenter!
1695 2670 1907 2708 Inflammat
1929 2682 2016 2714 cor,
2038 2675 2245 2705 commutat
2265 2679 2396 2713 renes,

1401 2730 1439 2765 in
1471 2730 1629 2765 nihilum
1659 2729 1695 2765 in
1721 2737 1925 2778 conspectu
1958 2741 2026 2764 suo
2057 2735 2227 2777 respectu
2248 2726 2318 2763 Dei
2338 2726 2398 2764 sui

1403 2789 1562 2824 animam
1585 2787 1738 2837 redigit3
1761 2802 1780 2824 a
1801 2801 1838 2824 se
1859 2788 1941 2837 ipso
1958 2788 2163 2836 liquescere
2179 2794 2216 2822 et
2235 2786 2395 2822 deficere

1403 2847 1508 2889 facit,
1529 2855 1569 2882 ut
1585 2846 1661 2895 jam
1681 2848 1804 2883 anima
1825 2860 1900 2883 non
1919 2847 1965 2883 sit
1985 2859 2128 2892 secum,
2144 2845 2207 2882 sed
2224 2845 2320 2881 sicut
2334 2857 2394 2881 se-

1400 2907 1551 2955 quentia
1575 2907 1770 2942 continent
1795 2906 1906 2954 hujus
1926 2906 2096 2942 versiculi
2120 2920 2127 2941 :
2152 2906 2230 2953 Ego
2251 2916 2398 2952 semper

1400 2976 1516 3002 tecum
1536 2965 1561 3002 ⁵.
1593 2965 1682 3002 Ideo
1710 2979 1786 3001 non
1809 2966 1844 3000 in
1874 2979 1930 3010 se,
1955 2979 2030 3001 non
2055 2977 2199 3008 secum,
2217 2962 2280 2999 sed
2310 2975 2394 2999 cum

1399 3030 1478 3063 Deo
1507 3039 1575 3061 suo
1605 3034 1678 3070 est,
1709 3038 1858 3073 semper
1890 3024 2123 3073 obsequens,
2146 3031 2184 3059 et
2209 3030 2394 3071 quantum

1401 3085 1532 3130 datur,
1553 3097 1734 3132 sequens,
1757 3083 1819 3119 sed
1845 3096 1919 3118 non
1941 3095 2143 3131 assequens
2159 3093 2306 3130 semper
2324 3093 2393 3129 pro

1404 3152 1515 3190 voto,
1533 3157 1600 3180 nec
1622 3144 1685 3179 illo
1707 3143 1903 3179 excellenti
1926 3141 2039 3178 modo
2060 3141 2122 3191 qui
2143 3153 2290 3191 sponsae
2310 3152 2395 3176 cum

393 3276 402 3290 ¹
424 3270 499 3302 l‘sal.
518 3281 572 3300 cxi
587 3295 593 3307 ‚
613 3274 643 3300 9.
658 3290 697 3294 ——
720 3277 729 3292 ²
748 3272 825 3301 l’sal.
841 3282 958 3308 ‹.xv1n‚
985 3275 1033 3301 ts».
1050 3289 1089 3293 —
1108 3269 1183 3301 31d.
1212 3273 1285 3301 lfao.
1303 3290 1341 3293 —
1361 3270 1374 3296 Α
1391 3271 1459 3301 lsai.
1482 3282 1516 3306 11,
1538 3274 1554 3299 Γ)
1571 3294 1577 3304 ,
1595 3275 1624 3299 Γ».
1642 3288 1682 3292 -—
1700 3267 1712 3290 ⁵
1729 3269 1808 3300 Psal.
1826 3278 1930 3305 cxxii,
1955 3270 2067 3298 21-23.
