2504 3928
365 246 456 283 111-

389 267 451 282 ..-d

1154 242 1321 278 OGERH
1353 242 1513 277 SERMO
1542 242 1595 276 lx
2295 240 2391 277 1208

361 332 486 358 ventu.
507 322 571 358 Illa
597 332 777 369 sponsum
799 331 911 354 suum
934 331 1008 353 nou
1030 326 1148 360 amat,
1171 330 1252 366 qua·
1273 315 1402 367 pro⁰²⁰
1413 329 1488 352 non
1518 315 1637 363 diligit
1660 318 1778 351 Deum
1804 326 1922 350 caecus
1941 321 2006 349 est.
2038 314 2172 350 Videre
2201 327 2284 351 eum
2316 329 2391 352 non

360 381 546 417 desiderio
582 379 684 414 illum
718 377 868 413 videndi
902 377 1030 425 aliquo
1066 385 1233 425 tempore
1267 389 1342 412 11011
1364 375 1393 407 Λ
1414 383 1537 424 1101051
1556 375 1620 423 (1111
1643 385 1718 409 non
1746 371 1857 408 habet
1876 385 1942 408 cor
1964 372 2166 417 mundum,
2193 387 2258 409 cor
2280 375 2392 419 mite,

361 440 531 488 suspirat.
559 442 640 474 Nou
671 437 769 472 enim
803 436 989 472 Christum
1025 436 1188 484 perfecte
1221 448 1344 471 amare

361 497 614 540 convincitur,
634 496 697 544 qui
716 509 787 544 pro
807 495 993 531 desiderio
1011 495 1146 531 Christi
1164 495 1239 531 suis
1259 507 1345 529 ocu-

364 558 407 593 115
434 558 616 604 lacrymas
637 568 711 591 nou
734 554 888 602 largitur
910 569 916 590 :
941 553 1003 590 scd
1032 554 1091 589 ille
1112 566 1187 589 non
1210 553 1346 602 poterit

364 630 382 652 a
404 616 548 651 Christo
570 614 709 650 diutius
731 612 907 661 separari,
927 612 990 660 qni
1023 625 1092 661 pro
1121 611 1202 660 ejus
1221 624 1348 647 amore

364 674 532 723 quotidie
553 673 681 709 didicit
707 671 915 719 lacrymari.
939 672 1020 707 Cito
1048 671 1173 707 veniet
1192 671 1237 706 ad
1263 684 1349 706 suos

365 733 555 776 (10100105,
589 740 626 767 01
661 731 846 779 absterget
879 743 1029 766 omnem
1064 731 1266 778 lacrymam
1303 728 1349 764 ab

365 792 481 828 oculis
510 804 640 827 eorum
665 805 672 826 :
700 789 829 838 etjam
861 802 935 825 non
959 789 1029 825 erit
1049 789 1208 838 amplius
1228 800 1349 837 neque

366 851 507 896 luctus,
537 862 658 898 neque.
689 849 848 893 clamor,
873 847 937 884 sed
965 847 1140 895 gaudium
1169 855 1349 883 :eternum

367 910 412 945 dc
449 909 594 945 visione
628 909 784 951 Christi,
814 907 878 956 qui
908 907 1003 942 dixit
1033 906 1223 954 discipulis
1255 905 1348 949 51115,

368 971 452 1003 Nm:
486 981 552 1003 vos
586 970 790 1014 relinquam
818 966 1013 1013 orphanos.
1047 968 1090 1000 Et
1118 972 1173 999 est
1199 976 1352 1007 sensus,

369 1028 452 1061 Non
474 1040 540 1062 vos
561 1030 768 1073 relinquam
796 1026 1002 1072 orplimms;
1031 1023 1067 1059 id
1096 1031 1173 1067 est,
1203 1036 1277 1058 non
1309 1023 1355 1058 ita

1411 447 1476 469 cor
1496 441 1757 476 mansuetum,
1791 444 1855 467 cor
1874 431 2060 468 charitatis
2080 432 2280 469 dulcedine
2311 434 2395 483 ple-

1413 507 1515 529 num.
1541 493 1746 529 Oculorum
1767 491 1892 527 lumen
1917 491 2059 536 amisit,
2083 504 2151 528 nec
2171 492 2293 541 ipsum
2315 492 2395 528 veri

1415 552 1565 588 luminis
1586 559 1774 587 auctorem
1796 548 1950 585 videbit.
1969 551 2003 587 Si
2024 563 2112 600 ergo
2132 554 2250 587 Deum
2270 551 2396 587 videre

1415 611 1603 647 desideras
1617 639 1626 655 ‚
1660 622 1724 645 eor
1760 617 1864 644 tuum
1897 608 1943 644 ab
1977 610 2080 645 omni
2116 610 2219 658 lepra
2249 610 2392 659 peccati

1415 670 1657 706 mundificare
1680 681 1753 704 non
1780 668 1954 717 negligas.
1984 671 2173 704 Memento
2201 681 2266 704 ore
2286 668 2394 704 Veri-

1418 729 1502 765 tatis
1534 729 1643 765 suisse
1680 727 1866 777 prolatum
1904 742 1912 763 :

1415 792 1591 836 qnoniam
1623 792 1695 834 ipsi
1727 787 1846 821 Deum
1877 785 2093 821 videbimt¹.
2130 785 2200 822 Sed
2236 784 2399 821 mundus

1417 860 1492 883 non
1512 846 1613 882 videt
1629 858 1712 881 cum
1727 873 1736 890 ,
1753 844 1838 894 quia
1860 857 1935 880 non
1957 843 2069 880 habet
2087 857 2152 880 cor
2171 843 2367 879 mundum.

1469 905 1504 942 3.
1536 904 1700 941 Mundus
1721 903 1856 939 dicitur
1886 902 2056 952 pluribus
2088 902 2219 938 modis.
2253 902 2398 939 Dicitur

1420 965 1581 1001 mundus
1602 964 1696 1000 trina
1717 963 1887 999 machina
1909 975 2056 1006 rerum,
2077 962 2281 998 coelestium
2298 989 2307 1005 ,
2330 969 2401 996 ter·

1423 1024 1591 1060 restrium
1608 1051 1616 1067 ‚
1640 1030 1676 1058 et
1695 1021 1928 1058 infernorum
1946 1034 1956 1065 3
1978 1020 2111 1055 coelum
2128 1047 2137 1064 ‚
2160 1028 2198 1055 et
2216 1018 2400 1068 quidquid

1949 729 2062 762 Beati
2092 729 2227 762 mundo
2263 729 2396 771 corde,

370 1084 520 1120 dabitur
548 1084 706 1132 Spiritus
735 1096 802 1132 per
828 1095 906 1123 me,
929 1090 968 1117 ut
994 1094 1063 1129 ego
1093 1094 1166 1116 non
1194 1081 1260 1116 sim
1290 1094 1354 1115 10-
1376 1078 1401 1111 B
1422 1083 1503 1119 coeli
1524 1081 1664 1118 ambitu
1686 1081 1911 1117 continetur.
1936 1079 2081 1114 Dicitur
2102 1077 2265 1114 mundus
2291 1091 2400 1113 amor

369 1142 524 1178 bist-um.
544 1143 627 1177 Non
650 1155 713 1177 vos
739 1145 941 1187 relinquam
966 1141 1160 1188 orphanos.
1185 1140 1351 1188 Orphani

369 1214 510 1247 gra‘ce,
539 1201 651 1236 latine
681 1200 822 1248 pupilli.
856 1200 922 1236 llic
948 1199 1087 1234 indicat
1111 1212 1149 1234 se
1178 1212 1257 1233 esse
1287 1202 1353 1234 l'a-

372 1270 463 1295 trem
483 1260 565 1295 11115.
583 1259 736 1295 Veniam
757 1258 802 1293 ad
831 1272 897 1294 vos
928 1267 1013 1306 post
1043 1258 1354 1293 resurrectionem

370 1320 512 1362 carnis,
542 1318 604 1366 qui
643 1317 834 1352 vobiscum
864 1330 945 1351 sum
977 1329 1125 1364 semper
1161 1315 1356 1364 prsesentia

370 1378 571 1425 0111105111ῑί5
596 1377 742 1411 divium.
773 1379 818 1411 lic
841 1376 961 1409 adhuc
983 1377 1178 1413 modicum.
1197 1384 1232 1408 et
1251 1388 1354 1408 iniit]-

371 1439 532 1479 (lnsjam
560 1449 630 1469 mm
657 1449 714 1469 mc
732 1437 854 1475 videm
875 1448 940 1468 vos
959 1443 1079 1468 alitem
1102 1432 1271 1467 videbitis
1287 1446 1354 1467 me.

373 1495 483 1531 Bonis
517 1503 659 1529 tautum
688 1494 861 1541 apparuit
888 1492 1057 1528 Christus
1085 1499 1169 1539 post
1192 1503 1355 1526 resurre-

372 1553 554 1597 ctionem,
587 1565 661 1587 non
692 1552 838 1600 pravis,
860 1559 897 1586 01
917 1551 1103 1599 perversis
1127 1548 1358 1585 amatoribus

374 1611 516 1647 mundi.
545 1614 745 1647 Possumus
773 1609 896 1646 dicere
919 1609 1021 1658 quod
1049 1609 1238 1645 modicum
1270 1617 1358 1644 tem-

373 1684 442 1718 pus
467 1669 603 1705 dicitur
629 1678 746 1704 totum
771 1677 918 1718 tempus
939 1677 1074 1704 nostrae
1096 1667 1353 1703 mortalitatis:

371 1743 448 1778 quo
475 1730 581 1765 linito
601 1729 794 1765 auferetur
813 1728 965 1776 impius,
985 1741 1032 1763 ne
1050 1727 1175 1763 videat
1200 1726 1355 1775 gloriam

373 1789 460 1833 Dei,
477 1801 588 1837 quam
606 1786 789 1824 videbunt
804 1786 906 1835 justi.

1418 1141 1567 1186 mundi,
1583 1148 1623 1176 ut
1644 1140 1700 1175 hic
1719 1154 1726 1176 2
1750 1139 1880 1174 Adhuc·
1900 1139 2096 1179 modicum,
2117 1145 2152 1172 et
2170 1137 2327 1172 mundus
2346 1148 2402 1170 me

1411 1207 1494 1247 jam
1516 1214 1589 1235 nnn
1616 1201 1726 1234 videt.
1761 1197 1906 1234 Dicitur
1931 1204 1967 1232 et
1995 1195 2159 1231 mundus
2187 1195 2251 1243 qui
2282 1202 2337 1230 est
2356 1193 2403 1230 ab

1421 1260 1524 1295 omni
1550 1259 1660 1295 sorde
1680 1259 1778 1294 lotus
1809 1266 1846 1293 et
1872 1256 2056 1300 mundus,
2078 1256 2173 1291 sicut
2197 1263 2252 1291 est
2274 1254 2372 1290 istud
2394 1266 2415 1290 :¹

1423 1335 1436 1349 «
1456 1317 1583 1353 Mundi
1616 1330 1684 1366 per
1714 1316 1975 1352 abstinentiam
2010 1314 2081 1364 ipsi
2113 1326 2288 1350 canamus
2319 1313 2403 1362 glo-

1422 1393 1436 1406 »
1453 1375 1543 1411 riam
1560 1381 1587 1410 ².
1605 1393 1619 1407 »
1635 1379 1689 1411 De
1710 1375 1772 1410 illo
1787 1375 1868 1410 solo
1884 1373 2025 1409 mundo
2037 1401 2046 1416 ,
2069 1373 2146 1408 imo
2161 1372 2207 1408 (10
2227 1372 2300 1408 11115
2316 1372 2405 1408 50115

1422 1433 1642 1478 immundis,
1665 1433 1804 1469 scilicet
1819 1431 2046 1468 amatoribus
2066 1431 2216 1475 mundi,
2238 1429 2376 1466 dicitur
2393 1446 2401 1467 :

1422 1491 1586 1528 Mundus
1606 1504 1679 1527 non
1698 1490 1799 1527 videt
1813 1494 1948 1528 Deum.
1966 1493 2058 1526 Nam
2075 1493 2138 1537 qni
2157 1491 2282 1536 diligit
2298 1502 2405 1524 mun-

1424 1553 1511 1586 dum
1531 1579 1539 1594 ,
1563 1564 1635 1586 non
1650 1559 1701 1586 est
1720 1551 1883 1585 charitas
1902 1550 2024 1584 Patris
2042 1553 2079 1584 in
2100 1561 2142 1583 eo
2156 1545 2182 1584 3.
2202 1546 2316 1584 Valde
2336 1547 2404 1584 sibi

1424 1609 1670 1646 adversantur
1688 1609 1734 1645 ad
1758 1609 1916 1645 invicem
1939 1621 2045 1644 amor
2065 1606 2193 1643 mundi
2209 1635 2218 1652 ,
2241 1615 2277 1643 et
2302 1619 2408 1643 amor

1424 1668 1506 1704 Dei.
1531 1668 1566 1705 Si
1584 1681 1690 1704 amor
1707 1666 1835 1702 mundi
1853 1665 2017 1710 habitat,
2034 1679 2110 1702 non
2127 1673 2182 1702 est
2202 1678 2276 1714 quo
2292 1665 2407 1701 intret

1424 1740 1530 1763 amor
1553 1727 1630 1762 Dei.
1654 1731 1769 1763 Amor
1787 1726 1855 1763 Dei
1875 1725 2064 1761 hominem
2085 1732 2235 1761 revocat
2253 1737 2274 1760 a
2295 1736 2407 1760 mun-

1424 1786 1473 1822 do
1486 1815 1496 1830 ‚
1517 1794 1553 1821 01
1571 1799 1677 1822 1111101
1696 1785 1824 1821 mundi
1843 1784 2033 1820 hominem
2055 1797 2075 1820 a
2097 1787 2189 1820 Deo.
2210 1786 2318 1820 Unus
2336 1783 2406 1819 de-

428 1848 461 1883 2.
480 1847 588 1894 Quod
606 1855 728 1882 autem
746 1845 901 1890 dicitur,
919 1848 997 1893 Ego
1014 1851 1111 1887 vivo,
1127 1855 1163 1880 et
1178 1858 1244 1880 vos
1258 1848 1359 1880 vive-
1378 1844 1404 1878 C
1421 1845 1525 1893 jieit‚
1558 1845 1653 1881 alius
1673 1845 1818 1880 extollit
1845 1858 1853 1880 :
1885 1856 1984 1880 110115
2013 1856 2121 1879 suum
2152 1855 2406 1892 possessorem

375 1911 443 1951 tis,
477 1907 528 1942 sic
548 1915 601 1943 est
630 1905 912 1955 intelligendum
938 1920 945 1940 z
972 1909 1050 1955 Ego
1070 1905 1156 1940 vivo
1185 1905 1250 1953 qui
1277 1917 1356 1940 sum

376 1966 469 2010 vita,
493 1974 529 2002 et
552 1979 619 2015 per
640 1978 698 2001 me
725 1965 836 2001 vitam
864 1978 930 2001 vos
956 1964 1102 2000 vivetis.
1139 1967 1219 2000 Hoc
1242 1963 1359 2000 verbo

375 2025 547 2073 praesenti
564 2053 572 2069 ‚
594 2028 674 2059 vien
688 2052 696 2067 ‚
717 2036 866 2073 semper
885 2037 973 2059 usus
992 2031 1066 2067 est,
1085 2022 1170 2071 quia
1189 2035 1273 2058 mox
1291 2023 1362 2058 erit

379 2083 502 2119 sutura
523 2082 758 2119 resurrectio.
781 2082 837 2118 Ad
858 2082 940 2118 illos
961 2082 1078 2117 utitur
1101 2081 1243 2125 futuro,
1264 2094 1360 2129 quo-

378 2154 457 2176 rum
480 2149 534 2177 est
566 2141 600 2176 in
633 2142 704 2176 [ine
730 2141 853 2177 futura
881 2139 1118 2176 resurrectio.
1144 2141 1187 2174 In
1212 2142 1278 2174 illa
1304 2141 1361 2174 die

380 2213 439 2234 vos
462 2205 682 2247 cognoscetis
702 2205 792 2247 quia
814 2214 879 2247 ego
901 2204 939 2234 in
960 2200 1096 2242 Patre,
1123 2207 1158 2233 et
1185 2200 1300 2234 Pater
1322 2203 1360 2233 in

377 2272 434 2293 me
450 2268 523 2302 est;
549 2268 581 2293 et
607 2273 672 2294 vos
691 2264 727 2293 in
747 2273 825 2303 me,
847 2268 881 2293 et
901 2273 966 2307 ego
987 2263 1024 2293 liz
1041 2257 1143 2293 vobis
1157 2272 1167 2292 :
1186 2270 1228 2293 ac
1247 2258 1274 2293 si
1300 2257 1359 2293 di-

376 2324 457 2360 cat,
480 2320 520 2352 In
543 2316 602 2352 die
623 2317 849 2361 novissimo,
873 2316 1025 2365 quando
1044 2316 1227 2364 completa
1250 2315 1360 2351 fuerit

382 2382 505 2409 vestra
524 2374 765 2419 resurrectio,
790 2375 1024 2424 cognoscetis
1037 2401 1046 2419 ‚
1069 2374 1261 2421 quomodo
1281 2387 1361 2409 cre-

378 2432 462 2468 ditis
477 2461 485 2477 ,
503 2433 589 2481 quia
609 2446 676 2481 ego
699 2433 733 2468 in
756 2437 862 2469 Patre
883 2433 995 2468 modo
1010 2460 1018 2476 ,
1043 2441 1217 2480 tanquam
1237 2432 1362 2467 radius

380 2493 414 2527 in
436 2492 535 2536 sole,
563 2506 678 2527 unum
704 2506 787 2528 cum
810 2493 909 2541 ipso,
934 2500 969 2527 et
986 2504 1054 2528 vos
1075 2492 1112 2526 in
1135 2504 1192 2526 me
1214 2499 1254 2526 ut
1276 2492 1359 2540 pal-

379 2551 486 2586 mites
505 2550 539 2585 in
561 2551 655 2595 vite3
678 2559 714 2586 et
731 2564 799 2599 ego
820 2551 857 2586 in
881 2550 987 2586 vobis
1001 2578 1011 2594 ,
1030 2558 1070 2586 ut
1090 2550 1128 2585 in
1147 2549 1362 2598 palmitibus

1424 1904 1551 1953 dejicit
1577 1905 1613 1940 in
1642 1904 1851 1948 infernum,
1883 1903 1977 1939 alius
2002 1902 2194 1946 sublevat,
2224 1909 2260 1937 et
2284 1909 2407 1937 trans-

1425 1964 1538 2000 mittit
1557 1964 1593 1999 in
1613 1963 1761 1999 coelum.
1783 1967 1900 2000 Amor
1923 1961 2053 1998 mundi
2074 1968 2191 1996 totum
2219 1959 2407 1995 mundum

1425 2023 1579 2072 quaerit,
1602 2030 1639 2058 ct
1669 2034 1862 2070 nunquam
1895 2020 2067 2065 satiatum
2101 2020 2178 2054 imo
2207 2031 2290 2054 cum
2322 2018 2409 2067 plus

1426 2082 1556 2125 habet,
1582 2081 1665 2130 plus
1695 2080 1798 2129 cupit
1830 2092 1979 2128 semper
2007 2077 2146 2114 habere
2172 2092 2179 2113 :
2206 2090 2311 2112 amor
2341 2076 2410 2113 Dei

1427 2154 1543 2176 unum
1561 2139 1663 2189 cupit
1678 2151 1826 2188 semper
1842 2137 1980 2174 habere
1999 2138 2142 2182 solum;
2164 2136 2229 2172 illo
2249 2144 2408 2171 conten-

1428 2209 1484 2236 tus
1503 2208 1557 2235 est
1571 2228 1580 2244 ,
1604 2199 1653 2235 nil
1674 2198 1773 2234 aliud
1787 2196 1863 2246 jam
1884 2197 2076 2247 possidere
2094 2202 2276 2245 peroptat.
2294 2197 2412 2230 Amor

1426 2260 1493 2296 Dei
1518 2259 1607 2295 nihil
1629 2257 1728 2294 aliud
1749 2257 1883 2306 quaerit
1902 2256 1971 2292 nisi
1992 2256 2111 2292 solum
2132 2258 2267 2291 Deum.
2294 2253 2410 2290 Valde

1427 2318 1564 2354 nobilis
1578 2326 1632 2353 est
1650 2330 1757 2353 amor
1777 2317 1868 2352 iste:
1888 2328 2000 2351 00100
2019 2314 2217 2363 pulchrum
2235 2313 2408 2361 dedigna-

1427 2385 1487 2412 tur
1504 2390 1646 2419 amarc,
1670 2384 1805 2424 praeter
1824 2374 2009 2410 inviolatae
2028 2372 2315 2422 pulchritudinis
2336 2371 2407 2407 sso-

1427 2448 1503 2471 rem
1517 2464 1526 2479 ,
1545 2435 1646 2470 illum
1666 2433 1805 2470 scilicet
1822 2433 1885 2481 qui
1906 2432 2015 2476 (11011,
2034 2435 2112 2479 Ego
2128 2431 2291 2477 sumflos
2308 2444 2409 2465 cam-

1420 2498 1467 2542 pi
1481 2503 1514 2529 cl
1534 2496 1653 2528 lilium
1675 2495 1892 2527 convallium
1906 2492 1931 2527 4.
1951 2491 2085 2528 Omnia
2103 2503 2186 2539 quae
2204 2498 2309 2535 sunt,
2327 2502 2410 2538 quae

1427 2553 1560 2590 Christi
1581 2565 1656 2588 non
1678 2559 1785 2596 sunt,
1810 2564 1885 2586 non
1919 2550 2038 2586 solum
2063 2562 2138 2585 non
2162 2549 2316 2598 quaerit,
2344 2549 2408 2585 sed

379 2610 475 2645 vitis.
507 2610 577 2645 Sed
611 2610 772 2646 mundus
795 2623 862 2645 nec
886 2623 984 2645 nunc
1017 2609 1142 2652 videt,
1177 2622 1244 2645 nec
1275 2618 1362 2645 tunc
1378 2612 1411 2646 D
1428 2611 1535 2647 ctiam
1559 2619 1734 2659 tanquam
1753 2618 1916 2646 stercora
1936 2607 2087 2657 putrida
2105 2607 2253 2644 abdicat
2271 2615 2307 2643 et
2324 2606 2412 2643 sub-

379 2667 519 2703 videbit
540 2672 656 2704 Deum
676 2669 711 2704 in
732 2682 796 2703 sua
816 2668 1007 2716 majestate
1029 2668 1247 2717 fulgentem.
1271 2668 1363 2714 Quis

378 2736 432 2763 cst
454 2728 520 2763 iste
553 2727 714 2762 mundus
737 2728 976 2771 maledictus,
1000 2741 1019 2762 a
1052 2740 1128 2775 quo
1151 2726 1267 2762 videri
1288 2740 1363 2762 non

380 2787 515 2835 poterit
535 2788 658 2822 Deus?
679 2786 915 2831 Maledictus,
935 2787 1085 2834 inquam
1101 2814 1110 2830 ,
1131 2785 1362 2830 maledictus,

364 2854 411 2879 >ct
434 2846 529 2880 ultra
550 2858 661 2893 quam
692 2845 761 2880 dici
790 2854 912 2894 potest
941 2845 1159 2881 maledictus
1182 2844 1275 2888 erit,
1297 2845 1361 2892 (1111

380 2904 579 2939 Dominum
616 2904 805 2940 Christum
839 2905 1062 2940 zeternaliter
1096 2916 1171 2939 non
1204 2902 1358 2939 videbit.

379 2962 541 2998 Mundus
573 2976 657 2997 cum
693 2975 767 2997 non
801 2962 960 3007 videbit3
994 2962 1177 3007 mundus,
1213 2962 1249 2998 id
1279 2970 1357 3006 est,

380 3021 507 3057 mundi
529 3030 684 3057 amator.
709 3027 903 3058 Amatores
933 3022 1031 3057 enim
1054 3021 1182 3057 mundi
1200 3050 1209 3066 ,
1233 3022 1361 3058 mundi

379 3080 532 3115 nomine
561 3088 754 3115 vocantur.
781 3084 896 3116 Nemo
923 3094 960 3116 sc
981 3080 1131 3116 seducat
1155 3095 1161 3115 :
1186 3081 1362 3129 quicum-

379 3151 452 3186 (1110
472 3139 591 3185 diligit
615 3138 815 3181 muudum,
849 3139 936 3174 mihi
959 3139 1106 3182 credat,
1137 3152 1212 3174 non
1244 3139 1363 3189 diligit

379 3200 522 3238 1)011111;
558 3206 591 3232 01
624 3197 750 3233 sinon
782 3198 924 3246 diligit,
958 3198 1057 3233 unde
1090 3197 1262 3233 videbit?
1289 3199 1361 3245 Qui

428 3330 433 3342 ¹
455 3324 563 3354 Manli.
583 3336 610 3356 v,
632 3328 661 3354 Β.
686 3342 725 3347 --
750 3329 758 3343 ²
778 3325 943 3364 1110101111
963 3327 1104 3354 Primam.
1124 3343 1151 3345 >-

1428 2677 1573 2705 sannat.
1593 2672 1731 2706 Cuncta
1748 2668 1914 2717 spernit,
1937 2675 2068 2703 cuncta
2084 2665 2263 2716 despicit,
2285 2666 2412 2703 omnia

1429 2728 1498 2765 sibi
1521 2729 1725 2772 vilescunt,
1755 2727 1843 2776 quia
1862 2727 1894 2763 ei
1915 2727 2016 2762 solus
2035 2725 2202 2762 Christus
2219 2724 2409 2761 dulcescit.

1429 2790 1460 2823 Ο
1491 2786 1576 2822 felix
1601 2799 1724 2831 amor,
1752 2799 1775 2821 o
1807 2785 1912 2821 beate,
1935 2787 2061 2820 amor!
2093 2784 2156 2832 qui
2179 2791 2214 2819 te
2244 2781 2408 2828 habent,

1430 2844 1527 2881 beati
1550 2853 1658 2889 sunt;
1682 2844 1746 2893 qui
1774 2853 1808 2880 te
1833 2843 1991 2888 liabent,
2021 2842 2142 2878 felices
2164 2849 2277 2878 sunt:
2299 2841 2410 2878 nimis

1427 2912 1483 2940 est
1511 2904 1623 2949 felix,
1654 2904 1763 2940 nimis
1792 2912 1847 2940 est
1868 2903 2020 2948 beatus,
2045 2901 2150 2949 cujus
2182 2908 2324 2936 tantum
2355 2909 2410 2937 est

1428 2962 1577 2999 dilectio
1593 2963 1774 3000 Christus.
1795 2961 2008 2998 Habeamus
2021 2989 2030 3006 ‚
2048 2958 2295 3004 dilectissimi,
2312 2958 2410 2995 hanc

1430 3022 1660 3067 felicitatem,
1679 3021 1879 3058 habeamus
1899 3021 2017 3057 nostri
2039 3018 2224 3057 Creatoris
2241 3017 2411 3054 dilectio-

1428 3095 1525 3118 nem.
1549 3085 1590 3118 In
1613 3082 1682 3117 hoc
1700 3082 1937 3131 cognoscitur
1954 3088 2095 3117 amator
2111 3077 2264 3123 Christi,
2285 3077 2313 3113 si
2331 3091 2410 3113 ser-

1428 3149 1489 3177 vat
1507 3149 1692 3190 praecepta
1713 3141 1858 3178 Christi.
1880 3140 1989 3177 Unde
2008 3137 2176 3186 sequitur
2193 3151 2200 3172 :

1481 3200 1516 3236 4.
1543 3202 1616 3245 Qui
1641 3198 1749 3234 liobe!
1768 3201 1947 3234 tininclala
1965 3211 2047 3232 mea
2069 3206 2104 3231 et
2121 3204 2240 3231 servat
2258 3208 2302 3230 ea
2314 3223 2324 3239 ,
2346 3197 2409 3230 ille

1188 3323 1194 3341 ⁴
1219 3328 1226 3354 1
1245 3327 1334 3355 Joau.
1354 3337 1396 3361 11,
1421 3324 1752 3361 μ’μ’-4611111100,
1781 3327 1806 3354 1.
