2418 3949
46 211 121 248 313

45 355 81 382 et
107 359 181 382 non
207 349 326 381 inveni
356 347 460 380 illum
482 357 493 377 :

46 406 147 442 mihi.
170 405 240 443 Sed
260 404 464 454 capitulum
489 402 559 438 hoc
582 402 735 438 alterius
759 402 939 450 temporis
959 409 1042 450 eget

48 473 229 510 tractatu,
255 478 302 501 ex
322 465 400 500 otio
426 462 562 499 discuti
587 463 733 499 volens.
759 461 952 498 Sufficient
971 461 1040 497 ista

46 537 123 561 non
146 537 216 574 pro
238 522 511 573 magnificentia
532 521 611 566 sui,
630 521 694 558 sed
716 534 787 570 pro
807 520 946 557 nostris
962 519 1040 556 dis-

45 592 176 634 putata
202 582 369 628 viribus,
399 581 561 631 qualiter
591 581 714 617 anima
743 592 890 629 sponsae
914 580 1038 628 lique-

45 643 115 681 scit
143 643 189 680 ad
216 643 403 692 loquelam
433 641 558 678 dilecti
589 641 646 677 sui
670 644 757 677 Jesu
788 640 946 679 christi.
972 639 1037 689 qui

45 702 138 739 vivit
158 709 196 738 et
220 709 350 750 regnat
369 713 437 750 per
456 700 591 736 saecula
611 699 847 736 saeculorum.
869 703 1001 736 Amen.

47 841 653 854 nssmusz==-nmmwum===v===v=w=u==uxv=
659 841 739 850 ινινιι
745 841 868 850 ικιιινιιι
874 841 952 850 ιιινινι
959 840 1041 850 uum

305 969 555 1027 SERMO
607 970 782 1026 XLV.

54 1119 188 1161 Quaesc'vi
199 1142 208 1155 ,
226 1125 255 1149 et
270 1129 333 1150 non
347 1118 450 1149 inveni
468 1116 554 1148 illum
573 1129 585 1148 .·
601 1119 735 1154 vocavi,
754 1125 783 1149 et
801 1129 864 1149 non
882 1117 1042 1162 respondit

93 1172 176 1204 mihi.
203 1175 392 1203 Invenerunt
410 1182 457 1202 me
482 1170 627 1202 custodes
644 1171 798 1208 civitatis,
822 1179 1042 1216 percusserunt

94 1232 126 1256 et
147 1224 388 1256 vulneraverunt
418 1236 483 1262 me,
512 1224 651 1256 tulerant
668 1224 800 1269 pallium
826 1237 948 1262 meum,
979 1232 1038 1257 etc.

94 1278 210 1310 Cantic.
229 1288 296 1320 cap.
317 1290 350 1317 v,
368 1275 435 1314 Ji‘j‘.
456 1282 474 1308 6
491 1302 498 1315 ‚
524 1281 554 1309 7.

434 1404 646 1418 -ώθοομ

101 1532 134 1567 1.
177 1532 269 1567 Cum
305 1529 371 1566 tibi
408 1529 519 1565 fuerit
557 1529 714 1566 dilectus
752 1537 838 1566 tuus
869 1529 1037 1579 elapsus,

47 1602 123 1625 non
144 1588 210 1625 tibi
238 1588 333 1625 redit
353 1588 399 1624 ad
429 1588 573 1624 libitum
598 1604 605 1625 ε
629 1590 776 1626 vexatio
797 1589 874 1625 haec
895 1589 957 1625 dat
978 1590 1037 1625 in-

47 1648 236 1684 tellectum
255 1648 394 1693 amori,
416 1656 452 1683 et
472 1657 670 1696 augmenta
690 1649 907 1684 affectuum.
927 1652 1034 1685 lN‘uuo

45 1706 191 1752 visitat,
211 1720 310 1743 nunc
323 1716 571 1743 evanescente
589 1708 802 1744 visitatione
820 1716 931 1744 vexat
949 1709 1039 1744 ami-

47 1779 138 1802 cam.
170 1768 336 1803 Varietas
364 1767 441 1802 haec
469 1768 626 1803 amantis
654 1780 720 1803 cor
748 1776 784 1803 et
811 1767 1036 1804 desiderium

759 209 808 242 IN
837 207 1061 251 CANTICA,
1091 204 1253 241 SERMO
1280 207 1392 241 XLV.

43 300 184 339 sponso
201 286 391 337 competit.
408 288 501 322 Nam
517 283 628 320 ethic
643 283 835 333 sequitur:
859 285 1034 329 Qua-sivi,
1050 282 1096 302 '⁸⁴
1108 281 1232 330 inquit
1261 296 1268 317 :

517 346 668 386 vocavi,
691 351 728 378 et
752 356 825 378 non
852 344 1043 391 respondit
1059 343 1091 377 A
1108 341 1288 390 scriptum
1308 351 1362 377 est
1379 341 1462 387 hoc,
1480 341 1552 377 hoc
1568 341 1681 378 modo
1697 356 1704 378 ε
1729 343 1906 387 Qaoerent
1918 356 1976 378 me
1992 348 2100 387 mali,

2028 207 2100 244 314

1297 285 1449 327 vocavi,
1485 289 1520 317 et
1548 295 1621 317 non
1650 283 1843 330 respondit
1866 282 1970 320 milei.
2001 284 2100 321 Alibi

1108 408 1144 434 et
1163 413 1234 434 mm
1254 404 1439 435 invenient
1458 415 1468 435 .·
1485 401 1683 446 vocabunt,
1705 411 1740 437 ec
1757 415 1830 437 non
1853 403 2055 438 exaudiam
2074 409 2100 439 ².

1106 458 1294 506 Quidnam
1311 468 1367 495 est
1383 460 1455 495 hoc
1469 460 1570 508 quod
1585 460 1658 496 hoc
1674 461 1796 510 ipsum
1814 469 1886 497 tam
1901 474 2102 498 commune

1104 525 1160 553 est
1188 516 1297 554 bonis
1327 526 1363 554 et
1394 519 1524 554 malis?
1549 522 1623 555 Cur
1649 519 1908 556 indifferenter
1931 521 2102 571 utrisque

1103 585 1158 621 te,
1184 580 1271 614 Jesu
1304 577 1422 623 bone,
1444 577 1644 614 subducis?
1671 582 1809 615 Verum
1838 579 1992 628 quidem
2023 594 2101 617 non

1105 636 1386 682 indifferenter,
1405 636 1470 673 sed
1492 637 1652 673 multum
1672 637 1902 675 differenter.
1919 643 1973 675 De
1994 641 2100 677 malis

1105 694 1242 731 dicitur
1260 710 1267 731 :
1292 697 1483 740 Quoerent,
1500 705 1535 730 ec
1547 709 1619 730 non
1640 700 1832 732 invenient.
1850 700 1995 746 Sponsa
2009 711 2101 736 vero

1105 767 1182 791 non
1210 768 1248 792 se
1272 755 1513 792 inventuram
1541 754 1699 800 diffidit,
1724 755 1789 790 sed
1814 769 1888 791 non
1915 757 2101 796 invenisse

1107 823 1293 851 causatur.
1311 816 1497 860 Quaesivi,
1522 823 1557 849 et
1574 828 1646 849 non
1668 818 1788 849 invem*
1807 818 1910 850 illum
1928 830 1939 850 .·
1957 823 2099 861 vocavi,

1103 883 1139 910 et
1164 888 1237 910 non
1266 876 1454 922 respondit
1477 874 1579 908 milei.

1158 933 1193 969 2.
1223 936 1254 970 Ο
1272 933 1420 982 quoties
1440 932 1594 981 quaesivi
1613 931 1818 969 Dominum
1839 936 1966 970 Jesum
1988 935 2103 971 medi-

1106 992 1242 1038 tando,
1266 992 1440 1029 invocavi
1460 991 1605 1028 orando
1625 1006 1632 1027 :
1655 991 1718 1028 sed
1741 1004 1809 1027 nec
1833 992 2026 1029 meditatio
2044 995 2101 1030 ef—

1059 1057 1086 1092 B
1107 1053 1202 1088 fecta
1228 1060 1284 1089 est
1313 1052 1456 1096 dulcis,
1483 1064 1552 1087 nec
1574 1051 1725 1100 pinguis
1748 1051 1887 1087 oratio!
1913 1052 2003 1088 Ideo
2025 1066 2100 1089 non

1106 1112 1236 1148 inveni
1264 1112 1393 1158 illum,
1418 1124 1488 1148 nec
1519 1110 1716 1160 respondit
1744 1111 1845 1146 mihi.
1873 1114 1947 1148 Nee
1977 1112 2105 1149 inveni

1106 1172 1211 1208 illum
1233 1172 1355 1221 ipsum
1372 1200 1381 1217 ,
1399 1184 1467 1207 nec
1489 1184 1574 1216 sua3
1590 1170 1654 1206 sed
1673 1183 1786 1219 supra
1808 1170 1960 1207 modum
1983 1172 2105 1209 dulcia

1107 1238 1194 1267 sunt
1219 1243 1303 1280 quae
1329 1230 1525 1280 respondit
1551 1229 1653 1265 mihi.
1673 1233 1722 1265 At
1748 1229 1891 1265 utinam
1916 1230 2006 1266 mihi
2028 1232 2104 1267 fre-

1106 1298 1267 1339 quenter
1289 1289 1516 1339 respondeat
1535 1302 1620 1325 eum
1638 1289 1697 1324 vel
1714 1288 1798 1336 lego
1811 1316 1820 1333 ,
1841 1288 1900 1324 vel
1922 1302 2002 1325 oro.
2023 1293 2078 1326 Ita
2093 1318 2102 1335 ‚

1105 1353 1193 1386 Jesu
1223 1349 1345 1393 bone,
1370 1348 1558 1398 responde
1587 1348 1677 1384 mihi
1705 1355 1866 1396 quantas
1888 1347 2009 1384 habeo
2031 1349 2105 1385 ini-

1106 1409 1267 1458 quitates
1293 1417 1329 1444 ct
1350 1416 1520 1457 peccata,
1547 1408 1686 1443 scelera
1709 1420 1789 1443 mea
1809 1415 1846 1442 et
1871 1406 2004 1444 delicta
2023 1421 2106 1445 mea

1108 1468 1265 1504 ostende
1281 1468 1382 1503 mihi.
1398 1466 1598 1503 Absconde
1611 1467 1804 1515 paulisper
1819 1466 1947 1502 faciem
1968 1476 2067 1503 tuam
2080 1468 2106 1514 ³,

1108 1534 1147 1563 ut
1167 1539 1249 1562 mea
1272 1526 1360 1562 mihi
1378 1525 1523 1562 foeditas
1540 1525 1741 1561 salubriter
1761 1526 1970 1562 innotescat
1988 1527 2045 1563 vel
2067 1528 2104 1562 in

1103 1586 1347 1622 meditatione
1372 1598 1472 1630 mea,
1494 1585 1551 1620 vel
1572 1585 1608 1620 in
1630 1585 1788 1620 lectione
1809 1598 1996 1621 sacrarum
2014 1586 2109 1621 Scri-

1101 1649 1425 1695 ptui·arum.Tunc
1439 1645 1536 1680 enim
1554 1658 1612 1680 me
1624 1645 1819 1680 inveniunt
1836 1644 2009 1680 custodes
2020 1645 2107 1681 civi-

1104 1706 1384 1751 tatis,doct01·es
1401 1705 1531 1748 sancti,
1544 1718 1628 1740 cum
1644 1718 1746 1739 meos
1762 1705 1799 1739 in
1811 1717 1941 1740 eorum
1959 1705 2106 1754 scriptis

1105 1778 1228 1801 mores
1257 1765 1421 1801 invenio.
1445 1768 1549 1800 Tunc
1571 1777 1629 1799 me
1655 1764 1873 1808 inveniunt,
1896 1777 1979 1799 eum
2003 1777 2106 1800 meos

48 1825 165 1874 rapit,
187 1834 223 1862 et
249 1834 396 1875 reparat
425 1826 470 1862 ad
495 1839 614 1862 usum.
639 1830 689 1864 Ut
716 1827 873 1863 dilectus
897 1828 1043 1863 locutus
1062 1826 1089 1861 C
1107 1838 1229 1861 mores
1247 1834 1283 1860 et
1302 1826 1390 1860 vitia
1406 1825 1615 1873 depingunt
1635 1839 1643 1869 ;
1667 1824 1906 1873 percutiunt,
1929 1837 2013 1859 eum
2031 1823 2107 1860 dis-

49 1891 124 1928 est,
148 1884 318 1933 liquescit
343 1885 466 1920 anima
495 1893 568 1921 tua.
591 1886 724 1922 Anima
754 1895 814 1922 tua
844 1887 1042 1934 liquefacta

49 1943 191 1988 deficit,
214 1944 310 1979 ferre
329 1957 405 1979 non
429 1945 576 1989 valens;
593 1953 630 1979 et
650 1945 808 1981 dilectus
829 1954 913 1981 tuus
929 1945 1043 1981 ‹leeli—

50 2010 123 2037 nat.
152 2002 318 2037 Defectio
352 2010 432 2047 tua,
458 2002 541 2051 fuga
564 2003 680 2051 ipsius
708 2012 773 2039 est.
798 2007 981 2039 Praescnte
1007 2012 1043 2039 et

49 2060 227 2109 loquente
250 2060 386 2097 dilecto
409 2062 596 2110 liquescis,
615 2062 755 2108 deficis,
772 2063 939 2112 exspiras
957 2078 964 2098 :
981 2062 1043 2098 ab·

51 2127 154 2155 sente
171 2133 216 2155 eo
235 2120 420 2169 respirare
439 2121 677 2169 permitteris.
700 2121 844 2157 Absens
862 2123 957 2157 vires
980 2135 1041 2158 re-

51 2186 180 2227 parat,
211 2191 304 2227 quas
333 2192 497 2227 przesens
527 2179 711 2215 exhaurit.
743 2180 1039 2215 Delectationum

50 2237 320 2273 vehementiam
348 2238 542 2273 intervalla
567 2246 799 2287 temperant,
817 2238 923 2286 eujus
947 2252 1040 2274 con—

51 2296 294 2332 tinuationem
317 2297 412 2333 ferre
433 2310 508 2333 non
530 2306 649 2346 potes.
671 2297 768 2344 Quid
788 2299 1042 2334 continuatio-

51 2368 134 2392 nem
156 2355 268 2392 dico?
295 2369 420 2392 nonne
448 2356 527 2406 ipsa
557 2365 590 2393 te
616 2357 806 2393 inchoatio
828 2357 950 2393 reddit
972 2370 1041 2393 ex-

51 2414 250 2451 haustam?
284 2415 412 2451 Statim
450 2416 547 2451 enim
582 2424 622 2452 ut
658 2416 826 2465 loquitur
858 2416 1040 2462 dilectus,

51 2473 220 2522 liquescit
245 2474 368 2509 anima
394 2482 467 2510 tua.
490 2475 662 2523 Denique
681 2483 716 2510 et
738 2475 774 2510 in
799 2475 1043 2524 sequentibus

52 2532 142 2568 dicit
160 2546 167 2568 :
189 2535 297 2568 Oculi
315 2537 366 2567 eui
382 2536 530 2568 avolare
547 2532 784 2580 meseeemn!
801 2540 824 2569 ¹.
843 2535 1044 2582 Quomodo

1109 1885 1273 1928 cutiunt;
1302 1884 1521 1927 vulnerant,
1547 1896 1630 1918 cum
1663 1884 1872 1931 increpant.
1899 1884 1998 1919 Sacri
2022 1884 2110 1919 scri-

1109 1951 1252 1991 ptores,
1280 1955 1321 1977 ac
1351 1943 1379 1977 si
1405 1942 1557 1990 quidam
1588 1942 1763 1977 custodes
1794 1943 1952 1978 civitatis
1975 1952 2108 1979 sanctae

1108 2003 1327 2047 Jerusalem,
1340 2015 1423 2050 quae
1439 2002 1677 2046 estEeelesia,
1691 2002 1814 2037 varios
1825 2002 2037 2038 animorum
2055 2003 2108 2038 in-

1108 2063 1292 2110 vestigant
1308 2062 1461 2097 affectus
1475 2090 1483 2104 ‚
1500 2070 1536 2098 et
1554 2062 1751 2097 inveniunt
1769 2062 2000 2110 singulorum
2019 2075 2108 2111 pas-

1108 2121 1252 2165 siones,
1280 2120 1401 2156 bonos
1429 2134 1552 2156 mores
1567 2150 1575 2163 ,
1595 2129 1630 2156 et
1652 2120 1826 2156 morbum
1848 2134 1924 2169 quo
1949 2122 2108 2170 quisque

1107 2179 1252 2216 laborat
1272 2194 1278 2214 :
1300 2180 1438 2215 nullius
1466 2180 1523 2215 vel
1552 2180 1728 2228 cogitatio
1754 2193 1830 2215 nou
1852 2180 2044 2216 invenitur
2060 2180 2107 2216 ab

1108 2239 1188 2273 illis.
1219 2239 1374 2284 Quoties
1405 2239 1464 2274 illa
1492 2239 1596 2286 lego,
1628 2239 1732 2286 quasi
1762 2239 1953 2275 inventum
1983 2253 2042 2275 me
2072 2249 2109 2276 et

1107 2296 1384 2344 deprehensum
1414 2306 1515 2346 puto,
1544 2298 1609 2333 llla
1637 2311 1695 2333 me
1722 2299 2028 2334 exhortationum
2047 2299 2106 2348 ja-

1108 2355 1200 2391 culis
1233 2355 1387 2399 feriunt,
1420 2356 1480 2391 illa
1514 2356 1732 2399 vulnerant,
1761 2356 1849 2392 dum
1880 2357 1980 2405 quod
2013 2358 2107 2395 inte-

1109 2427 1216 2463 grum
1238 2413 1470 2458 arbitrabar,
1491 2415 1657 2450 saucium
1679 2428 1759 2451 esse
1775 2417 2018 2452 convincunt.
2039 2418 2106 2453 Illa

1109 2473 1357 2509 simulationis
1394 2474 1529 2509 tollunt
1565 2474 1759 2519 velamen,
1793 2475 2013 2523 ignorantiae
2048 2477 2103 2513 vel

1111 2532 1313 2568 oblivionis
1350 2533 1605 2577 involucrum,
1639 2534 1737 2569 falsae
1771 2535 1924 2582 pallium
1962 2536 2104 2584 gloriae.

53 2591 231 2628 dilectum
252 2591 402 2627 avolare
423 2592 612 2638 fecerunt,
638 2593 707 2628 nisi
732 2592 820 2628 dum
849 2594 966 2629 nimio
987 2594 1041 2629 af-
1059 2598 1090 2631 D
1110 2592 1175 2628 Illa
1193 2605 1234 2627 ac
1254 2591 1282 2627 si
1303 2592 1416 2640 pallio
1433 2591 1611 2640 quodam,
1632 2592 1683 2627 sic
1701 2592 2006 2629 dissimulationis
2022 2608 2106 2643 spo-

55 2650 152 2686 fectu
175 2650 211 2685 in
234 2663 317 2686 eum
344 2649 591 2686 defecerunt?
612 2651 765 2687 Modum
787 2652 906 2688 nescis
927 2666 933 2687 :
958 2652 1044 2688 ideo

54 2708 210 2744 dilectus
229 2717 312 2745 tuus
328 2709 558 2755 moderatur,
575 2718 610 2745 et
631 2711 837 2759 praesentiae
850 2724 926 2747 suae
944 2724 1045 2747 men-

55 2780 177 2804 suram
200 2767 265 2803 tibi
291 2767 480 2804 distribuit
501 2769 536 2804 in
570 2777 751 2818 tempore.
778 2769 867 2806 Ideo
890 2771 1044 2819 quzeris,

55 2833 92 2861 et
107 2838 182 2861 non
201 2825 368 2871 invenis;
388 2839 521 2870 vocas,
538 2835 574 2862 et
592 2840 666 2862 non
688 2827 900 2876 respondet.
920 2832 1046 2864 Atten-

56 2884 153 2930 dite,
179 2885 330 2930 fratres,
348 2885 620 2922 vehementiam
642 2895 678 2922 et
696 2887 768 2923 vim
795 2888 944 2924 amoris
969 2892 1044 2924 Nec

56 2943 185 2980 abesse
209 2943 384 2980 dilectum
407 2945 580 2990 sustinet,
603 2959 670 2982 nec
695 2947 832 2982 suflicit
856 2947 1042 2996 praesenti.

57 3001 113 3038 lbi
131 3010 216 3038 vota
231 3001 362 3039 anhela
375 3002 559 3049 laborant,
575 3004 632 3040 hic
645 3004 823 3041 exhausta
840 3005 1044 3054 deliquium

57 3061 263 3110 patiuntur.
284 3065 315 3099 O
345 3062 431 3098 felix
451 3075 575 3108 amor,
596 3063 660 3112 qui
681 3065 858 3100 continua
884 3064 1045 3113 ‹luadam

57 3118 312 3156 vicissitudine
331 3129 394 3157 aut
414 3122 584 3171 liquescit
604 3123 640 3159 in
667 3123 749 3172 ipso
762 3151 771 3169 ,
790 3131 853 3159 aut
873 3136 1046 3172 qua·rens

58 3178 205 3215 anhelat
224 3179 270 3215 ad
290 3180 430 3230 ipsum!
451 3183 626 3228 Quaesivi,
646 3190 680 3217 et
698 3195 770 3217 non
793 3185 914 3217 invem·
931 3185 1046 3227 illum,

1110 2652 1199 2688 liant
1213 2652 1464 2700 operimento,
1479 2660 1515 2687 et
1532 2652 1702 2687 elationis
1719 2666 1864 2688 ornam(
1878 2662 1955 2689 nto.
1969 2654 2033 2690 Illa
2049 2669 2106 2691 mc

1110 2712 1273 2760 quodam
1295 2720 1533 2760 pra‘sumptze
1550 2712 1727 2747 fallaciter
1743 2713 1872 2760 glori-⁶1²
1888 2714 2000 2761 pallio
2018 2727 2107 2763 spo-

1111 2770 1220 2813 liant,
1244 2769 1333 2805 dum
1355 2769 1593 2805 eonscientiae
1615 2770 1806 2806 denudant
1840 2771 2002 2808 infirma.
2032 2773 2110 2810 [ῐὶ-

1111 2829 1196 2864 liter
1224 2842 1313 2876 ergo
1342 2841 1361 2864 a
1388 2827 1606 2864 custodibus
1634 2829 1669 2864 in
1699 2829 1798 2865 hunc
1819 2830 1972 2866 modum
1998 2832 2107 2867 inve—

1112 2887 1209 2930 nior,
1232 2887 1404 2935 quamvis
1425 2886 1602 2922 dilectum
1625 2887 1670 2923 ad
1688 2896 1817 2924 votum
1843 2889 2011 2926 invenire
2033 2904 2108 2927 non

1111 2959 1261 2994 queam.
1275 2944 1530 2993 Dcniquejam
1545 2946 1668 2982 miuus
1687 2947 1721 2983 iu
1739 2947 1844 2983 mein
1862 2961 1938 2997 quo
1953 2950 2105 2998 glorier,

1112 3006 1236 3042 minus
1266 3007 1300 3041 in
1336 3019 1411 3054 quo
1440 3006 1628 3054 quiescam
1653 3007 1872 3054 inveniens,
1899 3011 2037 3046 amoris
2070 3011 2106 3046 in

1112 3065 1288 3101 dilectum
1316 3064 1457 3100 facibus
1479 3065 1686 3102 inardesco.

1167 3125 1201 3161 3.
1241 3127 1356 3160 Filiae
1384 3125 1610 3168 Jerusalem,
1649 3131 1822 3162 nuntiate
1857 3129 1992 3162 dilecto
2023 3132 2109 3174 quia

1113 3196 1238 3218 amore
1268 3186 1435 3230 langue-o.
1470 3187 1538 3220 Per
1566 3197 1625 3221 me
1652 3198 1727 3221 nou
1755 3185 1877 3222 audeo
1908 3186 2106 3229 accedere,

112 3303 119 3318 ¹
141 3299 257 3330 Cantic.
277 3309 328 3338 vi,
351 3303 379 3331 la.
398 3320 439 3325 -
458 3307 470 3323 ²
486 3305 602 3332 1‘1·ov.1
618 3325 625 3339 ,
644 3305 697 3333 28.
713 3319 755 3325 —-
778 3299 791 3324 ³
807 3300 870 3333 Job
887 3312 947 3332 xur
961 3325 970 3341 ,
993 3304 1109 3333 22-2-2.
