<?xml version="1.0" encoding="UTF-8"?>
<!DOCTYPE html PUBLIC "-//W3C//DTD XHTML 1.0 Transitional//EN"
    "http://www.w3.org/TR/xhtml1/DTD/xhtml1-transitional.dtd">
<html xmlns="http://www.w3.org/1999/xhtml" xml:lang="en" lang="en">
 <head>
  <title>
</title>
<meta http-equiv="Content-Type" content="text/html;charset=utf-8" />
  <meta name='ocr-system' content='tesseract 3.04.00' />
  <meta name='ocr-capabilities' content='ocr_page ocr_carea ocr_par ocr_line ocrx_word'/>
</head>
<body>
  <div class='ocr_page' id='page_1' title='image "./operaomniapostho05bern_0555.png"; bbox 0 0 2418 3949; ppageno 0'>
   <div class='ocr_carea' id='block_1_1' title="bbox 235 263 332 298">
    <p class='ocr_par' dir='ltr' id='par_1_1' title="bbox 235 263 332 298">
     <span class='ocr_line' id='line_1_1' title="bbox 235 263 332 298; baseline 0 0"><span class='ocrx_word' id='word_1_1' title='bbox 235 263 332 298; x_wconf 74' lang='lat'>1093</span> 
     </span>
    </p>
   </div>
   <div class='ocr_carea' id='block_1_2' title="bbox 221 337 1215 389">
    <p class='ocr_par' dir='ltr' id='par_1_2' title="bbox 221 337 1215 389">
     <span class='ocr_line' id='line_1_2' title="bbox 221 337 1215 389; baseline 0 -15"><span class='ocrx_word' id='word_1_2' title='bbox 221 337 422 375; x_wconf 86' lang='lat' dir='ltr'><strong>dilectione</strong></span> <span class='ocrx_word' id='word_1_3' title='bbox 437 338 615 389; x_wconf 84' lang='lat' dir='ltr'>proximi,</span> <span class='ocrx_word' id='word_1_4' title='bbox 633 347 673 375; x_wconf 91' lang='lat' dir='ltr'>ut</span> <span class='ocrx_word' id='word_1_5' title='bbox 689 338 736 375; x_wconf 89' lang='lat' dir='ltr'>ab</span> <span class='ocrx_word' id='word_1_6' title='bbox 756 339 815 375; x_wconf 88' lang='lat' dir='ltr'>illa</span> <span class='ocrx_word' id='word_1_7' title='bbox 833 339 1046 376; x_wconf 90' lang='lat' dir='ltr'>nutrienda.</span> <span class='ocrx_word' id='word_1_8' title='bbox 1076 342 1121 376; x_wconf 92' lang='lat' dir='ltr'>Et</span> <span class='ocrx_word' id='word_1_9' title='bbox 1137 339 1215 375; x_wconf 87' lang='lat' dir='ltr'>haec</span> 
     </span>
    </p>
   </div>
   <div class='ocr_carea' id='block_1_3' title="bbox 827 246 1684 300">
    <p class='ocr_par' dir='ltr' id='par_1_3' title="bbox 827 246 1684 300">
     <span class='ocr_line' id='line_1_3' title="bbox 827 246 1684 300; baseline -0.001 -1"><span class='ocrx_word' id='word_1_10' title='bbox 827 246 1110 300; x_wconf 69' lang='lat' dir='ltr'><strong>TRACTAT&#39;US</strong></span> <span class='ocrx_word' id='word_1_11' title='bbox 1140 265 1203 299; x_wconf 91' lang='lat' dir='ltr'>DE</span> <span class='ocrx_word' id='word_1_12' title='bbox 1235 263 1384 298; x_wconf 68' lang='lat' dir='ltr'><strong>STATL&#39;</strong></span> <span class='ocrx_word' id='word_1_13' title='bbox 1419 264 1684 299; x_wconf 68' lang='lat' dir='ltr'>VIRTUsUM.</span> 
     </span>
    </p>
   </div>
   <div class='ocr_carea' id='block_1_4' title="bbox 1223 336 1273 355">
    <p class='ocr_par' dir='ltr' id='par_1_4' title="bbox 1223 336 1273 355">
     <span class='ocr_line' id='line_1_4' title="bbox 1223 336 1273 355; baseline 0 0"><span class='ocrx_word' id='word_1_14' title='bbox 1223 336 1273 355; x_wconf 75' lang='lat'>:5⁴9</span> 
     </span>
    </p>
   </div>
   <div class='ocr_carea' id='block_1_5' title="bbox 2182 260 2275 296">
    <p class='ocr_par' dir='ltr' id='par_1_5' title="bbox 2182 260 2275 296">
     <span class='ocr_line' id='line_1_5' title="bbox 2182 260 2275 296; baseline -0.022 0"><span class='ocrx_word' id='word_1_15' title='bbox 2182 260 2275 296; x_wconf 68' lang='lat'>1092</span> 
     </span>
    </p>
   </div>
   <div class='ocr_carea' id='block_1_6' title="bbox 1284 337 2276 386">
    <p class='ocr_par' dir='ltr' id='par_1_6' title="bbox 1284 337 2276 386">
     <span class='ocr_line' id='line_1_6' title="bbox 1284 337 2276 386; baseline 0 -13"><span class='ocrx_word' id='word_1_16' title='bbox 1284 351 1416 374; x_wconf 87' lang='lat' dir='ltr'>aurum</span> <span class='ocrx_word' id='word_1_17' title='bbox 1447 337 1630 374; x_wconf 77' lang='lat' dir='ltr'>obrizum.</span> <span class='ocrx_word' id='word_1_18' title='bbox 1657 341 1688 376; x_wconf 95' lang='grc' dir='ltr'><strong>Ο</strong></span> <span class='ocrx_word' id='word_1_19' title='bbox 1708 351 1818 386; x_wconf 89' lang='lat' dir='ltr'>quam</span> <span class='ocrx_word' id='word_1_20' title='bbox 1847 338 1954 375; x_wconf 80' lang='lat' dir='ltr'>dulce</span> <span class='ocrx_word' id='word_1_21' title='bbox 1979 347 2016 374; x_wconf 91' lang='lat' dir='ltr'>et</span> <span class='ocrx_word' id='word_1_22' title='bbox 2045 337 2193 374; x_wconf 87' lang='lat' dir='ltr'>salubre</span> <span class='ocrx_word' id='word_1_23' title='bbox 2222 345 2276 374; x_wconf 88' lang='lat' dir='ltr'>est</span> 
     </span>
    </p>
   </div>
   <div class='ocr_carea' id='block_1_7' title="bbox 222 396 2272 447">
    <p class='ocr_par' dir='ltr' id='par_1_7' title="bbox 222 396 2272 447">
     <span class='ocr_line' id='line_1_7' title="bbox 222 396 2272 447; baseline -0 -15"><span class='ocrx_word' id='word_1_24' title='bbox 222 405 278 433; x_wconf 90' lang='lat' dir='ltr'>est</span> <span class='ocrx_word' id='word_1_25' title='bbox 302 397 340 433; x_wconf 92' lang='lat' dir='ltr'>in</span> <span class='ocrx_word' id='word_1_26' title='bbox 364 397 564 434; x_wconf 89' lang='lat' dir='ltr'>dilectione</span> <span class='ocrx_word' id='word_1_27' title='bbox 592 398 659 433; x_wconf 92' lang='lat' dir='ltr'>Dei</span> <span class='ocrx_word' id='word_1_28' title='bbox 688 397 879 447; x_wconf 82' lang='lat' dir='ltr'>perfectio,</span> <span class='ocrx_word' id='word_1_29' title='bbox 906 405 948 433; x_wconf 92' lang='lat' dir='ltr'>ut</span> <span class='ocrx_word' id='word_1_30' title='bbox 977 397 1006 434; x_wconf 89' lang='lat' dir='ltr'>si</span> <span class='ocrx_word' id='word_1_31' title='bbox 1037 397 1214 433; x_wconf 82' lang='lat' dir='ltr'>articulus</span> <span class='ocrx_word' id='word_1_32' title='bbox 1232 396 1471 432; x_wconf 85' lang='lat' dir='ltr'>Avinculum</span> <span class='ocrx_word' id='word_1_33' title='bbox 1499 396 1708 442; x_wconf 86' lang='lat' dir='ltr'>charitatis,</span> <span class='ocrx_word' id='word_1_34' title='bbox 1742 398 1777 432; x_wconf 91' lang='lat' dir='ltr'>in</span> <span class='ocrx_word' id='word_1_35' title='bbox 1801 410 1896 446; x_wconf 88' lang='lat' dir='ltr'>qua,</span> <span class='ocrx_word' id='word_1_36' title='bbox 1925 397 2132 433; x_wconf 73' lang='lat' dir='ltr'>affirmante</span> <span class='ocrx_word' id='word_1_37' title='bbox 2163 396 2272 432; x_wconf 90' lang='lat' dir='ltr'>beato</span> 
     </span>
    </p>
   </div>
   <div class='ocr_carea' id='block_1_8' title="bbox 217 456 1214 1096">
    <p class='ocr_par' dir='ltr' id='par_1_8' title="bbox 217 456 1214 1035">
     <span class='ocr_line' id='line_1_8' title="bbox 222 456 1213 504; baseline -0.001 -12"><span class='ocrx_word' id='word_1_38' title='bbox 222 457 450 493; x_wconf 83' lang='lat' dir='ltr'>necessitatis</span> <span class='ocrx_word' id='word_1_39' title='bbox 469 457 658 502; x_wconf 81' lang='lat' dir='ltr'>evenerit,</span> <span class='ocrx_word' id='word_1_40' title='bbox 689 456 870 493; x_wconf 89' lang='lat' dir='ltr'>moriatur</span> <span class='ocrx_word' id='word_1_41' title='bbox 888 457 1004 492; x_wconf 91' lang='lat' dir='ltr'>homo</span> <span class='ocrx_word' id='word_1_42' title='bbox 1027 469 1213 504; x_wconf 84' lang='lat' dir='ltr'>quocum-</span> 
     </span>
     <span class='ocr_line' id='line_1_9' title="bbox 221 514 1214 565; baseline -0.001 -15"><span class='ocrx_word' id='word_1_43' title='bbox 221 527 295 563; x_wconf 85' lang='lat' dir='ltr'>que</span> <span class='ocrx_word' id='word_1_44' title='bbox 327 528 463 565; x_wconf 83' lang='lat' dir='ltr'>genere</span> <span class='ocrx_word' id='word_1_45' title='bbox 501 515 652 560; x_wconf 88' lang='lat' dir='ltr'>mortis‚</span> <span class='ocrx_word' id='word_1_46' title='bbox 687 523 887 564; x_wconf 84' lang='lat' dir='ltr'>antequam</span> <span class='ocrx_word' id='word_1_47' title='bbox 921 514 1214 564; x_wconf 81' lang='lat' dir='ltr'>transgrediatur</span> 
     </span>
     <span class='ocr_line' id='line_1_10' title="bbox 221 572 1212 624; baseline -0.001 -15"><span class='ocrx_word' id='word_1_48' title='bbox 221 587 339 610; x_wconf 88' lang='lat' dir='ltr'>unum</span> <span class='ocrx_word' id='word_1_49' title='bbox 367 575 413 610; x_wconf 91' lang='lat' dir='ltr'>de</span> <span class='ocrx_word' id='word_1_50' title='bbox 439 574 634 624; x_wconf 82' lang='lat' dir='ltr'>praeceptis</span> <span class='ocrx_word' id='word_1_51' title='bbox 654 574 721 610; x_wconf 75' lang='lat' dir='ltr'>Dei</span> <span class='ocrx_word' id='word_1_52' title='bbox 747 573 924 609; x_wconf 76' lang='lat' dir='ltr'>minimis.</span> <span class='ocrx_word' id='word_1_53' title='bbox 950 577 993 610; x_wconf 92' lang='lat' dir='ltr'>In</span> <span class='ocrx_word' id='word_1_54' title='bbox 1013 572 1212 608; x_wconf 84' lang='lat' dir='ltr'>dilectione</span> 
     </span>
     <span class='ocr_line' id='line_1_11' title="bbox 220 631 1213 682; baseline -0.002 -14"><span class='ocrx_word' id='word_1_55' title='bbox 220 644 312 668; x_wconf 88' lang='lat' dir='ltr'>vero</span> <span class='ocrx_word' id='word_1_56' title='bbox 331 633 490 682; x_wconf 81' lang='lat' dir='ltr'>proximi</span> <span class='ocrx_word' id='word_1_57' title='bbox 509 633 589 668; x_wconf 89' lang='lat' dir='ltr'>haec</span> <span class='ocrx_word' id='word_1_58' title='bbox 605 640 661 669; x_wconf 90' lang='lat' dir='ltr'>est</span> <span class='ocrx_word' id='word_1_59' title='bbox 680 632 874 682; x_wconf 78' lang='lat' dir='ltr'>perfectio,</span> <span class='ocrx_word' id='word_1_60' title='bbox 893 640 935 668; x_wconf 90' lang='lat' dir='ltr'>ut</span> <span class='ocrx_word' id='word_1_61' title='bbox 951 632 1066 668; x_wconf 92' lang='lat' dir='ltr'>homo</span> <span class='ocrx_word' id='word_1_62' title='bbox 1085 631 1213 681; x_wconf 88' lang='lat' dir='ltr'>diligat</span> 
     </span>
     <span class='ocr_line' id='line_1_12' title="bbox 220 691 1212 741; baseline 0 -15"><span class='ocrx_word' id='word_1_63' title='bbox 220 691 413 727; x_wconf 89' lang='lat' dir='ltr'>inimicum</span> <span class='ocrx_word' id='word_1_64' title='bbox 447 705 580 736; x_wconf 89' lang='lat' dir='ltr'>suum,</span> <span class='ocrx_word' id='word_1_65' title='bbox 612 699 648 728; x_wconf 91' lang='lat' dir='ltr'>et</span> <span class='ocrx_word' id='word_1_66' title='bbox 670 699 787 741; x_wconf 87' lang='lat' dir='ltr'>ponat</span> <span class='ocrx_word' id='word_1_67' title='bbox 811 691 973 728; x_wconf 89' lang='lat' dir='ltr'>animam</span> <span class='ocrx_word' id='word_1_68' title='bbox 1004 703 1108 727; x_wconf 87' lang='lat' dir='ltr'>suam</span> <span class='ocrx_word' id='word_1_69' title='bbox 1142 703 1212 740; x_wconf 92' lang='lat' dir='ltr'>pro</span> 
     </span>
     <span class='ocr_line' id='line_1_13' title="bbox 221 750 1212 799; baseline -0.002 -14"><span class='ocrx_word' id='word_1_70' title='bbox 221 750 398 787; x_wconf 87' lang='lat' dir='ltr'>fratribus</span> <span class='ocrx_word' id='word_1_71' title='bbox 424 751 512 787; x_wconf 87' lang='lat' dir='ltr'>suis.</span> <span class='ocrx_word' id='word_1_72' title='bbox 541 751 601 787; x_wconf 89' lang='lat' dir='ltr'>Sic</span> <span class='ocrx_word' id='word_1_73' title='bbox 624 750 724 786; x_wconf 90' lang='lat' dir='ltr'>enim</span> <span class='ocrx_word' id='word_1_74' title='bbox 749 750 928 799; x_wconf 87' lang='lat' dir='ltr'>scriptum</span> <span class='ocrx_word' id='word_1_75' title='bbox 956 757 1032 794; x_wconf 89' lang='lat' dir='ltr'>est,</span> <span class='ocrx_word' id='word_1_76' title='bbox 1060 752 1212 797; x_wconf 77' lang='lat' dir='ltr'>Diligite</span> 
     </span>
     <span class='ocr_line' id='line_1_14' title="bbox 220 808 1209 857; baseline -0.002 -13"><span class='ocrx_word' id='word_1_77' title='bbox 220 814 389 845; x_wconf 78' lang='lat' dir='ltr'>inimicos</span> <span class='ocrx_word' id='word_1_78' title='bbox 407 819 562 854; x_wconf 79' lang='lat' dir='ltr'>vestros,</span> <span class='ocrx_word' id='word_1_79' title='bbox 580 808 780 857; x_wconf 76' lang='lat' dir='ltr'>benefacite</span> <span class='ocrx_word' id='word_1_80' title='bbox 801 809 856 843; x_wconf 77' lang='lat' dir='ltr'>his</span> <span class='ocrx_word' id='word_1_81' title='bbox 875 813 940 856; x_wconf 80' lang='lat' dir='ltr'>qni</span> <span class='ocrx_word' id='word_1_82' title='bbox 960 810 1114 843; x_wconf 74' lang='lat' dir='ltr'>(ulerunt</span> <span class='ocrx_word' id='word_1_83' title='bbox 1127 821 1209 853; x_wconf 79' lang='lat' dir='ltr'>v05,</span> 
     </span>
     <span class='ocr_line' id='line_1_15' title="bbox 220 867 1208 916; baseline 0.001 -14"><span class='ocrx_word' id='word_1_84' title='bbox 220 878 322 904; x_wconf 79' lang='lat' dir='ltr'>orate</span> <span class='ocrx_word' id='word_1_85' title='bbox 330 882 401 916; x_wconf 78' lang='lat' dir='ltr'>pro</span> <span class='ocrx_word' id='word_1_86' title='bbox 408 868 713 916; x_wconf 61' lang='lat' dir='ltr'>persequentibus</span> <span class='ocrx_word' id='word_1_87' title='bbox 727 877 762 903; x_wconf 83' lang='lat' dir='ltr'>et</span> <span class='ocrx_word' id='word_1_88' title='bbox 772 867 1083 903; x_wconf 73' lang='lat' dir='ltr'>calumniantibus</span> <span class='ocrx_word' id='word_1_89' title='bbox 1102 880 1161 902; x_wconf 74' lang='lat' dir='ltr'>vos</span> <span class='ocrx_word' id='word_1_90' title='bbox 1174 873 1181 887; x_wconf 91' lang='lat'><strong>¹</strong></span> <span class='ocrx_word' id='word_1_91' title='bbox 1199 882 1208 903; x_wconf 86' lang='lat'><strong>:</strong></span> 
     </span>
     <span class='ocr_line' id='line_1_16' title="bbox 217 925 1214 972; baseline -0.001 -10"><span class='ocrx_word' id='word_1_92' title='bbox 217 934 254 962; x_wconf 86' lang='lat' dir='ltr'>et</span> <span class='ocrx_word' id='word_1_93' title='bbox 285 926 391 970; x_wconf 88' lang='lat' dir='ltr'>alibi,</span> <span class='ocrx_word' id='word_1_94' title='bbox 422 929 608 972; x_wconf 80' lang='lat' dir='ltr'>MaJ&#39;oreln</span> <span class='ocrx_word' id='word_1_95' title='bbox 637 927 853 962; x_wconf 77' lang='lat' dir='ltr'>charitalem</span> <span class='ocrx_word' id='word_1_96' title='bbox 887 939 993 961; x_wconf 70' lang='lat' dir='ltr'>nemo</span> <span class='ocrx_word' id='word_1_97' title='bbox 1021 925 1147 969; x_wconf 81' lang='lat' dir='ltr'>habet,</span> <span class='ocrx_word' id='word_1_98' title='bbox 1174 934 1214 961; x_wconf 80' lang='lat' dir='ltr'>ut</span> 
     </span>
     <span class='ocr_line' id='line_1_17' title="bbox 218 990 1101 1035; baseline -0.001 -13"><span class='ocrx_word' id='word_1_99' title='bbox 218 992 385 1022; x_wconf 77' lang='lat' dir='ltr'>animam</span> <span class='ocrx_word' id='word_1_100' title='bbox 404 1000 507 1022; x_wconf 78' lang='lat' dir='ltr'>suam</span> <span class='ocrx_word' id='word_1_101' title='bbox 524 995 644 1035; x_wconf 79' lang='lat' dir='ltr'>ponat</span> <span class='ocrx_word' id='word_1_102' title='bbox 664 991 744 1035; x_wconf 75' lang='lat' dir='ltr'>qais</span> <span class='ocrx_word' id='word_1_103' title='bbox 752 1000 825 1035; x_wconf 81' lang='lat' dir='ltr'>pro</span> <span class='ocrx_word' id='word_1_104' title='bbox 844 990 975 1022; x_wconf 63' lang='lat' dir='ltr'>altricis</span> <span class='ocrx_word' id='word_1_105' title='bbox 990 990 1061 1021; x_wconf 73' lang='lat' dir='ltr'>suls</span> <span class='ocrx_word' id='word_1_106' title='bbox 1075 992 1101 1021; x_wconf 82' lang='lat'>².</span> 
     </span>
    </p>

    <p class='ocr_par' dir='ltr' id='par_1_9' title="bbox 270 1045 1210 1096">
     <span class='ocr_line' id='line_1_18' title="bbox 270 1045 1210 1096; baseline -0.003 -13"><span class='ocrx_word' id='word_1_107' title='bbox 270 1046 333 1083; x_wconf 89' lang='lat'>37.</span> <span class='ocrx_word' id='word_1_108' title='bbox 361 1049 451 1084; x_wconf 89' lang='lat' dir='ltr'>Jure</span> <span class='ocrx_word' id='word_1_109' title='bbox 474 1059 565 1096; x_wconf 84' lang='lat' dir='ltr'>ergo</span> <span class='ocrx_word' id='word_1_110' title='bbox 592 1046 751 1082; x_wconf 89' lang='lat' dir='ltr'>charitas</span> <span class='ocrx_word' id='word_1_111' title='bbox 781 1045 916 1082; x_wconf 87' lang='lat' dir='ltr'>dicitur</span> <span class='ocrx_word' id='word_1_112' title='bbox 937 1045 1105 1095; x_wconf 86' lang='lat' dir='ltr'>signum,</span> <span class='ocrx_word' id='word_1_113' title='bbox 1134 1058 1210 1094; x_wconf 87' lang='lat' dir='ltr'>quo</span> 
     </span>
    </p>
   </div>
   <div class='ocr_carea' id='block_1_9' title="bbox 1275 455 2270 1095">
    <p class='ocr_par' dir='ltr' id='par_1_10' title="bbox 1277 455 2269 916">
     <span class='ocr_line' id='line_1_19' title="bbox 1278 455 2269 504; baseline -0.001 -13"><span class='ocrx_word' id='word_1_114' title='bbox 1278 455 1502 503; x_wconf 80' lang='lat' dir='ltr'>Augustino,</span> <span class='ocrx_word' id='word_1_115' title='bbox 1530 468 1674 504; x_wconf 85' lang='lat' dir='ltr'>pauper</span> <span class='ocrx_word' id='word_1_116' title='bbox 1699 456 1823 501; x_wconf 77' lang='lat' dir='ltr'>dives,</span> <span class='ocrx_word' id='word_1_117' title='bbox 1851 457 1930 492; x_wconf 88' lang='lat' dir='ltr'>sine</span> <span class='ocrx_word' id='word_1_118' title='bbox 1953 469 2025 504; x_wconf 91' lang='lat' dir='ltr'>qua</span> <span class='ocrx_word' id='word_1_119' title='bbox 2048 456 2152 492; x_wconf 69' lang='lat' dir='ltr'>dives</span> <span class='ocrx_word' id='word_1_120' title='bbox 2176 467 2269 504; x_wconf 80' lang='lat' dir='ltr'>pau-</span> 
     </span>
     <span class='ocr_line' id='line_1_20' title="bbox 1279 513 2269 564; baseline -0.001 -15"><span class='ocrx_word' id='word_1_121' title='bbox 1279 525 1346 562; x_wconf 84' lang='lat' dir='ltr'>per</span> <span class='ocrx_word' id='word_1_122' title='bbox 1361 515 1437 549; x_wconf 81' lang='lat' dir='ltr'>est!</span> <span class='ocrx_word' id='word_1_123' title='bbox 1456 516 1542 549; x_wconf 83' lang='lat' dir='ltr'>Haee</span> <span class='ocrx_word' id='word_1_124' title='bbox 1559 514 1594 549; x_wconf 88' lang='lat' dir='ltr'>in</span> <span class='ocrx_word' id='word_1_125' title='bbox 1615 514 1927 563; x_wconf 75' lang='lat' dir='ltr'>prosperitatibus</span> <span class='ocrx_word' id='word_1_126' title='bbox 1946 523 2140 564; x_wconf 80' lang='lat' dir='ltr'>temperat,</span> <span class='ocrx_word' id='word_1_127' title='bbox 2156 514 2191 549; x_wconf 92' lang='lat' dir='ltr'>in</span> <span class='ocrx_word' id='word_1_128' title='bbox 2208 513 2269 548; x_wconf 88' lang='lat' dir='ltr'>ad-</span> 
     </span>
     <span class='ocr_line' id='line_1_21' title="bbox 1278 571 2267 617; baseline -0.001 -10"><span class='ocrx_word' id='word_1_129' title='bbox 1278 571 1517 608; x_wconf 88' lang='lat' dir='ltr'>versitatibus</span> <span class='ocrx_word' id='word_1_130' title='bbox 1543 573 1688 617; x_wconf 84' lang='lat' dir='ltr'>tolerat,</span> <span class='ocrx_word' id='word_1_131' title='bbox 1717 573 1753 608; x_wconf 89' lang='lat' dir='ltr'>in</span> <span class='ocrx_word' id='word_1_132' title='bbox 1777 575 1979 610; x_wconf 81' lang='lat' dir='ltr'>tentatione</span> <span class='ocrx_word' id='word_1_133' title='bbox 2002 574 2204 617; x_wconf 70' lang='lat' dir='ltr'>tutissima,</span> <span class='ocrx_word' id='word_1_134' title='bbox 2231 572 2267 607; x_wconf 89' lang='lat' dir='ltr'>in</span> 
     </span>
     <span class='ocr_line' id='line_1_22' title="bbox 1277 630 2267 679; baseline -0.001 -13"><span class='ocrx_word' id='word_1_135' title='bbox 1277 630 1531 679; x_wconf 87' lang='lat' dir='ltr'>hospitalitate</span> <span class='ocrx_word' id='word_1_136' title='bbox 1561 631 1754 675; x_wconf 86' lang='lat' dir='ltr'>latissima,</span> <span class='ocrx_word' id='word_1_137' title='bbox 1777 631 1875 667; x_wconf 85' lang='lat' dir='ltr'>inter</span> <span class='ocrx_word' id='word_1_138' title='bbox 1904 645 2013 668; x_wconf 73' lang='lat' dir='ltr'>veros</span> <span class='ocrx_word' id='word_1_139' title='bbox 2044 632 2174 667; x_wconf 82' lang='lat' dir='ltr'>fratres</span> <span class='ocrx_word' id='word_1_140' title='bbox 2201 630 2267 665; x_wconf 75' lang='lat' dir='ltr'>lac-</span> 
     </span>
     <span class='ocr_line' id='line_1_23' title="bbox 1279 689 2265 739; baseline -0.002 -14"><span class='ocrx_word' id='word_1_141' title='bbox 1279 689 1444 734; x_wconf 87' lang='lat' dir='ltr'>tissima,</span> <span class='ocrx_word' id='word_1_142' title='bbox 1476 690 1572 725; x_wconf 86' lang='lat' dir='ltr'>inter</span> <span class='ocrx_word' id='word_1_143' title='bbox 1603 690 1713 726; x_wconf 84' lang='lat' dir='ltr'>falsos</span> <span class='ocrx_word' id='word_1_144' title='bbox 1748 691 2016 739; x_wconf 70' lang='lat' dir='ltr'>patientissima</span> <span class='ocrx_word' id='word_1_145' title='bbox 2044 706 2050 726; x_wconf 95' lang='lat'><strong>:</strong></span> <span class='ocrx_word' id='word_1_146' title='bbox 2085 690 2200 726; x_wconf 89' lang='lat' dir='ltr'>libera</span> <span class='ocrx_word' id='word_1_147' title='bbox 2230 689 2265 724; x_wconf 92' lang='lat' dir='ltr'>in</span> 
     </span>
     <span class='ocr_line' id='line_1_24' title="bbox 1278 747 2268 797; baseline -0.002 -12"><span class='ocrx_word' id='word_1_148' title='bbox 1278 749 1393 785; x_wconf 83' lang='lat' dir='ltr'>Paulo</span> <span class='ocrx_word' id='word_1_149' title='bbox 1413 748 1460 784; x_wconf 92' lang='lat' dir='ltr'>ad</span> <span class='ocrx_word' id='word_1_150' title='bbox 1483 748 1735 797; x_wconf 86' lang='lat' dir='ltr'>arguendum,</span> <span class='ocrx_word' id='word_1_151' title='bbox 1754 750 1904 785; x_wconf 83' lang='lat' dir='ltr'>humilis</span> <span class='ocrx_word' id='word_1_152' title='bbox 1925 750 1961 785; x_wconf 88' lang='lat' dir='ltr'>in</span> <span class='ocrx_word' id='word_1_153' title='bbox 1981 754 2090 786; x_wconf 86' lang='lat' dir='ltr'>Petro</span> <span class='ocrx_word' id='word_1_154' title='bbox 2111 749 2156 784; x_wconf 90' lang='lat' dir='ltr'>ad</span> <span class='ocrx_word' id='word_1_155' title='bbox 2176 747 2268 784; x_wconf 89' lang='lat' dir='ltr'>obe-</span> 
     </span>
     <span class='ocr_line' id='line_1_25' title="bbox 1278 807 2267 853; baseline 0.001 -10"><span class='ocrx_word' id='word_1_156' title='bbox 1278 807 1479 853; x_wconf 86' lang='lat' dir='ltr'>diendum,</span> <span class='ocrx_word' id='word_1_157' title='bbox 1507 807 1670 843; x_wconf 89' lang='lat' dir='ltr'>humana</span> <span class='ocrx_word' id='word_1_158' title='bbox 1700 808 1735 844; x_wconf 88' lang='lat' dir='ltr'>in</span> <span class='ocrx_word' id='word_1_159' title='bbox 1762 808 1979 846; x_wconf 85' lang='lat' dir='ltr'>Christianis</span> <span class='ocrx_word' id='word_1_160' title='bbox 2008 809 2052 844; x_wconf 88' lang='lat' dir='ltr'>ad</span> <span class='ocrx_word' id='word_1_161' title='bbox 2081 810 2267 844; x_wconf 81' lang='lat' dir='ltr'>coufiten-</span> 
     </span>
     <span class='ocr_line' id='line_1_26' title="bbox 1278 867 2143 916; baseline 0 -13"><span class='ocrx_word' id='word_1_162' title='bbox 1278 867 1366 903; x_wconf 87' lang='lat' dir='ltr'>dum</span> <span class='ocrx_word' id='word_1_163' title='bbox 1384 896 1393 913; x_wconf 94' lang='lat'>,</span> <span class='ocrx_word' id='word_1_164' title='bbox 1409 867 1536 903; x_wconf 79' lang='lat' dir='ltr'>divina</span> <span class='ocrx_word' id='word_1_165' title='bbox 1562 867 1600 903; x_wconf 93' lang='lat' dir='ltr'>in</span> <span class='ocrx_word' id='word_1_166' title='bbox 1623 867 1769 905; x_wconf 86' lang='lat' dir='ltr'>Christo</span> <span class='ocrx_word' id='word_1_167' title='bbox 1790 868 1834 903; x_wconf 90' lang='lat' dir='ltr'>ad</span> <span class='ocrx_word' id='word_1_168' title='bbox 1858 868 2143 916; x_wconf 87' lang='lat' dir='ltr'>ignoscendum.</span> 
     </span>
    </p>

    <p class='ocr_par' dir='ltr' id='par_1_11' title="bbox 1275 927 2270 1095">
     <span class='ocr_line' id='line_1_27' title="bbox 1344 927 2266 977; baseline -0.001 -14"><span class='ocrx_word' id='word_1_169' title='bbox 1344 929 1405 965; x_wconf 83' lang='lat'>38.</span> <span class='ocrx_word' id='word_1_170' title='bbox 1440 927 1607 965; x_wconf 84' lang='lat' dir='ltr'>Charitas</span> <span class='ocrx_word' id='word_1_171' title='bbox 1646 940 1735 976; x_wconf 81' lang='lat' dir='ltr'>ergo</span> <span class='ocrx_word' id='word_1_172' title='bbox 1771 928 1886 972; x_wconf 87' lang='lat' dir='ltr'>mira,</span> <span class='ocrx_word' id='word_1_173' title='bbox 1918 928 2095 976; x_wconf 85' lang='lat' dir='ltr'>pulchra,</span> <span class='ocrx_word' id='word_1_174' title='bbox 2126 928 2266 977; x_wconf 88' lang='lat' dir='ltr'>optima</span> 
     </span>
     <span class='ocr_line' id='line_1_28' title="bbox 1277 986 2269 1036; baseline 0 -14"><span class='ocrx_word' id='word_1_175' title='bbox 1277 986 1388 1022; x_wconf 88' lang='lat' dir='ltr'>docet</span> <span class='ocrx_word' id='word_1_176' title='bbox 1406 995 1443 1023; x_wconf 92' lang='lat' dir='ltr'>et</span> <span class='ocrx_word' id='word_1_177' title='bbox 1462 995 1653 1036; x_wconf 87' lang='lat' dir='ltr'>operatur.</span> <span class='ocrx_word' id='word_1_178' title='bbox 1685 990 1805 1023; x_wconf 84' lang='lat' dir='ltr'>Docet</span> <span class='ocrx_word' id='word_1_179' title='bbox 1823 987 1921 1022; x_wconf 84' lang='lat' dir='ltr'>enirn</span> <span class='ocrx_word' id='word_1_180' title='bbox 1942 996 1982 1023; x_wconf 88' lang='lat' dir='ltr'>ut</span> <span class='ocrx_word' id='word_1_181' title='bbox 2012 1000 2160 1036; x_wconf 78' lang='lat' dir='ltr'>semper</span> <span class='ocrx_word' id='word_1_182' title='bbox 2182 987 2269 1022; x_wconf 80' lang='lat' dir='ltr'>dili-</span> 
     </span>
     <span class='ocr_line' id='line_1_29' title="bbox 1275 1045 2270 1095; baseline -0.001 -14"><span class='ocrx_word' id='word_1_183' title='bbox 1275 1054 1385 1095; x_wconf 90' lang='lat' dir='ltr'>gatur</span> <span class='ocrx_word' id='word_1_184' title='bbox 1409 1045 1512 1094; x_wconf 89' lang='lat' dir='ltr'>quod</span> <span class='ocrx_word' id='word_1_185' title='bbox 1534 1045 1765 1094; x_wconf 85' lang='lat' dir='ltr'>diligendum</span> <span class='ocrx_word' id='word_1_186' title='bbox 1792 1054 1867 1091; x_wconf 88' lang='lat' dir='ltr'>est,</span> <span class='ocrx_word' id='word_1_187' title='bbox 1889 1053 1929 1081; x_wconf 89' lang='lat' dir='ltr'>ut</span> <span class='ocrx_word' id='word_1_188' title='bbox 1959 1058 2150 1094; x_wconf 84' lang='lat' dir='ltr'>nunquam</span> <span class='ocrx_word' id='word_1_189' title='bbox 2184 1045 2270 1081; x_wconf 87' lang='lat' dir='ltr'>dili-</span> 
     </span>
    </p>
   </div>
   <div class='ocr_carea' id='block_1_10' title="bbox 217 1103 2270 1155">
    <p class='ocr_par' dir='ltr' id='par_1_12' title="bbox 217 1103 2270 1155">
     <span class='ocr_line' id='line_1_30' title="bbox 217 1103 2270 1155; baseline -0.001 -13"><span class='ocrx_word' id='word_1_190' title='bbox 217 1104 485 1142; x_wconf 87' lang='lat' dir='ltr'>discernuntur</span> <span class='ocrx_word' id='word_1_191' title='bbox 506 1106 612 1142; x_wconf 87' lang='lat' dir='ltr'>electi</span> <span class='ocrx_word' id='word_1_192' title='bbox 637 1118 658 1142; x_wconf 92' lang='lat' dir='ltr'>a</span> <span class='ocrx_word' id='word_1_193' title='bbox 683 1104 867 1155; x_wconf 86' lang='lat' dir='ltr'>reprobis.</span> <span class='ocrx_word' id='word_1_194' title='bbox 896 1108 978 1142; x_wconf 89' lang='lat' dir='ltr'>Non</span> <span class='ocrx_word' id='word_1_195' title='bbox 999 1104 1100 1141; x_wconf 88' lang='lat' dir='ltr'>enim</span> <span class='ocrx_word' id='word_1_196' title='bbox 1128 1103 1208 1140; x_wconf 92' lang='lat' dir='ltr'>dis-</span> <span class='ocrx_word' id='word_1_197' title='bbox 1227 1107 1254 1140; x_wconf 90' lang='lat' dir='ltr'>B</span> <span class='ocrx_word' id='word_1_198' title='bbox 1275 1113 1383 1154; x_wconf 85' lang='lat' dir='ltr'>gatur</span> <span class='ocrx_word' id='word_1_199' title='bbox 1409 1103 1512 1153; x_wconf 89' lang='lat' dir='ltr'>quod</span> <span class='ocrx_word' id='word_1_200' title='bbox 1542 1104 1773 1153; x_wconf 82' lang='lat' dir='ltr'>diligendum</span> <span class='ocrx_word' id='word_1_201' title='bbox 1807 1117 1881 1139; x_wconf 85' lang='lat' dir='ltr'>non</span> <span class='ocrx_word' id='word_1_202' title='bbox 1912 1112 1987 1148; x_wconf 82' lang='lat' dir='ltr'>est,</span> <span class='ocrx_word' id='word_1_203' title='bbox 2011 1117 2079 1139; x_wconf 85' lang='lat' dir='ltr'>nec</span> <span class='ocrx_word' id='word_1_204' title='bbox 2111 1105 2270 1153; x_wconf 85' lang='lat' dir='ltr'>amplius</span> 
     </span>
    </p>
   </div>
   <div class='ocr_carea' id='block_1_11' title="bbox 214 1163 1213 1869">
    <p class='ocr_par' dir='ltr' id='par_1_13' title="bbox 214 1163 1213 1869">
     <span class='ocr_line' id='line_1_31' title="bbox 216 1163 1211 1215; baseline -0.002 -14"><span class='ocrx_word' id='word_1_205' title='bbox 216 1165 319 1202; x_wconf 85' lang='lat' dir='ltr'>cerni</span> <span class='ocrx_word' id='word_1_206' title='bbox 342 1173 500 1215; x_wconf 84' lang='lat' dir='ltr'>possunt</span> <span class='ocrx_word' id='word_1_207' title='bbox 522 1165 607 1212; x_wconf 76' lang='lat' dir='ltr'>fide,</span> <span class='ocrx_word' id='word_1_208' title='bbox 627 1173 690 1202; x_wconf 88' lang='lat' dir='ltr'>aut</span> <span class='ocrx_word' id='word_1_209' title='bbox 709 1165 1030 1214; x_wconf 88' lang='lat' dir='ltr'>eleemosynarum</span> <span class='ocrx_word' id='word_1_210' title='bbox 1049 1163 1211 1213; x_wconf 89' lang='lat' dir='ltr'>largitio-</span> 
     </span>
     <span class='ocr_line' id='line_1_32' title="bbox 217 1223 1210 1274; baseline -0.002 -13"><span class='ocrx_word' id='word_1_211' title='bbox 217 1237 284 1270; x_wconf 88' lang='lat' dir='ltr'>ne,</span> <span class='ocrx_word' id='word_1_212' title='bbox 306 1225 366 1262; x_wconf 91' lang='lat' dir='ltr'>vel</span> <span class='ocrx_word' id='word_1_213' title='bbox 387 1225 554 1270; x_wconf 85' lang='lat' dir='ltr'>scientia,</span> <span class='ocrx_word' id='word_1_214' title='bbox 576 1226 635 1262; x_wconf 86' lang='lat' dir='ltr'>vel</span> <span class='ocrx_word' id='word_1_215' title='bbox 657 1224 890 1274; x_wconf 86' lang='lat' dir='ltr'>jejuniorum</span> <span class='ocrx_word' id='word_1_216' title='bbox 915 1223 973 1260; x_wconf 87' lang='lat' dir='ltr'>vel</span> <span class='ocrx_word' id='word_1_217' title='bbox 998 1223 1210 1273; x_wconf 85' lang='lat' dir='ltr'>vigiliarum</span> 
     </span>
     <span class='ocr_line' id='line_1_33' title="bbox 215 1282 1212 1332; baseline -0.003 -12"><span class='ocrx_word' id='word_1_218' title='bbox 215 1283 475 1321; x_wconf 83' lang='lat' dir='ltr'>affectionibus</span> <span class='ocrx_word' id='word_1_219' title='bbox 497 1313 506 1330; x_wconf 96' lang='lat'>,</span> <span class='ocrx_word' id='word_1_220' title='bbox 542 1285 602 1321; x_wconf 84' lang='lat' dir='ltr'>vel</span> <span class='ocrx_word' id='word_1_221' title='bbox 634 1283 812 1332; x_wconf 87' lang='lat' dir='ltr'>martyrio</span> <span class='ocrx_word' id='word_1_222' title='bbox 838 1296 845 1319; x_wconf 89' lang='lat'>:</span> <span class='ocrx_word' id='word_1_223' title='bbox 876 1283 956 1318; x_wconf 72' lang='lat' dir='ltr'>hacc</span> <span class='ocrx_word' id='word_1_224' title='bbox 988 1282 1088 1318; x_wconf 90' lang='lat' dir='ltr'>enim</span> <span class='ocrx_word' id='word_1_225' title='bbox 1125 1291 1212 1318; x_wconf 90' lang='lat' dir='ltr'>sunt</span> 
     </span>
     <span class='ocr_line' id='line_1_34' title="bbox 215 1342 1212 1394; baseline -0.001 -15"><span class='ocrx_word' id='word_1_226' title='bbox 215 1343 429 1380; x_wconf 88' lang='lat' dir='ltr'>communia</span> <span class='ocrx_word' id='word_1_227' title='bbox 453 1344 579 1380; x_wconf 89' lang='lat' dir='ltr'>electis</span> <span class='ocrx_word' id='word_1_228' title='bbox 598 1352 634 1380; x_wconf 91' lang='lat' dir='ltr'>et</span> <span class='ocrx_word' id='word_1_229' title='bbox 660 1342 844 1394; x_wconf 80' lang='lat' dir='ltr'>reprobis.</span> <span class='ocrx_word' id='word_1_230' title='bbox 873 1343 957 1380; x_wconf 86' lang='lat' dir='ltr'>Sola</span> <span class='ocrx_word' id='word_1_231' title='bbox 981 1355 1070 1392; x_wconf 86' lang='lat' dir='ltr'>ergo</span> <span class='ocrx_word' id='word_1_232' title='bbox 1089 1342 1212 1378; x_wconf 86' lang='lat' dir='ltr'>chari-</span> 
     </span>
     <span class='ocr_line' id='line_1_35' title="bbox 215 1402 1213 1454; baseline -0.002 -14"><span class='ocrx_word' id='word_1_233' title='bbox 215 1412 269 1442; x_wconf 87' lang='lat' dir='ltr'>tas</span> <span class='ocrx_word' id='word_1_234' title='bbox 286 1403 382 1441; x_wconf 85' lang='lat' dir='ltr'>filios</span> <span class='ocrx_word' id='word_1_235' title='bbox 398 1404 467 1441; x_wconf 91' lang='lat' dir='ltr'>Dei</span> <span class='ocrx_word' id='word_1_236' title='bbox 484 1418 503 1441; x_wconf 94' lang='lat' dir='ltr'>a</span> <span class='ocrx_word' id='word_1_237' title='bbox 521 1405 605 1441; x_wconf 86' lang='lat' dir='ltr'>filiis</span> <span class='ocrx_word' id='word_1_238' title='bbox 624 1405 806 1454; x_wconf 66' lang='lat' dir='ltr'>gehennae</span> <span class='ocrx_word' id='word_1_239' title='bbox 830 1403 1046 1453; x_wconf 88' lang='lat' dir='ltr'>distinguit,</span> <span class='ocrx_word' id='word_1_240' title='bbox 1067 1402 1213 1439; x_wconf 88' lang='lat' dir='ltr'>dicente</span> 
     </span>
     <span class='ocr_line' id='line_1_36' title="bbox 214 1465 1213 1512; baseline -0.003 -12"><span class='ocrx_word' id='word_1_241' title='bbox 214 1465 380 1500; x_wconf 88' lang='lat' dir='ltr'>Domino</span> <span class='ocrx_word' id='word_1_242' title='bbox 398 1479 406 1500; x_wconf 88' lang='lat'>:</span> <span class='ocrx_word' id='word_1_243' title='bbox 423 1468 470 1501; x_wconf 79' lang='lat' dir='ltr'>Iu</span> <span class='ocrx_word' id='word_1_244' title='bbox 484 1466 551 1500; x_wconf 80' lang='grc' dir='ltr'>Ιιυε</span> <span class='ocrx_word' id='word_1_245' title='bbox 565 1473 781 1512; x_wconf 74' lang='lat' dir='ltr'>cognoscent</span> <span class='ocrx_word' id='word_1_246' title='bbox 796 1477 920 1498; x_wconf 75' lang='lat' dir='ltr'>omnes</span> <span class='ocrx_word' id='word_1_247' title='bbox 936 1467 1023 1511; x_wconf 75' lang='lat' dir='ltr'>quia</span> <span class='ocrx_word' id='word_1_248' title='bbox 1039 1467 1111 1497; x_wconf 81' lang='lat' dir='ltr'>mei</span> <span class='ocrx_word' id='word_1_249' title='bbox 1128 1467 1213 1497; x_wconf 78' lang='lat' dir='ltr'>estis</span> 
     </span>
     <span class='ocr_line' id='line_1_37' title="bbox 215 1520 1208 1571; baseline 0 -14"><span class='ocrx_word' id='word_1_250' title='bbox 215 1525 391 1571; x_wconf 74' lang='lat' dir='ltr'>discilmli</span> <span class='ocrx_word' id='word_1_251' title='bbox 401 1553 412 1568; x_wconf 91' lang='lat'>,</span> <span class='ocrx_word' id='word_1_252' title='bbox 430 1528 461 1558; x_wconf 76' lang='lat' dir='ltr'>si</span> <span class='ocrx_word' id='word_1_253' title='bbox 477 1526 707 1559; x_wconf 67' lang='lat' dir='ltr'>dilectionem</span> <span class='ocrx_word' id='word_1_254' title='bbox 728 1523 930 1559; x_wconf 75' lang='lat' dir='ltr'>habueritis</span> <span class='ocrx_word' id='word_1_255' title='bbox 946 1525 999 1557; x_wconf 79' lang='lat' dir='ltr'>acl</span> <span class='ocrx_word' id='word_1_256' title='bbox 1017 1526 1168 1557; x_wconf 68' lang='lat' dir='ltr'>invicem</span> <span class='ocrx_word' id='word_1_257' title='bbox 1182 1520 1208 1557; x_wconf 74' lang='lat'>3.</span> 
     </span>
     <span class='ocr_line' id='line_1_38' title="bbox 215 1579 1210 1633; baseline -0.003 -13"><span class='ocrx_word' id='word_1_258' title='bbox 215 1583 380 1620; x_wconf 87' lang='lat' dir='ltr'>Charitas</span> <span class='ocrx_word' id='word_1_259' title='bbox 401 1591 600 1633; x_wconf 83' lang='lat' dir='ltr'>congregat</span> <span class='ocrx_word' id='word_1_260' title='bbox 630 1583 726 1619; x_wconf 86' lang='lat' dir='ltr'>filios</span> <span class='ocrx_word' id='word_1_261' title='bbox 746 1582 838 1627; x_wconf 86' lang='lat' dir='ltr'>Dei,</span> <span class='ocrx_word' id='word_1_262' title='bbox 865 1590 901 1617; x_wconf 93' lang='lat' dir='ltr'>et</span> <span class='ocrx_word' id='word_1_263' title='bbox 931 1581 1016 1618; x_wconf 86' lang='lat' dir='ltr'>facit</span> <span class='ocrx_word' id='word_1_264' title='bbox 1032 1579 1210 1624; x_wconf 19' lang='lat' dir='ltr'>&gt;habitare</span> 
     </span>
     <span class='ocr_line' id='line_1_39' title="bbox 215 1642 1209 1691; baseline 0 -14"><span class='ocrx_word' id='word_1_265' title='bbox 215 1642 251 1678; x_wconf 84' lang='lat' dir='ltr'>in</span> <span class='ocrx_word' id='word_1_266' title='bbox 270 1655 402 1680; x_wconf 83' lang='lat' dir='ltr'>unum.</span> <span class='ocrx_word' id='word_1_267' title='bbox 427 1645 521 1678; x_wconf 67' lang='lat' dir='ltr'>Ecce</span> <span class='ocrx_word' id='word_1_268' title='bbox 539 1656 652 1691; x_wconf 77' lang='lat' dir='ltr'>qaam</span> <span class='ocrx_word' id='word_1_269' title='bbox 672 1642 804 1678; x_wconf 75' lang='lat' dir='ltr'>bonnm</span> <span class='ocrx_word' id='word_1_270' title='bbox 825 1651 858 1677; x_wconf 82' lang='lat' dir='ltr'>et</span> <span class='ocrx_word' id='word_1_271' title='bbox 877 1655 988 1689; x_wconf 75' lang='lat' dir='ltr'>(licam</span> <span class='ocrx_word' id='word_1_272' title='bbox 999 1642 1209 1686; x_wconf 75' lang='lat' dir='ltr'>jucundum</span> 
     </span>
     <span class='ocr_line' id='line_1_40' title="bbox 216 1700 1208 1750; baseline 0.001 -14"><span class='ocrx_word' id='word_1_273' title='bbox 216 1701 534 1748; x_wconf 75' lang='lat' dir='ltr'>habitat-esratres</span> <span class='ocrx_word' id='word_1_274' title='bbox 551 1708 588 1737; x_wconf 80' lang='lat' dir='ltr'>in</span> <span class='ocrx_word' id='word_1_275' title='bbox 607 1716 718 1737; x_wconf 74' lang='lat' dir='ltr'>tinum</span> <span class='ocrx_word' id='word_1_276' title='bbox 730 1702 756 1737; x_wconf 69' lang='lat'>4.</span> <span class='ocrx_word' id='word_1_277' title='bbox 772 1705 817 1738; x_wconf 91' lang='lat' dir='ltr'>Et</span> <span class='ocrx_word' id='word_1_278' title='bbox 830 1700 917 1737; x_wconf 87' lang='lat' dir='ltr'>alibi</span> <span class='ocrx_word' id='word_1_279' title='bbox 934 1701 1113 1750; x_wconf 89' lang='lat' dir='ltr'>scriptum</span> <span class='ocrx_word' id='word_1_280' title='bbox 1129 1709 1184 1738; x_wconf 90' lang='lat' dir='ltr'>est</span> <span class='ocrx_word' id='word_1_281' title='bbox 1201 1715 1208 1737; x_wconf 80' lang='lat' dir='ltr'>t</span> 
     </span>
     <span class='ocr_line' id='line_1_41' title="bbox 220 1759 1211 1806; baseline -0.003 -8"><span class='ocrx_word' id='word_1_282' title='bbox 220 1777 234 1793; x_wconf 90' lang='lat'>«</span> <span class='ocrx_word' id='word_1_283' title='bbox 259 1760 333 1798; x_wconf 89' lang='lat' dir='ltr'>Ubi</span> <span class='ocrx_word' id='word_1_284' title='bbox 354 1770 409 1798; x_wconf 87' lang='lat' dir='ltr'>est</span> <span class='ocrx_word' id='word_1_285' title='bbox 428 1762 587 1798; x_wconf 86' lang='lat' dir='ltr'>charitas</span> <span class='ocrx_word' id='word_1_286' title='bbox 603 1770 639 1798; x_wconf 94' lang='lat' dir='ltr'>et</span> <span class='ocrx_word' id='word_1_287' title='bbox 659 1761 829 1806; x_wconf 87' lang='lat' dir='ltr'>dilectio,</span> <span class='ocrx_word' id='word_1_288' title='bbox 852 1759 904 1796; x_wconf 91' lang='lat' dir='ltr'>ibi</span> <span class='ocrx_word' id='word_1_289' title='bbox 924 1768 979 1797; x_wconf 91' lang='lat' dir='ltr'>est</span> <span class='ocrx_word' id='word_1_290' title='bbox 999 1768 1211 1796; x_wconf 83' lang='lat' dir='ltr'>sanctorum</span> 
     </span>
     <span class='ocr_line' id='line_1_42' title="bbox 220 1819 1209 1869; baseline -0.002 -13"><span class='ocrx_word' id='word_1_291' title='bbox 220 1836 234 1852; x_wconf 93' lang='lat'>»</span> <span class='ocrx_word' id='word_1_292' title='bbox 259 1821 509 1869; x_wconf 85' lang='lat' dir='ltr'>congregatio.</span> <span class='ocrx_word' id='word_1_293' title='bbox 533 1819 590 1856; x_wconf 92' lang='lat' dir='ltr'>Ibi</span> <span class='ocrx_word' id='word_1_294' title='bbox 609 1833 677 1856; x_wconf 90' lang='lat' dir='ltr'>nec</span> <span class='ocrx_word' id='word_1_295' title='bbox 700 1820 755 1856; x_wconf 87' lang='lat' dir='ltr'>ira</span> <span class='ocrx_word' id='word_1_296' title='bbox 781 1827 860 1865; x_wconf 90' lang='lat' dir='ltr'>est,</span> <span class='ocrx_word' id='word_1_297' title='bbox 891 1832 958 1855; x_wconf 89' lang='lat' dir='ltr'>nec</span> <span class='ocrx_word' id='word_1_298' title='bbox 984 1819 1209 1867; x_wconf 74' lang='lat' dir='ltr'>indignatio,</span> 
     </span>
    </p>
   </div>
   <div class='ocr_carea' id='block_1_12' title="bbox 1275 1162 2274 1866">
    <p class='ocr_par' dir='ltr' id='par_1_14' title="bbox 1275 1162 2274 1866">
     <span class='ocr_line' id='line_1_43' title="bbox 1276 1162 2271 1212; baseline -0.001 -13"><span class='ocrx_word' id='word_1_299' title='bbox 1276 1163 1453 1212; x_wconf 80' lang='lat' dir='ltr'>diligatur</span> <span class='ocrx_word' id='word_1_300' title='bbox 1469 1162 1610 1212; x_wconf 83' lang='lat' dir='ltr'>aliquid</span> <span class='ocrx_word' id='word_1_301' title='bbox 1632 1170 1803 1212; x_wconf 86' lang='lat' dir='ltr'>respectu</span> <span class='ocrx_word' id='word_1_302' title='bbox 1822 1162 1932 1210; x_wconf 85' lang='lat' dir='ltr'>hujus</span> <span class='ocrx_word' id='word_1_303' title='bbox 1954 1163 2005 1198; x_wconf 71' lang='lat' dir='ltr'>rei</span> <span class='ocrx_word' id='word_1_304' title='bbox 2026 1163 2127 1210; x_wconf 81' lang='lat' dir='ltr'>quod</span> <span class='ocrx_word' id='word_1_305' title='bbox 2146 1176 2271 1210; x_wconf 66' lang='lat' dir='ltr'>sequa·-</span> 
     </span>
     <span class='ocr_line' id='line_1_44' title="bbox 1277 1221 2273 1271; baseline -0.002 -12"><span class='ocrx_word' id='word_1_306' title='bbox 1277 1223 1360 1259; x_wconf 92' lang='lat' dir='ltr'>liter</span> <span class='ocrx_word' id='word_1_307' title='bbox 1388 1223 1447 1259; x_wconf 78' lang='lat' dir='ltr'>vel</span> <span class='ocrx_word' id='word_1_308' title='bbox 1477 1223 1600 1258; x_wconf 88' lang='lat' dir='ltr'>minus</span> <span class='ocrx_word' id='word_1_309' title='bbox 1626 1221 1856 1271; x_wconf 86' lang='lat' dir='ltr'>diligendum</span> <span class='ocrx_word' id='word_1_310' title='bbox 1878 1231 1954 1267; x_wconf 85' lang='lat' dir='ltr'>cst,</span> <span class='ocrx_word' id='word_1_311' title='bbox 1980 1235 2047 1258; x_wconf 86' lang='lat' dir='ltr'>nee</span> <span class='ocrx_word' id='word_1_312' title='bbox 2079 1223 2273 1270; x_wconf 75' lang='lat' dir='ltr'>:equaliter</span> 
     </span>
     <span class='ocr_line' id='line_1_45' title="bbox 1277 1282 2273 1332; baseline -0.001 -13"><span class='ocrx_word' id='word_1_313' title='bbox 1277 1282 1518 1332; x_wconf 88' lang='lat' dir='ltr'>quodminus</span> <span class='ocrx_word' id='word_1_314' title='bbox 1535 1283 1593 1319; x_wconf 74' lang='lat' dir='ltr'>vel</span> <span class='ocrx_word' id='word_1_315' title='bbox 1611 1283 1785 1332; x_wconf 88' lang='lat' dir='ltr'>amplius,</span> <span class='ocrx_word' id='word_1_316' title='bbox 1804 1295 1872 1318; x_wconf 88' lang='lat' dir='ltr'>nec</span> <span class='ocrx_word' id='word_1_317' title='bbox 1893 1283 2015 1317; x_wconf 86' lang='lat' dir='ltr'>miuus</span> <span class='ocrx_word' id='word_1_318' title='bbox 2031 1282 2134 1330; x_wconf 80' lang='lat' dir='ltr'>quod</span> <span class='ocrx_word' id='word_1_319' title='bbox 2152 1296 2273 1331; x_wconf 75' lang='lat' dir='ltr'>acqua-</span> 
     </span>
     <span class='ocr_line' id='line_1_46' title="bbox 1278 1341 2274 1392; baseline -0.001 -13"><span class='ocrx_word' id='word_1_320' title='bbox 1278 1343 1364 1379; x_wconf 85' lang='lat' dir='ltr'>liter</span> <span class='ocrx_word' id='word_1_321' title='bbox 1393 1343 1452 1379; x_wconf 85' lang='lat' dir='ltr'>vel</span> <span class='ocrx_word' id='word_1_322' title='bbox 1488 1343 1661 1392; x_wconf 83' lang='lat' dir='ltr'>amplius.</span> <span class='ocrx_word' id='word_1_323' title='bbox 1701 1341 1823 1379; x_wconf 79' lang='lat' dir='ltr'>Debet</span> <span class='ocrx_word' id='word_1_324' title='bbox 1864 1342 2120 1391; x_wconf 85' lang='lat' dir='ltr'>unusquisque</span> <span class='ocrx_word' id='word_1_325' title='bbox 2159 1343 2274 1378; x_wconf 89' lang='lat' dir='ltr'>homo</span> 
     </span>
     <span class='ocr_line' id='line_1_47' title="bbox 1279 1402 2272 1451; baseline -0.001 -13"><span class='ocrx_word' id='word_1_326' title='bbox 1279 1411 1443 1451; x_wconf 87' lang='lat' dir='ltr'>quatuor</span> <span class='ocrx_word' id='word_1_327' title='bbox 1465 1411 1606 1438; x_wconf 89' lang='lat' dir='ltr'>tantum</span> <span class='ocrx_word' id='word_1_328' title='bbox 1628 1402 1781 1451; x_wconf 80' lang='lat' dir='ltr'>diligere</span> <span class='ocrx_word' id='word_1_329' title='bbox 1801 1415 1807 1436; x_wconf 90' lang='lat'><strong>:</strong></span> <span class='ocrx_word' id='word_1_330' title='bbox 1831 1405 1949 1438; x_wconf 90' lang='lat' dir='ltr'>Deum</span> <span class='ocrx_word' id='word_1_331' title='bbox 1972 1402 2123 1447; x_wconf 81' lang='lat' dir='ltr'>scilicet,</span> <span class='ocrx_word' id='word_1_332' title='bbox 2146 1405 2272 1450; x_wconf 79' lang='lat' dir='ltr'>Ange-</span> 
     </span>
     <span class='ocr_line' id='line_1_48' title="bbox 1279 1460 2272 1511; baseline -0.001 -14"><span class='ocrx_word' id='word_1_333' title='bbox 1279 1461 1346 1507; x_wconf 87' lang='lat' dir='ltr'>los,</span> <span class='ocrx_word' id='word_1_334' title='bbox 1367 1461 1624 1511; x_wconf 86' lang='lat' dir='ltr'>semetipsum,</span> <span class='ocrx_word' id='word_1_335' title='bbox 1645 1470 1681 1498; x_wconf 87' lang='lat' dir='ltr'>et</span> <span class='ocrx_word' id='word_1_336' title='bbox 1701 1461 1884 1497; x_wconf 85' lang='lat' dir='ltr'>homines.</span> <span class='ocrx_word' id='word_1_337' title='bbox 1905 1462 1985 1497; x_wconf 75' lang='lat' dir='ltr'>Alia</span> <span class='ocrx_word' id='word_1_338' title='bbox 2006 1470 2128 1497; x_wconf 85' lang='lat' dir='ltr'>autem</span> <span class='ocrx_word' id='word_1_339' title='bbox 2147 1460 2193 1496; x_wconf 87' lang='lat' dir='ltr'>ab</span> <span class='ocrx_word' id='word_1_340' title='bbox 2214 1462 2272 1497; x_wconf 88' lang='lat' dir='ltr'>his</span> 
     </span>
     <span class='ocr_line' id='line_1_49' title="bbox 1279 1521 2271 1570; baseline 0.001 -14"><span class='ocrx_word' id='word_1_341' title='bbox 1279 1521 1434 1557; x_wconf 86' lang='lat' dir='ltr'>minime</span> <span class='ocrx_word' id='word_1_342' title='bbox 1455 1521 1641 1570; x_wconf 86' lang='lat' dir='ltr'>diligenda</span> <span class='ocrx_word' id='word_1_343' title='bbox 1659 1530 1758 1567; x_wconf 87' lang='lat' dir='ltr'>sunt,</span> <span class='ocrx_word' id='word_1_344' title='bbox 1777 1521 1840 1557; x_wconf 85' lang='lat' dir='ltr'>sed</span> <span class='ocrx_word' id='word_1_345' title='bbox 1861 1535 1930 1570; x_wconf 89' lang='lat' dir='ltr'>pro</span> <span class='ocrx_word' id='word_1_346' title='bbox 1950 1522 2032 1556; x_wconf 88' lang='lat' dir='ltr'>loco</span> <span class='ocrx_word' id='word_1_347' title='bbox 2051 1529 2086 1556; x_wconf 85' lang='lat' dir='ltr'>et</span> <span class='ocrx_word' id='word_1_348' title='bbox 2104 1529 2271 1570; x_wconf 86' lang='lat' dir='ltr'>tempore</span> 
     </span>
     <span class='ocr_line' id='line_1_50' title="bbox 1277 1581 2271 1630; baseline 0.001 -14"><span class='ocrx_word' id='word_1_349' title='bbox 1277 1581 1458 1617; x_wconf 86' lang='lat' dir='ltr'>utendum</span> <span class='ocrx_word' id='word_1_350' title='bbox 1484 1589 1540 1617; x_wconf 88' lang='lat' dir='ltr'>est</span> <span class='ocrx_word' id='word_1_351' title='bbox 1559 1581 1630 1626; x_wconf 89' lang='lat' dir='ltr'>eis,</span> <span class='ocrx_word' id='word_1_352' title='bbox 1652 1589 1688 1616; x_wconf 85' lang='lat' dir='ltr'>et</span> <span class='ocrx_word' id='word_1_353' title='bbox 1708 1594 1777 1630; x_wconf 90' lang='lat' dir='ltr'>pro</span> <span class='ocrx_word' id='word_1_354' title='bbox 1799 1581 2014 1617; x_wconf 82' lang='lat' dir='ltr'>conditione</span> <span class='ocrx_word' id='word_1_355' title='bbox 2030 1594 2094 1617; x_wconf 83' lang='lat' dir='ltr'>sua</span> <span class='ocrx_word' id='word_1_356' title='bbox 2113 1581 2271 1617; x_wconf 85' lang='lat' dir='ltr'>laudan—</span> 
     </span>
     <span class='ocr_line' id='line_1_51' title="bbox 1276 1640 2271 1689; baseline 0.001 -14"><span class='ocrx_word' id='word_1_357' title='bbox 1276 1640 1344 1675; x_wconf 87' lang='lat' dir='ltr'>dus</span> <span class='ocrx_word' id='word_1_358' title='bbox 1360 1648 1472 1689; x_wconf 84' lang='lat' dir='ltr'>atque</span> <span class='ocrx_word' id='word_1_359' title='bbox 1493 1640 1736 1676; x_wconf 87' lang='lat' dir='ltr'>admirandus</span> <span class='ocrx_word' id='word_1_360' title='bbox 1757 1650 1811 1676; x_wconf 71' lang='lat' dir='ltr'>est</span> <span class='ocrx_word' id='word_1_361' title='bbox 1831 1645 1985 1677; x_wconf 79' lang='lat' dir='ltr'>Creator</span> <span class='ocrx_word' id='word_1_362' title='bbox 2004 1641 2039 1675; x_wconf 88' lang='lat' dir='ltr'>iu</span> <span class='ocrx_word' id='word_1_363' title='bbox 2058 1640 2140 1676; x_wconf 82' lang='lat' dir='ltr'>illis.</span> <span class='ocrx_word' id='word_1_364' title='bbox 2161 1640 2271 1677; x_wconf 77' lang='lat' dir='ltr'>Verbi</span> 
     </span>
     <span class='ocr_line' id='line_1_52' title="bbox 1275 1699 2268 1749; baseline 0 -15"><span class='ocrx_word' id='word_1_365' title='bbox 1275 1699 1393 1749; x_wconf 86' lang='lat' dir='ltr'>gratia</span> <span class='ocrx_word' id='word_1_366' title='bbox 1410 1702 1511 1735; x_wconf 89' lang='lat' dir='ltr'>Deus</span> <span class='ocrx_word' id='word_1_367' title='bbox 1528 1707 1564 1734; x_wconf 91' lang='lat' dir='ltr'>et</span> <span class='ocrx_word' id='word_1_368' title='bbox 1585 1699 1781 1748; x_wconf 78' lang='lat' dir='ltr'>proximus</span> <span class='ocrx_word' id='word_1_369' title='bbox 1801 1712 1950 1747; x_wconf 79' lang='lat' dir='ltr'>semper</span> <span class='ocrx_word' id='word_1_370' title='bbox 1966 1699 2179 1748; x_wconf 81' lang='lat' dir='ltr'>diligendus</span> <span class='ocrx_word' id='word_1_371' title='bbox 2200 1708 2268 1744; x_wconf 69' lang='lat' dir='ltr'>cst,</span> 
     </span>
     <span class='ocr_line' id='line_1_53' title="bbox 1277 1757 2271 1808; baseline -0.002 -14"><span class='ocrx_word' id='word_1_372' title='bbox 1277 1767 1471 1808; x_wconf 87' lang='lat' dir='ltr'>peccatum</span> <span class='ocrx_word' id='word_1_373' title='bbox 1509 1766 1633 1794; x_wconf 89' lang='lat' dir='ltr'>autem</span> <span class='ocrx_word' id='word_1_374' title='bbox 1671 1770 1864 1806; x_wconf 82' lang='lat' dir='ltr'>nunquam</span> <span class='ocrx_word' id='word_1_375' title='bbox 1905 1757 2134 1805; x_wconf 74' lang='lat' dir='ltr'>diligendum</span> <span class='ocrx_word' id='word_1_376' title='bbox 2176 1767 2231 1794; x_wconf 84' lang='lat' dir='ltr'>cst</span> <span class='ocrx_word' id='word_1_377' title='bbox 2265 1772 2271 1792; x_wconf 82' lang='lat' dir='ltr'>z</span> 
     </span>
     <span class='ocr_line' id='line_1_54' title="bbox 1278 1817 2271 1866; baseline 0 -12"><span class='ocrx_word' id='word_1_378' title='bbox 1278 1818 1366 1854; x_wconf 89' lang='lat' dir='ltr'>item</span> <span class='ocrx_word' id='word_1_379' title='bbox 1393 1821 1495 1854; x_wconf 91' lang='lat' dir='ltr'>Deus</span> <span class='ocrx_word' id='word_1_380' title='bbox 1522 1830 1599 1853; x_wconf 90' lang='lat' dir='ltr'>non</span> <span class='ocrx_word' id='word_1_381' title='bbox 1630 1817 1754 1852; x_wconf 87' lang='lat' dir='ltr'>minus</span> <span class='ocrx_word' id='word_1_382' title='bbox 1783 1817 1839 1852; x_wconf 79' lang='lat' dir='ltr'>vel</span> <span class='ocrx_word' id='word_1_383' title='bbox 1873 1817 2066 1866; x_wconf 69' lang='lat' dir='ltr'>a‘qualitcr</span> <span class='ocrx_word' id='word_1_384' title='bbox 2100 1826 2271 1866; x_wconf 83' lang='lat' dir='ltr'>respectu</span> 
     </span>
    </p>
   </div>
   <div class='ocr_carea' id='block_1_13' title="bbox 218 1875 2272 1928">
    <p class='ocr_par' dir='ltr' id='par_1_15' title="bbox 218 1875 2272 1928">
     <span class='ocr_line' id='line_1_55' title="bbox 218 1875 2272 1928; baseline -0.001 -14"><span class='ocrx_word' id='word_1_385' title='bbox 218 1895 233 1910; x_wconf 88' lang='lat'>»</span> <span class='ocrx_word' id='word_1_386' title='bbox 261 1878 327 1915; x_wconf 90' lang='lat' dir='ltr'>sed</span> <span class='ocrx_word' id='word_1_387' title='bbox 346 1880 451 1915; x_wconf 83' lang='lat' dir='ltr'>firma</span> <span class='ocrx_word' id='word_1_388' title='bbox 472 1879 632 1916; x_wconf 85' lang='lat' dir='ltr'>charitas</span> <span class='ocrx_word' id='word_1_389' title='bbox 650 1879 689 1915; x_wconf 90' lang='lat' dir='ltr'>in</span> <span class='ocrx_word' id='word_1_390' title='bbox 711 1887 948 1928; x_wconf 85' lang='lat' dir='ltr'>perpetuum.</span> <span class='ocrx_word' id='word_1_391' title='bbox 969 1896 982 1910; x_wconf 87' lang='lat'>»</span> <span class='ocrx_word' id='word_1_392' title='bbox 1000 1879 1110 1914; x_wconf 87' lang='lat' dir='ltr'>Nulla</span> <span class='ocrx_word' id='word_1_393' title='bbox 1131 1879 1209 1915; x_wconf 89' lang='lat' dir='ltr'>vir—</span> <span class='ocrx_word' id='word_1_394' title='bbox 1232 1878 1259 1913; x_wconf 91' lang='lat' dir='ltr'>C</span> <span class='ocrx_word' id='word_1_395' title='bbox 1280 1876 1458 1925; x_wconf 88' lang='lat' dir='ltr'>alicujus,</span> <span class='ocrx_word' id='word_1_396' title='bbox 1481 1876 1545 1914; x_wconf 89' lang='lat' dir='ltr'>sed</span> <span class='ocrx_word' id='word_1_397' title='bbox 1565 1876 1679 1925; x_wconf 86' lang='lat' dir='ltr'>magis</span> <span class='ocrx_word' id='word_1_398' title='bbox 1697 1875 1907 1924; x_wconf 86' lang='lat' dir='ltr'>diligendus</span> <span class='ocrx_word' id='word_1_399' title='bbox 1924 1884 1977 1911; x_wconf 88' lang='lat' dir='ltr'>est</span> <span class='ocrx_word' id='word_1_400' title='bbox 1997 1890 2002 1910; x_wconf 82' lang='lat' dir='ltr'><em>z</em></span> <span class='ocrx_word' id='word_1_401' title='bbox 2025 1889 2092 1911; x_wconf 85' lang='lat' dir='ltr'>nec</span> <span class='ocrx_word' id='word_1_402' title='bbox 2110 1877 2272 1925; x_wconf 69' lang='lat' dir='ltr'>proximi</span> 
     </span>
    </p>
   </div>
   <div class='ocr_carea' id='block_1_14' title="bbox 211 1937 1212 2640">
    <p class='ocr_par' dir='ltr' id='par_1_16' title="bbox 211 1937 1212 2640">
     <span class='ocr_line' id='line_1_56' title="bbox 216 1937 1211 1986; baseline -0.001 -12"><span class='ocrx_word' id='word_1_403' title='bbox 216 1945 274 1974; x_wconf 89' lang='lat' dir='ltr'>tus</span> <span class='ocrx_word' id='word_1_404' title='bbox 291 1938 370 1974; x_wconf 91' lang='lat' dir='ltr'>sine</span> <span class='ocrx_word' id='word_1_405' title='bbox 396 1938 576 1975; x_wconf 86' lang='lat' dir='ltr'>charitate</span> <span class='ocrx_word' id='word_1_406' title='bbox 605 1937 824 1983; x_wconf 86' lang='lat' dir='ltr'>roboratur,</span> <span class='ocrx_word' id='word_1_407' title='bbox 850 1937 926 1973; x_wconf 89' lang='lat' dir='ltr'>imo</span> <span class='ocrx_word' id='word_1_408' title='bbox 950 1937 987 1973; x_wconf 91' lang='lat' dir='ltr'>in</span> <span class='ocrx_word' id='word_1_409' title='bbox 1016 1945 1211 1986; x_wconf 87' lang='lat' dir='ltr'>peccatum</span> 
     </span>
     <span class='ocr_line' id='line_1_57' title="bbox 214 1996 1209 2042; baseline 0.001 -10"><span class='ocrx_word' id='word_1_410' title='bbox 214 1997 382 2033; x_wconf 87' lang='lat' dir='ltr'>vertitur.</span> <span class='ocrx_word' id='word_1_411' title='bbox 402 1997 547 2034; x_wconf 86' lang='lat' dir='ltr'>Peritus</span> <span class='ocrx_word' id='word_1_412' title='bbox 563 1997 663 2033; x_wconf 89' lang='lat' dir='ltr'>enim</span> <span class='ocrx_word' id='word_1_413' title='bbox 685 1996 765 2033; x_wconf 90' lang='lat' dir='ltr'>sine</span> <span class='ocrx_word' id='word_1_414' title='bbox 783 1996 960 2032; x_wconf 87' lang='lat' dir='ltr'>charitate</span> <span class='ocrx_word' id='word_1_415' title='bbox 981 1997 1117 2032; x_wconf 89' lang='lat' dir='ltr'>stultus</span> <span class='ocrx_word' id='word_1_416' title='bbox 1134 2004 1209 2042; x_wconf 82' lang='lat' dir='ltr'>cst3</span> 
     </span>
     <span class='ocr_line' id='line_1_58' title="bbox 214 2053 1211 2104; baseline 0 -14"><span class='ocrx_word' id='word_1_417' title='bbox 214 2063 250 2090; x_wconf 87' lang='lat' dir='ltr'>et</span> <span class='ocrx_word' id='word_1_418' title='bbox 275 2054 390 2090; x_wconf 88' lang='lat' dir='ltr'>idiota</span> <span class='ocrx_word' id='word_1_419' title='bbox 422 2054 602 2104; x_wconf 82' lang='lat' dir='ltr'>quilibet,</span> <span class='ocrx_word' id='word_1_420' title='bbox 631 2055 661 2092; x_wconf 92' lang='lat' dir='ltr'>si</span> <span class='ocrx_word' id='word_1_421' title='bbox 689 2054 905 2090; x_wconf 87' lang='lat' dir='ltr'>charitatem</span> <span class='ocrx_word' id='word_1_422' title='bbox 938 2053 1070 2099; x_wconf 85' lang='lat' dir='ltr'>habet,</span> <span class='ocrx_word' id='word_1_423' title='bbox 1102 2053 1211 2090; x_wconf 87' lang='lat' dir='ltr'>valde</span> 
     </span>
     <span class='ocr_line' id='line_1_59' title="bbox 214 2112 1212 2163; baseline 0.002 -16"><span class='ocrx_word' id='word_1_424' title='bbox 214 2112 346 2150; x_wconf 85' lang='lat' dir='ltr'>doctus</span> <span class='ocrx_word' id='word_1_425' title='bbox 363 2122 432 2159; x_wconf 91' lang='lat' dir='ltr'>est,</span> <span class='ocrx_word' id='word_1_426' title='bbox 455 2114 582 2150; x_wconf 90' lang='lat' dir='ltr'>divina</span> <span class='ocrx_word' id='word_1_427' title='bbox 602 2114 795 2163; x_wconf 83' lang='lat' dir='ltr'>Scriptura</span> <span class='ocrx_word' id='word_1_428' title='bbox 821 2121 992 2150; x_wconf 89' lang='lat' dir='ltr'>testante.</span> <span class='ocrx_word' id='word_1_429' title='bbox 1020 2114 1088 2150; x_wconf 90' lang='lat' dir='ltr'>Ille</span> <span class='ocrx_word' id='word_1_430' title='bbox 1111 2121 1212 2149; x_wconf 86' lang='lat' dir='ltr'>tenet</span> 
     </span>
     <span class='ocr_line' id='line_1_60' title="bbox 214 2174 1210 2224; baseline 0.001 -14"><span class='ocrx_word' id='word_1_431' title='bbox 214 2181 250 2210; x_wconf 88' lang='lat' dir='ltr'>et</span> <span class='ocrx_word' id='word_1_432' title='bbox 276 2174 376 2223; x_wconf 91' lang='lat' dir='ltr'>quod</span> <span class='ocrx_word' id='word_1_433' title='bbox 395 2183 509 2224; x_wconf 87' lang='lat' dir='ltr'>patet,</span> <span class='ocrx_word' id='word_1_434' title='bbox 536 2184 573 2211; x_wconf 87' lang='lat' dir='ltr'>et</span> <span class='ocrx_word' id='word_1_435' title='bbox 598 2175 699 2224; x_wconf 87' lang='lat' dir='ltr'>quod</span> <span class='ocrx_word' id='word_1_436' title='bbox 729 2175 817 2210; x_wconf 87' lang='lat' dir='ltr'>latet</span> <span class='ocrx_word' id='word_1_437' title='bbox 842 2175 879 2210; x_wconf 86' lang='lat' dir='ltr'>in</span> <span class='ocrx_word' id='word_1_438' title='bbox 900 2174 1040 2210; x_wconf 92' lang='lat' dir='ltr'>divinis</span> <span class='ocrx_word' id='word_1_439' title='bbox 1059 2187 1210 2211; x_wconf 89' lang='lat' dir='ltr'>sermo—</span> 
     </span>
     <span class='ocr_line' id='line_1_61' title="bbox 214 2232 1210 2283; baseline 0.001 -14"><span class='ocrx_word' id='word_1_440' title='bbox 214 2232 327 2270; x_wconf 88' lang='lat' dir='ltr'>nibus</span> <span class='ocrx_word' id='word_1_441' title='bbox 352 2234 415 2283; x_wconf 86' lang='lat' dir='ltr'>qui</span> <span class='ocrx_word' id='word_1_442' title='bbox 436 2235 653 2270; x_wconf 88' lang='lat' dir='ltr'>charitatem</span> <span class='ocrx_word' id='word_1_443' title='bbox 681 2242 781 2270; x_wconf 91' lang='lat' dir='ltr'>tenet</span> <span class='ocrx_word' id='word_1_444' title='bbox 805 2235 843 2270; x_wconf 92' lang='lat' dir='ltr'>in</span> <span class='ocrx_word' id='word_1_445' title='bbox 865 2233 1045 2270; x_wconf 88' lang='lat' dir='ltr'>moribus.</span> <span class='ocrx_word' id='word_1_446' title='bbox 1066 2237 1096 2271; x_wconf 96' lang='lat' dir='ltr'>O</span> <span class='ocrx_word' id='word_1_447' title='bbox 1121 2234 1210 2283; x_wconf 91' lang='lat' dir='ltr'>quid</span> 
     </span>
     <span class='ocr_line' id='line_1_62' title="bbox 213 2291 1207 2341; baseline 0.001 -14"><span class='ocrx_word' id='word_1_448' title='bbox 213 2291 325 2340; x_wconf 90' lang='lat' dir='ltr'>digne</span> <span class='ocrx_word' id='word_1_449' title='bbox 341 2291 388 2328; x_wconf 91' lang='lat' dir='ltr'>de</span> <span class='ocrx_word' id='word_1_450' title='bbox 411 2293 590 2329; x_wconf 87' lang='lat' dir='ltr'>charitate</span> <span class='ocrx_word' id='word_1_451' title='bbox 615 2293 771 2329; x_wconf 86' lang='lat' dir='ltr'>referam</span> <span class='ocrx_word' id='word_1_452' title='bbox 785 2321 794 2337; x_wconf 92' lang='lat'>,</span> <span class='ocrx_word' id='word_1_453' title='bbox 814 2305 896 2341; x_wconf 84' lang='lat' dir='ltr'>quae</span> <span class='ocrx_word' id='word_1_454' title='bbox 916 2293 1105 2329; x_wconf 90' lang='lat' dir='ltr'>scientiam</span> <span class='ocrx_word' id='word_1_455' title='bbox 1131 2305 1207 2329; x_wconf 92' lang='lat' dir='ltr'>non</span> 
     </span>
     <span class='ocr_line' id='line_1_63' title="bbox 211 2350 1205 2401; baseline 0 -14"><span class='ocrx_word' id='word_1_456' title='bbox 211 2350 409 2388; x_wconf 89' lang='lat' dir='ltr'>abscondit</span> <span class='ocrx_word' id='word_1_457' title='bbox 431 2351 714 2401; x_wconf 80' lang='lat' dir='ltr'>ignorantibus,</span> <span class='ocrx_word' id='word_1_458' title='bbox 742 2365 811 2388; x_wconf 92' lang='lat' dir='ltr'>nec</span> <span class='ocrx_word' id='word_1_459' title='bbox 840 2352 1002 2388; x_wconf 85' lang='lat' dir='ltr'>fructum</span> <span class='ocrx_word' id='word_1_460' title='bbox 1032 2352 1205 2401; x_wconf 89' lang='lat' dir='ltr'>indigen—</span> 
     </span>
     <span class='ocr_line' id='line_1_64' title="bbox 214 2410 1208 2462; baseline 0.001 -16"><span class='ocrx_word' id='word_1_461' title='bbox 214 2410 313 2448; x_wconf 87' lang='lat' dir='ltr'>tibus</span> <span class='ocrx_word' id='word_1_462' title='bbox 327 2439 336 2457; x_wconf 94' lang='lat'>,</span> <span class='ocrx_word' id='word_1_463' title='bbox 357 2425 425 2448; x_wconf 92' lang='lat' dir='ltr'>nec</span> <span class='ocrx_word' id='word_1_464' title='bbox 445 2412 601 2449; x_wconf 82' lang='lat' dir='ltr'>infirmis</span> <span class='ocrx_word' id='word_1_465' title='bbox 622 2420 733 2462; x_wconf 90' lang='lat' dir='ltr'>negat</span> <span class='ocrx_word' id='word_1_466' title='bbox 752 2411 997 2457; x_wconf 88' lang='lat' dir='ltr'>medicinam,</span> <span class='ocrx_word' id='word_1_467' title='bbox 1019 2425 1087 2447; x_wconf 83' lang='lat' dir='ltr'>nec</span> <span class='ocrx_word' id='word_1_468' title='bbox 1109 2412 1208 2448; x_wconf 89' lang='lat' dir='ltr'>sanis</span> 
     </span>
     <span class='ocr_line' id='line_1_65' title="bbox 213 2470 1204 2520; baseline 0 -14"><span class='ocrx_word' id='word_1_469' title='bbox 213 2471 385 2507; x_wconf 83' lang='lat' dir='ltr'>tutelam!</span> <span class='ocrx_word' id='word_1_470' title='bbox 404 2471 571 2508; x_wconf 89' lang='lat' dir='ltr'>Charitas</span> <span class='ocrx_word' id='word_1_471' title='bbox 587 2471 733 2507; x_wconf 87' lang='lat' dir='ltr'>interna</span> <span class='ocrx_word' id='word_1_472' title='bbox 750 2470 993 2520; x_wconf 89' lang='lat' dir='ltr'>inspiratione</span> <span class='ocrx_word' id='word_1_473' title='bbox 1014 2470 1204 2520; x_wconf 85' lang='lat' dir='ltr'>praedesti-</span> 
     </span>
     <span class='ocr_line' id='line_1_66' title="bbox 213 2522 1202 2580; baseline 0.001 -15"><span class='ocrx_word' id='word_1_474' title='bbox 213 2537 319 2566; x_wconf 89' lang='lat' dir='ltr'>natos</span> <span class='ocrx_word' id='word_1_475' title='bbox 333 2539 454 2575; x_wconf 90' lang='lat' dir='ltr'>vocat,</span> <span class='ocrx_word' id='word_1_476' title='bbox 470 2539 621 2568; x_wconf 90' lang='lat' dir='ltr'>vocatos</span> <span class='ocrx_word' id='word_1_477' title='bbox 633 2522 827 2580; x_wconf 85' lang='lat' dir='ltr'>justificat,</span> <span class='ocrx_word' id='word_1_478' title='bbox 841 2529 962 2580; x_wconf 90' lang='lat' dir='ltr'>justos</span> <span class='ocrx_word' id='word_1_479' title='bbox 979 2531 1202 2579; x_wconf 83' lang='lat' dir='ltr'>magnificat.</span> 
     </span>
     <span class='ocr_line' id='line_1_67' title="bbox 213 2588 1207 2640; baseline 0.002 -17"><span class='ocrx_word' id='word_1_480' title='bbox 213 2588 361 2636; x_wconf 89' lang='lat' dir='ltr'>Pigrum</span> <span class='ocrx_word' id='word_1_481' title='bbox 380 2589 515 2625; x_wconf 84' lang='lat' dir='ltr'>excitat</span> <span class='ocrx_word' id='word_1_482' title='bbox 542 2597 582 2626; x_wconf 92' lang='lat' dir='ltr'>ut</span> <span class='ocrx_word' id='word_1_483' title='bbox 602 2599 757 2640; x_wconf 86' lang='lat' dir='ltr'>pugnet,</span> <span class='ocrx_word' id='word_1_484' title='bbox 787 2598 1015 2640; x_wconf 88' lang='lat' dir='ltr'>pugnantem</span> <span class='ocrx_word' id='word_1_485' title='bbox 1040 2589 1150 2638; x_wconf 89' lang='lat' dir='ltr'>juvat</span> <span class='ocrx_word' id='word_1_486' title='bbox 1167 2598 1207 2626; x_wconf 91' lang='lat' dir='ltr'>ut</span> 
     </span>
    </p>
   </div>
   <div class='ocr_carea' id='block_1_15' title="bbox 1273 1935 2274 2636">
    <p class='ocr_par' dir='ltr' id='par_1_17' title="bbox 1277 1935 2274 2163">
     <span class='ocr_line' id='line_1_68' title="bbox 1278 1935 2272 1985; baseline -0.001 -12"><span class='ocrx_word' id='word_1_487' title='bbox 1278 1937 1402 1973; x_wconf 88' lang='lat' dir='ltr'>minus</span> <span class='ocrx_word' id='word_1_488' title='bbox 1421 1950 1490 1973; x_wconf 88' lang='lat' dir='ltr'>nee</span> <span class='ocrx_word' id='word_1_489' title='bbox 1509 1936 1623 1985; x_wconf 82' lang='lat' dir='ltr'>magis</span> <span class='ocrx_word' id='word_1_490' title='bbox 1647 1935 1823 1984; x_wconf 85' lang='lat' dir='ltr'>diligendi</span> <span class='ocrx_word' id='word_1_491' title='bbox 1845 1944 1952 1980; x_wconf 87' lang='lat' dir='ltr'>suut,</span> <span class='ocrx_word' id='word_1_492' title='bbox 1975 1935 2038 1971; x_wconf 85' lang='lat' dir='ltr'>sed</span> <span class='ocrx_word' id='word_1_493' title='bbox 2060 1937 2272 1984; x_wconf 77' lang='lat' dir='ltr'>aqualiter,</span> 
     </span>
     <span class='ocr_line' id='line_1_69' title="bbox 1278 1995 2274 2045; baseline -0.001 -13"><span class='ocrx_word' id='word_1_494' title='bbox 1278 1997 1364 2033; x_wconf 90' lang='lat' dir='ltr'>licet</span> <span class='ocrx_word' id='word_1_495' title='bbox 1390 2009 1506 2045; x_wconf 88' lang='lat' dir='ltr'>opera</span> <span class='ocrx_word' id='word_1_496' title='bbox 1526 1996 1715 2032; x_wconf 87' lang='lat' dir='ltr'>charitatis</span> <span class='ocrx_word' id='word_1_497' title='bbox 1742 2008 1817 2031; x_wconf 89' lang='lat' dir='ltr'>non</span> <span class='ocrx_word' id='word_1_498' title='bbox 1847 1995 2039 2043; x_wconf 73' lang='lat' dir='ltr'>:equaliter</span> <span class='ocrx_word' id='word_1_499' title='bbox 2061 1995 2274 2031; x_wconf 76' lang='lat' dir='ltr'>exhibenda</span> 
     </span>
     <span class='ocr_line' id='line_1_70' title="bbox 1277 2055 2272 2104; baseline -0.001 -13"><span class='ocrx_word' id='word_1_500' title='bbox 1277 2056 1362 2092; x_wconf 89' lang='lat' dir='ltr'>sint.</span> <span class='ocrx_word' id='word_1_501' title='bbox 1384 2059 1476 2092; x_wconf 86' lang='lat' dir='ltr'>Item</span> <span class='ocrx_word' id='word_1_502' title='bbox 1496 2068 1658 2104; x_wconf 85' lang='lat' dir='ltr'>corpora</span> <span class='ocrx_word' id='word_1_503' title='bbox 1679 2062 1806 2090; x_wconf 83' lang='lat' dir='ltr'>nostra</span> <span class='ocrx_word' id='word_1_504' title='bbox 1824 2067 1890 2089; x_wconf 81' lang='lat' dir='ltr'>nec</span> <span class='ocrx_word' id='word_1_505' title='bbox 1910 2055 2037 2101; x_wconf 77' lang='lat' dir='ltr'>magis,</span> <span class='ocrx_word' id='word_1_506' title='bbox 2060 2068 2127 2090; x_wconf 86' lang='lat' dir='ltr'>uec</span> <span class='ocrx_word' id='word_1_507' title='bbox 2143 2068 2272 2104; x_wconf 65' lang='lat' dir='ltr'>aequa—</span> 
     </span>
     <span class='ocr_line' id='line_1_71' title="bbox 1277 2113 2148 2163; baseline -0.003 -12"><span class='ocrx_word' id='word_1_508' title='bbox 1277 2115 1360 2151; x_wconf 80' lang='lat' dir='ltr'>liter</span> <span class='ocrx_word' id='word_1_509' title='bbox 1377 2123 1418 2151; x_wconf 90' lang='lat' dir='ltr'>ut</span> <span class='ocrx_word' id='word_1_510' title='bbox 1437 2115 1570 2151; x_wconf 83' lang='lat' dir='ltr'>auimae</span> <span class='ocrx_word' id='word_1_511' title='bbox 1591 2113 1780 2163; x_wconf 85' lang='lat' dir='ltr'>diligenda</span> <span class='ocrx_word' id='word_1_512' title='bbox 1802 2122 1908 2158; x_wconf 86' lang='lat' dir='ltr'>suut,</span> <span class='ocrx_word' id='word_1_513' title='bbox 1926 2113 1989 2149; x_wconf 87' lang='lat' dir='ltr'>scd</span> <span class='ocrx_word' id='word_1_514' title='bbox 2012 2114 2148 2149; x_wconf 77' lang='lat' dir='ltr'>minus.</span> 
     </span>
    </p>

    <p class='ocr_par' dir='ltr' id='par_1_18' title="bbox 1273 2172 2274 2636">
     <span class='ocr_line' id='line_1_72' title="bbox 1330 2172 2274 2220; baseline -0.004 -9"><span class='ocrx_word' id='word_1_515' title='bbox 1330 2175 1391 2211; x_wconf 84' lang='grc'>39.</span> <span class='ocrx_word' id='word_1_516' title='bbox 1420 2178 1512 2211; x_wconf 85' lang='lat' dir='ltr'>Item</span> <span class='ocrx_word' id='word_1_517' title='bbox 1543 2173 1653 2209; x_wconf 87' lang='lat' dir='ltr'>docet</span> <span class='ocrx_word' id='word_1_518' title='bbox 1677 2173 1866 2209; x_wconf 83' lang='lat' dir='ltr'>hominem</span> <span class='ocrx_word' id='word_1_519' title='bbox 1889 2172 2052 2220; x_wconf 86' lang='lat' dir='ltr'>gaudere</span> <span class='ocrx_word' id='word_1_520' title='bbox 2075 2186 2158 2208; x_wconf 86' lang='lat' dir='ltr'>cum</span> <span class='ocrx_word' id='word_1_521' title='bbox 2182 2186 2274 2220; x_wconf 78' lang='lat' dir='ltr'>gau-</span> 
     </span>
     <span class='ocr_line' id='line_1_73' title="bbox 1278 2230 2273 2278; baseline -0.002 -9"><span class='ocrx_word' id='word_1_522' title='bbox 1278 2233 1468 2278; x_wconf 83' lang='lat' dir='ltr'>dentibus,</span> <span class='ocrx_word' id='word_1_523' title='bbox 1489 2233 1578 2268; x_wconf 87' lang='lat' dir='ltr'>flcre</span> <span class='ocrx_word' id='word_1_524' title='bbox 1599 2245 1682 2268; x_wconf 90' lang='lat' dir='ltr'>cum</span> <span class='ocrx_word' id='word_1_525' title='bbox 1707 2231 1903 2276; x_wconf 78' lang='lat' dir='ltr'>flentibus,</span> <span class='ocrx_word' id='word_1_526' title='bbox 1923 2230 2109 2267; x_wconf 86' lang='lat' dir='ltr'>abstinere</span> <span class='ocrx_word' id='word_1_527' title='bbox 2130 2231 2176 2266; x_wconf 88' lang='lat' dir='ltr'>ab</span> <span class='ocrx_word' id='word_1_528' title='bbox 2199 2232 2273 2267; x_wconf 90' lang='lat' dir='ltr'>illi-</span> 
     </span>
     <span class='ocr_line' id='line_1_74' title="bbox 1278 2290 2273 2339; baseline -0.002 -10"><span class='ocrx_word' id='word_1_529' title='bbox 1278 2293 1372 2338; x_wconf 73' lang='lat' dir='ltr'>citis,</span> <span class='ocrx_word' id='word_1_530' title='bbox 1392 2291 1656 2329; x_wconf 87' lang='lat' dir='ltr'>transcendere</span> <span class='ocrx_word' id='word_1_531' title='bbox 1680 2292 1792 2335; x_wconf 88' lang='lat' dir='ltr'>licita,</span> <span class='ocrx_word' id='word_1_532' title='bbox 1816 2290 1905 2326; x_wconf 90' lang='lat' dir='ltr'>dare</span> <span class='ocrx_word' id='word_1_533' title='bbox 1923 2290 2125 2339; x_wconf 78' lang='lat' dir='ltr'>superflua,</span> <span class='ocrx_word' id='word_1_534' title='bbox 2143 2291 2273 2339; x_wconf 87' lang='lat' dir='ltr'>partiri</span> 
     </span>
     <span class='ocr_line' id='line_1_75' title="bbox 1276 2350 2271 2398; baseline -0.001 -11"><span class='ocrx_word' id='word_1_535' title='bbox 1276 2352 1507 2396; x_wconf 89' lang='lat' dir='ltr'>necessaria,</span> <span class='ocrx_word' id='word_1_536' title='bbox 1549 2351 1742 2387; x_wconf 88' lang='lat' dir='ltr'>inimicum</span> <span class='ocrx_word' id='word_1_537' title='bbox 1780 2350 1955 2397; x_wconf 79' lang='lat' dir='ltr'>diligere,</span> <span class='ocrx_word' id='word_1_538' title='bbox 1992 2363 2062 2398; x_wconf 89' lang='lat' dir='ltr'>pro</span> <span class='ocrx_word' id='word_1_539' title='bbox 2096 2350 2271 2398; x_wconf 74' lang='lat' dir='ltr'>proximo</span> 
     </span>
     <span class='ocr_line' id='line_1_76' title="bbox 1275 2408 2269 2459; baseline -0.002 -13"><span class='ocrx_word' id='word_1_540' title='bbox 1275 2411 1382 2446; x_wconf 87' lang='lat' dir='ltr'>mori.</span> <span class='ocrx_word' id='word_1_541' title='bbox 1407 2410 1575 2447; x_wconf 88' lang='lat' dir='ltr'>Charitas</span> <span class='ocrx_word' id='word_1_542' title='bbox 1593 2417 1729 2459; x_wconf 87' lang='lat' dir='ltr'>purgat</span> <span class='ocrx_word' id='word_1_543' title='bbox 1751 2422 1833 2455; x_wconf 88' lang='lat' dir='ltr'>cor,</span> <span class='ocrx_word' id='word_1_544' title='bbox 1852 2408 2059 2451; x_wconf 87' lang='lat' dir='ltr'>illuminat,</span> <span class='ocrx_word' id='word_1_545' title='bbox 2080 2408 2246 2444; x_wconf 49' lang='lat' dir='ltr'>accendit</span> <span class='ocrx_word' id='word_1_546' title='bbox 2260 2437 2269 2453; x_wconf 90' lang='lat'>,</span> 
     </span>
     <span class='ocr_line' id='line_1_77' title="bbox 1273 2466 2271 2518; baseline -0.002 -13"><span class='ocrx_word' id='word_1_547' title='bbox 1273 2468 1495 2505; x_wconf 87' lang='lat' dir='ltr'>corroborat</span> <span class='ocrx_word' id='word_1_548' title='bbox 1519 2482 1525 2503; x_wconf 93' lang='lat'>:</span> <span class='ocrx_word' id='word_1_549' title='bbox 1553 2476 1706 2518; x_wconf 81' lang='lat' dir='ltr'>purgat,</span> <span class='ocrx_word' id='word_1_550' title='bbox 1731 2467 1837 2514; x_wconf 90' lang='lat' dir='ltr'>dico,</span> <span class='ocrx_word' id='word_1_551' title='bbox 1861 2480 1881 2503; x_wconf 86' lang='lat' dir='ltr'>a</span> <span class='ocrx_word' id='word_1_552' title='bbox 1901 2466 2076 2502; x_wconf 85' lang='lat' dir='ltr'>sordibus</span> <span class='ocrx_word' id='word_1_553' title='bbox 2097 2476 2271 2516; x_wconf 83' lang='lat' dir='ltr'>peccato-</span> 
     </span>
     <span class='ocr_line' id='line_1_78' title="bbox 1274 2526 2269 2575; baseline -0.002 -11"><span class='ocrx_word' id='word_1_554' title='bbox 1274 2541 1376 2574; x_wconf 87' lang='lat' dir='ltr'>rum,</span> <span class='ocrx_word' id='word_1_555' title='bbox 1403 2528 1590 2564; x_wconf 87' lang='lat' dir='ltr'>illuminat</span> <span class='ocrx_word' id='word_1_556' title='bbox 1616 2526 1660 2563; x_wconf 92' lang='lat' dir='ltr'>ad</span> <span class='ocrx_word' id='word_1_557' title='bbox 1692 2526 1998 2575; x_wconf 83' lang='lat' dir='ltr'>intelligendum,</span> <span class='ocrx_word' id='word_1_558' title='bbox 2025 2526 2193 2562; x_wconf 83' lang='lat' dir='ltr'>accendit</span> <span class='ocrx_word' id='word_1_559' title='bbox 2224 2527 2269 2562; x_wconf 88' lang='lat' dir='ltr'>ad</span> 
     </span>
     <span class='ocr_line' id='line_1_79' title="bbox 1273 2585 2270 2636; baseline -0.002 -13"><span class='ocrx_word' id='word_1_560' title='bbox 1273 2587 1524 2636; x_wconf 82' lang='lat' dir='ltr'>diligendum,</span> <span class='ocrx_word' id='word_1_561' title='bbox 1551 2585 1774 2623; x_wconf 80' lang='lat' dir='ltr'>corroborat</span> <span class='ocrx_word' id='word_1_562' title='bbox 1803 2585 1848 2621; x_wconf 89' lang='lat' dir='ltr'>ad</span> <span class='ocrx_word' id='word_1_563' title='bbox 1870 2585 2104 2634; x_wconf 80' lang='lat' dir='ltr'>operandum</span> <span class='ocrx_word' id='word_1_564' title='bbox 2127 2594 2161 2621; x_wconf 83' lang='lat' dir='ltr'>et</span> <span class='ocrx_word' id='word_1_565' title='bbox 2183 2600 2270 2634; x_wconf 85' lang='lat' dir='ltr'>per-</span> 
     </span>
    </p>
   </div>
   <div class='ocr_carea' id='block_1_16' title="bbox 213 2644 2271 2698">
    <p class='ocr_par' dir='ltr' id='par_1_19' title="bbox 213 2644 2271 2698">
     <span class='ocr_line' id='line_1_80' title="bbox 213 2644 2271 2698; baseline -0 -16"><span class='ocrx_word' id='word_1_566' title='bbox 213 2647 356 2693; x_wconf 82' lang='lat' dir='ltr'>vineat,</span> <span class='ocrx_word' id='word_1_567' title='bbox 386 2649 565 2685; x_wconf 84' lang='lat' dir='ltr'>victorem</span> <span class='ocrx_word' id='word_1_568' title='bbox 591 2658 748 2686; x_wconf 90' lang='lat' dir='ltr'>coronat</span> <span class='ocrx_word' id='word_1_569' title='bbox 779 2658 818 2686; x_wconf 90' lang='lat' dir='ltr'>ut</span> <span class='ocrx_word' id='word_1_570' title='bbox 846 2658 988 2698; x_wconf 85' lang='lat' dir='ltr'>regnet.</span> <span class='ocrx_word' id='word_1_571' title='bbox 1018 2650 1203 2687; x_wconf 90' lang='lat' dir='ltr'>Scientem</span> <span class='ocrx_word' id='word_1_572' title='bbox 1225 2653 1257 2686; x_wconf 94' lang='lat' dir='ltr'>D</span> <span class='ocrx_word' id='word_1_573' title='bbox 1273 2647 1537 2683; x_wconf 83' lang='lat' dir='ltr'>severandum.</span> <span class='ocrx_word' id='word_1_574' title='bbox 1556 2647 1724 2682; x_wconf 85' lang='lat' dir='ltr'>Charitas</span> <span class='ocrx_word' id='word_1_575' title='bbox 1739 2655 1794 2681; x_wconf 86' lang='lat' dir='ltr'>cst</span> <span class='ocrx_word' id='word_1_576' title='bbox 1812 2646 1885 2681; x_wconf 73' lang='lat' dir='ltr'>vita</span> <span class='ocrx_word' id='word_1_577' title='bbox 1901 2644 2101 2680; x_wconf 62' lang='lat' dir='ltr'>verborum</span> <span class='ocrx_word' id='word_1_578' title='bbox 2120 2654 2155 2680; x_wconf 84' lang='lat' dir='ltr'>ct</span> <span class='ocrx_word' id='word_1_579' title='bbox 2173 2647 2271 2694; x_wconf 77' lang='lat' dir='ltr'>cogi-</span> 
     </span>
    </p>
   </div>
   <div class='ocr_carea' id='block_1_17' title="bbox 213 2706 1209 3288">
    <p class='ocr_par' dir='ltr' id='par_1_20' title="bbox 213 2706 1209 3288">
     <span class='ocr_line' id='line_1_81' title="bbox 213 2706 1206 2756; baseline 0.004 -15"><span class='ocrx_word' id='word_1_580' title='bbox 213 2706 382 2742; x_wconf 87' lang='lat' dir='ltr'>inssatum</span> <span class='ocrx_word' id='word_1_581' title='bbox 411 2708 528 2756; x_wconf 88' lang='lat' dir='ltr'>tangit</span> <span class='ocrx_word' id='word_1_582' title='bbox 547 2716 587 2744; x_wconf 91' lang='lat' dir='ltr'>ut</span> <span class='ocrx_word' id='word_1_583' title='bbox 607 2709 837 2752; x_wconf 90' lang='lat' dir='ltr'>humilietur,</span> <span class='ocrx_word' id='word_1_584' title='bbox 857 2708 1009 2744; x_wconf 88' lang='lat' dir='ltr'>idiotam</span> <span class='ocrx_word' id='word_1_585' title='bbox 1028 2709 1206 2745; x_wconf 87' lang='lat' dir='ltr'>humilem</span> 
     </span>
     <span class='ocr_line' id='line_1_82' title="bbox 213 2765 1208 2816; baseline 0.002 -16"><span class='ocrx_word' id='word_1_586' title='bbox 213 2765 324 2802; x_wconf 90' lang='lat' dir='ltr'>docet</span> <span class='ocrx_word' id='word_1_587' title='bbox 340 2774 381 2802; x_wconf 89' lang='lat' dir='ltr'>ut</span> <span class='ocrx_word' id='word_1_588' title='bbox 399 2767 516 2816; x_wconf 90' lang='lat' dir='ltr'>sapiat</span> <span class='ocrx_word' id='word_1_589' title='bbox 534 2775 571 2802; x_wconf 92' lang='lat' dir='ltr'>et</span> <span class='ocrx_word' id='word_1_590' title='bbox 590 2768 787 2803; x_wconf 87' lang='lat' dir='ltr'>exaltetur.</span> <span class='ocrx_word' id='word_1_591' title='bbox 807 2767 1002 2803; x_wconf 88' lang='lat' dir='ltr'>Blanditur</span> <span class='ocrx_word' id='word_1_592' title='bbox 1018 2767 1097 2803; x_wconf 89' lang='lat' dir='ltr'>sine</span> <span class='ocrx_word' id='word_1_593' title='bbox 1115 2767 1208 2803; x_wconf 92' lang='lat' dir='ltr'>adu-</span> 
     </span>
     <span class='ocr_line' id='line_1_83' title="bbox 214 2824 1207 2870; baseline 0.002 -11"><span class='ocrx_word' id='word_1_594' title='bbox 214 2824 373 2869; x_wconf 86' lang='lat' dir='ltr'>latione,</span> <span class='ocrx_word' id='word_1_595' title='bbox 390 2825 494 2860; x_wconf 78' lang='lat' dir='ltr'>saevit</span> <span class='ocrx_word' id='word_1_596' title='bbox 512 2825 591 2861; x_wconf 85' lang='lat' dir='ltr'>sine</span> <span class='ocrx_word' id='word_1_597' title='bbox 610 2826 847 2870; x_wconf 78' lang='lat' dir='ltr'>crudelitat03</span> <span class='ocrx_word' id='word_1_598' title='bbox 871 2839 954 2862; x_wconf 89' lang='lat' dir='ltr'>cum</span> <span class='ocrx_word' id='word_1_599' title='bbox 976 2825 1132 2862; x_wconf 72' lang='lat' dir='ltr'>infirmis</span> <span class='ocrx_word' id='word_1_600' title='bbox 1149 2826 1207 2861; x_wconf 90' lang='lat' dir='ltr'>iu-</span> 
     </span>
     <span class='ocr_line' id='line_1_84' title="bbox 214 2884 1203 2933; baseline 0.002 -15"><span class='ocrx_word' id='word_1_601' title='bbox 214 2884 403 2928; x_wconf 82' lang='lat' dir='ltr'>firmatur,</span> <span class='ocrx_word' id='word_1_602' title='bbox 425 2897 493 2933; x_wconf 88' lang='lat' dir='ltr'>pro</span> <span class='ocrx_word' id='word_1_603' title='bbox 521 2885 776 2921; x_wconf 74' lang='lat' dir='ltr'>scandalizatis</span> <span class='ocrx_word' id='word_1_604' title='bbox 806 2885 942 2929; x_wconf 76' lang='lat' dir='ltr'>uritur,</span> <span class='ocrx_word' id='word_1_605' title='bbox 963 2885 1036 2933; x_wconf 83' lang='lat' dir='ltr'>agit</span> <span class='ocrx_word' id='word_1_606' title='bbox 1058 2897 1203 2932; x_wconf 86' lang='lat' dir='ltr'>magna,</span> 
     </span>
     <span class='ocr_line' id='line_1_85' title="bbox 214 2942 1205 2992; baseline 0.002 -15"><span class='ocrx_word' id='word_1_607' title='bbox 214 2942 288 2990; x_wconf 83' lang='lat' dir='ltr'>agit</span> <span class='ocrx_word' id='word_1_608' title='bbox 317 2943 488 2987; x_wconf 86' lang='lat' dir='ltr'>minima,</span> <span class='ocrx_word' id='word_1_609' title='bbox 514 2953 554 2979; x_wconf 91' lang='lat' dir='ltr'>ut</span> <span class='ocrx_word' id='word_1_610' title='bbox 576 2958 766 2992; x_wconf 85' lang='lat' dir='ltr'>nunquam</span> <span class='ocrx_word' id='word_1_611' title='bbox 786 2944 833 2980; x_wconf 92' lang='lat' dir='ltr'>sit</span> <span class='ocrx_word' id='word_1_612' title='bbox 849 2944 981 2979; x_wconf 87' lang='lat' dir='ltr'>otiosa.</span> <span class='ocrx_word' id='word_1_613' title='bbox 1004 2943 1151 2980; x_wconf 86' lang='lat' dir='ltr'>Gaudet</span> <span class='ocrx_word' id='word_1_614' title='bbox 1169 2944 1205 2979; x_wconf 87' lang='lat' dir='ltr'>in</span> 
     </span>
     <span class='ocr_line' id='line_1_86' title="bbox 213 3001 1206 3052; baseline 0.003 -16"><span class='ocrx_word' id='word_1_615' title='bbox 213 3001 510 3047; x_wconf 78' lang='lat' dir='ltr'>consessoribus,</span> <span class='ocrx_word' id='word_1_616' title='bbox 525 3003 758 3051; x_wconf 83' lang='lat' dir='ltr'>jucundatur</span> <span class='ocrx_word' id='word_1_617' title='bbox 776 3004 813 3039; x_wconf 89' lang='lat' dir='ltr'>in</span> <span class='ocrx_word' id='word_1_618' title='bbox 835 3003 1043 3052; x_wconf 81' lang='lat' dir='ltr'>virginibus</span> <span class='ocrx_word' id='word_1_619' title='bbox 1058 3032 1066 3047; x_wconf 94' lang='lat'>,</span> <span class='ocrx_word' id='word_1_620' title='bbox 1089 3003 1206 3039; x_wconf 78' lang='lat' dir='ltr'>fervet</span> 
     </span>
     <span class='ocr_line' id='line_1_87' title="bbox 214 3061 1206 3111; baseline 0.002 -15"><span class='ocrx_word' id='word_1_621' title='bbox 214 3061 250 3096; x_wconf 80' lang='lat' dir='ltr'>iti</span> <span class='ocrx_word' id='word_1_622' title='bbox 274 3061 517 3109; x_wconf 71' lang='lat' dir='ltr'>martyribus,</span> <span class='ocrx_word' id='word_1_623' title='bbox 539 3071 667 3111; x_wconf 84' lang='lat' dir='ltr'>regnat</span> <span class='ocrx_word' id='word_1_624' title='bbox 691 3063 726 3098; x_wconf 91' lang='lat' dir='ltr'>in</span> <span class='ocrx_word' id='word_1_625' title='bbox 749 3062 911 3111; x_wconf 83' lang='lat' dir='ltr'>Angelis.</span> <span class='ocrx_word' id='word_1_626' title='bbox 936 3065 976 3098; x_wconf 94' lang='lat' dir='ltr'>In</span> <span class='ocrx_word' id='word_1_627' title='bbox 1001 3061 1206 3098; x_wconf 86' lang='lat' dir='ltr'>humilibus</span> 
     </span>
     <span class='ocr_line' id='line_1_88' title="bbox 214 3120 1208 3166; baseline 0.001 -11"><span class='ocrx_word' id='word_1_628' title='bbox 214 3120 491 3157; x_wconf 80' lang='lat' dir='ltr'>consessoribus</span> <span class='ocrx_word' id='word_1_629' title='bbox 517 3121 659 3157; x_wconf 89' lang='lat' dir='ltr'>redolet</span> <span class='ocrx_word' id='word_1_630' title='bbox 687 3130 727 3157; x_wconf 86' lang='lat' dir='ltr'>ut</span> <span class='ocrx_word' id='word_1_631' title='bbox 748 3122 865 3166; x_wconf 80' lang='lat' dir='ltr'>viola,</span> <span class='ocrx_word' id='word_1_632' title='bbox 892 3121 927 3157; x_wconf 86' lang='lat' dir='ltr'>in</span> <span class='ocrx_word' id='word_1_633' title='bbox 958 3121 1105 3156; x_wconf 80' lang='lat' dir='ltr'>devotis</span> <span class='ocrx_word' id='word_1_634' title='bbox 1134 3121 1208 3156; x_wconf 82' lang='lat' dir='ltr'>vir-</span> 
     </span>
     <span class='ocr_line' id='line_1_89' title="bbox 214 3178 1203 3228; baseline 0 -14"><span class='ocrx_word' id='word_1_635' title='bbox 214 3178 365 3228; x_wconf 85' lang='lat' dir='ltr'>ginibus</span> <span class='ocrx_word' id='word_1_636' title='bbox 390 3181 572 3228; x_wconf 88' lang='lat' dir='ltr'>germinat</span> <span class='ocrx_word' id='word_1_637' title='bbox 589 3190 629 3217; x_wconf 90' lang='lat' dir='ltr'>ut</span> <span class='ocrx_word' id='word_1_638' title='bbox 650 3182 781 3226; x_wconf 87' lang='lat' dir='ltr'>lilium,</span> <span class='ocrx_word' id='word_1_639' title='bbox 810 3182 847 3217; x_wconf 88' lang='lat' dir='ltr'>in</span> <span class='ocrx_word' id='word_1_640' title='bbox 873 3181 1009 3217; x_wconf 85' lang='lat' dir='ltr'>sanctis</span> <span class='ocrx_word' id='word_1_641' title='bbox 1031 3180 1203 3228; x_wconf 76' lang='lat' dir='ltr'>martyri-</span> 
     </span>
     <span class='ocr_line' id='line_1_90' title="bbox 216 3238 1209 3288; baseline 0.001 -15"><span class='ocrx_word' id='word_1_642' title='bbox 216 3239 284 3275; x_wconf 83' lang='lat' dir='ltr'>bus</span> <span class='ocrx_word' id='word_1_643' title='bbox 305 3238 414 3275; x_wconf 85' lang='lat' dir='ltr'>rubet</span> <span class='ocrx_word' id='word_1_644' title='bbox 443 3248 482 3276; x_wconf 77' lang='lat' dir='ltr'>ut,</span> <span class='ocrx_word' id='word_1_645' title='bbox 510 3254 616 3288; x_wconf 71' lang='lat' dir='ltr'>roste,</span> <span class='ocrx_word' id='word_1_646' title='bbox 644 3242 678 3277; x_wconf 90' lang='lat' dir='ltr'>in</span> <span class='ocrx_word' id='word_1_647' title='bbox 703 3240 818 3277; x_wconf 76' lang='lat' dir='ltr'>beatis</span> <span class='ocrx_word' id='word_1_648' title='bbox 854 3240 999 3287; x_wconf 58' lang='lat' dir='ltr'>⁴tngelis</span> <span class='ocrx_word' id='word_1_649' title='bbox 1029 3240 1142 3287; x_wconf 74' lang='lat' dir='ltr'>fulget</span> <span class='ocrx_word' id='word_1_650' title='bbox 1170 3248 1209 3275; x_wconf 88' lang='lat' dir='ltr'>ut</span> 
     </span>
    </p>
   </div>
   <div class='ocr_carea' id='block_1_18' title="bbox 277 3365 909 3402">
    <p class='ocr_par' dir='ltr' id='par_1_21' title="bbox 277 3365 909 3402">
     <span class='ocr_line' id='line_1_91' title="bbox 277 3365 909 3402; baseline 0.003 -7"><span class='ocrx_word' id='word_1_651' title='bbox 277 3372 283 3385; x_wconf 84' lang='lat'><strong><em>¹</em></strong></span> <span class='ocrx_word' id='word_1_652' title='bbox 305 3365 421 3396; x_wconf 80' lang='lat' dir='ltr'>Matth.</span> <span class='ocrx_word' id='word_1_653' title='bbox 442 3378 470 3402; x_wconf 71' lang='lat' dir='ltr'>v,</span> <span class='ocrx_word' id='word_1_654' title='bbox 490 3369 543 3398; x_wconf 70' lang='grc'>44,</span> <span class='ocrx_word' id='word_1_655' title='bbox 567 3386 579 3389; x_wconf 89' lang='grc'>-</span> <span class='ocrx_word' id='word_1_656' title='bbox 624 3374 633 3387; x_wconf 88' lang='grc'><strong>’</strong></span> <span class='ocrx_word' id='word_1_657' title='bbox 649 3371 740 3399; x_wconf 79' lang='lat' dir='ltr'>Joan.</span> <span class='ocrx_word' id='word_1_658' title='bbox 760 3380 814 3402; x_wconf 77' lang='lat' dir='ltr'>xv,</span> <span class='ocrx_word' id='word_1_659' title='bbox 837 3372 886 3399; x_wconf 67' lang='lat'>13.</span> <span class='ocrx_word' id='word_1_660' title='bbox 902 3387 909 3389; x_wconf 74' lang='lat'><strong><em>—</em></strong></span> 
     </span>
    </p>
   </div>
   <div class='ocr_carea' id='block_1_19' title="bbox 1273 2704 2271 3284">
    <p class='ocr_par' dir='ltr' id='par_1_22' title="bbox 1273 2704 2271 3284">
     <span class='ocr_line' id='line_1_92' title="bbox 1275 2704 2271 2752; baseline -0.003 -10"><span class='ocrx_word' id='word_1_661' title='bbox 1275 2706 1480 2750; x_wconf 83' lang='lat' dir='ltr'>tatiouum,</span> <span class='ocrx_word' id='word_1_662' title='bbox 1510 2706 1583 2741; x_wconf 68' lang='lat' dir='ltr'>vita</span> <span class='ocrx_word' id='word_1_663' title='bbox 1610 2706 1788 2740; x_wconf 63' lang='lat' dir='ltr'>virtutum</span> <span class='ocrx_word' id='word_1_664' title='bbox 1819 2713 1854 2739; x_wconf 84' lang='lat' dir='ltr'>et</span> <span class='ocrx_word' id='word_1_665' title='bbox 1884 2716 2063 2752; x_wconf 79' lang='lat' dir='ltr'>operum3</span> <span class='ocrx_word' id='word_1_666' title='bbox 2085 2704 2171 2751; x_wconf 84' lang='lat' dir='ltr'>quia</span> <span class='ocrx_word' id='word_1_667' title='bbox 2194 2705 2271 2739; x_wconf 81' lang='lat' dir='ltr'>siu-</span> 
     </span>
     <span class='ocr_line' id='line_1_93' title="bbox 1273 2763 2265 2813; baseline -0.002 -13"><span class='ocrx_word' id='word_1_668' title='bbox 1273 2765 1358 2813; x_wconf 78' lang='lat' dir='ltr'>gula</span> <span class='ocrx_word' id='word_1_669' title='bbox 1376 2764 1453 2800; x_wconf 68' lang='lat' dir='ltr'>hfec</span> <span class='ocrx_word' id='word_1_670' title='bbox 1481 2765 1508 2800; x_wconf 87' lang='lat' dir='ltr'>si</span> <span class='ocrx_word' id='word_1_671' title='bbox 1533 2778 1577 2799; x_wconf 81' lang='lat' dir='ltr'>ex</span> <span class='ocrx_word' id='word_1_672' title='bbox 1601 2763 1721 2799; x_wconf 84' lang='lat' dir='ltr'>radice</span> <span class='ocrx_word' id='word_1_673' title='bbox 1747 2763 1936 2797; x_wconf 71' lang='lat' dir='ltr'>charitatis</span> <span class='ocrx_word' id='word_1_674' title='bbox 1965 2776 2038 2797; x_wconf 85' lang='lat' dir='ltr'>uon</span> <span class='ocrx_word' id='word_1_675' title='bbox 2064 2763 2265 2811; x_wconf 82' lang='lat' dir='ltr'>pullulant,</span> 
     </span>
     <span class='ocr_line' id='line_1_94' title="bbox 1274 2821 2269 2867; baseline -0.001 -8"><span class='ocrx_word' id='word_1_676' title='bbox 1274 2837 1349 2859; x_wconf 87' lang='lat' dir='ltr'>non</span> <span class='ocrx_word' id='word_1_677' title='bbox 1371 2823 1515 2867; x_wconf 66' lang='lat' dir='ltr'>vivunt,</span> <span class='ocrx_word' id='word_1_678' title='bbox 1535 2823 1598 2858; x_wconf 77' lang='lat' dir='ltr'>sed</span> <span class='ocrx_word' id='word_1_679' title='bbox 1626 2831 1773 2857; x_wconf 86' lang='lat' dir='ltr'>mortua</span> <span class='ocrx_word' id='word_1_680' title='bbox 1793 2830 1891 2857; x_wconf 78' lang='lat' dir='ltr'>suut.</span> <span class='ocrx_word' id='word_1_681' title='bbox 1919 2825 2009 2856; x_wconf 84' lang='lat' dir='ltr'>ltcm</span> <span class='ocrx_word' id='word_1_682' title='bbox 2034 2821 2193 2857; x_wconf 82' lang='lat' dir='ltr'>charitas</span> <span class='ocrx_word' id='word_1_683' title='bbox 2214 2831 2269 2858; x_wconf 83' lang='lat' dir='ltr'>cst</span> 
     </span>
     <span class='ocr_line' id='line_1_95' title="bbox 1273 2882 2267 2929; baseline -0.003 -10"><span class='ocrx_word' id='word_1_684' title='bbox 1273 2884 1347 2920; x_wconf 63' lang='lat' dir='ltr'>vita</span> <span class='ocrx_word' id='word_1_685' title='bbox 1369 2882 1561 2918; x_wconf 85' lang='lat' dir='ltr'>beatarum</span> <span class='ocrx_word' id='word_1_686' title='bbox 1582 2882 1806 2924; x_wconf 83' lang='lat' dir='ltr'>animarum,</span> <span class='ocrx_word' id='word_1_687' title='bbox 1840 2882 1911 2915; x_wconf 69' lang='lat' dir='ltr'>xita</span> <span class='ocrx_word' id='word_1_688' title='bbox 1932 2894 2084 2929; x_wconf 79' lang='lat' dir='ltr'>quoque</span> <span class='ocrx_word' id='word_1_689' title='bbox 2105 2882 2267 2929; x_wconf 75' lang='lat' dir='ltr'>Angelo—</span> 
     </span>
     <span class='ocr_line' id='line_1_96' title="bbox 1273 2940 2268 2990; baseline -0.003 -12"><span class='ocrx_word' id='word_1_690' title='bbox 1273 2956 1378 2986; x_wconf 85' lang='lat' dir='ltr'>rum;</span> <span class='ocrx_word' id='word_1_691' title='bbox 1409 2941 1494 2990; x_wconf 84' lang='lat' dir='ltr'>quia</span> <span class='ocrx_word' id='word_1_692' title='bbox 1526 2955 1592 2976; x_wconf 82' lang='lat' dir='ltr'>uec</span> <span class='ocrx_word' id='word_1_693' title='bbox 1621 2941 1754 2976; x_wconf 65' lang='lat' dir='ltr'>anima*</span> <span class='ocrx_word' id='word_1_694' title='bbox 1780 2954 1845 2975; x_wconf 79' lang='lat' dir='ltr'>uec</span> <span class='ocrx_word' id='word_1_695' title='bbox 1874 2940 2005 2988; x_wconf 74' lang='lat' dir='ltr'>Augcli</span> <span class='ocrx_word' id='word_1_696' title='bbox 2038 2940 2166 2975; x_wconf 65' lang='lat' dir='ltr'>xivuut</span> <span class='ocrx_word' id='word_1_697' title='bbox 2199 2941 2268 2975; x_wconf 82' lang='lat' dir='ltr'>uisi</span> 
     </span>
     <span class='ocr_line' id='line_1_97' title="bbox 1274 2999 2270 3051; baseline -0.002 -14"><span class='ocrx_word' id='word_1_698' title='bbox 1274 3016 1341 3051; x_wconf 88' lang='lat' dir='ltr'>per</span> <span class='ocrx_word' id='word_1_699' title='bbox 1356 3001 1571 3036; x_wconf 85' lang='lat' dir='ltr'>charitatem</span> <span class='ocrx_word' id='word_1_700' title='bbox 1591 3002 1656 3036; x_wconf 80' lang='lat' dir='ltr'>Dei</span> <span class='ocrx_word' id='word_1_701' title='bbox 1673 3014 1745 3048; x_wconf 78' lang='lat' dir='ltr'>qua</span> <span class='ocrx_word' id='word_1_702' title='bbox 1766 3009 1982 3049; x_wconf 81' lang='lat' dir='ltr'>pascuntur.</span> <span class='ocrx_word' id='word_1_703' title='bbox 2002 3003 2091 3035; x_wconf 86' lang='lat' dir='ltr'>Item</span> <span class='ocrx_word' id='word_1_704' title='bbox 2109 2999 2270 3035; x_wconf 83' lang='lat' dir='ltr'>charitas</span> 
     </span>
     <span class='ocr_line' id='line_1_98' title="bbox 1274 3059 2268 3107; baseline -0.002 -11"><span class='ocrx_word' id='word_1_705' title='bbox 1274 3069 1329 3096; x_wconf 77' lang='lat' dir='ltr'>est</span> <span class='ocrx_word' id='word_1_706' title='bbox 1351 3073 1450 3095; x_wconf 81' lang='lat' dir='ltr'>mors</span> <span class='ocrx_word' id='word_1_707' title='bbox 1473 3059 1692 3101; x_wconf 82' lang='lat' dir='ltr'>criminum,</span> <span class='ocrx_word' id='word_1_708' title='bbox 1717 3059 1833 3094; x_wconf 59' lang='lat' dir='ltr'>virtus</span> <span class='ocrx_word' id='word_1_709' title='bbox 1857 3059 2124 3107; x_wconf 73' lang='lat' dir='ltr'>pugnantium,</span> <span class='ocrx_word' id='word_1_710' title='bbox 2146 3059 2268 3107; x_wconf 83' lang='lat' dir='ltr'>palma</span> 
     </span>
     <span class='ocr_line' id='line_1_99' title="bbox 1275 3118 2268 3168; baseline 0 -14"><span class='ocrx_word' id='word_1_711' title='bbox 1275 3120 1461 3155; x_wconf 76' lang='lat' dir='ltr'>victorum</span> <span class='ocrx_word' id='word_1_712' title='bbox 1487 3133 1493 3153; x_wconf 90' lang='lat'><strong>:</strong></span> <span class='ocrx_word' id='word_1_713' title='bbox 1518 3132 1629 3168; x_wconf 79' lang='lat' dir='ltr'>quam</span> <span class='ocrx_word' id='word_1_714' title='bbox 1661 3118 1750 3154; x_wconf 79' lang='lat' dir='ltr'>{ides</span> <span class='ocrx_word' id='word_1_715' title='bbox 1773 3119 1955 3167; x_wconf 73' lang='lat' dir='ltr'>concipit,</span> <span class='ocrx_word' id='word_1_716' title='bbox 1978 3119 2022 3153; x_wconf 89' lang='lat' dir='ltr'>ad</span> <span class='ocrx_word' id='word_1_717' title='bbox 2050 3132 2161 3167; x_wconf 81' lang='lat' dir='ltr'>quam</span> <span class='ocrx_word' id='word_1_718' title='bbox 2184 3133 2268 3168; x_wconf 67' lang='lat' dir='ltr'>spes</span> 
     </span>
     <span class='ocr_line' id='line_1_100' title="bbox 1276 3176 2268 3228; baseline -0.001 -14"><span class='ocrx_word' id='word_1_719' title='bbox 1276 3179 1404 3223; x_wconf 85' lang='lat' dir='ltr'>currit,</span> <span class='ocrx_word' id='word_1_720' title='bbox 1422 3179 1479 3214; x_wconf 83' lang='lat' dir='ltr'>cui</span> <span class='ocrx_word' id='word_1_721' title='bbox 1498 3179 1689 3228; x_wconf 77' lang='lat' dir='ltr'>profectus</span> <span class='ocrx_word' id='word_1_722' title='bbox 1706 3178 1873 3213; x_wconf 85' lang='lat' dir='ltr'>omnium</span> <span class='ocrx_word' id='word_1_723' title='bbox 1891 3176 2076 3212; x_wconf 84' lang='lat' dir='ltr'>bonorum</span> <span class='ocrx_word' id='word_1_724' title='bbox 2094 3177 2218 3213; x_wconf 65' lang='lat' dir='ltr'>‹lost-rx</span> <span class='ocrx_word' id='word_1_725' title='bbox 2231 3179 2268 3213; x_wconf 87' lang='lat' dir='ltr'>it.</span> 
     </span>
     <span class='ocr_line' id='line_1_101' title="bbox 1276 3237 2267 3284; baseline -0.003 -9"><span class='ocrx_word' id='word_1_726' title='bbox 1276 3243 1358 3275; x_wconf 63' lang='lat' dir='ltr'>&#39;Nou</span> <span class='ocrx_word' id='word_1_727' title='bbox 1379 3246 1430 3274; x_wconf 79' lang='lat' dir='ltr'>cst</span> <span class='ocrx_word' id='word_1_728' title='bbox 1460 3247 1581 3274; x_wconf 85' lang='lat' dir='ltr'>autem</span> <span class='ocrx_word' id='word_1_729' title='bbox 1602 3238 1762 3274; x_wconf 80' lang='lat' dir='ltr'>charitas</span> <span class='ocrx_word' id='word_1_730' title='bbox 1787 3238 1950 3284; x_wconf 75' lang='lat' dir='ltr'>integra,</span> <span class='ocrx_word' id='word_1_731' title='bbox 1979 3238 2046 3272; x_wconf 79' lang='lat' dir='ltr'>nisi</span> <span class='ocrx_word' id='word_1_732' title='bbox 2068 3251 2152 3272; x_wconf 64' lang='lat' dir='ltr'>(aim</span> <span class='ocrx_word' id='word_1_733' title='bbox 2173 3237 2267 3273; x_wconf 73' lang='lat' dir='ltr'>dilc-</span> 
     </span>
    </p>
   </div>
   <div class='ocr_carea' id='block_1_20' title="bbox 959 3365 1595 3401">
    <p class='ocr_par' dir='ltr' id='par_1_23' title="bbox 959 3365 1595 3401">
     <span class='ocr_line' id='line_1_102' title="bbox 959 3365 1595 3401; baseline -0.005 -4"><span class='ocrx_word' id='word_1_734' title='bbox 959 3365 970 3386; x_wconf 73' lang='lat'>,3</span> <span class='ocrx_word' id='word_1_735' title='bbox 991 3367 1034 3397; x_wconf 87' lang='lat' dir='ltr'>ld.</span> <span class='ocrx_word' id='word_1_736' title='bbox 1055 3378 1135 3401; x_wconf 77' lang='lat' dir='ltr'>xiii,</span> <span class='ocrx_word' id='word_1_737' title='bbox 1156 3369 1208 3396; x_wconf 65' lang='lat' dir='ltr'>as».</span> <span class='ocrx_word' id='word_1_738' title='bbox 1228 3366 1595 3398; x_wconf 65' lang='lat' dir='ltr'>-4l‘sal.txxx1=.t.</span> 
     </span>
    </p>
   </div>
  </div>
 </body>
</html>
