2504 3928
298 210 371 245 (327

1088 213 1116 248 G
1125 214 1151 247 A
1161 215 1186 248 t}
1196 214 1270 248 FRl
1280 214 1326 247 nl
1359 215 1384 247 Α
1393 213 1555 248 ΒΒΑΤΙΒ

293 285 456 321 lentibus
494 285 597 333 sequi
636 285 837 321 Dominum
882 287 1109 335 proponitur
1146 288 1321 326 ascen-³0

2265 212 2340 249 (328

1330 289 1572 332 'excusetur,
1607 288 1670 324 sed
1705 296 1744 324 ut
1781 288 1924 324 vanitas
1959 296 1995 324 et
2029 288 2226 338 impuritas
2257 298 2342 326 ante

295 345 439 387 ¹¹⁰⁰(th
465 358 547 393 ‘1¹¹³'
577 343 682 380 bases
712 357 863 389 eorum,
891 359 975 394 quae
1002 347 1144 396 capita,
1175 349 1287 397 quive
1304 351 1335 383 A
1352 349 1478 385 omma
1502 348 1675 397 fugiatur.

296 404 452 452 gradus,
477 417 638 453 quorum
661 404 866 440 summitati
888 409 986 441 Deus
1007 406 1158 444 innixus
1179 417 1244 444 est.

519 538 675 567 xxxvl.
693 555 735 559 -
753 540 798 568 I)e
815 538 960 569 lateribus
979 540 1078 571 scalae.

347 640 410 677 12.
443 643 601 690 Oportet
633 642 815 692 siquidem
846 656 914 679 nos
935 644 1089 681 domare
1110 659 1258 683 carnem
1277 676 1285 691 ‚

294 700 436 736 calcare
460 700 664 746 muudum,
689 710 729 737 ut
761 703 993 751 voluptatem
1017 706 1187 754 corporis
1217 705 1284 742 ‹le-

293 759 494 805 clinanteS,
519 773 717 796 caveamus
748 760 993 798 nihilominus
1028 764 1152 799 sreculi
1183 765 1288 800 vani—

297 827 421 854 tatem.
449 822 514 855 Hae
547 819 723 855 nimirum
755 819 1056 857 abominationes
1086 823 1286 872 :Egyptio-

297 892 403 923 rum,
429 892 521 927 quas
552 879 790 915 immolamus
814 881 975 916 Domino
1005 885 1084 917 Deo
1108 891 1237 918 nostro
1258 889 1282 918 ¹.

299 941 341 974 l·',t
361 947 479 974 totum
497 939 598 987 quod
624 953 643 975 a
665 939 722 975 via
741 940 826 976 vitae
845 948 881 975 et
901 940 1106 990 disciplinas
1126 941 1286 978 deterret

295 999 389 1034 lilios
410 998 521 1046 hujus
539 1000 682 1043 szrculi,
709 1008 827 1036 totum
846 1000 948 1049 quod
969 1010 1120 1037 exercet
1138 1002 1287 1038 interim

1556 485 1731 514 xxxvn.
1756 500 1796 504 —
1813 484 1859 513 De
1878 481 2025 523 gradibus
2041 483 2141 514 scalae.

1407 588 1467 624 1‘1‘1.
1499 592 1593 624 Sane
1625 585 1689 623 ubi
1722 587 1772 623 sic
1799 585 1996 623 stabilieris
2018 595 2055 624 et
2083 587 2290 625 firmaveris
2309 587 2345 625 in

1354 647 1467 683 corde
1497 655 1574 692 tuo,
1605 647 1841 696 asperitatem
1877 647 2084 696 corporalis
2114 646 2348 684 abstinentia:

1354 720 1395 742 ac
1425 706 1562 742 laboris
1592 706 1785 754 amplecti,
1807 714 1841 742 et
1871 706 1972 742 omui
2000 706 2142 743 vilitate
2161 714 2199 743 et
2221 715 2348 743 extre—

1354 765 1480 801 mitate
1495 778 1573 801 esse
1591 772 1809 810 contentus;
1827 763 1926 801 bona
1941 773 2028 800 sunt
2046 765 2178 811 latera,
2196 778 2349 802 securus

1349 822 1425 872 jam
1448 825 1569 859 insere
1587 823 1724 873 gradus
1741 823 1908 859 exercitii
1928 823 2150 872 spiritualis,
2171 832 2212 860 ut
2229 832 2349 860 totum

1354 883 1456 932 quod
1480 882 1622 919 mundo
1644 891 1680 918 et
1700 882 1802 918 carni
1826 882 2032 928 subtrahis,
2054 883 2179 919 studio
2203 883 2351 932 pietatis

1356 943 1550 992 impendas
1570 957 1578 978 :
1601 942 1740 978 oblitus
1761 956 1844 991 qua}
1865 951 1964 978 retro
1989 950 2094 987 sunt,
2116 951 2153 978 et
2177 951 2352 979 extentus

1355 1002 1391 1037 in
1422 1003 1609 1038 anteriora
1626 1000 1652 1046 ³,
1687 1010 1727 1038 ut
1760 1001 2042 1037 ascensionibus
2073 1001 2281 1050 dispositis,
2307 1001 2353 1038 dc

293 1070 422 1093 servos
446 1059 532 1103 Dei,
566 1058 602 1094 in
635 1058 690 1094 his
713 1059 863 1095 duobus
895 1068 968 1103 cst,
1001 1073 1083 1108 quae
1116 1060 1184 1096 sul)
1214 1074 1289 1096 uno
1311 1057 1336 1090 Β
1357 1059 1496 1095 virtute
1526 1059 1699 1108 prolicias
1723 1060 1758 1095 in
1787 1060 1982 1103 virtutem,
2004 1067 2045 1094 ut
2072 1059 2199 1095 videre
2232 1063 2351 1095 Deum

295 1129 404 1152 versu
430 1117 614 1166 propheta
645 1118 884 1154 commendat
915 1134 921 1155 :
955 1119 1065 1163 fede,
1094 1120 1286 1168 iuquiens,

293 1174 540 1209 lmmilae‘tmmn
575 1188 714 1217 meam,
747 1185 782 1210 ce
815 1176 975 1211 laborem
1009 1190 1127 1212 meum
1148 1184 1173 1212 ⁷.
1203 1181 1289 1213 ll.rc

293 1245 383 1281 crgo
401 1233 473 1268 sint
494 1233 607 1269 latera
627 1234 750 1279 scalae,
768 1234 906 1280 vilitas,
928 1243 964 1270 et
980 1235 1160 1283 asperitas
1176 1250 1183 1271 :
1202 1237 1288 1284 qui-

296 1292 366 1329 bus
385 1293 562 1342 deinceps
584 1294 740 1330 intel-nse
771 1295 918 1331 virtutis
938 1303 974 1330 et
1003 1296 1128 1343 gratiae
1156 1296 1292 1344 gradus

296 1352 451 1387 tirmiter
477 1353 700 1388 inserantur.
734 1356 796 1389 Est
828 1354 926 1389 enim
963 1354 1089 1389 videre
1122 1354 1292 1391 homines

296 1411 426 1447 mundi
457 1420 675 1460 spernentes
707 1412 884 1459 gloriam,
909 1413 1076 1449 savorem
1108 1414 1292 1450 calcantes

294 1471 445 1519 populi,
469 1483 544 1505 non
564 1470 819 1506 desiderantes
843 1471 1049 1507 humanum
1073 1472 1171 1508 diem
1195 1487 1201 1508 :
1227 1472 1292 1508 sed

295 1543 371 1565 non
392 1529 486 1565 adeo
508 1530 622 1565 sortes
653 1530 689 1565 in
722 1530 921 1566 tolerantia
949 1531 1129 1567 molestiae
1151 1545 1291 1581 corpo—

296 1589 402 1634 ralis,
435 1602 511 1624 non
544 1588 637 1625 adeo
670 1588 880 1638 rejicientes
912 1591 1057 1636 mollia,
1087 1604 1162 1627 non
1198 1591 1292 1627 adeo

295 1649 418 1685 carnis
433 1647 626 1685 illecebras
641 1657 874 1698 superantes.
891 1649 988 1697 Quid
1005 1650 1095 1687 istos
1109 1651 1267 1688 dixerim
1281 1679 1290 1697 ,

295 1708 365 1744 nisi
381 1709 477 1744 latus
494 1709 652 1744 alterum
668 1722 743 1744 non
760 1716 887 1745 tenere
900 1710 914 1744 ?
929 1712 1047 1746 Porro
1066 1710 1130 1746 uni
1148 1718 1292 1746 tantum

295 1767 402 1804 lateri
423 1767 618 1804 innitentis
647 1768 880 1817 periculosus
910 1768 1020 1805 nimis
1040 1782 1233 1816 ascensus,
1257 1778 1293 1806 et

297 1828 492 1876 proximus
511 1836 566 1864 est
589 1828 720 1864 ruinae.

348 1887 410 1923 43.
441 1887 552 1935 Quod
584 1887 612 1923 si
645 1887 892 1936 periclitatur,
923 1889 988 1937 qui
1019 1889 1116 1925 circa
1143 1903 1294 1926 earnem

296 1946 460 1992 videtur,
485 1947 570 1996 plus
601 1960 713 1995 quam
749 1956 942 1997 oporteat,
974 1948 1176 1994 infirmari,
1209 1950 1296 1986 licet

297 2007 428 2043 mundi
458 2015 611 2056 respuat
642 2007 819 2055 gloriam,
853 2021 921 2043 nec
942 2009 1183 2045 contumeliis
1214 2022 1295 2045 mo—

295 2075 428 2102 veatur
451 2081 459 2102 :
484 2067 655 2116 profecto
678 2068 788 2116 longe
811 2067 1030 2103 horribilius
1062 2076 1116 2103 est
1147 2068 1296 2117 perieu—

296 2127 392 2171 lum,
414 2134 450 2162 et
467 2127 586 2163 multo
605 2127 720 2175 magis
742 2126 996 2163 inexcusabile
1009 2157 1017 2173 ,
1035 2128 1063 2163 si
1081 2128 1163 2177 quis
1183 2129 1292 2172 sorte,

298 2186 383 2221 licet
418 2186 600 2234 castigans
635 2187 792 2222 viriliter
826 2200 963 2235 corpus
993 2201 1121 2232 suum,
1151 2196 1187 2223 et
1219 2201 1293 2224 non

299 2258 457 2294 parcens
475 2245 554 2293 ejus
574 2246 768 2281 afflictioni
783 2252 812 2291 ³,
837 2246 1050 2282 inveniatur
1073 2255 1195 2283 tamen
1227 2248 1296 2283 mi-

300 2318 369 2341 nus
402 2305 576 2341 resistens
605 2306 734 2353 gloriae
765 2305 966 2351 desiderio,
999 2307 1122 2342 minus
1152 2307 1297 2355 patiens

301 2364 542 2413 iujuriarum,
565 2366 688 2401 minus
720 2366 896 2401 immunis
916 2380 936 2402 a
964 2367 1088 2402 saeculi
1116 2368 1291 2403 vanitate.

300 2424 397 2472 Quid
419 2426 518 2460 enim
541 2424 626 2471 tibi,
649 2425 773 2461 infelix
795 2425 923 2470 homo,
941 2439 1024 2461 cum
1050 2426 1105 2461 his
1133 2427 1240 2473 nugis
1261 2434 1296 2461 et

300 2484 594 2530 calamitatibus,
623 2498 706 2521 cum
732 2486 802 2521 hoc
833 2486 928 2521 fastu
962 2494 997 2521 ct
1019 2486 1182 2521 vanitate
1203 2487 1293 2529 ista,

302 2558 386 2592 quse
421 2558 488 2581 nec
517 2545 670 2589 animre,
706 2559 772 2581 nec
800 2546 949 2594 corpori
986 2545 1167 2594 prodest?
1200 2545 1296 2592 Quid

304 2603 479 2647 irritaris,
514 2603 603 2651 quid
640 2603 882 2639 inflammaris
921 2603 965 2639 ad
1003 2602 1106 2639 verbi
1142 2600 1551 2647 ilatum‚Dscribente

302 2661 406 2709 quod
437 2675 504 2697 nec
525 2676 674 2697 carnem
699 2663 889 2708 vulnerat,
912 2676 979 2698 nec
999 2662 1171 2711 inquinat
1191 2675 1298 2697 men-

305 2722 407 2756 tem?
430 2720 525 2757 Nihil
548 2721 599 2756 sic
619 2721 782 2757 alienum
813 2735 832 2757 a
865 2729 1016 2766 natura,
1040 2721 1090 2756 nil
1114 2729 1186 2756 tam
1208 2733 1300 2756 con-

305 2780 459 2816 trarium
483 2781 630 2817 rationi.
652 2784 779 2829 Neque
799 2781 896 2816 enim
919 2781 969 2816 sic
987 2781 1111 2817 dicere
1129 2793 1297 2829 possum,

304 2839 403 2886 Quid
426 2839 489 2875 tibi
519 2853 602 2875 cum
622 2839 713 2875 cibis
734 2849 769 2876 et
789 2840 980 2876 vestibus?
1001 2849 1064 2876 aut
1085 2840 1221 2888 frigore
1241 2840 1297 2876 vel

306 2900 428 2935 esurie
459 2900 548 2948 quid
582 2900 769 2936 moveris?
802 2913 885 2936 cum
917 2900 1021 2935 unita
1055 2899 1302 2948 personaliter

306 2960 428 2995 anima
459 2973 534 2995 non
569 2959 654 2995 huic
692 2959 857 3004 mundo,
889 2959 952 2995 scd
985 2959 1158 3008 corpori,
1193 2959 1302 3007 longe

308 3020 431 3055 minus
459 3032 609 3055 carnem
643 3019 758 3068 possit
795 3019 917 3055 odisse
946 3032 1057 3068 quam
1091 3017 1298 3062 mundum,

305 3079 448 3127 quippe
479 3091 562 3127 quse
598 3078 684 3114 huic
719 3078 876 3114 multum
920 3078 1072 3123 debeat,
1105 3078 1156 3113 illi
1193 3078 1298 3113 nihil.

305 3137 415 3186 Quod
433 3137 584 3186 quidem
604 3137 782 3183 dixerim,
802 3151 876 3173 non
895 3146 935 3172 ut
954 3138 1129 3186 voluptas
1147 3136 1303 3185 perinde

1355 1118 1512 1155 deorum
1534 1119 1569 1154 in
1589 1119 1676 1155 Sion
1701 1119 1878 1155 merearis
1893 1120 1920 1154 ³¹.
1947 1122 1989 1155 lit
2008 1118 2171 1168 primum
2200 1118 2351 1167 quidem

1355 1191 1423 1227 per
1443 1178 1631 1214 desertum
1654 1179 1799 1227 proprii
1821 1178 1946 1214 cordis
1972 1187 2008 1214 et
2029 1178 2236 1214 convallem
2268 1178 2355 1227 plo-

1357 1238 1529 1282 rationis,
1552 1238 1729 1273 ascendes
1755 1246 1795 1274 ut
1815 1239 1957 1285 virgula
1979 1238 2068 1274 suini
2091 1253 2098 1274 ε
2118 1237 2253 1274 dehinc
2275 1237 2353 1285 jam

1359 1297 1394 1332 in
1432 1298 1599 1333 serenius
1630 1297 1807 1345 quiddam
1840 1298 2007 1347 elapsus,
2037 1297 2214 1334 ascendes
2243 1298 2353 1333 etiam

1358 1355 1403 1391 dc
1424 1355 1572 1391 deserto
1591 1356 1732 1391 deliciis
1753 1357 1931 1401 affluens,
1954 1356 2105 1393 innixus
2131 1370 2245 1406 super
2263 1357 2356 1393 dile-

1359 1422 1459 1449 ctum
1474 1412 1499 1459 ⁵,
1518 1414 1652 1449 ductus
1666 1427 1686 1449 a
1700 1415 1866 1451 claritate
1883 1416 1918 1451 in
1935 1416 2159 1462 claritatem,
2178 1425 2353 1465 tanquam

1358 1485 1378 1508 a
1393 1473 1544 1509 Domini
1561 1472 1721 1521 Spiritu,
1738 1473 1800 1509 illo
1819 1474 1948 1522 utique
1963 1475 2027 1522 qui
2042 1483 2230 1511 scrutatur
2243 1474 2354 1511 etiam

1358 1532 1430 1567 alta
1454 1532 1532 1567 Dei.
1552 1534 1627 1567 Nec
1645 1544 1784 1580 paucos
1802 1532 1837 1567 in
1863 1532 1918 1568 his
1935 1532 2072 1581 gradus
2091 1533 2258 1569 invenies
2275 1546 2358 1582 gra-

1361 1592 1419 1627 tiae
1450 1591 1703 1627 multiformis.
1728 1595 1865 1627 Verum
1897 1591 1974 1628 haec
2007 1592 2215 1641 spiritualia
2241 1599 2354 1637 sunt,

1359 1650 1614 1700 spiritualibus
1645 1650 1775 1698 utique
1818 1650 2083 1700 comparanda.
2125 1655 2233 1688 Nunc
2265 1664 2356 1687 vero

1359 1709 1405 1745 ad
1427 1709 1629 1745 initiandos
1650 1709 1777 1758 potius
1797 1722 1920 1745 sermo
1939 1709 2128 1758 dirigitur,
2151 1709 2258 1758 cujus
2281 1718 2357 1747 tota

1360 1768 1520 1805 intentio
1557 1777 1612 1804 est
1645 1781 1823 1804 revocare
1854 1767 1899 1804 ad
1936 1781 2002 1804 cor
2033 1769 2353 1818 praevaricatores.

1310 1830 1337 1865 C
1359 1830 1542 1865 Caeterum
1577 1827 1716 1864 habent
1747 1828 1987 1876 proficientes
2018 1827 2159 1864 editum
2191 1828 2279 1864 olim
2310 1828 2356 1865 de

1361 1887 1560 1924 duodecim
1600 1886 1789 1925 Gradibus
1821 1887 2049 1924 Humilitatis
2082 1900 2127 1923 ex
2171 1889 2357 1925 sermonis

1362 1947 1557 1983 occasione
1587 1946 1753 1983 libellum
1769 1945 1798 1992 ¹),
1819 1960 1914 1995 quos
1936 1946 2110 1983 videlicet
2139 1947 2275 1996 gradus
2295 1948 2356 1984 ille

1358 2006 1547 2056 justorum
1569 2007 1737 2043 omnium
1762 2006 1896 2055 spiritu
1916 2007 2049 2056 plenus
2070 2007 2108 2042 iu
2132 2008 2274 2056 Regula
2292 2020 2356 2044 sua

1363 2065 1514 2102 tradidit
1532 2079 1619 2102 vere
1640 2079 1708 2115 per
1727 2065 1852 2101 omnia
1870 2065 2093 2102 Benedictus
2106 2064 2133 2102 ⁶.

1362 2203 1554 2231 XXXVIII.
1573 2219 1616 2222 —
1629 2203 1676 2230 De
1694 2199 1741 2230 via
1761 2200 1901 2231 orientali
1925 2211 1994 2241 qua:
2015 2211 2032 2231 a
2050 2202 2083 2232 B.
2101 2200 2259 2232 Benedicti
2281 2200 2356 2232 cella

1785 2260 1947 2295 processit.

1416 2365 1476 2401 45.
1507 2365 1574 2401 Ille
1603 2364 1701 2400 enim
1736 2364 1966 2413 spiritualem
1991 2363 2099 2400 nobis
2128 2365 2247 2401 erexit
2278 2378 2358 2401 sca-

1363 2424 1454 2468 lam,
1476 2422 1583 2471 cujus
1604 2423 1733 2471 utique
1754 2423 1948 2459 summitas
1968 2423 2082 2459 coelos
2104 2423 2237 2472 tangit,
2255 2424 2357 2472 quod

1364 2482 1401 2517 iu
1424 2481 1504 2531 ejus
1525 2482 1689 2530 glorioso
1710 2483 1866 2518 transitu
1888 2482 2053 2518 evidenti
2074 2483 2231 2531 legimus
2249 2483 2358 2519 mira—

1366 2542 1450 2578 culo
1473 2541 1797 2586 commendatum,
1822 2541 1932 2577 beato
1964 2555 2061 2591 papa
2093 2542 2277 2591 Gregorio
2309 2543 2360 2580 sic

1573 2616 1616 2636 τα
1643 2604 1745 2636 Inter
1776 2600 2044 2650 discipulorum
2076 2614 2208 2637 manus
2237 2600 2359 2637 imbe-

1367 2679 1380 2693 »
1402 2662 1497 2697 cillia
1530 2660 1696 2697 membra
1727 2669 1960 2706 sustentans,
1995 2661 2127 2697 erectis
2159 2661 2194 2697 in
2224 2661 2358 2697 coelum

1367 2737 1381 2751 n
1403 2720 1574 2756 inanibus
1608 2721 1730 2765 stetit,
1771 2729 1807 2756 ct
1846 2721 2018 2756 ultimum
2054 2721 2227 2770 spiritum
2263 2721 2361 2757 inter

1366 2798 1380 2812 »
1402 2779 1516 2815 verba
1545 2780 1726 2815 orationis
1744 2780 1896 2816 efflavit.
1918 2784 1999 2828 Qua
2027 2780 2165 2816 scilicet
2186 2779 2245 2816 die
2265 2779 2362 2816 duo—

1367 2858 1380 2872 »
1403 2840 1471 2875 bus
1501 2839 1546 2875 ‹le
1579 2839 1774 2885 fratribus,
1811 2840 1872 2876 uni
1904 2840 2053 2889 longius
2085 2839 2222 2889 posito,
2256 2840 2361 2876 alteri

1369 2917 1382 2931 »
1404 2907 1526 2935 autem
1560 2899 1597 2934 iu
1624 2899 1715 2934 cella
1744 2900 2014 2944 commoranti,
2046 2899 2225 2935 revelatio
2252 2898 2363 2935 unius

1369 2977 1382 2992 u
1404 2966 1515 3006 atque
1536 2957 1765 2993 indissimilis
1787 2958 1939 2994 visionis
1966 2957 2152 3008 apparuit.
2180 2957 2364 2994 Viderunt

1369 3037 1382 3050 υ
1405 3030 1565 3066 namque
1583 3017 1668 3066 quia
1694 3026 1807 3053 strata
1828 3018 1948 3066 palliis
1971 3026 2006 3053 ct
2027 3017 2232 3053 innumeris
2251 3029 2363 3052 coru-

1369 3094 1382 3108 »
1404 3090 1463 3112 sca
1492 3074 1728 3125 lampadibus
1750 3076 1826 3121 via,
1852 3084 1953 3111 recto
1980 3075 2132 3111 orientis
2153 3075 2299 3111 tramite
2317 3074 2362 3111 ab

1369 3135 1484 3184 »ejus
1514 3135 1606 3171 cella
1637 3135 1674 3170 iu
1705 3136 1839 3171 eoelum
1873 3148 1990 3184 usque
2024 3134 2259 3171 tendebatur.
2296 3135 2363 3172 Cui

357 3251 481 3282 ¹1⁴2x0d.
502 3263 562 3280 νιιι
578 3275 586 3289 ,
605 3255 708 3282 ἳῦ.-
729 3256 740 3272 ²
760 3251 837 3281 Psal.
855 3262 947 3285 xxiv,
970 3254 1067 3280 18.-
1084 3248 1097 3271 3
1112 3249 1245 3291 Philipp.
1263 3261 1300 3279 ιιι
1315 3274 1323 3287 ‚
1343 3252 1445 3279 13.-
1467 3248 1570 3278 41‘sal.
1587 3260 1714 3278 [xxxin
1731 3273 1738 3286 ,
1759 3252 1833 3279 8.-
1852 3246 1865 3269 5
1880 3248 2000 3280 (Iantic.
2017 3260 2093 3284 viu,
2114 3253 2191 3279 5.—
2208 3247 2223 3270 ⁶
2239 3252 2313 3291 (lap.
2328 3251 2358 3279 7.

349 3313 360 3325 ³
389 3311 462 3341 um<
477 3335 483 3347 ‚
501 3310 676 3350 ‘issu-timu.
699 3328 733 3331 —-
764 3310 778 3330 b
796 3314 973 3340 'tractatum
995 3310 1109 3339 scilicet
1127 3312 1157 3339 S.
1177 3309 1328 3339 sscrnardi
1346 3309 1383 3339 (lc
1403 3307 1559 3338 (Lradibus
1585 3307 1785 3337 llumihlatis.
