2418 3949
141 204 231 241 tO2t

135 281 318 328 triarcba,
340 281 483 331 majore
509 294 621 332 quam
649 282 773 318 caeteri
797 281 1021 327 ambitione,
1042 293 1126 317 sua-

786 207 845 241 ET
874 204 1318 242 RESURRECTIONEM
1347 208 1534 243 DOMINI.

2085 208 2181 245 1022

1195 282 1269 320 ries
1296 283 1464 329 Jezabel‚
1481 297 1565 333 quae
1589 284 1722 320 vestita
1748 292 1828 320 crat
1856 284 1993 322 decore
2014 286 2186 322 meretri-

133 341 248 377 vitate
266 350 303 378 et
319 343 455 391 gloria,
472 341 611 379 ibidem
634 356 654 378 a
670 343 747 379 filio
767 355 836 379 suo
853 341 993 391 Joseph
1014 353 1124 390 sepe-
1141 345 1175 378 A
1189 341 1267 386 cio,
1291 351 1327 379 et
1347 343 1523 392 pinxerat
1548 344 1678 380 oculos
1698 356 1785 380 suos
1805 343 1932 381 stibio.
1958 345 2186 382 Decalvatus

133 399 244 435 litur?
262 404 332 437 Per
359 401 477 438 Jacob
505 401 746 452 grandaevum
775 401 939 451 perfecta
965 400 1124 437 charitas

132 459 372 508 exprimitur,
394 461 431 496 in
453 474 527 510 qua
546 464 655 498 Pater
675 474 696 497 a
714 461 809 498 Filio
827 461 904 497 imo
929 473 1012 496 cum
1030 459 1123 496 Filio

132 523 399 572 consepelitur,
425 523 571 561 dicente
601 524 706 574 ipso,
735 524 824 574 quia
841 529 875 560 si
898 527 979 571 quis
1002 524 1127 570 diligit

133 593 207 623 me,
228 595 431 618 sermonem
467 597 586 618 meum
613 583 794 627 servabit,
819 592 854 618 et
882 584 996 618 Pater
1025 594 1127 616 meur

132 640 261 687 diliget
276 654 358 676 eum
368 669 378 685 ,
401 651 435 677 e!
451 644 503 677 ad
520 656 602 678 enm
622 648 832 687 veniemus,
849 652 884 678 et
898 645 1124 677 mansionem

131 702 239 745 apud
266 714 347 735 eum
369 700 596 748 saciemus¹.
621 705 711 738 Haec
736 710 792 738 est
813 702 875 738 illa
898 700 1059 750 gloriosa
1088 707 1126 735 et

131 758 255 794 suavis
270 760 462 808 sepultura
483 761 602 796 Patris
617 760 763 809 antiqui
779 760 924 796 dierum
936 788 945 804 ,
961 759 1026 808 qui
1043 757 1123 794 dili—

129 825 260 865 gentes
287 831 326 854 se
356 818 426 854 sibi
453 820 682 869 consepelit,
703 828 739 856 et
764 819 962 856 abscondit
989 832 1054 855 eos
1083 817 1122 853 in

129 875 351 913 abscondito
382 878 488 914 faciei
519 891 595 914 suae
626 892 646 915 a
679 878 967 915 conturbatione
997 878 1122 914 homi-

130 948 234 972 num.
253 937 347 973 Illuc
362 946 399 974 et
416 951 499 974 ossa
513 938 673 988 Joseph,
692 939 894 976 Salvatoris
910 939 1029 975 nostri
1047 951 1124 973 me-

129 995 268 1042 moria,
288 1009 333 1034 ex
361 1001 526 1047 AEgypto
555 998 724 1047 quotidie
752 999 968 1034 referuntur
992 1011 1012 1034 a
1042 996 1125 1032 filiis

1190 408 1246 436 est
1272 401 1458 450 superbiae
1484 411 1634 448 vertex;
1652 416 1731 439 non
1755 411 1811 439 est
1835 404 1898 452 qui
1914 404 1993 453 jam
2013 404 2187 453 dignetur

1190 460 1356 508 aspicere
1368 488 1378 505 ,
1397 462 1467 497 nisi
1483 462 1548 510 qui
1564 462 1727 498 voluerit
1745 463 1848 499 nefas
1867 462 1948 511 ejus
1964 462 2183 508 abhorrere,

1191 527 1233 554 ut
1256 519 1356 555 lavet
1379 533 1511 556 manus
1532 533 1616 557 suas
1635 521 1674 557 in
1701 522 1880 569 sanguine
1900 523 2126 572 peccatori5‚
2149 532 2186 559 et

1190 579 1293 614 velut
1313 592 1432 627 equus
1459 580 1564 616 sortis
1589 588 1626 615 et
1643 580 1774 625 velox,
1795 583 2028 618 meretricem
2051 582 2183 632 proje-

1191 645 1287 673 ctam
1320 638 1457 687 ungula
1491 651 1556 675 sua
1590 640 1804 684 confodiat,
1835 649 1872 676 et
1900 642 2118 685 conculcet,
2148 650 2186 678 et

1190 704 1400 745 praetereat.
1429 701 1590 747 Propter
1611 699 1684 735 hoc
1712 708 1749 735 et
1776 700 1898 748 paries
1918 700 1964 736 ad
1992 700 2070 736 haec
2096 713 2184 737 san-

1189 755 1346 804 guineus
1367 756 1518 793 relictus
1533 765 1606 803 est,
1627 765 1669 793 ut
1686 765 1822 794 terreat
1838 759 1942 795 viros
1960 760 2183 808 sanguinum

1188 823 1226 850 et
1239 814 1393 852 dolosos
1406 844 1415 860 ,
1432 817 1494 865 qui
1513 825 1671 866 propter
1685 819 1877 855 avaritiam
1895 832 1998 855 suam
2018 820 2184 869 lapidant

1187 874 1367 911 humilem
1398 875 1559 913 Naboth.
1595 877 1667 913 Sed
1705 891 1815 914 canes
1848 878 2183 928 impudentissimi,

1188 942 1376 972 amatores
1395 935 1621 973 cadaverum
1634 965 1643 982 ,
1660 950 1790 974 carnes
1806 938 1875 974 sibi
1893 939 2110 975 fornicarias
2129 940 2186 975 in-

1190 1002 1416 1042 corporant,
1436 994 1535 1031 unde
1554 1004 1590 1031 et
1610 997 1828 1044 sanguinem
1851 996 1931 1045 ejus
1951 1010 2185 1047 consequen-

128 1055 254 1092 Israel,
272 1059 354 1093 Non
374 1058 474 1094 enim
495 1070 577 1094 0553
592 1058 731 1107 joseph
754 1058 792 1094 in
810 1062 974 1107 AEgypto
994 1057 1123 1094 relicta
1142 1053 1169 1086 B
1192 1060 1248 1088 ter
1266 1052 1458 1100 lambunt3
1480 1055 1568 1103 quia
1588 1055 1683 1091 sicut
1700 1054 1886 1101 libidinis,
1906 1057 1956 1092 ita
1976 1066 2013 1092 et
2032 1058 2186 1093 ultionis

129 1123 237 1160 sunt,
258 1116 346 1164 quia
372 1117 523 1153 fetentia
551 1126 589 1153 et
614 1116 783 1154 dealbata
815 1118 987 1167 sepulcra
1013 1116 1119 1153 dete-

128 1182 257 1210 statur.
275 1178 319 1212 Et
333 1178 488 1224 Moysen
507 1180 607 1213 Deus
619 1177 811 1226 sepelivit,
824 1177 888 1214 sed
901 1176 1118 1226 sepulcrum

128 1233 209 1282 ejus
230 1248 348 1284 usque
372 1237 410 1272 in
430 1236 656 1274 hodiernum
674 1237 773 1274 diem
799 1236 846 1274 ab
865 1237 1018 1273 homine
1042 1249 1118 1272 non

127 1294 356 1331 invenitur².
379 1297 553 1345 Denique
572 1297 655 1345 quis
676 1297 815 1346 poterit
832 1297 920 1333 illuc
941 1295 1120 1332 ascende-

127 1353 189 1399 re,
210 1353 274 1390 ubi
295 1355 358 1391 ille
377 1355 544 1392 ascendit
563 1369 632 1405 per
652 1356 818 1392 medium
838 1355 986 1392 nebulae
1007 1355 1044 1392 in
1065 1355 1121 1391 al—

129 1413 310 1450 tissimum
328 1423 510 1460 montem,
524 1424 561 1451 et
574 1415 642 1451 fuit
658 1415 709 1451 ibi
725 1415 972 1465 quadraginta
988 1414 1122 1451 diebus

127 1480 165 1508 et
188 1473 436 1523 quadraginta
455 1474 649 1520 noctibus,
670 1484 708 1511 et
735 1474 848 1520 vidit,
868 1483 904 1511 et
935 1483 1120 1511 scrutatus

126 1540 182 1568 est
198 1534 391 1582 exemplar
403 1533 635 1570 tabernaculi
650 1533 900 1579 admirabilis,
915 1534 1018 1583 quod
1041 1534 1121 1570 fixit

126 1595 249 1637 Deus,
269 1600 307 1628 et
333 1605 407 1628 non
436 1593 579 1629 homo?
604 1597 808 1642 Propterea
836 1606 956 1642 usque
984 1593 1118 1639 hodie,

126 1651 215 1687 dum
231 1651 365 1701 legitur
381 1655 529 1701 Moyses
541 1681 551 1697 ,
568 1653 728 1688 velatam
744 1651 856 1688 habet
872 1652 1017 1697 faciem,
1032 1653 1119 1701 quia

125 1709 173 1746 ab
193 1710 346 1748 homine
370 1712 519 1748 mortali
539 1712 754 1761 sepulcrum
776 1710 858 1760 ejus
877 1724 954 1747 non
976 1711 1120 1748 inveni-

126 1778 199 1806 tur.
220 1774 264 1807 In
285 1770 417 1808 eodem
438 1784 527 1820 agro
548 1771 739 1819 sanguinis
755 1779 789 1806 et
807 1771 969 1820 gloriosa
989 1784 1117 1820 regum

1184 1112 1388 1162 participes
1407 1122 1530 1149 erunt.
1550 1114 1622 1151 Alii
1645 1127 1735 1150 vero
1753 1123 1840 1150 sunt
1856 1128 1967 1151 canes
1981 1144 1990 1161 ‚
2009 1117 2074 1165 qui
2092 1116 2186 1152 fiunt

1185 1186 1234 1207 ex
1254 1177 1416 1208 inimicis
1432 1173 1479 1209 ab
1491 1179 1568 1222 ipso
1579 1175 1608 1219 4,
1628 1175 1693 1223 qui
1710 1175 1844 1211 samem
1858 1174 2012 1224 justitiae
2031 1176 2184 1224 patiun-

1187 1240 1259 1277 tur,
1286 1241 1323 1269 et
1351 1233 1584 1269 circumeunt
1611 1234 1820 1279 civitatem,
1845 1248 1920 1271 uon
1944 1234 2182 1283 Babyloniae,

1187 1292 1250 1328 sed
1272 1293 1462 1338 Ecclesiae,
1483 1302 1519 1329 et
1541 1294 1644 1342 quod
1665 1303 1856 1331 mortuum
1881 1308 1902 1331 a
1925 1295 2024 1331 vitiis
2043 1295 2182 1331 ibidem

1187 1352 1398 1401 reperiunt,
1421 1353 1645 1399 comedunt,
1666 1362 1703 1389 et
1723 1353 1792 1389 sibi
1816 1355 2089 1404 consepeliunt.
2120 1358 2184 1390 Vae

1187 1420 1310 1447 autem
1335 1412 1391 1447 his
1416 1425 1511 1460 quos
1537 1421 1642 1448 extra
1667 1413 1855 1449 civitatem
1879 1422 2050 1449 mortuos
2073 1414 2183 1449 volu-

1187 1483 1284 1515 cres,
1301 1470 1372 1506 1100
1386 1479 1441 1507 051
1457 1470 1669 1517 daemones,
1688 1485 1758 1521 per
1772 1472 1884 1508 inane
1901 1473 2070 1509 volantes
2082 1486 2184 1509 com-

1185 1529 1316 1575 edunt,
1336 1531 1464 1579 quales
1487 1531 1639 1567 suerunt
1659 1532 1909 1581 Acliitliophel
1931 1540 1968 1568 et
1993 1531 2157 1569 Absalon
2171 1561 2180 1575 ,

1185 1598 1222 1625 et
1251 1589 1401 1627 ,lezabel
1430 1599 1466 1627 et
1494 1591 1633 1635 Judas,
1664 1591 1728 1640 qui
1758 1592 1984 1640 accipientes
2013 1592 2049 1628 in
2082 1606 2181 1628 vano

1185 1650 1344 1686 animam
1366 1663 1491 1694 suam,
1517 1651 1553 1686 in
1575 1664 1673 1687 vano
1695 1651 1805 1687 etiam
1830 1652 2056 1688 efflaverunt
2080 1656 2180 1689 eam!

1238 1709 1301 1746 23.
1325 1709 1396 1746 Sed
1420 1709 1616 1746 redeamus
1636 1710 1681 1746 ad
1702 1723 1832 1760 agrum
1857 1710 2156 1747 Hacheldemach
2171 1740 2180 1756 ‚

1187 1776 1227 1804 ut
1257 1768 1489 1804 admiremur
1521 1777 1557 1804 et
1588 1769 1810 1804 :emulemur
1835 1770 1960 1819 potius
1985 1768 2180 1806 beatarum

125 1830 221 1867 linea
238 1839 378 1868 sortem
401 1832 560 1881 accepit,
582 1831 646 1880 qui
666 1830 803 1880 sepulti
825 1839 913 1867 sunt
931 1831 968 1867 in
989 1832 1117 1881 sepul·
1138 1831 1164 1867 C
1184 1829 1422 1865 mansionum
1444 1829 1600 1877 gloriam
1614 1857 1623 1874 ‚
1648 1829 1827 1878 quoniam
1850 1830 2030 1866 memoria
2048 1831 2182 1880 impio-

124 1898 208 1926 tura
227 1899 374 1940 patrum
396 1904 550 1927 suorum
567 1891 603 1927 in
625 1892 857 1928 Jerusalem:
874 1890 949 1926 illic
969 1899 1005 1927 et
1026 1894 1118 1928 Pro-

124 1939 323 1997 plietarum
345 1950 439 1986 visio
459 1958 494 1986 et
515 1948 814 1986 Maeliabaeorum
839 1949 1015 1986 bellicosa
1038 1951 1116 1987 vir-

126 2016 183 2044 tus
201 2009 362 2057 gloriose
382 2009 604 2046 ostenditur.

178 2068 239 2105 22.
252 2068 603 2118 Compareturjam‚
619 2070 646 2105 si
664 2069 798 2118 placet,
815 2069 903 2105 huic
914 2069 1117 2118 sepulturae

123 2128 430 2177 peregrinorum,
448 2129 511 2165 illa
526 2128 718 2178 quondam
735 2129 899 2178 gloriosa
914 2129 953 2164 in
973 2130 1094 2178 regnis
1107 2159 1117 2176 ,

123 2187 264 2236 inclyta
288 2188 327 2224 in
350 2187 527 2238 superbia
546 2188 806 2225 Chaldaeorum
822 2217 831 2233 ,
853 2189 967 2225 turris
989 2188 1115 2226 Babel.

123 2247 222 2294 Quid
251 2247 371 2284 simile
400 2247 486 2284 huic
515 2255 653 2284 nostrae
682 2248 886 2297 sepulturae
908 2250 1118 2298 reperitur?

122 2305 180 2342 lbi
194 2319 270 2343 una
283 2307 319 2342 in
337 2307 464 2356 plures
477 2307 602 2356 lingua
618 2307 861 2352 discinditur;
876 2308 935 2344 hic
949 2309 1116 2357 quinque

121 2366 291 2402 civitates
316 2365 489 2416 AEgypfi,
514 2378 590 2401 non
608 2364 686 2414 jam
710 2366 837 2416 lingua
857 2367 1034 2416 AEgyptia
1059 2367 1115 2404 vel

121 2424 368 2462 Chananitide
394 2426 624 2474 loquuntur,
645 2425 710 2461 sed
732 2425 870 2463 Civitas
895 2427 983 2463 solis
1002 2440 1117 2464 voca-

123 2493 183 2521 tur
202 2498 290 2521 una.
315 2488 371 2522 De
391 2485 453 2520 illa
481 2485 664 2534 siquidem
687 2493 789 2521 turre
808 2485 920 2522 Babel
949 2485 1117 2536 projecta

121 2552 177 2580 est
198 2544 375 2580 meretrix
391 2543 559 2589 Jezabel,
578 2545 868 2582 fornicationum
886 2554 1017 2589 mater,
1032 2545 1116 2581 ido-

122 2602 244 2638 lorum
277 2603 433 2646 cultrix‚
466 2603 632 2639 avaritiae
662 2604 827 2640 artifex:

122 2662 282 2711 sepelire
301 2662 462 2706 vellent,
478 2662 565 2710 quia
584 2670 665 2698 erat
681 2662 753 2698 filia
775 2663 891 2712 regis,
913 2676 989 2699 non
1007 2664 1116 2700 inve-

123 2729 262 2757 nerunt
283 2721 352 2757 nisi
374 2730 516 2757 tantuin
536 2721 734 2758 calvariem
756 2730 791 2757 et
809 2735 990 2759 manuum
1011 2736 1116 2759 sum-

123 2780 291 2824 mitates,
318 2789 355 2816 et
375 2781 556 2828 sanguine
577 2793 787 2830 respersum
813 2782 1005 2830 parietem.
1029 2786 1116 2819 Haec

123 2852 210 2876 sane
231 2848 287 2876 est
305 2840 508 2889 impiorum
533 2841 745 2890 sepultura,
768 2840 847 2876 liaec
867 2840 977 2890 digna
1004 2843 1114 2878 retri-

121 2899 249 2943 butio,
285 2900 389 2950 quod
425 2915 470 2938 ex
505 2902 558 2938 eis
591 2901 740 2938 nonnisi
773 2902 1005 2938 summitates
1035 2915 1115 2939 ma-

123 2973 265 3004 nuum,
298 2961 368 2997 1100
402 2969 482 3005 051,
513 2974 672 3010 operum
707 2961 770 2997 vix
801 2969 969 2997 extrema
999 2975 1120 2998 rema-

123 3029 232 3065 nent,
253 3028 289 3056 et
321 3021 518 3065 calvaries,
542 3034 626 3070 quae
654 3022 775 3057 fuerat
801 3021 904 3057 locus
935 3020 1121 3070 superbiae

123 3079 302 3128 spoliatus
331 3080 554 3129 capillorum
575 3080 693 3128 gloria
713 3095 719 3115 :
742 3080 827 3128 quia
854 3082 936 3115 vidi
964 3084 1119 3127 impiam

121 3142 442 3187 supere-zai'taiam
458 3168 468 3185 ,
491 3148 524 3174 et
548 3143 722 3175 elevatum
743 3145 836 3174 sisu!
856 3141 983 3174 cedros
1006 3139 1120 3174 Liba-

123 3202 184 3239 m',·
203 3207 238 3233 et
252 3204 420 3241 transivi,
437 3208 472 3234 et
486 3214 567 3234 ecce
584 3213 657 3234 nnn
675 3197 792 3234 ertit3.
814 3202 900 3235 ttaec
921 3207 975 3234 est
993 3199 1117 3234 calva-

175 3330 179 3342 ¹
202 3325 293 3353 Joau.
313 3335 382 3357 xiv,
402 3327 456 3356 ‘2:3.
473 3343 512 3347 —
530 3328 651 3356 21)11111.
669 3336 787 3362 xxxiv,
806 3330 835 3355 ὓ.
856 3343 898 3346 —>
918 3323 930 3345 3
947 3325 1025 3355 l'sal.
1047 3336 1166 3362 xxxvi,
1185 3329 1314 3357 3.”1,.’11’1,

1184 1901 1266 1923 111111
1295 1888 1434 1937 peribit
1457 1902 1540 1924 cum
1570 1889 1716 1934 sonitu3
1735 1889 1915 1925 memoria
1941 1902 2034 1925 vero
2056 1889 2182 1938 justo-

1185 1960 1265 1984 rum
1287 1948 1389 1984 vivet
1409 1948 1446 1984 in
1463 1949 1596 1985 saecula
1614 1949 1837 1984 saeculorum
1853 1976 1862 1992 ,
1882 1949 2010 1997 quales
2028 1949 2181 1986 suerunt

1182 2007 1321 2056 Joseph
1343 2008 1406 2056 qui
1428 2017 1508 2044 erat
1527 2007 1697 2053 decurio,
1716 2008 1911 2057 vii-justus
1929 2017 1964 2044 et
1986 2007 2128 2053 bonus;
2146 2019 2183 2046 ct

1183 2066 1425 2113 Nicodemus,
1450 2068 1513 2116 qui
1541 2068 1733 2117 quondam
1760 2068 1900 2113 noctis,
1921 2067 1985 2104 sed
2002 2067 2079 2117 jam
2108 2069 2182 2106 diei

1185 2127 1366 2172 minister,
1380 2127 1426 2163 ad
1443 2127 1732 2176 perungendum
1749 2140 1888 2176 corpus
1903 2128 2078 2172 Domini,
2096 2141 2180 2164 cum

1185 2186 1328 2223 serebat
1355 2187 1556 2223 mixturam
1579 2187 1741 2235 myrrhae
1761 2196 1796 2223 et
1817 2187 1919 2223 aloes
1939 2188 2045 2236 quasi
2067 2188 2181 2224 libras.

1183 2255 1347 2282 centum.
1368 2247 1473 2283 Tales
1486 2247 1690 2297 sepulturae
1706 2259 1780 2283 suae
1796 2247 1988 2282 ministros
2007 2252 2184 2284 311111110-

1182 2318 1266 2348 sus,
1301 2306 1365 2354 qui
1390 2319 1530 2356 corpus
1557 2306 1638 2354 ejus
1664 2306 1842 2342 audacter
1867 2306 2031 2355 eripiant
2052 2307 2098 2343 de
2117 2321 2183 2357 po-

1183 2372 1314 2400 testate
1338 2364 1602 2411 tenebrarum,
1628 2374 1665 2402 et
1686 2365 1757 2402 sibi
1777 2365 1990 2410 vindicent,
2022 2375 2062 2402 ut
2093 2368 2183 2403 sciat

1182 2425 1443 2474 unusquisque
1472 2438 1536 2462 vas
1561 2439 1668 2462 suum
1691 2425 1886 2475 possidere
1913 2426 1950 2462 in
1978 2427 2184 2463 sanctitica-

1183 2484 1284 2521 tione
1304 2494 1340 2521 et
1358 2485 1521 2529 honore,
1539 2485 1698 2534 ligantes
1712 2484 1805 2521 illud
1824 2485 2002 2522 castitatis
2019 2486 2182 2535 legibus,

1181 2551 1217 2579 et
1252 2543 1457 2593 disciplinae
1483 2544 1629 2589 linteis,
1652 2552 1690 2580 et
1717 2557 1737 2580 a
1765 2545 1951 2581 vermium
1981 2545 2184 2594 putredine

856 2613 892 2640 et
925 2618 1008 2640 cum
1034 2619 1114 2641 eam
1138 2605 1449 2639 Dconservantes
1480 2616 1549 2652 per
1577 2604 1778 2638 mixturam
1808 2603 1972 2651 myrrliae
2002 2612 2039 2639 ct
2068 2604 2182 2640 aloes.

1183 2667 1276 2699 Sunt
1304 2663 1404 2698 enini
1427 2662 1483 2698 hae
1503 2662 1648 2711 species
1667 2675 1803 2698 amarae
1823 2662 1996 2710 quidem,
2013 2663 2078 2699 sed
2099 2676 2183 2699 cor-

1183 2723 1369 2772 ruptelam
1394 2731 1631 2758 removentes
1652 2736 1659 2758 z
1687 2723 1866 2771 quoniam
1890 2722 2078 2758 laboriosa
2095 2723 2181 2771 qui-

1183 2782 1266 2818 dem
1285 2791 1340 2819 cst
1354 2783 1546 2830 castigatio
1561 2783 1684 2818 carnis
1695 2810 1704 2825 ‚
1720 2782 1784 2818 sed
1798 2782 1905 2818 aliter
1919 2795 2042 2831 neque
2057 2796 2162 2818 meus
2173 2811 2183 2827 ,

1183 2855 1304 2890 neque
1340 2842 1419 2890 ipsa
1454 2855 1540 2878 caro
1575 2850 1745 2878 servatur
1776 2840 2031 2890 imputribilis.
2065 2845 2182 2887 Quasi

1184 2902 1296 2938 libias
1318 2911 1462 2936 centum
1477 2901 1501 2937 5.
1525 2904 1555 2938 O
1577 2914 1791 2937 mensuram
1816 2900 1954 2937 bonam
1977 2909 2014 2936 ct
2033 2902 2184 2937 couscr-

1189 2964 1280 2998 tam!
1302 2961 1533 2999 Librandum
1563 2974 1651 2998 saue
1679 2969 1731 2997 051
1761 2962 1857 2997 inter
1877 2973 2016 3009 corpus
2044 2969 2079 2996 ct
2100 2961 2183 2996 aui-

1188 3035 1284 3057 mam
1304 3021 1531 3056 discretione
1547 3020 1790 3058 subtilissima
1805 3050 1813 3065 ‚
1832 3029 1870 3056 ut
1886 3021 2185 3069 unumquodque

1188 3081 1342 3130 plenum
1365 3094 1472 3116 suum
1497 3094 1534 3116 se
1556 3079 1694 3116 habere
1710 3080 1891 3129 gaudeat,
1912 3088 1948 3116 et
1973 3081 2035 3116 ssat
2055 3093 2127 3129 pax
2149 3089 2183 3115 ct

1187 3140 1379 3188 a=qtialitas
1411 3139 1508 3175 inter
1536 3152 1687 3175 carnem
1714 3147 1750 3174 01
1780 3139 1977 3188 511111111111,
2000 3148 2185 3187 quatenus-

1187 3207 1220 3234 ct
1242 3211 1415 3234 mensura
1434 3206 1617 3241 tencatur,
1633 3206 1669 3234 et
1687 3211 1762 3234 non
1780 3197 1973 3233 deseratur
1991 3198 2182 3246 perti-ctio.

1400 3327 1408 3350 1
1432 3325 1509 3355 1“-.·11.
1530 3336 1616 3354 {xxii
1634 3349 1640 3361 ,
1665 3327 1716 3354 '¹i.
1766 3322 1992 3352 --'·.l‹›.1u.xix
2010 3347 2016 3354 ,
2037 3328 2089 3352 ζὶὶ),
