<?xml version="1.0" encoding="UTF-8"?>
<!DOCTYPE html PUBLIC "-//W3C//DTD XHTML 1.0 Transitional//EN"
    "http://www.w3.org/TR/xhtml1/DTD/xhtml1-transitional.dtd">
<html xmlns="http://www.w3.org/1999/xhtml" xml:lang="en" lang="en">
 <head>
  <title>
</title>
<meta http-equiv="Content-Type" content="text/html;charset=utf-8" />
  <meta name='ocr-system' content='tesseract 3.04.00' />
  <meta name='ocr-capabilities' content='ocr_page ocr_carea ocr_par ocr_line ocrx_word'/>
</head>
<body>
  <div class='ocr_page' id='page_1' title='image "./operaomniapostho05bern/operaomniapostho05bern_0301.png"; bbox 0 0 2418 3949; ppageno 0'>
   <div class='ocr_carea' id='block_1_1' title="bbox 177 164 251 200">
    <p class='ocr_par' dir='ltr' id='par_1_1' title="bbox 177 164 251 200">
     <span class='ocr_line' id='line_1_1' title="bbox 177 164 251 200; baseline -0.014 0"><span class='ocrx_word' id='word_1_1' title='bbox 177 164 251 200; x_wconf 75' lang='lat'><strong>589</strong></span> 
     </span>
    </p>
   </div>
   <div class='ocr_carea' id='block_1_2' title="bbox 175 359 1177 1000">
    <p class='ocr_par' dir='ltr' id='par_1_2' title="bbox 175 359 1177 1000">
     <span class='ocr_line' id='line_1_2' title="bbox 177 359 1170 409; baseline 0.001 -15"><span class='ocrx_word' id='word_1_2' title='bbox 177 371 254 396; x_wconf 90' lang='lat' dir='ltr'><strong>non</strong></span> <span class='ocrx_word' id='word_1_3' title='bbox 273 372 364 396; x_wconf 90' lang='lat' dir='ltr'><strong>vero</strong></span> <span class='ocrx_word' id='word_1_4' title='bbox 384 372 533 409; x_wconf 80' lang='lat' dir='ltr'><strong>semper</strong></span> <span class='ocrx_word' id='word_1_5' title='bbox 552 360 650 396; x_wconf 87' lang='lat' dir='ltr'><strong>actui</strong></span> <span class='ocrx_word' id='word_1_6' title='bbox 668 360 830 408; x_wconf 81' lang='lat' dir='ltr'>proximi</span> <span class='ocrx_word' id='word_1_7' title='bbox 850 368 973 396; x_wconf 88' lang='lat' dir='ltr'><strong>actum</strong></span> <span class='ocrx_word' id='word_1_8' title='bbox 992 359 1072 396; x_wconf 89' lang='lat' dir='ltr'><strong>Dei.</strong></span> <span class='ocrx_word' id='word_1_9' title='bbox 1100 359 1170 395; x_wconf 88' lang='lat' dir='ltr'><strong>Sed</strong></span> 
     </span>
     <span class='ocr_line' id='line_1_3' title="bbox 176 418 1170 468; baseline 0 -14"><span class='ocrx_word' id='word_1_10' title='bbox 176 426 212 454; x_wconf 90' lang='lat' dir='ltr'><strong>et</strong></span> <span class='ocrx_word' id='word_1_11' title='bbox 231 419 270 454; x_wconf 87' lang='lat' dir='ltr'><strong>in</strong></span> <span class='ocrx_word' id='word_1_12' title='bbox 286 418 396 456; x_wconf 84' lang='lat' dir='ltr'><strong>nobis</strong></span> <span class='ocrx_word' id='word_1_13' title='bbox 415 418 594 455; x_wconf 85' lang='lat' dir='ltr'><strong>debemus</strong></span> <span class='ocrx_word' id='word_1_14' title='bbox 614 432 712 468; x_wconf 82' lang='lat' dir='ltr'><strong>saepe</strong></span> <span class='ocrx_word' id='word_1_15' title='bbox 730 427 852 455; x_wconf 90' lang='lat' dir='ltr'><strong>actum</strong></span> <span class='ocrx_word' id='word_1_16' title='bbox 875 418 1065 455; x_wconf 84' lang='lat' dir='ltr'><strong>charitatis</strong></span> <span class='ocrx_word' id='word_1_17' title='bbox 1084 431 1170 454; x_wconf 92' lang='lat' dir='ltr'><strong>cor-</strong></span> 
     </span>
     <span class='ocr_line' id='line_1_4' title="bbox 176 477 1171 527; baseline 0 -15"><span class='ocrx_word' id='word_1_18' title='bbox 176 477 280 526; x_wconf 87' lang='lat' dir='ltr'><strong>poris</strong></span> <span class='ocrx_word' id='word_1_19' title='bbox 313 486 534 527; x_wconf 82' lang='lat' dir='ltr'><strong>praeponere</strong></span> <span class='ocrx_word' id='word_1_20' title='bbox 574 478 670 514; x_wconf 86' lang='lat' dir='ltr'><strong>actui</strong></span> <span class='ocrx_word' id='word_1_21' title='bbox 712 477 899 514; x_wconf 82' lang='lat' dir='ltr'><strong>charitatis</strong></span> <span class='ocrx_word' id='word_1_22' title='bbox 934 477 1098 523; x_wconf 78' lang='lat' dir='ltr'><strong>animze3</strong></span> <span class='ocrx_word' id='word_1_23' title='bbox 1135 485 1171 512; x_wconf 88' lang='lat' dir='ltr'><strong>ct</strong></span> 
     </span>
     <span class='ocr_line' id='line_1_5' title="bbox 177 537 1169 582; baseline -0.002 -9"><span class='ocrx_word' id='word_1_24' title='bbox 177 544 299 573; x_wconf 90' lang='lat' dir='ltr'><strong>actum</strong></span> <span class='ocrx_word' id='word_1_25' title='bbox 329 537 517 573; x_wconf 87' lang='lat' dir='ltr'><strong>charitatis</strong></span> <span class='ocrx_word' id='word_1_26' title='bbox 549 537 701 582; x_wconf 78' lang='lat' dir='ltr'><strong>animae,</strong></span> <span class='ocrx_word' id='word_1_27' title='bbox 731 537 829 573; x_wconf 90' lang='lat' dir='ltr'><strong>actui</strong></span> <span class='ocrx_word' id='word_1_28' title='bbox 859 537 1045 572; x_wconf 85' lang='lat' dir='ltr'><strong>charitatis</strong></span> <span class='ocrx_word' id='word_1_29' title='bbox 1078 537 1169 579; x_wconf 89' lang='lat' dir='ltr'><strong>Dei,</strong></span> 
     </span>
     <span class='ocr_line' id='line_1_6' title="bbox 176 596 1172 646; baseline -0.003 -13"><span class='ocrx_word' id='word_1_30' title='bbox 176 596 213 632; x_wconf 84' lang='lat' dir='ltr'><strong>id</strong></span> <span class='ocrx_word' id='word_1_31' title='bbox 235 605 291 633; x_wconf 89' lang='lat' dir='ltr'><strong>est</strong></span> <span class='ocrx_word' id='word_1_32' title='bbox 310 597 632 646; x_wconf 82' lang='lat' dir='ltr'>contemplationi.</span> <span class='ocrx_word' id='word_1_33' title='bbox 666 600 754 633; x_wconf 83' lang='lat' dir='ltr'><strong>Haec</strong></span> <span class='ocrx_word' id='word_1_34' title='bbox 781 605 905 637; x_wconf 82' lang='lat' dir='ltr'><strong>tamen</strong></span> <span class='ocrx_word' id='word_1_35' title='bbox 936 596 1062 632; x_wconf 86' lang='lat' dir='ltr'><strong>onmia</strong></span> <span class='ocrx_word' id='word_1_36' title='bbox 1088 608 1172 631; x_wconf 91' lang='lat' dir='ltr'><strong>cum</strong></span> 
     </span>
     <span class='ocr_line' id='line_1_7' title="bbox 177 655 1176 704; baseline -0.002 -12"><span class='ocrx_word' id='word_1_37' title='bbox 177 656 291 704; x_wconf 77' lang='lat' dir='ltr'>exigit</span> <span class='ocrx_word' id='word_1_38' title='bbox 322 657 542 701; x_wconf 83' lang='lat' dir='ltr'>necessitas,</span> <span class='ocrx_word' id='word_1_39' title='bbox 573 668 656 704; x_wconf 78' lang='lat' dir='ltr'><strong>quae</strong></span> <span class='ocrx_word' id='word_1_40' title='bbox 690 668 767 691; x_wconf 90' lang='lat' dir='ltr'><strong>non</strong></span> <span class='ocrx_word' id='word_1_41' title='bbox 803 655 915 691; x_wconf 89' lang='lat' dir='ltr'><strong>habet</strong></span> <span class='ocrx_word' id='word_1_42' title='bbox 950 655 1080 704; x_wconf 75' lang='lat' dir='ltr'><strong>legem.</strong></span> <span class='ocrx_word' id='word_1_43' title='bbox 1111 658 1176 691; x_wconf 88' lang='lat' dir='ltr'><strong>Est</strong></span> 
     </span>
     <span class='ocr_line' id='line_1_8' title="bbox 177 713 1173 764; baseline -0.002 -14"><span class='ocrx_word' id='word_1_44' title='bbox 177 715 275 750; x_wconf 90' lang='lat' dir='ltr'><strong>enim</strong></span> <span class='ocrx_word' id='word_1_45' title='bbox 297 715 357 751; x_wconf 78' lang='lat' dir='ltr'><strong>lex</strong></span> <span class='ocrx_word' id='word_1_46' title='bbox 371 713 589 764; x_wconf 63' lang='lat' dir='ltr'><strong>:charitatis‚</strong></span> <span class='ocrx_word' id='word_1_47' title='bbox 611 722 648 750; x_wconf 89' lang='lat' dir='ltr'><strong>et</strong></span> <span class='ocrx_word' id='word_1_48' title='bbox 670 722 725 750; x_wconf 88' lang='lat' dir='ltr'><strong>est</strong></span> <span class='ocrx_word' id='word_1_49' title='bbox 746 715 943 750; x_wconf 86' lang='lat' dir='ltr'><strong>necessitas</strong></span> <span class='ocrx_word' id='word_1_50' title='bbox 972 713 1173 750; x_wconf 85' lang='lat' dir='ltr'><strong>charitatis.</strong></span> 
     </span>
     <span class='ocr_line' id='line_1_9' title="bbox 177 773 1176 822; baseline 0 -13"><span class='ocrx_word' id='word_1_51' title='bbox 177 777 254 810; x_wconf 88' lang='lat' dir='ltr'><strong>Lex</strong></span> <span class='ocrx_word' id='word_1_52' title='bbox 293 773 484 809; x_wconf 85' lang='lat' dir='ltr'><strong>charitatis</strong></span> <span class='ocrx_word' id='word_1_53' title='bbox 522 773 694 822; x_wconf 80' lang='lat' dir='ltr'><strong>praecipit</strong></span> <span class='ocrx_word' id='word_1_54' title='bbox 728 781 850 809; x_wconf 87' lang='lat' dir='ltr'><strong>actum</strong></span> <span class='ocrx_word' id='word_1_55' title='bbox 885 773 1074 809; x_wconf 84' lang='lat' dir='ltr'><strong>charitatis</strong></span> <span class='ocrx_word' id='word_1_56' title='bbox 1109 775 1176 810; x_wconf 89' lang='lat' dir='ltr'><strong>Dei</strong></span> 
     </span>
     <span class='ocr_line' id='line_1_10' title="bbox 180 832 1176 881; baseline 0 -13"><span class='ocrx_word' id='word_1_57' title='bbox 180 845 402 881; x_wconf 78' lang='lat' dir='ltr'><strong>praeponere</strong></span> <span class='ocrx_word' id='word_1_58' title='bbox 423 832 520 868; x_wconf 88' lang='lat' dir='ltr'><strong>actui</strong></span> <span class='ocrx_word' id='word_1_59' title='bbox 541 832 694 876; x_wconf 86' lang='lat' dir='ltr'><strong>animae,</strong></span> <span class='ocrx_word' id='word_1_60' title='bbox 717 840 754 867; x_wconf 87' lang='lat' dir='ltr'><strong>et</strong></span> <span class='ocrx_word' id='word_1_61' title='bbox 774 840 898 868; x_wconf 89' lang='lat' dir='ltr'><strong>actum</strong></span> <span class='ocrx_word' id='word_1_62' title='bbox 925 833 1057 868; x_wconf 86' lang='lat' dir='ltr'><strong>animae</strong></span> <span class='ocrx_word' id='word_1_63' title='bbox 1076 832 1176 868; x_wconf 83' lang='lat' dir='ltr'><strong>actui</strong></span> 
     </span>
     <span class='ocr_line' id='line_1_11' title="bbox 175 890 1177 942; baseline -0.002 -13"><span class='ocrx_word' id='word_1_64' title='bbox 175 891 357 942; x_wconf 86' lang='lat' dir='ltr'><strong>corporis.</strong></span> <span class='ocrx_word' id='word_1_65' title='bbox 378 890 587 927; x_wconf 76' lang='lat' dir='ltr'><strong>Necessitas</strong></span> <span class='ocrx_word' id='word_1_66' title='bbox 609 890 799 926; x_wconf 88' lang='lat' dir='ltr'><strong>charitatis</strong></span> <span class='ocrx_word' id='word_1_67' title='bbox 832 904 930 940; x_wconf 76' lang='lat' dir='ltr'><strong>saepe</strong></span> <span class='ocrx_word' id='word_1_68' title='bbox 964 891 1090 927; x_wconf 90' lang='lat' dir='ltr'><strong>omnia</strong></span> <span class='ocrx_word' id='word_1_69' title='bbox 1122 891 1177 927; x_wconf 89' lang='lat' dir='ltr'><strong>his</strong></span> 
     </span>
     <span class='ocr_line' id='line_1_12' title="bbox 176 950 1173 1000; baseline -0.004 -10"><span class='ocrx_word' id='word_1_70' title='bbox 176 952 376 990; x_wconf 87' lang='lat' dir='ltr'><strong>contraria.</strong></span> <span class='ocrx_word' id='word_1_71' title='bbox 408 951 501 988; x_wconf 92' lang='lat' dir='ltr'><strong>Inde</strong></span> <span class='ocrx_word' id='word_1_72' title='bbox 528 958 584 987; x_wconf 88' lang='lat' dir='ltr'><strong>est</strong></span> <span class='ocrx_word' id='word_1_73' title='bbox 612 950 715 1000; x_wconf 89' lang='lat' dir='ltr'><strong>quod</strong></span> <span class='ocrx_word' id='word_1_74' title='bbox 746 950 855 987; x_wconf 89' lang='lat' dir='ltr'><strong>multi</strong></span> <span class='ocrx_word' id='word_1_75' title='bbox 888 951 1038 996; x_wconf 89' lang='lat' dir='ltr'><strong>dicunt,</strong></span> <span class='ocrx_word' id='word_1_76' title='bbox 1063 951 1173 1000; x_wconf 88' lang='lat' dir='ltr'><strong>pauci</strong></span> 
     </span>
    </p>
   </div>
   <div class='ocr_carea' id='block_1_3' title="bbox 819 167 1575 203">
    <p class='ocr_par' dir='ltr' id='par_1_3' title="bbox 819 167 1575 203">
     <span class='ocr_line' id='line_1_13' title="bbox 819 167 1575 203; baseline 0 -1"><span class='ocrx_word' id='word_1_77' title='bbox 819 167 1170 203; x_wconf 75' lang='lat' dir='ltr'><strong>COMMENTATto</strong></span> <span class='ocrx_word' id='word_1_78' title='bbox 1202 167 1268 201; x_wconf 83' lang='lat' dir='ltr'><strong>EX</strong></span> <span class='ocrx_word' id='word_1_79' title='bbox 1298 167 1493 202; x_wconf 82' lang='lat' dir='ltr'><strong>BERNAR</strong></span> <span class='ocrx_word' id='word_1_80' title='bbox 1501 170 1575 203; x_wconf 79' lang='lat' dir='ltr'><strong>Do.</strong></span> 
     </span>
    </p>
   </div>
   <div class='ocr_carea' id='block_1_4' title="bbox 176 240 1917 350">
    <p class='ocr_par' dir='ltr' id='par_1_4' title="bbox 176 240 1917 350">
     <span class='ocr_line' id='line_1_14' title="bbox 176 240 1216 278; baseline -0.001 -1"><span class='ocrx_word' id='word_1_81' title='bbox 176 240 305 277; x_wconf 88' lang='lat' dir='ltr'><strong>activae</strong></span> <span class='ocrx_word' id='word_1_82' title='bbox 324 249 361 277; x_wconf 90' lang='lat' dir='ltr'><strong>et</strong></span> <span class='ocrx_word' id='word_1_83' title='bbox 380 241 524 277; x_wconf 85' lang='lat' dir='ltr'><strong>socialis</strong></span> <span class='ocrx_word' id='word_1_84' title='bbox 551 241 647 277; x_wconf 88' lang='lat' dir='ltr'><strong>vitae.</strong></span> <span class='ocrx_word' id='word_1_85' title='bbox 669 241 740 278; x_wconf 93' lang='lat' dir='ltr'><strong>Sed</strong></span> <span class='ocrx_word' id='word_1_86' title='bbox 761 242 934 278; x_wconf 76' lang='lat' dir='ltr'><strong>affectum</strong></span> <span class='ocrx_word' id='word_1_87' title='bbox 968 241 1035 278; x_wconf 87' lang='lat' dir='ltr'><strong>Dei</strong></span> <span class='ocrx_word' id='word_1_88' title='bbox 1057 240 1170 276; x_wconf 89' lang='lat' dir='ltr'><strong>dehe—</strong></span> <span class='ocrx_word' id='word_1_89' title='bbox 1185 240 1216 257; x_wconf 76' lang='lat'><strong>²⁸</strong></span> 
     </span>
     <span class='ocr_line' id='line_1_15' title="bbox 177 299 1917 350; baseline 0.003 -15"><span class='ocrx_word' id='word_1_90' title='bbox 177 312 258 336; x_wconf 89' lang='lat' dir='ltr'><strong>mus</strong></span> <span class='ocrx_word' id='word_1_91' title='bbox 291 313 359 349; x_wconf 88' lang='lat' dir='ltr'><strong>per</strong></span> <span class='ocrx_word' id='word_1_92' title='bbox 389 300 516 337; x_wconf 87' lang='lat' dir='ltr'><strong>omnia</strong></span> <span class='ocrx_word' id='word_1_93' title='bbox 547 313 770 350; x_wconf 85' lang='lat' dir='ltr'><strong>praeponere</strong></span> <span class='ocrx_word' id='word_1_94' title='bbox 800 301 948 336; x_wconf 71' lang='lat' dir='ltr'><strong>affectui</strong></span> <span class='ocrx_word' id='word_1_95' title='bbox 981 299 1170 349; x_wconf 84' lang='lat' dir='ltr'><strong>proximi,</strong></span> <span class='ocrx_word' id='word_1_96' title='bbox 1192 301 1217 331; x_wconf 86' lang='grc' dir='ltr'>Α</span> <span class='ocrx_word' id='word_1_97' title='bbox 1242 302 1429 348; x_wconf 79' lang='lat' dir='ltr'><strong>mysteriis</strong></span> <span class='ocrx_word' id='word_1_98' title='bbox 1464 302 1705 340; x_wconf 81' lang='lat' dir='ltr'><strong>humanitatis</strong></span> <span class='ocrx_word' id='word_1_99' title='bbox 1740 304 1876 341; x_wconf 76' lang='lat' dir='ltr'><strong>Christi</strong></span> <span class='ocrx_word' id='word_1_100' title='bbox 1910 320 1917 341; x_wconf 91' lang='lat'>:</span> 
     </span>
    </p>
   </div>
   <div class='ocr_carea' id='block_1_5' title="bbox 2161 169 2236 206">
    <p class='ocr_par' dir='ltr' id='par_1_5' title="bbox 2161 169 2236 206">
     <span class='ocr_line' id='line_1_16' title="bbox 2161 169 2236 206; baseline 0.013 -4"><span class='ocrx_word' id='word_1_101' title='bbox 2161 171 2181 206; x_wconf 75' lang='lat'><strong>,3</strong></span> <span class='ocrx_word' id='word_1_102' title='bbox 2187 169 2236 205; x_wconf 73' lang='lat'><strong>90</strong></span> 
     </span>
    </p>
   </div>
   <div class='ocr_carea' id='block_1_6' title="bbox 1221 240 2235 294">
    <p class='ocr_par' dir='ltr' id='par_1_6' title="bbox 1221 240 2235 294">
     <span class='ocr_line' id='line_1_17' title="bbox 1221 240 2235 294; baseline 0.006 -19"><span class='ocrx_word' id='word_1_103' title='bbox 1221 240 1312 289; x_wconf 88' lang='lat' dir='ltr'><strong>⁰per</strong></span> <span class='ocrx_word' id='word_1_104' title='bbox 1337 242 1491 287; x_wconf 82' lang='lat' dir='ltr'><strong>laevam,</strong></span> <span class='ocrx_word' id='word_1_105' title='bbox 1519 244 1582 279; x_wconf 89' lang='lat' dir='ltr'><strong>sed</strong></span> <span class='ocrx_word' id='word_1_106' title='bbox 1613 244 1649 279; x_wconf 87' lang='lat' dir='ltr'><strong>in</strong></span> <span class='ocrx_word' id='word_1_107' title='bbox 1675 245 1766 281; x_wconf 74' lang='lat' dir='ltr'><strong>laeva</strong></span> <span class='ocrx_word' id='word_1_108' title='bbox 1785 245 1933 294; x_wconf 79' lang='lat' dir='ltr'><strong>sponsi,</strong></span> <span class='ocrx_word' id='word_1_109' title='bbox 1960 257 2043 282; x_wconf 89' lang='lat' dir='ltr'><strong>cum</strong></span> <span class='ocrx_word' id='word_1_110' title='bbox 2070 246 2235 282; x_wconf 81' lang='lat' dir='ltr'><strong>afficitur</strong></span> 
     </span>
    </p>
   </div>
   <div class='ocr_carea' id='block_1_7' title="bbox 1234 303 2239 1002">
    <p class='ocr_par' dir='ltr' id='par_1_7' title="bbox 1234 303 2239 1002">
     <span class='ocr_line' id='line_1_18' title="bbox 1957 303 2234 342; baseline 0.004 -2"><span class='ocrx_word' id='word_1_111' title='bbox 1957 303 2115 342; x_wconf 88' lang='lat' dir='ltr'><strong>dextera</strong></span> <span class='ocrx_word' id='word_1_112' title='bbox 2145 318 2234 341; x_wconf 81' lang='lat' dir='ltr'><strong>vero</strong></span> 
     </span>
     <span class='ocr_line' id='line_1_19' title="bbox 1238 360 2236 410; baseline 0.004 -16"><span class='ocrx_word' id='word_1_113' title='bbox 1238 360 1366 408; x_wconf 78' lang='lat' dir='ltr'><strong>sponsi</strong></span> <span class='ocrx_word' id='word_1_114' title='bbox 1384 373 1464 396; x_wconf 90' lang='lat' dir='ltr'><strong>eam</strong></span> <span class='ocrx_word' id='word_1_115' title='bbox 1483 362 1742 410; x_wconf 75' lang='lat' dir='ltr'><strong>amplectitur,</strong></span> <span class='ocrx_word' id='word_1_116' title='bbox 1764 362 1853 398; x_wconf 89' lang='lat' dir='ltr'><strong>dum</strong></span> <span class='ocrx_word' id='word_1_117' title='bbox 1874 362 2098 400; x_wconf 88' lang='lat' dir='ltr'><strong>illuminatis</strong></span> <span class='ocrx_word' id='word_1_118' title='bbox 2116 363 2236 399; x_wconf 87' lang='lat' dir='ltr'><strong>oculis</strong></span> 
     </span>
     <span class='ocr_line' id='line_1_20' title="bbox 1238 417 2236 469; baseline 0.004 -15"><span class='ocrx_word' id='word_1_119' title='bbox 1238 417 1331 466; x_wconf 83' lang='lat' dir='ltr'><strong>ejus,</strong></span> <span class='ocrx_word' id='word_1_120' title='bbox 1350 427 1464 455; x_wconf 90' lang='lat' dir='ltr'><strong>totam</strong></span> <span class='ocrx_word' id='word_1_121' title='bbox 1484 433 1564 456; x_wconf 87' lang='lat' dir='ltr'><strong>eam</strong></span> <span class='ocrx_word' id='word_1_122' title='bbox 1582 420 1746 469; x_wconf 87' lang='lat' dir='ltr'><strong>possidet</strong></span> <span class='ocrx_word' id='word_1_123' title='bbox 1764 435 1870 457; x_wconf 87' lang='lat' dir='ltr'><strong>amor</strong></span> <span class='ocrx_word' id='word_1_124' title='bbox 1885 422 2111 466; x_wconf 82' lang='lat' dir='ltr'><strong>Divinitatis,</strong></span> <span class='ocrx_word' id='word_1_125' title='bbox 2129 430 2165 458; x_wconf 86' lang='lat' dir='ltr'><strong>et</strong></span> <span class='ocrx_word' id='word_1_126' title='bbox 2181 421 2236 458; x_wconf 88' lang='lat' dir='ltr'><strong>in-</strong></span> 
     </span>
     <span class='ocr_line' id='line_1_21' title="bbox 1240 479 2232 531; baseline 0.004 -17"><span class='ocrx_word' id='word_1_127' title='bbox 1240 479 1420 516; x_wconf 82' lang='lat' dir='ltr'><strong>tellectus.</strong></span> <span class='ocrx_word' id='word_1_128' title='bbox 1442 484 1484 516; x_wconf 82' lang='lat' dir='ltr'><strong>In</strong></span> <span class='ocrx_word' id='word_1_129' title='bbox 1507 480 1577 515; x_wconf 82' lang='lat' dir='ltr'><strong>hoc</strong></span> <span class='ocrx_word' id='word_1_130' title='bbox 1602 488 1673 515; x_wconf 88' lang='lat' dir='ltr'><strong>tam</strong></span> <span class='ocrx_word' id='word_1_131' title='bbox 1697 481 1758 529; x_wconf 90' lang='lat' dir='ltr'><strong>pio</strong></span> <span class='ocrx_word' id='word_1_132' title='bbox 1779 482 1955 529; x_wconf 79' lang='lat' dir='ltr'><strong>amplexu</strong></span> <span class='ocrx_word' id='word_1_133' title='bbox 1977 494 2117 531; x_wconf 89' lang='lat' dir='ltr'><strong>sponsa</strong></span> <span class='ocrx_word' id='word_1_134' title='bbox 2138 483 2172 518; x_wconf 93' lang='lat' dir='ltr'><strong>in</strong></span> <span class='ocrx_word' id='word_1_135' title='bbox 2197 482 2232 518; x_wconf 88' lang='lat' dir='ltr'><strong>id</strong></span> 
     </span>
     <span class='ocr_line' id='line_1_22' title="bbox 1243 537 2233 590; baseline 0.005 -17"><span class='ocrx_word' id='word_1_136' title='bbox 1243 538 1364 586; x_wconf 87' lang='lat' dir='ltr'><strong>ipsum</strong></span> <span class='ocrx_word' id='word_1_137' title='bbox 1388 537 1621 574; x_wconf 64' lang='lat' dir='ltr'><strong>obdormirit</strong></span> <span class='ocrx_word' id='word_1_138' title='bbox 1648 547 1684 575; x_wconf 90' lang='lat' dir='ltr'><strong>et</strong></span> <span class='ocrx_word' id='word_1_139' title='bbox 1712 540 1906 588; x_wconf 76' lang='lat' dir='ltr'><strong>requievit.</strong></span> <span class='ocrx_word' id='word_1_140' title='bbox 1935 544 2103 590; x_wconf 88' lang='lat' dir='ltr'><strong>Sponsus</strong></span> <span class='ocrx_word' id='word_1_141' title='bbox 2121 543 2233 578; x_wconf 82' lang='lat' dir='ltr'><strong>etiam</strong></span> 
     </span>
     <span class='ocr_line' id='line_1_23' title="bbox 1241 598 2237 648; baseline 0.005 -15"><span class='ocrx_word' id='word_1_142' title='bbox 1241 598 1430 634; x_wconf 77' lang='lat' dir='ltr'><strong>exsultans</strong></span> <span class='ocrx_word' id='word_1_143' title='bbox 1455 598 1491 634; x_wconf 92' lang='lat' dir='ltr'><strong>in</strong></span> <span class='ocrx_word' id='word_1_144' title='bbox 1513 599 1690 648; x_wconf 85' lang='lat' dir='ltr'><strong>amplexu</strong></span> <span class='ocrx_word' id='word_1_145' title='bbox 1707 599 1895 635; x_wconf 88' lang='lat' dir='ltr'><strong>charitatis</strong></span> <span class='ocrx_word' id='word_1_146' title='bbox 1910 599 2009 647; x_wconf 79' lang='lat' dir='ltr'><strong>ejuS,</strong></span> <span class='ocrx_word' id='word_1_147' title='bbox 2025 601 2117 637; x_wconf 76' lang='lat' dir='ltr'><strong>{ilias</strong></span> <span class='ocrx_word' id='word_1_148' title='bbox 2130 605 2237 637; x_wconf 83' lang='lat' dir='ltr'><strong>Jeru-</strong></span> 
     </span>
     <span class='ocr_line' id='line_1_24' title="bbox 1243 656 2235 705; baseline 0.005 -13"><span class='ocrx_word' id='word_1_149' title='bbox 1243 657 1356 692; x_wconf 86' lang='lat' dir='ltr'><strong>salem</strong></span> <span class='ocrx_word' id='word_1_150' title='bbox 1376 656 1542 705; x_wconf 85' lang='lat' dir='ltr'><strong>adjurat,</strong></span> <span class='ocrx_word' id='word_1_151' title='bbox 1568 656 1603 692; x_wconf 88' lang='lat' dir='ltr'><strong>id</strong></span> <span class='ocrx_word' id='word_1_152' title='bbox 1623 666 1677 693; x_wconf 88' lang='lat' dir='ltr'><strong>est</strong></span> <span class='ocrx_word' id='word_1_153' title='bbox 1693 658 1893 705; x_wconf 86' lang='lat' dir='ltr'><strong>quamdam</strong></span> <span class='ocrx_word' id='word_1_154' title='bbox 1913 660 1965 694; x_wconf 87' lang='lat' dir='ltr'><strong>eis</strong></span> <span class='ocrx_word' id='word_1_155' title='bbox 1986 661 2235 696; x_wconf 79' lang='lat' dir='ltr'><strong>reverentiam</strong></span> 
     </span>
     <span class='ocr_line' id='line_1_25' title="bbox 1242 715 2237 767; baseline 0.004 -16"><span class='ocrx_word' id='word_1_156' title='bbox 1242 728 1328 764; x_wconf 75' lang='lat' dir='ltr'><strong>erga</strong></span> <span class='ocrx_word' id='word_1_157' title='bbox 1354 728 1530 764; x_wconf 78' lang='lat' dir='ltr'><strong>sponsam</strong></span> <span class='ocrx_word' id='word_1_158' title='bbox 1556 716 1726 764; x_wconf 74' lang='lat' dir='ltr'><strong>inspirat.</strong></span> <span class='ocrx_word' id='word_1_159' title='bbox 1756 715 1914 764; x_wconf 80' lang='lat' dir='ltr'><strong>Adjurat</strong></span> <span class='ocrx_word' id='word_1_160' title='bbox 1939 726 2062 754; x_wconf 84' lang='lat' dir='ltr'><strong>autem</strong></span> <span class='ocrx_word' id='word_1_161' title='bbox 2089 732 2149 754; x_wconf 87' lang='lat' dir='ltr'><strong>eas</strong></span> <span class='ocrx_word' id='word_1_162' title='bbox 2170 732 2237 767; x_wconf 87' lang='lat' dir='ltr'><strong>per</strong></span> 
     </span>
     <span class='ocr_line' id='line_1_26' title="bbox 1246 776 2237 824; baseline 0.002 -13"><span class='ocrx_word' id='word_1_163' title='bbox 1246 788 1399 824; x_wconf 88' lang='lat' dir='ltr'><strong>capreas</strong></span> <span class='ocrx_word' id='word_1_164' title='bbox 1420 787 1628 823; x_wconf 81' lang='lat' dir='ltr'><strong>cervosque</strong></span> <span class='ocrx_word' id='word_1_165' title='bbox 1646 788 1889 824; x_wconf 85' lang='lat' dir='ltr'><strong>camporum,</strong></span> <span class='ocrx_word' id='word_1_166' title='bbox 1911 789 1994 811; x_wconf 82' lang='lat' dir='ltr'><strong>eum</strong></span> <span class='ocrx_word' id='word_1_167' title='bbox 2014 776 2166 812; x_wconf 84' lang='lat' dir='ltr'><strong>exhibet</strong></span> <span class='ocrx_word' id='word_1_168' title='bbox 2185 778 2237 813; x_wconf 83' lang='lat' dir='ltr'><strong>eis</strong></span> 
     </span>
     <span class='ocr_line' id='line_1_27' title="bbox 1244 834 2239 885; baseline 0.002 -15"><span class='ocrx_word' id='word_1_169' title='bbox 1244 834 1447 883; x_wconf 72' lang='lat' dir='ltr'><strong>agilitatem</strong></span> <span class='ocrx_word' id='word_1_170' title='bbox 1467 842 1503 870; x_wconf 90' lang='lat' dir='ltr'><strong>et</strong></span> <span class='ocrx_word' id='word_1_171' title='bbox 1519 834 1748 871; x_wconf 85' lang='lat' dir='ltr'><strong>alacritatem</strong></span> <span class='ocrx_word' id='word_1_172' title='bbox 1766 834 1952 871; x_wconf 88' lang='lat' dir='ltr'><strong>bonorum</strong></span> <span class='ocrx_word' id='word_1_173' title='bbox 1967 849 2140 885; x_wconf 88' lang='lat' dir='ltr'><strong>operum.</strong></span> <span class='ocrx_word' id='word_1_174' title='bbox 2157 840 2239 872; x_wconf 83' lang='lat' dir='ltr'><strong>Ad-</strong></span> 
     </span>
     <span class='ocr_line' id='line_1_28' title="bbox 1234 894 2230 944; baseline 0.001 -16"><span class='ocrx_word' id='word_1_175' title='bbox 1234 899 1334 941; x_wconf 77' lang='lat' dir='ltr'><strong>jum,</strong></span> <span class='ocrx_word' id='word_1_176' title='bbox 1354 894 1497 943; x_wconf 86' lang='lat' dir='ltr'><strong>inquit,</strong></span> <span class='ocrx_word' id='word_1_177' title='bbox 1520 896 1719 940; x_wconf 78' lang='lat' dir='ltr'><strong>vos,fil1&#39;oe</strong></span> <span class='ocrx_word' id='word_1_178' title='bbox 1737 897 1961 939; x_wconf 74' lang='lat' dir='ltr'><strong>Jerusalem,</strong></span> <span class='ocrx_word' id='word_1_179' title='bbox 1977 909 2049 943; x_wconf 77' lang='lat' dir='ltr'><strong>per</strong></span> <span class='ocrx_word' id='word_1_180' title='bbox 2063 909 2230 944; x_wconf 73' lang='lat' dir='ltr'><strong>capreas,</strong></span> 
     </span>
     <span class='ocr_line' id='line_1_29' title="bbox 1242 956 2235 1002; baseline 0.003 -13"><span class='ocrx_word' id='word_1_181' title='bbox 1242 967 1433 1002; x_wconf 68' lang='lat' dir='ltr'><strong>cervosque</strong></span> <span class='ocrx_word' id='word_1_182' title='bbox 1452 968 1684 1002; x_wconf 77' lang='lat' dir='ltr'><strong>catnpormn,</strong></span> <span class='ocrx_word' id='word_1_183' title='bbox 1708 964 1746 990; x_wconf 81' lang='grc' dir='ltr'><strong>ιιῑ</strong></span> <span class='ocrx_word' id='word_1_184' title='bbox 1769 969 1842 990; x_wconf 78' lang='lat' dir='ltr'><strong>teon</strong></span> <span class='ocrx_word' id='word_1_185' title='bbox 1863 960 2046 991; x_wconf 61' lang='lat' dir='ltr'><strong>suscitetis·</strong></span> <span class='ocrx_word' id='word_1_186' title='bbox 2065 956 2235 992; x_wconf 86' lang='lat' dir='ltr'><strong>occasio-</strong></span> 
     </span>
    </p>
   </div>
   <div class='ocr_carea' id='block_1_8' title="bbox 176 1009 2238 1064">
    <p class='ocr_par' dir='ltr' id='par_1_8' title="bbox 176 1009 2238 1064">
     <span class='ocr_line' id='line_1_30' title="bbox 176 1009 2238 1064; baseline 0.001 -15"><span class='ocrx_word' id='word_1_187' title='bbox 176 1013 390 1062; x_wconf 81' lang='lat' dir='ltr'><strong>intelligunt</strong></span> <span class='ocrx_word' id='word_1_188' title='bbox 413 1027 420 1049; x_wconf 93' lang='lat'>:</span> <span class='ocrx_word' id='word_1_189' title='bbox 441 1011 648 1048; x_wconf 86' lang='lat' dir='ltr'><strong>Necessitas</strong></span> <span class='ocrx_word' id='word_1_190' title='bbox 674 1023 750 1047; x_wconf 91' lang='lat' dir='ltr'><strong>non</strong></span> <span class='ocrx_word' id='word_1_191' title='bbox 773 1009 885 1047; x_wconf 88' lang='lat' dir='ltr'><strong>habet</strong></span> <span class='ocrx_word' id='word_1_192' title='bbox 907 1011 1040 1059; x_wconf 86' lang='lat' dir='ltr'><strong>legem.</strong></span> <span class='ocrx_word' id='word_1_193' title='bbox 1074 1014 1165 1047; x_wconf 88' lang='lat' dir='ltr'><strong>Pro-</strong></span> <span class='ocrx_word' id='word_1_194' title='bbox 1188 1009 1213 1042; x_wconf 87' lang='lat' dir='ltr'>B</span> <span class='ocrx_word' id='word_1_195' title='bbox 1238 1013 1347 1049; x_wconf 86' lang='lat' dir='ltr'><strong>nibus</strong></span> <span class='ocrx_word' id='word_1_196' title='bbox 1380 1015 1641 1050; x_wconf 83' lang='lat' dir='ltr'><strong>necessitatum</strong></span> <span class='ocrx_word' id='word_1_197' title='bbox 1670 1023 1899 1060; x_wconf 81' lang='lat' dir='ltr'><strong>vestrarum,</strong></span> <span class='ocrx_word' id='word_1_198' title='bbox 1928 1028 2044 1062; x_wconf 75' lang='lat' dir='ltr'><strong>neque</strong></span> <span class='ocrx_word' id='word_1_199' title='bbox 2068 1020 2238 1064; x_wconf 75' lang='lat' dir='ltr'><strong>evigilare</strong></span> 
     </span>
    </p>
   </div>
   <div class='ocr_carea' id='block_1_9' title="bbox 176 1070 1177 1775">
    <p class='ocr_par' dir='ltr' id='par_1_9' title="bbox 176 1070 1177 1775">
     <span class='ocr_line' id='line_1_31' title="bbox 177 1070 1172 1120; baseline -0.005 -10"><span class='ocrx_word' id='word_1_200' title='bbox 177 1073 276 1110; x_wconf 86' lang='lat' dir='ltr'><strong>cedit</strong></span> <span class='ocrx_word' id='word_1_201' title='bbox 303 1072 398 1109; x_wconf 83' lang='lat' dir='ltr'><strong>ordo</strong></span> <span class='ocrx_word' id='word_1_202' title='bbox 429 1080 466 1108; x_wconf 88' lang='lat' dir='ltr'><strong>et</strong></span> <span class='ocrx_word' id='word_1_203' title='bbox 498 1071 624 1120; x_wconf 81' lang='lat' dir='ltr'><strong>regula</strong></span> <span class='ocrx_word' id='word_1_204' title='bbox 651 1071 860 1115; x_wconf 88' lang='lat' dir='ltr'><strong>charitatis,</strong></span> <span class='ocrx_word' id='word_1_205' title='bbox 889 1084 973 1119; x_wconf 83' lang='lat' dir='ltr'><strong>quae</strong></span> <span class='ocrx_word' id='word_1_206' title='bbox 1001 1070 1172 1120; x_wconf 62' lang='lat' dir='ltr'><strong>praecipit</strong></span> 
     </span>
     <span class='ocr_line' id='line_1_32' title="bbox 177 1128 1172 1180; baseline -0.005 -12"><span class='ocrx_word' id='word_1_207' title='bbox 177 1144 285 1168; x_wconf 85' lang='lat' dir='ltr'><strong>snum</strong></span> <span class='ocrx_word' id='word_1_208' title='bbox 311 1143 449 1180; x_wconf 86' lang='lat' dir='ltr'><strong>corpus</strong></span> <span class='ocrx_word' id='word_1_209' title='bbox 473 1137 509 1166; x_wconf 91' lang='lat' dir='ltr'><strong>et</strong></span> <span class='ocrx_word' id='word_1_210' title='bbox 537 1129 689 1165; x_wconf 87' lang='lat' dir='ltr'><strong>alterius</strong></span> <span class='ocrx_word' id='word_1_211' title='bbox 718 1128 840 1164; x_wconf 90' lang='lat' dir='ltr'><strong>minus</strong></span> <span class='ocrx_word' id='word_1_212' title='bbox 875 1128 1028 1178; x_wconf 78' lang='lat' dir='ltr'><strong>diligere</strong></span> <span class='ocrx_word' id='word_1_213' title='bbox 1059 1142 1172 1177; x_wconf 83' lang='lat' dir='ltr'><strong>quam</strong></span> 
     </span>
     <span class='ocr_line' id='line_1_33' title="bbox 176 1188 1172 1234; baseline -0.003 -7"><span class='ocrx_word' id='word_1_214' title='bbox 176 1203 281 1228; x_wconf 85' lang='lat' dir='ltr'><strong>suam</strong></span> <span class='ocrx_word' id='word_1_215' title='bbox 310 1198 347 1226; x_wconf 91' lang='lat' dir='ltr'><strong>et</strong></span> <span class='ocrx_word' id='word_1_216' title='bbox 374 1189 525 1226; x_wconf 88' lang='lat' dir='ltr'><strong>alterius</strong></span> <span class='ocrx_word' id='word_1_217' title='bbox 547 1188 732 1234; x_wconf 86' lang='lat' dir='ltr'><strong>animam;</strong></span> <span class='ocrx_word' id='word_1_218' title='bbox 762 1201 866 1224; x_wconf 88' lang='lat' dir='ltr'><strong>suam</strong></span> <span class='ocrx_word' id='word_1_219' title='bbox 894 1201 985 1224; x_wconf 83' lang='lat' dir='ltr'><strong>vero</strong></span> <span class='ocrx_word' id='word_1_220' title='bbox 1011 1189 1172 1224; x_wconf 85' lang='lat' dir='ltr'><strong>animam</strong></span> 
     </span>
     <span class='ocr_line' id='line_1_34' title="bbox 176 1248 1174 1298; baseline -0.003 -11"><span class='ocrx_word' id='word_1_221' title='bbox 176 1259 213 1287; x_wconf 91' lang='lat' dir='ltr'><strong>et</strong></span> <span class='ocrx_word' id='word_1_222' title='bbox 234 1250 385 1287; x_wconf 86' lang='lat' dir='ltr'><strong>alterius</strong></span> <span class='ocrx_word' id='word_1_223' title='bbox 404 1250 490 1298; x_wconf 88' lang='lat' dir='ltr'><strong>plus</strong></span> <span class='ocrx_word' id='word_1_224' title='bbox 511 1248 666 1295; x_wconf 78' lang='lat' dir='ltr'><strong>diligere</strong></span> <span class='ocrx_word' id='word_1_225' title='bbox 686 1260 797 1296; x_wconf 88' lang='lat' dir='ltr'><strong>quam</strong></span> <span class='ocrx_word' id='word_1_226' title='bbox 820 1260 928 1283; x_wconf 89' lang='lat' dir='ltr'><strong>suum</strong></span> <span class='ocrx_word' id='word_1_227' title='bbox 949 1260 1088 1297; x_wconf 83' lang='lat' dir='ltr'><strong>corpus</strong></span> <span class='ocrx_word' id='word_1_228' title='bbox 1117 1249 1174 1284; x_wconf 71' lang='lat' dir='ltr'><strong>vel</strong></span> 
     </span>
     <span class='ocr_line' id='line_1_35' title="bbox 176 1307 1173 1355; baseline -0.004 -9"><span class='ocrx_word' id='word_1_229' title='bbox 176 1309 352 1346; x_wconf 86' lang='lat' dir='ltr'><strong>alterius:</strong></span> <span class='ocrx_word' id='word_1_230' title='bbox 374 1321 478 1345; x_wconf 84' lang='lat' dir='ltr'><strong>suain</strong></span> <span class='ocrx_word' id='word_1_231' title='bbox 499 1307 659 1344; x_wconf 85' lang='lat' dir='ltr'><strong>animam</strong></span> <span class='ocrx_word' id='word_1_232' title='bbox 681 1319 756 1342; x_wconf 89' lang='lat' dir='ltr'><strong>non</strong></span> <span class='ocrx_word' id='word_1_233' title='bbox 775 1307 988 1355; x_wconf 87' lang='lat' dir='ltr'><strong>plusquam</strong></span> <span class='ocrx_word' id='word_1_234' title='bbox 1006 1307 1173 1352; x_wconf 86' lang='lat' dir='ltr'><strong>alterius,</strong></span> 
     </span>
     <span class='ocr_line' id='line_1_36' title="bbox 177 1366 1177 1415; baseline -0.004 -10"><span class='ocrx_word' id='word_1_235' title='bbox 177 1368 242 1405; x_wconf 86' lang='lat' dir='ltr'><strong>sed</strong></span> <span class='ocrx_word' id='word_1_236' title='bbox 275 1368 427 1405; x_wconf 88' lang='lat' dir='ltr'><strong>alterius</strong></span> <span class='ocrx_word' id='word_1_237' title='bbox 462 1367 557 1403; x_wconf 86' lang='lat' dir='ltr'><strong>sicut</strong></span> <span class='ocrx_word' id='word_1_238' title='bbox 577 1379 693 1402; x_wconf 89' lang='lat' dir='ltr'><strong>suam.</strong></span> <span class='ocrx_word' id='word_1_239' title='bbox 719 1369 807 1402; x_wconf 83' lang='lat' dir='ltr'><strong>Haec</strong></span> <span class='ocrx_word' id='word_1_240' title='bbox 828 1375 1009 1415; x_wconf 84' lang='lat' dir='ltr'><strong>quantum</strong></span> <span class='ocrx_word' id='word_1_241' title='bbox 1045 1366 1089 1402; x_wconf 91' lang='lat' dir='ltr'><strong>ad</strong></span> <span class='ocrx_word' id='word_1_242' title='bbox 1123 1366 1177 1401; x_wconf 84' lang='lat' dir='ltr'><strong>af-</strong></span> 
     </span>
     <span class='ocr_line' id='line_1_37' title="bbox 178 1425 1177 1474; baseline -0.004 -10"><span class='ocrx_word' id='word_1_243' title='bbox 178 1428 313 1464; x_wconf 81' lang='lat' dir='ltr'><strong>fectum</strong></span> <span class='ocrx_word' id='word_1_244' title='bbox 338 1426 538 1463; x_wconf 85' lang='lat' dir='ltr'><strong>charitatis.</strong></span> <span class='ocrx_word' id='word_1_245' title='bbox 565 1427 750 1461; x_wconf 69' lang='lat' dir='ltr'><strong>Caeterum</strong></span> <span class='ocrx_word' id='word_1_246' title='bbox 774 1433 878 1461; x_wconf 85' lang='lat' dir='ltr'><strong>actus</strong></span> <span class='ocrx_word' id='word_1_247' title='bbox 902 1425 1019 1474; x_wconf 88' lang='lat' dir='ltr'><strong>ipsius</strong></span> <span class='ocrx_word' id='word_1_248' title='bbox 1052 1425 1177 1461; x_wconf 90' lang='lat' dir='ltr'><strong>chari-</strong></span> 
     </span>
     <span class='ocr_line' id='line_1_38' title="bbox 179 1485 1174 1537; baseline -0.003 -14"><span class='ocrx_word' id='word_1_249' title='bbox 179 1488 263 1525; x_wconf 88' lang='lat' dir='ltr'><strong>tatis</strong></span> <span class='ocrx_word' id='word_1_250' title='bbox 294 1501 392 1537; x_wconf 87' lang='lat' dir='ltr'><strong>saepe</strong></span> <span class='ocrx_word' id='word_1_251' title='bbox 425 1487 532 1523; x_wconf 73' lang='lat' dir='ltr'><strong>aliter</strong></span> <span class='ocrx_word' id='word_1_252' title='bbox 555 1485 763 1521; x_wconf 85' lang='lat' dir='ltr'><strong>ordinatur.</strong></span> <span class='ocrx_word' id='word_1_253' title='bbox 798 1485 1038 1534; x_wconf 79' lang='lat' dir='ltr'><strong>Praeponitur</strong></span> <span class='ocrx_word' id='word_1_254' title='bbox 1074 1486 1174 1520; x_wconf 90' lang='lat' dir='ltr'><strong>enim</strong></span> 
     </span>
     <span class='ocr_line' id='line_1_39' title="bbox 178 1543 1174 1596; baseline -0.004 -13"><span class='ocrx_word' id='word_1_255' title='bbox 178 1560 300 1596; x_wconf 86' lang='lat' dir='ltr'><strong>saepe,</strong></span> <span class='ocrx_word' id='word_1_256' title='bbox 333 1555 373 1583; x_wconf 88' lang='lat' dir='ltr'><strong>ut</strong></span> <span class='ocrx_word' id='word_1_257' title='bbox 404 1546 543 1582; x_wconf 88' lang='lat' dir='ltr'><strong>dictum</strong></span> <span class='ocrx_word' id='word_1_258' title='bbox 574 1552 649 1589; x_wconf 79' lang='lat' dir='ltr'><strong>est,</strong></span> <span class='ocrx_word' id='word_1_259' title='bbox 680 1545 718 1580; x_wconf 92' lang='lat' dir='ltr'><strong>in</strong></span> <span class='ocrx_word' id='word_1_260' title='bbox 743 1553 827 1580; x_wconf 88' lang='lat' dir='ltr'><strong>actu</strong></span> <span class='ocrx_word' id='word_1_261' title='bbox 853 1557 991 1594; x_wconf 88' lang='lat' dir='ltr'><strong>corpus</strong></span> <span class='ocrx_word' id='word_1_262' title='bbox 1022 1543 1174 1588; x_wconf 58' lang='lat' dir='ltr'><strong>animae,</strong></span> 
     </span>
     <span class='ocr_line' id='line_1_40' title="bbox 177 1604 1175 1654; baseline -0.005 -10"><span class='ocrx_word' id='word_1_263' title='bbox 177 1608 301 1644; x_wconf 79' lang='lat' dir='ltr'><strong>anima</strong></span> <span class='ocrx_word' id='word_1_264' title='bbox 320 1611 413 1644; x_wconf 89' lang='lat' dir='ltr'><strong>Deo.</strong></span> <span class='ocrx_word' id='word_1_265' title='bbox 435 1605 544 1654; x_wconf 89' lang='lat' dir='ltr'><strong>Quod</strong></span> <span class='ocrx_word' id='word_1_266' title='bbox 566 1605 594 1641; x_wconf 91' lang='lat' dir='ltr'><strong>si</strong></span> <span class='ocrx_word' id='word_1_267' title='bbox 617 1605 719 1641; x_wconf 85' lang='lat' dir='ltr'><strong>fratri</strong></span> <span class='ocrx_word' id='word_1_268' title='bbox 742 1613 830 1650; x_wconf 90' lang='lat' dir='ltr'><strong>tuo,</strong></span> <span class='ocrx_word' id='word_1_269' title='bbox 854 1604 1021 1653; x_wconf 87' lang='lat' dir='ltr'><strong>ejusdem</strong></span> <span class='ocrx_word' id='word_1_270' title='bbox 1054 1604 1175 1640; x_wconf 88' lang='lat' dir='ltr'><strong>meriti</strong></span> 
     </span>
     <span class='ocr_line' id='line_1_41' title="bbox 177 1664 1172 1713; baseline -0.005 -10"><span class='ocrx_word' id='word_1_271' title='bbox 177 1675 215 1703; x_wconf 93' lang='lat' dir='ltr'><strong>et</strong></span> <span class='ocrx_word' id='word_1_272' title='bbox 246 1667 414 1704; x_wconf 87' lang='lat' dir='ltr'><strong>utilitatis</strong></span> <span class='ocrx_word' id='word_1_273' title='bbox 438 1675 559 1702; x_wconf 83' lang='lat' dir='ltr'><strong>tecum</strong></span> <span class='ocrx_word' id='word_1_274' title='bbox 578 1666 614 1701; x_wconf 90' lang='lat' dir='ltr'><strong>in</strong></span> <span class='ocrx_word' id='word_1_275' title='bbox 634 1665 763 1701; x_wconf 87' lang='lat' dir='ltr'><strong>eadem</strong></span> <span class='ocrx_word' id='word_1_276' title='bbox 786 1665 1002 1701; x_wconf 80' lang='lat' dir='ltr'><strong>necessitate</strong></span> <span class='ocrx_word' id='word_1_277' title='bbox 1029 1664 1172 1713; x_wconf 85' lang='lat' dir='ltr'><strong>posito,</strong></span> 
     </span>
     <span class='ocr_line' id='line_1_42' title="bbox 177 1723 1175 1775; baseline -0.004 -12"><span class='ocrx_word' id='word_1_278' title='bbox 177 1727 282 1775; x_wconf 86' lang='lat' dir='ltr'><strong>prius</strong></span> <span class='ocrx_word' id='word_1_279' title='bbox 317 1726 540 1770; x_wconf 84' lang='lat' dir='ltr'><strong>subvenias,</strong></span> <span class='ocrx_word' id='word_1_280' title='bbox 574 1723 743 1760; x_wconf 87' lang='lat' dir='ltr'><strong>abundas</strong></span> <span class='ocrx_word' id='word_1_281' title='bbox 778 1725 987 1770; x_wconf 82' lang='lat' dir='ltr'><strong>charitate3</strong></span> <span class='ocrx_word' id='word_1_282' title='bbox 1024 1725 1052 1759; x_wconf 87' lang='lat' dir='ltr'><strong>si</strong></span> <span class='ocrx_word' id='word_1_283' title='bbox 1088 1723 1175 1769; x_wconf 86' lang='lat' dir='ltr'><strong>tibi,</strong></span> 
     </span>
    </p>
   </div>
   <div class='ocr_carea' id='block_1_10' title="bbox 1231 1074 2229 1122">
    <p class='ocr_par' dir='ltr' id='par_1_10' title="bbox 1231 1074 2229 1122">
     <span class='ocr_line' id='line_1_43' title="bbox 1231 1074 2229 1122; baseline 0.003 -15"><span class='ocrx_word' id='word_1_284' title='bbox 1231 1074 1392 1119; x_wconf 73' lang='lat' dir='ltr'><strong>faciatis</strong></span> <span class='ocrx_word' id='word_1_285' title='bbox 1409 1086 1584 1122; x_wconf 83' lang='lat' dir='ltr'><strong>sponsam</strong></span> <span class='ocrx_word' id='word_1_286' title='bbox 1608 1074 1771 1122; x_wconf 87' lang='lat' dir='ltr'><strong>impulsu</strong></span> <span class='ocrx_word' id='word_1_287' title='bbox 1792 1074 1978 1109; x_wconf 85' lang='lat' dir='ltr'><strong>malorum</strong></span> <span class='ocrx_word' id='word_1_288' title='bbox 2003 1082 2229 1118; x_wconf 80' lang='lat' dir='ltr'><strong>vestrorum,</strong></span> 
     </span>
    </p>
   </div>
   <div class='ocr_carea' id='block_1_11' title="bbox 1241 1133 2240 1776">
    <p class='ocr_par' dir='ltr' id='par_1_11' title="bbox 1241 1133 2240 1776">
     <span class='ocr_line' id='line_1_44' title="bbox 1241 1133 2236 1182; baseline 0.002 -14"><span class='ocrx_word' id='word_1_289' title='bbox 1241 1135 1478 1181; x_wconf 65' lang='lat' dir='ltr'><strong>{samalusque</strong></span> <span class='ocrx_word' id='word_1_290' title='bbox 1506 1137 1586 1180; x_wconf 75' lang='lat' dir='ltr'><strong>ipsa</strong></span> <span class='ocrx_word' id='word_1_291' title='bbox 1617 1136 1730 1175; x_wconf 69' lang='lat' dir='ltr'><strong>veltt;</strong></span> <span class='ocrx_word' id='word_1_292' title='bbox 1758 1133 1793 1168; x_wconf 93' lang='lat' dir='ltr'><strong>id</strong></span> <span class='ocrx_word' id='word_1_293' title='bbox 1819 1141 1892 1177; x_wconf 86' lang='lat' dir='ltr'><strong>est,</strong></span> <span class='ocrx_word' id='word_1_294' title='bbox 1915 1133 2236 1182; x_wconf 83' lang='lat' dir='ltr'><strong>contemplatione</strong></span> 
     </span>
     <span class='ocr_line' id='line_1_45' title="bbox 1241 1192 2234 1241; baseline 0.001 -14"><span class='ocrx_word' id='word_1_295' title='bbox 1241 1192 1369 1241; x_wconf 77' lang='lat' dir='ltr'><strong>gratiae</strong></span> <span class='ocrx_word' id='word_1_296' title='bbox 1391 1205 1481 1227; x_wconf 83' lang='lat' dir='ltr'><strong>mcae</strong></span> <span class='ocrx_word' id='word_1_297' title='bbox 1499 1192 1651 1236; x_wconf 85' lang='lat' dir='ltr'><strong>satiata,</strong></span> <span class='ocrx_word' id='word_1_298' title='bbox 1673 1206 1716 1227; x_wconf 76' lang='lat' dir='ltr'><strong>ex</strong></span> <span class='ocrx_word' id='word_1_299' title='bbox 1736 1192 1877 1240; x_wconf 86' lang='lat' dir='ltr'><strong>impetu</strong></span> <span class='ocrx_word' id='word_1_300' title='bbox 1894 1193 2066 1241; x_wconf 83' lang='lat' dir='ltr'><strong>concepti</strong></span> <span class='ocrx_word' id='word_1_301' title='bbox 2081 1193 2234 1237; x_wconf 88' lang='lat' dir='ltr'><strong>amoris,</strong></span> 
     </span>
     <span class='ocr_line' id='line_1_46' title="bbox 1242 1251 2237 1300; baseline 0 -13"><span class='ocrx_word' id='word_1_302' title='bbox 1242 1252 1322 1300; x_wconf 88' lang='lat' dir='ltr'><strong>ipsa</strong></span> <span class='ocrx_word' id='word_1_303' title='bbox 1347 1265 1414 1300; x_wconf 89' lang='lat' dir='ltr'><strong>per</strong></span> <span class='ocrx_word' id='word_1_304' title='bbox 1440 1265 1478 1287; x_wconf 91' lang='lat' dir='ltr'><strong>se</strong></span> <span class='ocrx_word' id='word_1_305' title='bbox 1506 1251 1552 1287; x_wconf 88' lang='lat' dir='ltr'><strong>ad</strong></span> <span class='ocrx_word' id='word_1_306' title='bbox 1582 1264 1647 1287; x_wconf 66' lang='lat' dir='ltr'><strong>vos</strong></span> <span class='ocrx_word' id='word_1_307' title='bbox 1680 1251 1828 1287; x_wconf 80' lang='lat' dir='ltr'><strong>redibit.</strong></span> <span class='ocrx_word' id='word_1_308' title='bbox 1861 1253 2005 1300; x_wconf 84' lang='lat' dir='ltr'><strong>Sponsa</strong></span> <span class='ocrx_word' id='word_1_309' title='bbox 2039 1251 2085 1287; x_wconf 90' lang='lat' dir='ltr'><strong>de</strong></span> <span class='ocrx_word' id='word_1_310' title='bbox 2113 1251 2237 1287; x_wconf 88' lang='lat' dir='ltr'><strong>medio</strong></span> 
     </span>
     <span class='ocr_line' id='line_1_47' title="bbox 1243 1310 2240 1360; baseline 0.001 -14"><span class='ocrx_word' id='word_1_311' title='bbox 1243 1311 1509 1346; x_wconf 83' lang='lat' dir='ltr'><strong>consolationis</strong></span> <span class='ocrx_word' id='word_1_312' title='bbox 1526 1319 1561 1347; x_wconf 88' lang='lat' dir='ltr'><strong>et</strong></span> <span class='ocrx_word' id='word_1_313' title='bbox 1582 1310 1912 1360; x_wconf 85' lang='lat' dir='ltr'><strong>contemplationis</strong></span> <span class='ocrx_word' id='word_1_314' title='bbox 1932 1324 2066 1347; x_wconf 86' lang='lat' dir='ltr'><strong>somno</strong></span> <span class='ocrx_word' id='word_1_315' title='bbox 2083 1311 2240 1347; x_wconf 87' lang='lat' dir='ltr'><strong>audiens</strong></span> 
     </span>
     <span class='ocr_line' id='line_1_48' title="bbox 1243 1370 2238 1420; baseline 0.002 -15"><span class='ocrx_word' id='word_1_316' title='bbox 1243 1370 1358 1406; x_wconf 73' lang='lat' dir='ltr'><strong>verba</strong></span> <span class='ocrx_word' id='word_1_317' title='bbox 1389 1371 1540 1419; x_wconf 88' lang='lat' dir='ltr'><strong>sponsi,</strong></span> <span class='ocrx_word' id='word_1_318' title='bbox 1573 1370 1609 1406; x_wconf 88' lang='lat' dir='ltr'><strong>id</strong></span> <span class='ocrx_word' id='word_1_319' title='bbox 1639 1379 1713 1415; x_wconf 88' lang='lat' dir='ltr'><strong>est,</strong></span> <span class='ocrx_word' id='word_1_320' title='bbox 1744 1370 1876 1406; x_wconf 65' lang='lat' dir='ltr'><strong>videns</strong></span> <span class='ocrx_word' id='word_1_321' title='bbox 1905 1371 2081 1407; x_wconf 75' lang='lat' dir='ltr'><strong>affectum</strong></span> <span class='ocrx_word' id='word_1_322' title='bbox 2110 1372 2238 1420; x_wconf 62' lang='lat' dir='ltr'><strong>grathe</strong></span> 
     </span>
     <span class='ocr_line' id='line_1_49' title="bbox 1243 1429 2237 1478; baseline 0.001 -13"><span class='ocrx_word' id='word_1_323' title='bbox 1243 1429 1344 1478; x_wconf 86' lang='lat' dir='ltr'><strong>ejus,</strong></span> <span class='ocrx_word' id='word_1_324' title='bbox 1376 1430 1463 1478; x_wconf 91' lang='lat' dir='ltr'><strong>quia</strong></span> <span class='ocrx_word' id='word_1_325' title='bbox 1489 1429 1778 1465; x_wconf 81' lang='lat' dir='ltr'><strong>adolescentulae</strong></span> <span class='ocrx_word' id='word_1_326' title='bbox 1808 1443 1876 1466; x_wconf 88' lang='lat' dir='ltr'><strong>nec</strong></span> <span class='ocrx_word' id='word_1_327' title='bbox 1899 1444 1979 1465; x_wconf 89' lang='lat' dir='ltr'><strong>eain</strong></span> <span class='ocrx_word' id='word_1_328' title='bbox 2011 1431 2237 1474; x_wconf 83' lang='lat' dir='ltr'><strong>excitarent,</strong></span> 
     </span>
     <span class='ocr_line' id='line_1_50' title="bbox 1244 1489 2238 1538; baseline 0.001 -14"><span class='ocrx_word' id='word_1_329' title='bbox 1244 1502 1312 1524; x_wconf 87' lang='lat' dir='ltr'><strong>nec</strong></span> <span class='ocrx_word' id='word_1_330' title='bbox 1340 1489 1517 1537; x_wconf 70' lang='lat' dir='ltr'><strong>evigilare</strong></span> <span class='ocrx_word' id='word_1_331' title='bbox 1545 1502 1624 1524; x_wconf 85' lang='lat' dir='ltr'><strong>eam</strong></span> <span class='ocrx_word' id='word_1_332' title='bbox 1657 1489 1842 1532; x_wconf 72' lang='lat' dir='ltr'><strong>facerent,</strong></span> <span class='ocrx_word' id='word_1_333' title='bbox 1874 1489 1937 1524; x_wconf 87' lang='lat' dir='ltr'><strong>sed</strong></span> <span class='ocrx_word' id='word_1_334' title='bbox 1970 1490 2065 1525; x_wconf 85' lang='lat' dir='ltr'><strong>sicut</strong></span> <span class='ocrx_word' id='word_1_335' title='bbox 2094 1502 2238 1538; x_wconf 80' lang='lat' dir='ltr'><strong>capreae</strong></span> 
     </span>
     <span class='ocr_line' id='line_1_51' title="bbox 1241 1547 2239 1598; baseline 0.001 -14"><span class='ocrx_word' id='word_1_336' title='bbox 1241 1549 1418 1597; x_wconf 75' lang='lat' dir='ltr'><strong>cervique</strong></span> <span class='ocrx_word' id='word_1_337' title='bbox 1439 1561 1658 1597; x_wconf 88' lang='lat' dir='ltr'><strong>camporum</strong></span> <span class='ocrx_word' id='word_1_338' title='bbox 1677 1549 1714 1583; x_wconf 93' lang='lat' dir='ltr'><strong>in</strong></span> <span class='ocrx_word' id='word_1_339' title='bbox 1732 1549 1921 1584; x_wconf 82' lang='lat' dir='ltr'><strong>alacritate</strong></span> <span class='ocrx_word' id='word_1_340' title='bbox 1940 1547 2127 1585; x_wconf 88' lang='lat' dir='ltr'><strong>bonorum</strong></span> <span class='ocrx_word' id='word_1_341' title='bbox 2147 1562 2239 1598; x_wconf 87' lang='lat' dir='ltr'><strong>ope—</strong></span> 
     </span>
     <span class='ocr_line' id='line_1_52' title="bbox 1242 1607 2238 1657; baseline -0.001 -13"><span class='ocrx_word' id='word_1_342' title='bbox 1242 1622 1324 1645; x_wconf 88' lang='lat' dir='ltr'><strong>rnm</strong></span> <span class='ocrx_word' id='word_1_343' title='bbox 1342 1622 1380 1644; x_wconf 88' lang='lat' dir='ltr'><strong>se</strong></span> <span class='ocrx_word' id='word_1_344' title='bbox 1396 1616 1625 1651; x_wconf 80' lang='lat' dir='ltr'><strong>exercerent,</strong></span> <span class='ocrx_word' id='word_1_345' title='bbox 1643 1608 1837 1656; x_wconf 82' lang='lat' dir='ltr'><strong>ipsamque</strong></span> <span class='ocrx_word' id='word_1_346' title='bbox 1853 1607 1890 1642; x_wconf 92' lang='lat' dir='ltr'><strong>in</strong></span> <span class='ocrx_word' id='word_1_347' title='bbox 1905 1608 2238 1657; x_wconf 87' lang='lat' dir='ltr'><strong>contemplationis</strong></span> 
     </span>
     <span class='ocr_line' id='line_1_53' title="bbox 1242 1666 2238 1716; baseline -0.001 -13"><span class='ocrx_word' id='word_1_348' title='bbox 1242 1680 1318 1703; x_wconf 73' lang='lat' dir='ltr'><strong>sua·</strong></span> <span class='ocrx_word' id='word_1_349' title='bbox 1343 1667 1468 1716; x_wconf 81' lang='lat' dir='ltr'><strong>quiete</strong></span> <span class='ocrx_word' id='word_1_350' title='bbox 1497 1667 1692 1715; x_wconf 87' lang='lat' dir='ltr'><strong>inquietari</strong></span> <span class='ocrx_word' id='word_1_351' title='bbox 1722 1667 1823 1702; x_wconf 78' lang='lat' dir='ltr'><strong>nefas</strong></span> <span class='ocrx_word' id='word_1_352' title='bbox 1854 1666 2035 1703; x_wconf 84' lang='lat' dir='ltr'><strong>ducerent</strong></span> <span class='ocrx_word' id='word_1_353' title='bbox 2066 1681 2072 1703; x_wconf 92' lang='lat'>:</span> <span class='ocrx_word' id='word_1_354' title='bbox 2105 1680 2238 1703; x_wconf 87' lang='lat' dir='ltr'><strong>exsur-</strong></span> 
     </span>
     <span class='ocr_line' id='line_1_54' title="bbox 1243 1726 2238 1776; baseline -0.001 -14"><span class='ocrx_word' id='word_1_355' title='bbox 1243 1740 1332 1776; x_wconf 79' lang='lat' dir='ltr'><strong>gens</strong></span> <span class='ocrx_word' id='word_1_356' title='bbox 1363 1727 1398 1762; x_wconf 90' lang='lat' dir='ltr'><strong>in</strong></span> <span class='ocrx_word' id='word_1_357' title='bbox 1434 1726 1579 1762; x_wconf 88' lang='lat' dir='ltr'><strong>laudem</strong></span> <span class='ocrx_word' id='word_1_358' title='bbox 1612 1726 1764 1775; x_wconf 86' lang='lat' dir='ltr'><strong>sponsi,</strong></span> <span class='ocrx_word' id='word_1_359' title='bbox 1802 1728 1904 1770; x_wconf 53' lang='lat' dir='ltr'><strong>soar,</strong></span> <span class='ocrx_word' id='word_1_360' title='bbox 1936 1726 2078 1774; x_wconf 91' lang='lat' dir='ltr'><strong>inquit,</strong></span> <span class='ocrx_word' id='word_1_361' title='bbox 2110 1728 2238 1761; x_wconf 73' lang='lat' dir='ltr'><strong>dilecti</strong></span> 
     </span>
    </p>
   </div>
   <div class='ocr_carea' id='block_1_12' title="bbox 179 1778 2235 1836">
    <p class='ocr_par' dir='ltr' id='par_1_12' title="bbox 179 1778 2235 1836">
     <span class='ocr_line' id='line_1_55' title="bbox 179 1778 2235 1836; baseline -0 -14"><span class='ocrx_word' id='word_1_362' title='bbox 179 1799 254 1822; x_wconf 92' lang='lat' dir='ltr'><strong>non</strong></span> <span class='ocrx_word' id='word_1_363' title='bbox 276 1799 418 1836; x_wconf 84' lang='lat' dir='ltr'><strong>peccas.</strong></span> <span class='ocrx_word' id='word_1_364' title='bbox 439 1789 531 1822; x_wconf 67' lang='lat' dir='ltr'><strong>Nam</strong></span> <span class='ocrx_word' id='word_1_365' title='bbox 554 1784 589 1819; x_wconf 90' lang='lat' dir='ltr'><strong>in</strong></span> <span class='ocrx_word' id='word_1_366' title='bbox 612 1796 657 1819; x_wconf 85' lang='lat' dir='ltr'><strong>eo</strong></span> <span class='ocrx_word' id='word_1_367' title='bbox 678 1783 779 1832; x_wconf 91' lang='lat' dir='ltr'><strong>quod</strong></span> <span class='ocrx_word' id='word_1_368' title='bbox 801 1783 957 1829; x_wconf 88' lang='lat' dir='ltr'><strong>dicitur,</strong></span> <span class='ocrx_word' id='word_1_369' title='bbox 977 1788 1072 1819; x_wconf 69' lang='lat' dir='ltr'><strong>‚sicut</strong></span> <span class='ocrx_word' id='word_1_370' title='bbox 1091 1793 1124 1818; x_wconf 77' lang='lat' dir='ltr'><strong>te</strong></span> <span class='ocrx_word' id='word_1_371' title='bbox 1143 1790 1173 1828; x_wconf 90' lang='lat'><strong>¹,</strong></span> <span class='ocrx_word' id='word_1_372' title='bbox 1197 1778 1223 1812; x_wconf 84' lang='lat' dir='ltr'>C</span> <span class='ocrx_word' id='word_1_373' title='bbox 1245 1791 1316 1821; x_wconf 72' lang='lat' dir='ltr'><strong>neci</strong></span> <span class='ocrx_word' id='word_1_374' title='bbox 1342 1793 1367 1821; x_wconf 87' lang='lat'><strong>².</strong></span> <span class='ocrx_word' id='word_1_375' title='bbox 1390 1790 1476 1823; x_wconf 84' lang='lat' dir='ltr'><strong>Haec</strong></span> <span class='ocrx_word' id='word_1_376' title='bbox 1498 1794 1552 1821; x_wconf 86' lang='lat' dir='ltr'><strong>est</strong></span> <span class='ocrx_word' id='word_1_377' title='bbox 1571 1799 1643 1821; x_wconf 76' lang='lat' dir='ltr'><strong>vox</strong></span> <span class='ocrx_word' id='word_1_378' title='bbox 1662 1785 1787 1821; x_wconf 90' lang='lat' dir='ltr'><strong>dilecti</strong></span> <span class='ocrx_word' id='word_1_379' title='bbox 1810 1785 1901 1827; x_wconf 86' lang='lat' dir='ltr'><strong>mei,</strong></span> <span class='ocrx_word' id='word_1_380' title='bbox 1925 1785 2003 1820; x_wconf 77' lang='lat' dir='ltr'><strong>lia-c</strong></span> <span class='ocrx_word' id='word_1_381' title='bbox 2024 1794 2078 1821; x_wconf 86' lang='lat' dir='ltr'><strong>est</strong></span> <span class='ocrx_word' id='word_1_382' title='bbox 2096 1786 2235 1821; x_wconf 73' lang='lat' dir='ltr'><strong>volun-</strong></span> 
     </span>
    </p>
   </div>
   <div class='ocr_carea' id='block_1_13' title="bbox 179 1842 1179 2546">
    <p class='ocr_par' dir='ltr' id='par_1_13' title="bbox 179 1842 1179 2369">
     <span class='ocr_line' id='line_1_56' title="bbox 179 1842 1179 1894; baseline -0.002 -14"><span class='ocrx_word' id='word_1_383' title='bbox 179 1845 362 1894; x_wconf 83' lang='lat' dir='ltr'><strong>primatus</strong></span> <span class='ocrx_word' id='word_1_384' title='bbox 398 1844 465 1880; x_wconf 88' lang='lat' dir='ltr'><strong>tibi</strong></span> <span class='ocrx_word' id='word_1_385' title='bbox 496 1842 715 1879; x_wconf 87' lang='lat' dir='ltr'><strong>conceditur</strong></span> <span class='ocrx_word' id='word_1_386' title='bbox 749 1858 756 1879; x_wconf 94' lang='lat'><strong>:</strong></span> <span class='ocrx_word' id='word_1_387' title='bbox 793 1843 821 1879; x_wconf 87' lang='lat' dir='ltr'><strong>si</strong></span> <span class='ocrx_word' id='word_1_388' title='bbox 858 1851 980 1879; x_wconf 86' lang='lat' dir='ltr'><strong>autem</strong></span> <span class='ocrx_word' id='word_1_389' title='bbox 1020 1843 1179 1892; x_wconf 83' lang='lat' dir='ltr'><strong>disparis</strong></span> 
     </span>
     <span class='ocr_line' id='line_1_57' title="bbox 180 1902 1179 1949; baseline -0.002 -9"><span class='ocrx_word' id='word_1_390' title='bbox 180 1904 303 1941; x_wconf 91' lang='lat' dir='ltr'><strong>meriti</strong></span> <span class='ocrx_word' id='word_1_391' title='bbox 338 1905 474 1949; x_wconf 89' lang='lat' dir='ltr'><strong>fueris,</strong></span> <span class='ocrx_word' id='word_1_392' title='bbox 513 1902 657 1938; x_wconf 90' lang='lat' dir='ltr'><strong>meliori</strong></span> <span class='ocrx_word' id='word_1_393' title='bbox 692 1910 747 1938; x_wconf 89' lang='lat' dir='ltr'><strong>est</strong></span> <span class='ocrx_word' id='word_1_394' title='bbox 778 1902 1091 1939; x_wconf 67' lang='lat' dir='ltr'><strong>subvenimdum.</strong></span> <span class='ocrx_word' id='word_1_395' title='bbox 1135 1905 1179 1939; x_wconf 76' lang='lat' dir='ltr'><strong>Et</strong></span> 
     </span>
     <span class='ocr_line' id='line_1_58' title="bbox 179 1961 1175 2011; baseline -0.004 -11"><span class='ocrx_word' id='word_1_396' title='bbox 179 1977 264 2000; x_wconf 81' lang='lat' dir='ltr'><strong>cuin</strong></span> <span class='ocrx_word' id='word_1_397' title='bbox 285 1976 416 2000; x_wconf 89' lang='lat' dir='ltr'><strong>omnes</strong></span> <span class='ocrx_word' id='word_1_398' title='bbox 445 1961 636 2011; x_wconf 78' lang='lat' dir='ltr'><strong>aequaliter</strong></span> <span class='ocrx_word' id='word_1_399' title='bbox 667 1961 821 2010; x_wconf 72' lang='lat' dir='ltr'><strong>diligere</strong></span> <span class='ocrx_word' id='word_1_400' title='bbox 854 1961 1079 2007; x_wconf 84' lang='lat' dir='ltr'><strong>debeamus,</strong></span> <span class='ocrx_word' id='word_1_401' title='bbox 1102 1975 1175 1998; x_wconf 89' lang='lat' dir='ltr'><strong>non</strong></span> 
     </span>
     <span class='ocr_line' id='line_1_59' title="bbox 181 2021 1175 2060; baseline -0.002 0"><span class='ocrx_word' id='word_1_402' title='bbox 181 2032 303 2060; x_wconf 90' lang='lat' dir='ltr'><strong>tamen</strong></span> <span class='ocrx_word' id='word_1_403' title='bbox 325 2024 405 2060; x_wconf 91' lang='lat' dir='ltr'><strong>sine</strong></span> <span class='ocrx_word' id='word_1_404' title='bbox 423 2035 532 2060; x_wconf 85' lang='lat' dir='ltr'><strong>causa</strong></span> <span class='ocrx_word' id='word_1_405' title='bbox 556 2021 753 2057; x_wconf 78' lang='lat' dir='ltr'><strong>familiares</strong></span> <span class='ocrx_word' id='word_1_406' title='bbox 774 2022 964 2058; x_wconf 88' lang='lat' dir='ltr'><strong>orationes</strong></span> <span class='ocrx_word' id='word_1_407' title='bbox 995 2022 1149 2058; x_wconf 74' lang='lat' dir='ltr'><strong>facimus</strong></span> <span class='ocrx_word' id='word_1_408' title='bbox 1169 2037 1175 2058; x_wconf 77' lang='grc' dir='ltr'>ε</span> 
     </span>
     <span class='ocr_line' id='line_1_60' title="bbox 180 2081 1178 2132; baseline -0.002 -14"><span class='ocrx_word' id='word_1_409' title='bbox 180 2096 257 2119; x_wconf 92' lang='lat' dir='ltr'><strong>non</strong></span> <span class='ocrx_word' id='word_1_410' title='bbox 274 2082 377 2132; x_wconf 86' lang='lat' dir='ltr'><strong>quod</strong></span> <span class='ocrx_word' id='word_1_411' title='bbox 394 2081 570 2119; x_wconf 86' lang='lat' dir='ltr'><strong>omnibus</strong></span> <span class='ocrx_word' id='word_1_412' title='bbox 591 2081 768 2131; x_wconf 86' lang='lat' dir='ltr'><strong>prodesse</strong></span> <span class='ocrx_word' id='word_1_413' title='bbox 794 2082 957 2117; x_wconf 90' lang='lat' dir='ltr'><strong>nolimus</strong></span> <span class='ocrx_word' id='word_1_414' title='bbox 971 2110 979 2125; x_wconf 93' lang='lat'><strong>,</strong></span> <span class='ocrx_word' id='word_1_415' title='bbox 1007 2081 1069 2116; x_wconf 88' lang='lat' dir='ltr'><strong>scd</strong></span> <span class='ocrx_word' id='word_1_416' title='bbox 1093 2081 1178 2129; x_wconf 89' lang='lat' dir='ltr'><strong>quia</strong></span> 
     </span>
     <span class='ocr_line' id='line_1_61' title="bbox 179 2140 1179 2192; baseline -0.004 -14"><span class='ocrx_word' id='word_1_417' title='bbox 179 2142 252 2178; x_wconf 88' lang='lat' dir='ltr'><strong>illis</strong></span> <span class='ocrx_word' id='word_1_418' title='bbox 276 2142 436 2178; x_wconf 79' lang='lat' dir='ltr'><strong>maxime</strong></span> <span class='ocrx_word' id='word_1_419' title='bbox 466 2141 644 2192; x_wconf 86' lang='lat' dir='ltr'><strong>prodesse</strong></span> <span class='ocrx_word' id='word_1_420' title='bbox 674 2140 862 2177; x_wconf 88' lang='lat' dir='ltr'><strong>credimus</strong></span> <span class='ocrx_word' id='word_1_421' title='bbox 891 2140 1080 2176; x_wconf 86' lang='lat' dir='ltr'><strong>orationes</strong></span> <span class='ocrx_word' id='word_1_422' title='bbox 1113 2153 1179 2175; x_wconf 89' lang='lat' dir='ltr'><strong>no-</strong></span> 
     </span>
     <span class='ocr_line' id='line_1_62' title="bbox 179 2199 1177 2250; baseline -0.002 -13"><span class='ocrx_word' id='word_1_423' title='bbox 179 2209 273 2237; x_wconf 86' lang='lat' dir='ltr'><strong>stras</strong></span> <span class='ocrx_word' id='word_1_424' title='bbox 297 2201 360 2250; x_wconf 84' lang='lat' dir='ltr'><strong>qui</strong></span> <span class='ocrx_word' id='word_1_425' title='bbox 389 2200 498 2237; x_wconf 89' lang='lat' dir='ltr'><strong>nobis</strong></span> <span class='ocrx_word' id='word_1_426' title='bbox 519 2214 558 2237; x_wconf 88' lang='lat' dir='ltr'><strong>se</strong></span> <span class='ocrx_word' id='word_1_427' title='bbox 583 2200 842 2244; x_wconf 87' lang='lat' dir='ltr'><strong>committunt,</strong></span> <span class='ocrx_word' id='word_1_428' title='bbox 871 2200 927 2235; x_wconf 85' lang='lat' dir='ltr'><strong>vel</strong></span> <span class='ocrx_word' id='word_1_429' title='bbox 949 2199 1036 2248; x_wconf 83' lang='lat' dir='ltr'><strong>quia</strong></span> <span class='ocrx_word' id='word_1_430' title='bbox 1063 2199 1177 2247; x_wconf 71' lang='lat' dir='ltr'><strong>magis</strong></span> 
     </span>
     <span class='ocr_line' id='line_1_63' title="bbox 179 2257 1176 2307; baseline -0.003 -11"><span class='ocrx_word' id='word_1_431' title='bbox 179 2259 292 2296; x_wconf 90' lang='lat' dir='ltr'><strong>corda</strong></span> <span class='ocrx_word' id='word_1_432' title='bbox 329 2268 455 2296; x_wconf 83' lang='lat' dir='ltr'><strong>nostra</strong></span> <span class='ocrx_word' id='word_1_433' title='bbox 488 2260 715 2296; x_wconf 81' lang='lat' dir='ltr'><strong>excitantur.</strong></span> <span class='ocrx_word' id='word_1_434' title='bbox 750 2262 880 2307; x_wconf 74' lang='lat' dir='ltr'><strong>Itaque</strong></span> <span class='ocrx_word' id='word_1_435' title='bbox 926 2258 996 2294; x_wconf 81' lang='lat' dir='ltr'><strong>hoe</strong></span> <span class='ocrx_word' id='word_1_436' title='bbox 1042 2257 1176 2293; x_wconf 86' lang='lat' dir='ltr'><strong>ordine</strong></span> 
     </span>
     <span class='ocr_line' id='line_1_64' title="bbox 179 2319 936 2369; baseline -0.005 -12"><span class='ocrx_word' id='word_1_437' title='bbox 179 2324 347 2369; x_wconf 85' lang='lat' dir='ltr'><strong>Sponsus</strong></span> <span class='ocrx_word' id='word_1_438' title='bbox 367 2325 406 2355; x_wconf 76' lang='grc' dir='ltr'><strong>ιἸι</strong></span> <span class='ocrx_word' id='word_1_439' title='bbox 429 2333 485 2354; x_wconf 83' lang='lat' dir='ltr'><strong>me</strong></span> <span class='ocrx_word' id='word_1_440' title='bbox 503 2321 684 2354; x_wconf 70' lang='lat' dir='ltr'><strong>ordinavit</strong></span> <span class='ocrx_word' id='word_1_441' title='bbox 706 2319 936 2354; x_wconf 61' lang='lat' dir='ltr'><strong>elmi-[tatem.</strong></span> 
     </span>
    </p>

    <p class='ocr_par' dir='ltr' id='par_1_14' title="bbox 182 2376 1176 2546">
     <span class='ocr_line' id='line_1_65' title="bbox 236 2376 1174 2428; baseline -0.005 -11"><span class='ocrx_word' id='word_1_442' title='bbox 236 2379 296 2417; x_wconf 83' lang='grc'><strong>34.</strong></span> <span class='ocrx_word' id='word_1_443' title='bbox 327 2383 372 2416; x_wconf 85' lang='lat' dir='ltr'><strong>Et</strong></span> <span class='ocrx_word' id='word_1_444' title='bbox 394 2377 700 2428; x_wconf 83' lang='lat' dir='ltr'><strong>quandoquidem</strong></span> <span class='ocrx_word' id='word_1_445' title='bbox 723 2377 858 2415; x_wconf 84' lang='lat' dir='ltr'><strong>Christi</strong></span> <span class='ocrx_word' id='word_1_446' title='bbox 885 2376 1045 2413; x_wconf 80' lang='lat' dir='ltr'><strong>charitas</strong></span> <span class='ocrx_word' id='word_1_447' title='bbox 1067 2385 1174 2426; x_wconf 77' lang='lat' dir='ltr'><strong>urget</strong></span> 
     </span>
     <span class='ocr_line' id='line_1_66' title="bbox 182 2436 1173 2484; baseline -0.003 -10"><span class='ocrx_word' id='word_1_448' title='bbox 182 2451 250 2475; x_wconf 82' lang='lat' dir='ltr'><strong>nos</strong></span> <span class='ocrx_word' id='word_1_449' title='bbox 269 2437 314 2474; x_wconf 89' lang='lat' dir='ltr'><strong>ad</strong></span> <span class='ocrx_word' id='word_1_450' title='bbox 336 2451 402 2474; x_wconf 80' lang='lat' dir='ltr'><strong>vos</strong></span> <span class='ocrx_word' id='word_1_451' title='bbox 416 2466 425 2483; x_wconf 88' lang='lat'><strong>‚</strong></span> <span class='ocrx_word' id='word_1_452' title='bbox 448 2440 590 2473; x_wconf 58' lang='lat' dir='ltr'><strong>Fide-ste</strong></span> <span class='ocrx_word' id='word_1_453' title='bbox 606 2451 662 2472; x_wconf 81' lang='lat' dir='ltr'><strong>me</strong></span> <span class='ocrx_word' id='word_1_454' title='bbox 671 2437 834 2484; x_wconf 65' lang='lat' dir='ltr'><strong>strar-[bus</strong></span> <span class='ocrx_word' id='word_1_455' title='bbox 850 2436 1093 2473; x_wconf 78' lang='lat' dir='ltr'><strong>affectionum</strong></span> <span class='ocrx_word' id='word_1_456' title='bbox 1115 2449 1173 2471; x_wconf 83' lang='lat' dir='ltr'><strong>ve-</strong></span> 
     </span>
     <span class='ocr_line' id='line_1_67' title="bbox 182 2499 1176 2546; baseline -0.003 -12"><span class='ocrx_word' id='word_1_457' title='bbox 182 2506 364 2542; x_wconf 78' lang='lat' dir='ltr'><strong>strarum,</strong></span> <span class='ocrx_word' id='word_1_458' title='bbox 384 2502 517 2546; x_wconf 74' lang='lat' dir='ltr'><strong>stipate</strong></span> <span class='ocrx_word' id='word_1_459' title='bbox 538 2511 594 2532; x_wconf 78' lang='lat' dir='ltr'><strong>me</strong></span> <span class='ocrx_word' id='word_1_460' title='bbox 611 2499 720 2532; x_wconf 69' lang='lat' dir='ltr'><strong>[nulls</strong></span> <span class='ocrx_word' id='word_1_461' title='bbox 741 2509 899 2546; x_wconf 81' lang='lat' dir='ltr'><strong>operum</strong></span> <span class='ocrx_word' id='word_1_462' title='bbox 916 2524 924 2541; x_wconf 93' lang='lat'><strong>,</strong></span> <span class='ocrx_word' id='word_1_463' title='bbox 944 2500 1030 2544; x_wconf 77' lang='lat' dir='ltr'><strong>quia</strong></span> <span class='ocrx_word' id='word_1_464' title='bbox 1049 2509 1176 2531; x_wconf 78' lang='lat' dir='ltr'><strong>amore</strong></span> 
     </span>
    </p>
   </div>
   <div class='ocr_carea' id='block_1_14' title="bbox 183 2553 1526 2606">
    <p class='ocr_par' dir='ltr' id='par_1_15' title="bbox 183 2553 1526 2606">
     <span class='ocr_line' id='line_1_68' title="bbox 183 2553 1526 2606; baseline -0.001 -13"><span class='ocrx_word' id='word_1_465' title='bbox 183 2556 347 2593; x_wconf 88' lang='lat' dir='ltr'><strong>absentis</strong></span> <span class='ocrx_word' id='word_1_466' title='bbox 367 2560 536 2605; x_wconf 71' lang='lat' dir='ltr'><strong>languea.</strong></span> <span class='ocrx_word' id='word_1_467' title='bbox 558 2560 620 2592; x_wconf 83' lang='lat' dir='ltr'><strong>Est</strong></span> <span class='ocrx_word' id='word_1_468' title='bbox 640 2570 746 2593; x_wconf 89' lang='lat' dir='ltr'><strong>amor</strong></span> <span class='ocrx_word' id='word_1_469' title='bbox 768 2557 871 2606; x_wconf 86' lang='lat' dir='ltr'><strong>pius,</strong></span> <span class='ocrx_word' id='word_1_470' title='bbox 896 2564 951 2592; x_wconf 89' lang='lat' dir='ltr'><strong>est</strong></span> <span class='ocrx_word' id='word_1_471' title='bbox 971 2568 1076 2591; x_wconf 86' lang='lat' dir='ltr'><strong>amor</strong></span> <span class='ocrx_word' id='word_1_472' title='bbox 1097 2555 1171 2591; x_wconf 81' lang='lat' dir='ltr'><strong>fer·</strong></span> <span class='ocrx_word' id='word_1_473' title='bbox 1190 2553 1220 2586; x_wconf 91' lang='lat' dir='ltr'>D</span> <span class='ocrx_word' id='word_1_474' title='bbox 1239 2557 1294 2592; x_wconf 77' lang='lat' dir='ltr'><strong>sui</strong></span> <span class='ocrx_word' id='word_1_475' title='bbox 1323 2556 1391 2591; x_wconf 71' lang='lat' dir='ltr'><strong>viri</strong></span> <span class='ocrx_word' id='word_1_476' title='bbox 1417 2555 1497 2604; x_wconf 86' lang='lat' dir='ltr'><strong>ejus</strong></span> <span class='ocrx_word' id='word_1_477' title='bbox 1519 2571 1526 2592; x_wconf 89' lang='lat'>:</span> 
     </span>
    </p>
   </div>
   <div class='ocr_carea' id='block_1_15' title="bbox 185 2615 1180 3202">
    <p class='ocr_par' dir='ltr' id='par_1_16' title="bbox 185 2615 1180 3202">
     <span class='ocr_line' id='line_1_69' title="bbox 185 2615 1171 2665; baseline -0.002 -13"><span class='ocrx_word' id='word_1_478' title='bbox 185 2629 298 2661; x_wconf 75' lang='lat' dir='ltr'><strong>vens,</strong></span> <span class='ocrx_word' id='word_1_479' title='bbox 318 2624 374 2652; x_wconf 82' lang='lat' dir='ltr'><strong>est</strong></span> <span class='ocrx_word' id='word_1_480' title='bbox 399 2617 593 2665; x_wconf 78' lang='lat' dir='ltr'><strong>languens.</strong></span> <span class='ocrx_word' id='word_1_481' title='bbox 624 2616 708 2652; x_wconf 84' lang='lat' dir='ltr'><strong>l&#39;ius</strong></span> <span class='ocrx_word' id='word_1_482' title='bbox 735 2616 781 2651; x_wconf 88' lang='lat' dir='ltr'><strong>ad</strong></span> <span class='ocrx_word' id='word_1_483' title='bbox 804 2615 1075 2664; x_wconf 72' lang='lat' dir='ltr'><strong>imp‹,·tran‹lani</strong></span> <span class='ocrx_word' id='word_1_484' title='bbox 1105 2628 1171 2650; x_wconf 87' lang='lat' dir='ltr'><strong>ve-</strong></span> 
     </span>
     <span class='ocr_line' id='line_1_70' title="bbox 185 2675 1171 2726; baseline -0.002 -13"><span class='ocrx_word' id='word_1_485' title='bbox 185 2677 283 2713; x_wconf 86' lang='lat' dir='ltr'><strong>niam</strong></span> <span class='ocrx_word' id='word_1_486' title='bbox 308 2685 572 2726; x_wconf 84' lang='lat' dir='ltr'><strong>pcccatorum,</strong></span> <span class='ocrx_word' id='word_1_487' title='bbox 601 2678 746 2713; x_wconf 74' lang='lat' dir='ltr'><strong>fervens</strong></span> <span class='ocrx_word' id='word_1_488' title='bbox 770 2677 805 2712; x_wconf 93' lang='lat' dir='ltr'><strong>in</strong></span> <span class='ocrx_word' id='word_1_489' title='bbox 827 2675 1056 2712; x_wconf 77' lang='lat' dir='ltr'><strong>exhibitione</strong></span> <span class='ocrx_word' id='word_1_490' title='bbox 1077 2689 1171 2724; x_wconf 90' lang='lat' dir='ltr'><strong>ope-</strong></span> 
     </span>
     <span class='ocr_line' id='line_1_71' title="bbox 187 2735 1173 2785; baseline 0.001 -15"><span class='ocrx_word' id='word_1_491' title='bbox 187 2749 284 2779; x_wconf 91' lang='lat' dir='ltr'><strong>rum,</strong></span> <span class='ocrx_word' id='word_1_492' title='bbox 299 2737 492 2785; x_wconf 81' lang='lat' dir='ltr'><strong>languens,</strong></span> <span class='ocrx_word' id='word_1_493' title='bbox 508 2749 590 2772; x_wconf 90' lang='lat' dir='ltr'><strong>cuni</strong></span> <span class='ocrx_word' id='word_1_494' title='bbox 604 2736 727 2772; x_wconf 82' lang='lat' dir='ltr'><strong>delicit</strong></span> <span class='ocrx_word' id='word_1_495' title='bbox 739 2735 860 2771; x_wconf 88' lang='lat' dir='ltr'><strong>anima</strong></span> <span class='ocrx_word' id='word_1_496' title='bbox 876 2735 910 2771; x_wconf 91' lang='lat' dir='ltr'><strong>in</strong></span> <span class='ocrx_word' id='word_1_497' title='bbox 927 2735 1082 2771; x_wconf 87' lang='lat' dir='ltr'><strong>salutari·</strong></span> <span class='ocrx_word' id='word_1_498' title='bbox 1095 2735 1173 2780; x_wconf 74' lang='lat' dir='ltr'><strong>nei,</strong></span> 
     </span>
     <span class='ocr_line' id='line_1_72' title="bbox 187 2795 1175 2844; baseline -0.001 -13"><span class='ocrx_word' id='word_1_499' title='bbox 187 2795 223 2831; x_wconf 92' lang='lat' dir='ltr'><strong>id</strong></span> <span class='ocrx_word' id='word_1_500' title='bbox 243 2804 297 2831; x_wconf 85' lang='lat' dir='ltr'><strong>est</strong></span> <span class='ocrx_word' id='word_1_501' title='bbox 311 2824 319 2841; x_wconf 91' lang='lat'><strong>,</strong></span> <span class='ocrx_word' id='word_1_502' title='bbox 334 2796 471 2832; x_wconf 83' lang='lat' dir='ltr'><strong>intuitu</strong></span> <span class='ocrx_word' id='word_1_503' title='bbox 487 2796 827 2844; x_wconf 84' lang='lat' dir='ltr'><strong>contemplationis.</strong></span> <span class='ocrx_word' id='word_1_504' title='bbox 845 2799 935 2831; x_wconf 73' lang='lat' dir='ltr'><strong>(Iuni</strong></span> <span class='ocrx_word' id='word_1_505' title='bbox 953 2795 1030 2831; x_wconf 72' lang='lat' dir='ltr'><strong>lnce</strong></span> <span class='ocrx_word' id='word_1_506' title='bbox 1048 2795 1175 2831; x_wconf 81' lang='lat' dir='ltr'><strong>dicens</strong></span> 
     </span>
     <span class='ocr_line' id='line_1_73' title="bbox 187 2855 1177 2905; baseline -0.003 -14"><span class='ocrx_word' id='word_1_507' title='bbox 187 2868 323 2905; x_wconf 83' lang='lat' dir='ltr'><strong>sponsa</strong></span> <span class='ocrx_word' id='word_1_508' title='bbox 342 2855 556 2903; x_wconf 75' lang='lat' dir='ltr'><strong>langueret,</strong></span> <span class='ocrx_word' id='word_1_509' title='bbox 579 2868 727 2891; x_wconf 81' lang='lat' dir='ltr'><strong>rursum</strong></span> <span class='ocrx_word' id='word_1_510' title='bbox 753 2855 866 2891; x_wconf 79' lang='lat' dir='ltr'><strong>sensit</strong></span> <span class='ocrx_word' id='word_1_511' title='bbox 883 2868 1062 2904; x_wconf 86' lang='lat' dir='ltr'><strong>sponsum</strong></span> <span class='ocrx_word' id='word_1_512' title='bbox 1086 2868 1177 2904; x_wconf 60' lang='lat' dir='ltr'><strong>prai-</strong></span> 
     </span>
     <span class='ocr_line' id='line_1_74' title="bbox 187 2914 1176 2964; baseline -0.002 -14"><span class='ocrx_word' id='word_1_513' title='bbox 187 2923 344 2959; x_wconf 84' lang='lat' dir='ltr'><strong>scntcm,</strong></span> <span class='ocrx_word' id='word_1_514' title='bbox 363 2923 399 2950; x_wconf 91' lang='lat' dir='ltr'><strong>ct</strong></span> <span class='ocrx_word' id='word_1_515' title='bbox 419 2915 548 2951; x_wconf 79' lang='lat' dir='ltr'><strong>laevani</strong></span> <span class='ocrx_word' id='word_1_516' title='bbox 566 2914 647 2963; x_wconf 86' lang='lat' dir='ltr'><strong>ejus</strong></span> <span class='ocrx_word' id='word_1_517' title='bbox 664 2914 732 2951; x_wconf 90' lang='lat' dir='ltr'><strong>suh</strong></span> <span class='ocrx_word' id='word_1_518' title='bbox 750 2916 871 2964; x_wconf 88' lang='lat' dir='ltr'><strong>capite</strong></span> <span class='ocrx_word' id='word_1_519' title='bbox 887 2928 969 2960; x_wconf 86' lang='lat' dir='ltr'><strong>suo,</strong></span> <span class='ocrx_word' id='word_1_520' title='bbox 984 2915 1176 2951; x_wconf 85' lang='lat' dir='ltr'><strong>dexteram</strong></span> 
     </span>
     <span class='ocr_line' id='line_1_75' title="bbox 188 2973 1178 3023; baseline -0.001 -14"><span class='ocrx_word' id='word_1_521' title='bbox 188 2987 278 3010; x_wconf 75' lang='lat' dir='ltr'><strong>vero</strong></span> <span class='ocrx_word' id='word_1_522' title='bbox 306 2973 384 3022; x_wconf 88' lang='lat' dir='ltr'><strong>ejus</strong></span> <span class='ocrx_word' id='word_1_523' title='bbox 405 2987 442 3011; x_wconf 86' lang='lat' dir='ltr'><strong>sc</strong></span> <span class='ocrx_word' id='word_1_524' title='bbox 466 2975 753 3023; x_wconf 79' lang='lat' dir='ltr'><strong>amplexantem.</strong></span> <span class='ocrx_word' id='word_1_525' title='bbox 784 2974 947 3023; x_wconf 75' lang='lat' dir='ltr'><strong>Ideoque</strong></span> <span class='ocrx_word' id='word_1_526' title='bbox 971 2974 1178 3023; x_wconf 75' lang='lat' dir='ltr'><strong>respirans,</strong></span> 
     </span>
     <span class='ocr_line' id='line_1_76' title="bbox 191 3032 1180 3082; baseline -0.005 -14"><span class='ocrx_word' id='word_1_527' title='bbox 191 3035 265 3078; x_wconf 79' lang='lat' dir='ltr'><strong>En,</strong></span> <span class='ocrx_word' id='word_1_528' title='bbox 298 3032 437 3081; x_wconf 86' lang='lat' dir='ltr'><strong>inquit,</strong></span> <span class='ocrx_word' id='word_1_529' title='bbox 476 3033 611 3069; x_wconf 83' lang='lat' dir='ltr'><strong>iterum</strong></span> <span class='ocrx_word' id='word_1_530' title='bbox 645 3047 834 3082; x_wconf 78' lang='lat' dir='ltr'><strong>sponsus3</strong></span> <span class='ocrx_word' id='word_1_531' title='bbox 871 3036 979 3068; x_wconf 74' lang='lat' dir='ltr'><strong>Lam</strong></span> <span class='ocrx_word' id='word_1_532' title='bbox 1014 3038 1093 3077; x_wconf 71' lang='lat' dir='ltr'><strong>ejus</strong></span> <span class='ocrx_word' id='word_1_533' title='bbox 1117 3032 1180 3066; x_wconf 57' lang='lat' dir='ltr'><strong>sub</strong></span> 
     </span>
     <span class='ocr_line' id='line_1_77' title="bbox 188 3091 1177 3141; baseline -0.001 -14"><span class='ocrx_word' id='word_1_534' title='bbox 188 3097 309 3140; x_wconf 72' lang='lat' dir='ltr'><strong>capite</strong></span> <span class='ocrx_word' id='word_1_535' title='bbox 336 3106 435 3138; x_wconf 80' lang='lat' dir='ltr'><strong>meo,</strong></span> <span class='ocrx_word' id='word_1_536' title='bbox 460 3101 494 3128; x_wconf 73' lang='lat' dir='ltr'><strong>et</strong></span> <span class='ocrx_word' id='word_1_537' title='bbox 517 3096 671 3129; x_wconf 59' lang='lat' dir='ltr'><strong>dextera</strong></span> <span class='ocrx_word' id='word_1_538' title='bbox 694 3095 769 3138; x_wconf 77' lang='lat' dir='ltr'><strong>‹y&#39;ns</strong></span> <span class='ocrx_word' id='word_1_539' title='bbox 799 3091 1078 3141; x_wconf 44' lang='lat' dir='ltr'><strong>atttpltkrubilur</strong></span> <span class='ocrx_word' id='word_1_540' title='bbox 1107 3106 1177 3126; x_wconf 70' lang='lat' dir='ltr'><strong>nte.</strong></span> 
     </span>
     <span class='ocr_line' id='line_1_78' title="bbox 193 3151 1180 3202; baseline -0.004 -15"><span class='ocrx_word' id='word_1_541' title='bbox 193 3151 299 3187; x_wconf 78' lang='lat' dir='ltr'><strong>Ponit</strong></span> <span class='ocrx_word' id='word_1_542' title='bbox 318 3165 407 3199; x_wconf 64' lang='lat' dir='ltr'><strong>ergo</strong></span> <span class='ocrx_word' id='word_1_543' title='bbox 428 3166 564 3202; x_wconf 72' lang='lat' dir='ltr'><strong>sponsa</strong></span> <span class='ocrx_word' id='word_1_544' title='bbox 583 3161 693 3202; x_wconf 85' lang='lat' dir='ltr'><strong>caput</strong></span> <span class='ocrx_word' id='word_1_545' title='bbox 718 3162 753 3188; x_wconf 90' lang='lat' dir='ltr'><strong>ut</strong></span> <span class='ocrx_word' id='word_1_546' title='bbox 779 3153 983 3201; x_wconf 59' lang='lat' dir='ltr'><strong>requiescat</strong></span> <span class='ocrx_word' id='word_1_547' title='bbox 1001 3180 1008 3191; x_wconf 74' lang='lat'><strong>,</strong></span> <span class='ocrx_word' id='word_1_548' title='bbox 1030 3165 1103 3186; x_wconf 84' lang='lat' dir='ltr'><strong>nou</strong></span> <span class='ocrx_word' id='word_1_549' title='bbox 1125 3164 1180 3184; x_wconf 59' lang='lat' dir='ltr'><strong>sn-</strong></span> 
     </span>
    </p>
   </div>
   <div class='ocr_carea' id='block_1_16' title="bbox 241 3275 933 3313">
    <p class='ocr_par' dir='ltr' id='par_1_17' title="bbox 241 3275 933 3313">
     <span class='ocr_line' id='line_1_79' title="bbox 241 3275 933 3313; baseline 0 -8"><span class='ocrx_word' id='word_1_550' title='bbox 241 3281 246 3294; x_wconf 80' lang='lat'><strong>¹</strong></span> <span class='ocrx_word' id='word_1_551' title='bbox 273 3275 383 3306; x_wconf 67' lang='lat' dir='ltr'><strong>Matini.</strong></span> <span class='ocrx_word' id='word_1_552' title='bbox 407 3287 490 3311; x_wconf 71' lang='lat' dir='ltr'><strong>xxii,</strong></span> <span class='ocrx_word' id='word_1_553' title='bbox 509 3281 589 3308; x_wconf 61' lang='lat'><strong>(3⁸),-</strong></span> <span class='ocrx_word' id='word_1_554' title='bbox 648 3283 657 3297; x_wconf 83' lang='lat'>²</span> <span class='ocrx_word' id='word_1_555' title='bbox 674 3282 790 3307; x_wconf 54' lang='lat' dir='ltr'><strong>(Lautum</strong></span> <span class='ocrx_word' id='word_1_556' title='bbox 811 3290 846 3313; x_wconf 87' lang='grc' dir='ltr'><strong>ιι,</strong></span> <span class='ocrx_word' id='word_1_557' title='bbox 867 3280 933 3307; x_wconf 66' lang='grc' dir='ltr'><strong>Δι-δ,</strong></span> 
     </span>
    </p>
   </div>
   <div class='ocr_carea' id='block_1_17' title="bbox 1239 1843 2240 3199">
    <p class='ocr_par' dir='ltr' id='par_1_18' title="bbox 1239 1843 2240 3199">
     <span class='ocr_line' id='line_1_80' title="bbox 1247 1843 2237 1893; baseline -0.001 -12"><span class='ocrx_word' id='word_1_558' title='bbox 1247 1853 1299 1881; x_wconf 87' lang='lat' dir='ltr'><strong>tas</strong></span> <span class='ocrx_word' id='word_1_559' title='bbox 1321 1844 1421 1893; x_wconf 82' lang='lat' dir='ltr'><strong>ejus,</strong></span> <span class='ocrx_word' id='word_1_560' title='bbox 1444 1844 1513 1880; x_wconf 87' lang='lat' dir='ltr'><strong>hoc</strong></span> <span class='ocrx_word' id='word_1_561' title='bbox 1534 1852 1589 1879; x_wconf 91' lang='lat' dir='ltr'><strong>est</strong></span> <span class='ocrx_word' id='word_1_562' title='bbox 1609 1857 1705 1893; x_wconf 91' lang='lat' dir='ltr'><strong>opus</strong></span> <span class='ocrx_word' id='word_1_563' title='bbox 1722 1843 1823 1893; x_wconf 78' lang='lat' dir='ltr'><strong>ejus,</strong></span> <span class='ocrx_word' id='word_1_564' title='bbox 1844 1844 1921 1879; x_wconf 76' lang='lat' dir='ltr'><strong>haec</strong></span> <span class='ocrx_word' id='word_1_565' title='bbox 1941 1851 1995 1879; x_wconf 85' lang='lat' dir='ltr'><strong>est</strong></span> <span class='ocrx_word' id='word_1_566' title='bbox 2012 1843 2132 1880; x_wconf 69' lang='lat' dir='ltr'><strong>virtus</strong></span> <span class='ocrx_word' id='word_1_567' title='bbox 2156 1844 2237 1893; x_wconf 85' lang='lat' dir='ltr'><strong>ejus</strong></span> 
     </span>
     <span class='ocr_line' id='line_1_81' title="bbox 1244 1902 2235 1952; baseline -0.001 -12"><span class='ocrx_word' id='word_1_568' title='bbox 1244 1905 1282 1940; x_wconf 92' lang='lat' dir='ltr'><strong>in</strong></span> <span class='ocrx_word' id='word_1_569' title='bbox 1306 1905 1453 1940; x_wconf 87' lang='lat' dir='ltr'><strong>illarum</strong></span> <span class='ocrx_word' id='word_1_570' title='bbox 1473 1903 1739 1947; x_wconf 85' lang='lat' dir='ltr'><strong>conversione,</strong></span> <span class='ocrx_word' id='word_1_571' title='bbox 1758 1903 1832 1938; x_wconf 64' lang='lat' dir='ltr'><strong>lue(-</strong></span> <span class='ocrx_word' id='word_1_572' title='bbox 1848 1911 1903 1938; x_wconf 89' lang='lat' dir='ltr'><strong>est</strong></span> <span class='ocrx_word' id='word_1_573' title='bbox 1919 1902 2080 1939; x_wconf 88' lang='lat' dir='ltr'><strong>dulcedo</strong></span> <span class='ocrx_word' id='word_1_574' title='bbox 2101 1902 2181 1952; x_wconf 88' lang='lat' dir='ltr'><strong>ejus</strong></span> <span class='ocrx_word' id='word_1_575' title='bbox 2200 1904 2235 1939; x_wconf 88' lang='lat' dir='ltr'><strong>in</strong></span> 
     </span>
     <span class='ocr_line' id='line_1_82' title="bbox 1246 1961 2237 2011; baseline -0.001 -12"><span class='ocrx_word' id='word_1_576' title='bbox 1246 1977 1325 2000; x_wconf 91' lang='lat' dir='ltr'><strong>mea</strong></span> <span class='ocrx_word' id='word_1_577' title='bbox 1349 1963 1561 1999; x_wconf 77' lang='lat' dir='ltr'><strong>dilectione.</strong></span> <span class='ocrx_word' id='word_1_578' title='bbox 1587 1966 1680 1998; x_wconf 70' lang='lat' dir='ltr'><strong>Ecce</strong></span> <span class='ocrx_word' id='word_1_579' title='bbox 1701 1961 1894 2011; x_wconf 87' lang='lat' dir='ltr'><strong>quomodo</strong></span> <span class='ocrx_word' id='word_1_580' title='bbox 1921 1961 2095 1998; x_wconf 84' lang='lat' dir='ltr'><strong>ordinata</strong></span> <span class='ocrx_word' id='word_1_581' title='bbox 2116 1962 2237 1998; x_wconf 86' lang='lat' dir='ltr'><strong>chari—</strong></span> 
     </span>
     <span class='ocr_line' id='line_1_83' title="bbox 1246 2022 2237 2070; baseline 0 -12"><span class='ocrx_word' id='word_1_582' title='bbox 1246 2031 1318 2059; x_wconf 89' lang='lat' dir='ltr'><strong>tate</strong></span> <span class='ocrx_word' id='word_1_583' title='bbox 1338 2023 1464 2059; x_wconf 87' lang='lat' dir='ltr'><strong>omnia</strong></span> <span class='ocrx_word' id='word_1_584' title='bbox 1481 2022 1651 2057; x_wconf 87' lang='lat' dir='ltr'><strong>ordinata</strong></span> <span class='ocrx_word' id='word_1_585' title='bbox 1670 2030 1756 2058; x_wconf 91' lang='lat' dir='ltr'><strong>sunt</strong></span> <span class='ocrx_word' id='word_1_586' title='bbox 1778 2029 1814 2057; x_wconf 88' lang='lat' dir='ltr'><strong>et</strong></span> <span class='ocrx_word' id='word_1_587' title='bbox 1835 2029 2008 2070; x_wconf 83' lang='lat' dir='ltr'><strong>peccata,</strong></span> <span class='ocrx_word' id='word_1_588' title='bbox 2033 2030 2070 2058; x_wconf 91' lang='lat' dir='ltr'><strong>et</strong></span> <span class='ocrx_word' id='word_1_589' title='bbox 2089 2022 2126 2057; x_wconf 90' lang='lat' dir='ltr'><strong>in</strong></span> <span class='ocrx_word' id='word_1_590' title='bbox 2147 2035 2237 2070; x_wconf 83' lang='lat' dir='ltr'><strong>pace</strong></span> 
     </span>
     <span class='ocr_line' id='line_1_84' title="bbox 1247 2080 2234 2129; baseline 0 -12"><span class='ocrx_word' id='word_1_591' title='bbox 1247 2084 1362 2118; x_wconf 82' lang='lat' dir='ltr'><strong>factus</strong></span> <span class='ocrx_word' id='word_1_592' title='bbox 1378 2089 1433 2117; x_wconf 89' lang='lat' dir='ltr'><strong>est</strong></span> <span class='ocrx_word' id='word_1_593' title='bbox 1449 2081 1553 2117; x_wconf 88' lang='lat' dir='ltr'><strong>loeus</strong></span> <span class='ocrx_word' id='word_1_594' title='bbox 1569 2080 1669 2129; x_wconf 85' lang='lat' dir='ltr'><strong>ejus,</strong></span> <span class='ocrx_word' id='word_1_595' title='bbox 1691 2089 1727 2116; x_wconf 87' lang='lat' dir='ltr'><strong>ct</strong></span> <span class='ocrx_word' id='word_1_596' title='bbox 1748 2081 1784 2116; x_wconf 91' lang='lat' dir='ltr'><strong>in</strong></span> <span class='ocrx_word' id='word_1_597' title='bbox 1807 2082 1896 2116; x_wconf 84' lang='lat' dir='ltr'><strong>Sion</strong></span> <span class='ocrx_word' id='word_1_598' title='bbox 1915 2080 2094 2116; x_wconf 86' lang='lat' dir='ltr'><strong>habitatio</strong></span> <span class='ocrx_word' id='word_1_599' title='bbox 2111 2080 2191 2129; x_wconf 87' lang='lat' dir='ltr'><strong>ejus</strong></span> <span class='ocrx_word' id='word_1_600' title='bbox 2207 2082 2234 2126; x_wconf 80' lang='lat'><strong>3,</strong></span> 
     </span>
     <span class='ocr_line' id='line_1_85' title="bbox 1244 2140 2235 2190; baseline -0.002 -12"><span class='ocrx_word' id='word_1_601' title='bbox 1244 2155 1328 2178; x_wconf 89' lang='lat' dir='ltr'><strong>cum</strong></span> <span class='ocrx_word' id='word_1_602' title='bbox 1359 2154 1496 2190; x_wconf 78' lang='lat' dir='ltr'><strong>sponsa</strong></span> <span class='ocrx_word' id='word_1_603' title='bbox 1522 2141 1558 2176; x_wconf 93' lang='lat' dir='ltr'><strong>in</strong></span> <span class='ocrx_word' id='word_1_604' title='bbox 1589 2140 1767 2189; x_wconf 84' lang='lat' dir='ltr'><strong>amplexu</strong></span> <span class='ocrx_word' id='word_1_605' title='bbox 1797 2140 1924 2189; x_wconf 87' lang='lat' dir='ltr'><strong>sponsi</strong></span> <span class='ocrx_word' id='word_1_606' title='bbox 1951 2140 2126 2189; x_wconf 87' lang='lat' dir='ltr'><strong>quiescit,</strong></span> <span class='ocrx_word' id='word_1_607' title='bbox 2151 2154 2235 2177; x_wconf 89' lang='lat' dir='ltr'><strong>cum</strong></span> 
     </span>
     <span class='ocr_line' id='line_1_86' title="bbox 1243 2200 2237 2250; baseline -0.001 -13"><span class='ocrx_word' id='word_1_608' title='bbox 1243 2214 1405 2250; x_wconf 84' lang='lat' dir='ltr'><strong>sponsus</strong></span> <span class='ocrx_word' id='word_1_609' title='bbox 1433 2213 1513 2235; x_wconf 89' lang='lat' dir='ltr'><strong>eam</strong></span> <span class='ocrx_word' id='word_1_610' title='bbox 1544 2200 1645 2235; x_wconf 76' lang='lat' dir='ltr'><strong>fovet</strong></span> <span class='ocrx_word' id='word_1_611' title='bbox 1673 2208 1710 2235; x_wconf 90' lang='lat' dir='ltr'><strong>et</strong></span> <span class='ocrx_word' id='word_1_612' title='bbox 1738 2200 1922 2248; x_wconf 72' lang='lat' dir='ltr'><strong>protegit,</strong></span> <span class='ocrx_word' id='word_1_613' title='bbox 1945 2213 2030 2236; x_wconf 87' lang='lat' dir='ltr'><strong>cum</strong></span> <span class='ocrx_word' id='word_1_614' title='bbox 2053 2201 2136 2236; x_wconf 68' lang='lat' dir='ltr'><strong>filice</strong></span> <span class='ocrx_word' id='word_1_615' title='bbox 2160 2214 2237 2236; x_wconf 90' lang='lat' dir='ltr'><strong>non</strong></span> 
     </span>
     <span class='ocr_line' id='line_1_87' title="bbox 1243 2258 2236 2309; baseline 0.001 -14"><span class='ocrx_word' id='word_1_616' title='bbox 1243 2260 1421 2295; x_wconf 85' lang='lat' dir='ltr'><strong>suscitant</strong></span> <span class='ocrx_word' id='word_1_617' title='bbox 1439 2271 1519 2295; x_wconf 89' lang='lat' dir='ltr'><strong>eam</strong></span> <span class='ocrx_word' id='word_1_618' title='bbox 1537 2287 1545 2302; x_wconf 94' lang='lat'><strong>,</strong></span> <span class='ocrx_word' id='word_1_619' title='bbox 1567 2271 1634 2294; x_wconf 90' lang='lat' dir='ltr'><strong>nec</strong></span> <span class='ocrx_word' id='word_1_620' title='bbox 1651 2258 1827 2306; x_wconf 71' lang='lat' dir='ltr'><strong>evigilare</strong></span> <span class='ocrx_word' id='word_1_621' title='bbox 1847 2259 2010 2305; x_wconf 77' lang='lat' dir='ltr'><strong>l&#39;aciunt3</strong></span> <span class='ocrx_word' id='word_1_622' title='bbox 2029 2259 2092 2296; x_wconf 89' lang='lat' dir='ltr'><strong>sed</strong></span> <span class='ocrx_word' id='word_1_623' title='bbox 2109 2261 2236 2309; x_wconf 79' lang='lat' dir='ltr'><strong>potius</strong></span> 
     </span>
     <span class='ocr_line' id='line_1_88' title="bbox 1243 2317 2182 2367; baseline 0.001 -13"><span class='ocrx_word' id='word_1_624' title='bbox 1243 2318 1352 2354; x_wconf 88' lang='lat' dir='ltr'><strong>bonis</strong></span> <span class='ocrx_word' id='word_1_625' title='bbox 1370 2319 1448 2355; x_wconf 87' lang='lat' dir='ltr'><strong>suis</strong></span> <span class='ocrx_word' id='word_1_626' title='bbox 1465 2317 1597 2354; x_wconf 87' lang='lat' dir='ltr'><strong>studiis</strong></span> <span class='ocrx_word' id='word_1_627' title='bbox 1615 2318 1733 2353; x_wconf 65' lang='lat' dir='ltr'><strong>laetam</strong></span> <span class='ocrx_word' id='word_1_628' title='bbox 1758 2318 1896 2353; x_wconf 78' lang='lat' dir='ltr'><strong>faciunt</strong></span> <span class='ocrx_word' id='word_1_629' title='bbox 1914 2318 2182 2367; x_wconf 90' lang='lat' dir='ltr'><strong>etjucundam.</strong></span> 
     </span>
     <span class='ocr_line' id='line_1_89' title="bbox 1295 2375 2237 2427; baseline 0.002 -14"><span class='ocrx_word' id='word_1_630' title='bbox 1295 2379 1354 2414; x_wconf 87' lang='lat'><strong>35.</strong></span> <span class='ocrx_word' id='word_1_631' title='bbox 1370 2381 1450 2413; x_wconf 86' lang='lat' dir='ltr'><strong>Hoc</strong></span> <span class='ocrx_word' id='word_1_632' title='bbox 1467 2375 1699 2425; x_wconf 75' lang='lat' dir='ltr'><strong>significabat</strong></span> <span class='ocrx_word' id='word_1_633' title='bbox 1716 2376 1850 2412; x_wconf 89' lang='lat' dir='ltr'><strong>mulier</strong></span> <span class='ocrx_word' id='word_1_634' title='bbox 1865 2377 1938 2422; x_wconf 90' lang='lat' dir='ltr'><strong>illa,</strong></span> <span class='ocrx_word' id='word_1_635' title='bbox 1956 2391 2040 2427; x_wconf 87' lang='lat' dir='ltr'><strong>quae</strong></span> <span class='ocrx_word' id='word_1_636' title='bbox 2054 2378 2237 2415; x_wconf 78' lang='lat' dir='ltr'><strong>clamabat</strong></span> 
     </span>
     <span class='ocr_line' id='line_1_90' title="bbox 1241 2436 2237 2488; baseline 0.002 -15"><span class='ocrx_word' id='word_1_637' title='bbox 1241 2437 1286 2473; x_wconf 83' lang='lat' dir='ltr'><strong>ad</strong></span> <span class='ocrx_word' id='word_1_638' title='bbox 1301 2438 1473 2474; x_wconf 78' lang='lat' dir='ltr'><strong>Elisaeuni</strong></span> <span class='ocrx_word' id='word_1_639' title='bbox 1491 2445 1641 2473; x_wconf 90' lang='lat' dir='ltr'><strong>mortuo</strong></span> <span class='ocrx_word' id='word_1_640' title='bbox 1660 2437 1741 2472; x_wconf 83' lang='lat' dir='ltr'><strong>viro</strong></span> <span class='ocrx_word' id='word_1_641' title='bbox 1756 2450 1824 2472; x_wconf 85' lang='lat' dir='ltr'><strong>suo</strong></span> <span class='ocrx_word' id='word_1_642' title='bbox 1837 2465 1845 2481; x_wconf 75' lang='lat'><strong>,</strong></span> <span class='ocrx_word' id='word_1_643' title='bbox 1866 2450 1975 2473; x_wconf 74' lang='lat' dir='ltr'><strong>servo</strong></span> <span class='ocrx_word' id='word_1_644' title='bbox 1997 2436 2097 2486; x_wconf 87' lang='lat' dir='ltr'><strong>ejus,</strong></span> <span class='ocrx_word' id='word_1_645' title='bbox 2118 2452 2237 2488; x_wconf 90' lang='lat' dir='ltr'><strong>spon-</strong></span> 
     </span>
     <span class='ocr_line' id='line_1_91' title="bbox 1242 2497 2235 2545; baseline 0.002 -12"><span class='ocrx_word' id='word_1_646' title='bbox 1242 2511 1318 2533; x_wconf 80' lang='lat' dir='ltr'><strong>sam</strong></span> <span class='ocrx_word' id='word_1_647' title='bbox 1336 2500 1455 2533; x_wconf 81' lang='lat' dir='ltr'><strong>Deum</strong></span> <span class='ocrx_word' id='word_1_648' title='bbox 1475 2500 1618 2533; x_wconf 80' lang='lat' dir='ltr'><strong>Patrem</strong></span> <span class='ocrx_word' id='word_1_649' title='bbox 1636 2497 1874 2533; x_wconf 72' lang='lat' dir='ltr'><strong>invocantem</strong></span> <span class='ocrx_word' id='word_1_650' title='bbox 1894 2509 1960 2545; x_wconf 76' lang='lat' dir='ltr'><strong>per</strong></span> <span class='ocrx_word' id='word_1_651' title='bbox 1975 2506 2133 2534; x_wconf 89' lang='lat' dir='ltr'><strong>mortem</strong></span> <span class='ocrx_word' id='word_1_652' title='bbox 2157 2500 2235 2536; x_wconf 89' lang='lat' dir='ltr'><strong>Filii</strong></span> 
     </span>
     <span class='ocr_line' id='line_1_92' title="bbox 1552 2556 2235 2604; baseline 0.004 -14"><span class='ocrx_word' id='word_1_653' title='bbox 1552 2560 1699 2600; x_wconf 46' lang='lat' dir='ltr'><strong>orrens,</strong></span> <span class='ocrx_word' id='word_1_654' title='bbox 1725 2556 1869 2604; x_wconf 88' lang='lat' dir='ltr'><strong>inquit,</strong></span> <span class='ocrx_word' id='word_1_655' title='bbox 1897 2569 2002 2599; x_wconf 66' lang='lat' dir='ltr'><strong>lum,</strong></span> <span class='ocrx_word' id='word_1_656' title='bbox 2034 2562 2095 2592; x_wconf 76' lang='lat' dir='ltr'><strong>vir</strong></span> <span class='ocrx_word' id='word_1_657' title='bbox 2113 2572 2235 2603; x_wconf 72' lang='lat' dir='ltr'><strong>meus,</strong></span> 
     </span>
     <span class='ocr_line' id='line_1_93' title="bbox 1239 2617 2240 2659; baseline 0.004 -10"><span class='ocrx_word' id='word_1_658' title='bbox 1239 2625 1398 2650; x_wconf 70' lang='lat' dir='ltr'><strong>[multans</strong></span> <span class='ocrx_word' id='word_1_659' title='bbox 1418 2624 1492 2657; x_wconf 63' lang='lat' dir='ltr'><strong>(*.st,·</strong></span> <span class='ocrx_word' id='word_1_660' title='bbox 1518 2624 1552 2649; x_wconf 81' lang='grc' dir='ltr'><em>ιί</em></span> <span class='ocrx_word' id='word_1_661' title='bbox 1573 2629 1654 2649; x_wconf 66' lang='grc' dir='ltr'><em>(τι-ι’</em></span> <span class='ocrx_word' id='word_1_662' title='bbox 1675 2620 1775 2650; x_wconf 67' lang='lat' dir='ltr'><strong>mvii!</strong></span> <span class='ocrx_word' id='word_1_663' title='bbox 1798 2617 1973 2659; x_wconf 66' lang='lat' dir='ltr'><strong>crctlilor,</strong></span> <span class='ocrx_word' id='word_1_664' title='bbox 1998 2626 2034 2652; x_wconf 71' lang='grc' dir='ltr'><strong>ια</strong></span> <span class='ocrx_word' id='word_1_665' title='bbox 2050 2620 2159 2652; x_wconf 80' lang='lat' dir='ltr'><strong>tollat</strong></span> <span class='ocrx_word' id='word_1_666' title='bbox 2172 2618 2240 2653; x_wconf 73' lang='lat' dir='ltr'><strong>sibi</strong></span> 
     </span>
     <span class='ocr_line' id='line_1_94' title="bbox 1239 2675 2239 2727; baseline 0.005 -18"><span class='ocrx_word' id='word_1_667' title='bbox 1239 2675 1441 2721; x_wconf 25' lang='lat' dir='ltr'><strong>(lanxqfilt&#39;os</strong></span> <span class='ocrx_word' id='word_1_668' title='bbox 1458 2689 1554 2710; x_wconf 74' lang='lat' dir='ltr'><strong>meos</strong></span> <span class='ocrx_word' id='word_1_669' title='bbox 1571 2678 1624 2709; x_wconf 82' lang='lat' dir='ltr'><strong>ad</strong></span> <span class='ocrx_word' id='word_1_670' title='bbox 1637 2678 1865 2710; x_wconf 69' lang='lat' dir='ltr'><strong>serviendum</strong></span> <span class='ocrx_word' id='word_1_671' title='bbox 1878 2676 1961 2711; x_wconf 72' lang='lat' dir='ltr'><strong>sibi.</strong></span> <span class='ocrx_word' id='word_1_672' title='bbox 1979 2677 2035 2712; x_wconf 74' lang='lat' dir='ltr'><strong>Sic</strong></span> <span class='ocrx_word' id='word_1_673' title='bbox 2049 2686 2085 2713; x_wconf 83' lang='lat' dir='ltr'><strong>et</strong></span> <span class='ocrx_word' id='word_1_674' title='bbox 2102 2690 2239 2727; x_wconf 75' lang='lat' dir='ltr'><strong>sponsa</strong></span> 
     </span>
     <span class='ocr_line' id='line_1_95' title="bbox 1241 2734 2238 2787; baseline 0.004 -17"><span class='ocrx_word' id='word_1_675' title='bbox 1241 2734 1336 2770; x_wconf 85' lang='lat' dir='ltr'><strong>duos</strong></span> <span class='ocrx_word' id='word_1_676' title='bbox 1367 2735 1482 2777; x_wconf 87' lang='lat' dir='ltr'><strong>lilios,</strong></span> <span class='ocrx_word' id='word_1_677' title='bbox 1510 2735 1668 2770; x_wconf 82' lang='lat' dir='ltr'><strong>alterum</strong></span> <span class='ocrx_word' id='word_1_678' title='bbox 1703 2734 1842 2779; x_wconf 67' lang='lat' dir='ltr'><strong>verbo,</strong></span> <span class='ocrx_word' id='word_1_679' title='bbox 1875 2736 2033 2771; x_wconf 82' lang='lat' dir='ltr'><strong>alterum</strong></span> <span class='ocrx_word' id='word_1_680' title='bbox 2063 2739 2238 2787; x_wconf 88' lang='lat' dir='ltr'><strong>exemplo</strong></span> 
     </span>
     <span class='ocr_line' id='line_1_96' title="bbox 1243 2794 2236 2842; baseline 0.005 -13"><span class='ocrx_word' id='word_1_681' title='bbox 1243 2802 1443 2842; x_wconf 62' lang='lat' dir='ltr'><strong>genuerat,</strong></span> <span class='ocrx_word' id='word_1_682' title='bbox 1470 2807 1565 2842; x_wconf 87' lang='lat' dir='ltr'><strong>qnos</strong></span> <span class='ocrx_word' id='word_1_683' title='bbox 1594 2794 1727 2829; x_wconf 79' lang='lat' dir='ltr'><strong>tulerat</strong></span> <span class='ocrx_word' id='word_1_684' title='bbox 1749 2794 1794 2828; x_wconf 79' lang='lat' dir='ltr'><strong>‹li-</strong></span> <span class='ocrx_word' id='word_1_685' title='bbox 1817 2807 1927 2830; x_wconf 83' lang='lat' dir='ltr'><strong>manu</strong></span> <span class='ocrx_word' id='word_1_686' title='bbox 1950 2795 2101 2832; x_wconf 81' lang='lat' dir='ltr'><strong>diaboli.</strong></span> <span class='ocrx_word' id='word_1_687' title='bbox 2125 2800 2236 2834; x_wconf 91' lang='lat' dir='ltr'><strong>Cum-</strong></span> 
     </span>
     <span class='ocr_line' id='line_1_97' title="bbox 1245 2852 2236 2901; baseline 0.004 -12"><span class='ocrx_word' id='word_1_688' title='bbox 1245 2867 1317 2901; x_wconf 84' lang='lat' dir='ltr'><strong>que</strong></span> <span class='ocrx_word' id='word_1_689' title='bbox 1345 2853 1523 2889; x_wconf 81' lang='lat' dir='ltr'><strong>charitate</strong></span> <span class='ocrx_word' id='word_1_690' title='bbox 1549 2852 1720 2888; x_wconf 82' lang='lat' dir='ltr'><strong>ordinata</strong></span> <span class='ocrx_word' id='word_1_691' title='bbox 1744 2853 1815 2889; x_wconf 76' lang='lat' dir='ltr'><strong>sibi</strong></span> <span class='ocrx_word' id='word_1_692' title='bbox 1840 2863 1874 2889; x_wconf 85' lang='lat' dir='ltr'><strong>ct</strong></span> <span class='ocrx_word' id='word_1_693' title='bbox 1899 2858 1976 2891; x_wconf 42' lang='lat' dir='ltr'><strong>lita)</strong></span> <span class='ocrx_word' id='word_1_694' title='bbox 1999 2865 2167 2901; x_wconf 71' lang='lat' dir='ltr'><strong>vacaret,</strong></span> <span class='ocrx_word' id='word_1_695' title='bbox 2191 2858 2236 2892; x_wconf 81' lang='lat' dir='ltr'><strong>st-</strong></span> 
     </span>
     <span class='ocr_line' id='line_1_98' title="bbox 1247 2912 2237 2961; baseline 0.004 -14"><span class='ocrx_word' id='word_1_696' title='bbox 1247 2913 1389 2960; x_wconf 86' lang='lat' dir='ltr'><strong>hosque</strong></span> <span class='ocrx_word' id='word_1_697' title='bbox 1416 2912 1637 2960; x_wconf 57' lang='lat' dir='ltr'><strong>negligi-iet,</strong></span> <span class='ocrx_word' id='word_1_698' title='bbox 1668 2922 1869 2961; x_wconf 86' lang='lat' dir='ltr'><strong>actumque</strong></span> <span class='ocrx_word' id='word_1_699' title='bbox 1901 2915 1966 2950; x_wconf 88' lang='lat' dir='ltr'><strong>l)ci</strong></span> <span class='ocrx_word' id='word_1_700' title='bbox 1989 2915 2085 2950; x_wconf 88' lang='lat' dir='ltr'><strong>actui</strong></span> <span class='ocrx_word' id='word_1_701' title='bbox 2108 2929 2237 2952; x_wconf 86' lang='lat' dir='ltr'><strong>corum</strong></span> 
     </span>
     <span class='ocr_line' id='line_1_99' title="bbox 1248 2972 2238 3023; baseline 0.008 -19"><span class='ocrx_word' id='word_1_702' title='bbox 1248 2979 1508 3020; x_wconf 75' lang='lat' dir='ltr'><strong>pra-ponerct;</strong></span> <span class='ocrx_word' id='word_1_703' title='bbox 1531 2972 1624 3007; x_wconf 86' lang='lat' dir='ltr'><strong>sacta</strong></span> <span class='ocrx_word' id='word_1_704' title='bbox 1642 2980 1695 3007; x_wconf 82' lang='lat' dir='ltr'><strong>cst</strong></span> <span class='ocrx_word' id='word_1_705' title='bbox 1715 2973 1828 3009; x_wconf 76' lang='lat' dir='ltr'><strong>sanies</strong></span> <span class='ocrx_word' id='word_1_706' title='bbox 1850 2973 1954 3009; x_wconf 65' lang='lat' dir='ltr'><strong>verbi</strong></span> <span class='ocrx_word' id='word_1_707' title='bbox 1978 2974 2044 3010; x_wconf 80' lang='lat' dir='ltr'><strong>Dei</strong></span> <span class='ocrx_word' id='word_1_708' title='bbox 2065 2990 2071 3010; x_wconf 91' lang='lat'>:</span> <span class='ocrx_word' id='word_1_709' title='bbox 2092 2976 2238 3023; x_wconf 57' lang='lat' dir='ltr'><strong>parvuli</strong></span> 
     </span>
     <span class='ocr_line' id='line_1_100' title="bbox 1248 3030 2237 3081; baseline 0.005 -17"><span class='ocrx_word' id='word_1_710' title='bbox 1248 3030 1435 3079; x_wconf 82' lang='lat' dir='ltr'><strong>petierunt</strong></span> <span class='ocrx_word' id='word_1_711' title='bbox 1467 3043 1621 3079; x_wconf 85' lang='lat' dir='ltr'><strong>panem,</strong></span> <span class='ocrx_word' id='word_1_712' title='bbox 1653 3044 1719 3065; x_wconf 89' lang='lat' dir='ltr'><strong>ncc</strong></span> <span class='ocrx_word' id='word_1_713' title='bbox 1746 3040 1825 3066; x_wconf 82' lang='lat' dir='ltr'><strong>erat</strong></span> <span class='ocrx_word' id='word_1_714' title='bbox 1852 3032 1915 3080; x_wconf 86' lang='lat' dir='ltr'><strong>qni</strong></span> <span class='ocrx_word' id='word_1_715' title='bbox 1947 3033 2154 3081; x_wconf 66' lang='lat' dir='ltr'><strong>porrigeret</strong></span> <span class='ocrx_word' id='word_1_716' title='bbox 2174 3035 2237 3069; x_wconf 82' lang='lat' dir='ltr'><strong>eis.</strong></span> 
     </span>
     <span class='ocr_line' id='line_1_101' title="bbox 1247 3088 2237 3140; baseline 0.003 -15"><span class='ocrx_word' id='word_1_717' title='bbox 1247 3089 1364 3137; x_wconf 71' lang='lat' dir='ltr'><strong>(Iu-pit</strong></span> <span class='ocrx_word' id='word_1_718' title='bbox 1383 3088 1547 3124; x_wconf 80' lang='lat' dir='ltr'><strong>creditor</strong></span> <span class='ocrx_word' id='word_1_719' title='bbox 1562 3089 1734 3125; x_wconf 70' lang='lat' dir='ltr'><strong>diabolus</strong></span> <span class='ocrx_word' id='word_1_720' title='bbox 1752 3090 1888 3135; x_wconf 81' lang='lat' dir='ltr'><strong>redire,</strong></span> <span class='ocrx_word' id='word_1_721' title='bbox 1908 3099 1942 3126; x_wconf 86' lang='lat' dir='ltr'><strong>ct</strong></span> <span class='ocrx_word' id='word_1_722' title='bbox 1955 3091 2030 3140; x_wconf 82' lang='lat' dir='ltr'><strong>jain</strong></span> <span class='ocrx_word' id='word_1_723' title='bbox 2053 3105 2127 3128; x_wconf 87' lang='lat' dir='ltr'><strong>non</strong></span> <span class='ocrx_word' id='word_1_724' title='bbox 2144 3093 2237 3129; x_wconf 83' lang='lat' dir='ltr'><strong>sicut</strong></span> 
     </span>
     <span class='ocr_line' id='line_1_102' title="bbox 1249 3148 2237 3199; baseline 0.005 -17"><span class='ocrx_word' id='word_1_725' title='bbox 1249 3148 1436 3197; x_wconf 69' lang='lat' dir='ltr'><strong>perditor,</strong></span> <span class='ocrx_word' id='word_1_726' title='bbox 1468 3149 1529 3183; x_wconf 65' lang='lat' dir='ltr'><strong>scil</strong></span> <span class='ocrx_word' id='word_1_727' title='bbox 1560 3149 1650 3184; x_wconf 69' lang='lat' dir='ltr'><strong>sicut</strong></span> <span class='ocrx_word' id='word_1_728' title='bbox 1681 3150 1845 3186; x_wconf 70' lang='lat' dir='ltr'><strong>creditor</strong></span> <span class='ocrx_word' id='word_1_729' title='bbox 1876 3151 1959 3185; x_wconf 70' lang='lat' dir='ltr'><strong>illos</strong></span> <span class='ocrx_word' id='word_1_730' title='bbox 1994 3159 2161 3199; x_wconf 78' lang='lat' dir='ltr'><strong>repetere</strong></span> <span class='ocrx_word' id='word_1_731' title='bbox 2194 3153 2237 3187; x_wconf 78' lang='lat' dir='ltr'><strong>ad</strong></span> 
     </span>
    </p>
   </div>
   <div class='ocr_carea' id='block_1_18' title="bbox 1022 3275 1288 3307">
    <p class='ocr_par' dir='ltr' id='par_1_19' title="bbox 1022 3275 1288 3307">
     <span class='ocr_line' id='line_1_103' title="bbox 1022 3275 1288 3307; baseline -0.015 -2"><span class='ocrx_word' id='word_1_732' title='bbox 1022 3275 1288 3307; x_wconf 48' lang='lat' dir='ltr'><strong>‘l’sal.1xxx,.;.</strong></span> 
     </span>
    </p>
   </div>
  </div>
 </body>
</html>
