2504 3928
348 168 423 204 235

1121 168 1408 203 GlLLEBlCR'l'l
1441 169 1636 202 annuis

347 243 550 284 Pliarisaee,
591 241 686 276 iuter
719 239 865 275 iulirma
896 252 1010 288 opera
1037 253 1148 291 supra
1178 242 1368 278 m‹›dum''

2321 170 2395 206 236

1377 242 1482 278 ²rnm
1503 248 1595 278 ,vii-iit
1616 245 1706 278 odor
1733 243 1858 278 elucris.
1885 243 2132 280 Vehementer
2158 243 2280 280 dulcia
2311 252 2399 281 sunt

352 312 484 338 tumes.
511 300 710 342 Pharis-av,
736 311 810 333 non
839 311 965 347 rogas,
988 299 1051 335 sed
1073 313 1191 350 prope
1216 302 1346 337 astanti
1365 305 1391 337 Λ
1410 315 1493 351 qua⁸
1515 316 1614 339 nuuc
1637 302 1734 338 dieta
1755 310 1841 338 sunt
1861 302 1905 338 ad
1929 316 2120 352 sponsam.
2143 303 2214 339 Sed
2233 304 2398 352 quaeritis

354 359 558 397 l‘ublirauo
586 357 740 405 injurias
766 357 919 405 irrogas,
939 361 994 394 Tu
1023 359 1069 394 (10
1095 368 1128 394 te
1157 360 1238 408 ipso
1262 374 1349 409 per-

354 417 460 453 bibes
494 415 771 459 testimonium,
801 415 975 463 exiguum
1007 425 1062 452 est
1098 418 1348 455 testimonium

358 484 478 511 tuum.
509 478 594 510 Duo
613 474 783 522 qua-dam
816 475 851 510 in
879 475 1049 511 oratione
1081 484 1141 512 tua
1168 490 1243 513 non
1276 485 1348 514 tam

359 534 531 570 redolent
551 546 661 581 quam
690 533 828 578 fetent,
858 542 984 570 tumor
1009 543 1046 570 et
1069 543 1187 584 tepor.
1208 540 1349 573 Tumor

357 600 413 627 cst
443 593 481 628 in
509 605 555 628 eo
586 591 688 640 quod
717 591 919 628 Publicano
949 593 1212 643 improperas:
1240 603 1349 645 tepor

358 651 531 700 quidem,
564 651 652 699 quia
683 651 840 687 omuino
873 652 962 688 nibil
998 666 1116 701 rogas.
1148 654 1349 701 Quomodo

358 709 458 745 enim
478 721 553 745 non
577 707 716 758 tepebit
739 710 873 755 oratu),
888 710 1060 747 elationis
1077 720 1190 747 vento
1209 721 1245 748 et
1266 713 1348 748 ina-

359 769 474 804 nitate
494 768 648 804 satiata?
685 768 886 814 pharisaee,
916 782 990 804 nou
1020 783 1123 814 oras,
1146 770 1210 806 sed
1240 771 1349 806 effers

359 836 394 862 te
415 827 552 876 ipsum.
576 831 629 863 Tu
654 826 699 863 (10
722 836 756 862 te
781 828 862 876 ipso
884 827 1057 876 pei-bibes
1073 829 1346 873 testimonium,

358 894 394 921 et
416 886 668 922 testimonium
693 894 797 921 tuum
817 894 960 921 nonest
980 899 1123 922 verum.
1143 891 1196 923 De
1213 901 1349 936 opera-

360 945 461 980 tione
483 953 543 980 tua
568 945 743 992 exiguum
773 952 849 988 est,
872 944 917 979 de
945 945 1162 992 praelatione
1181 959 1256 982 non
1281 959 1348 982 ve-

359 1016 455 1038 rum.
479 1003 573 1040 Audi
595 1003 693 1038 enim
711 1003 962 1038 testimonium
980 1003 1151 1040 Veritatis
1174 1018 1181 1038 :
1207 1009 1346 1050 Amen,

358 1074 486 1105 auten,
520 1062 659 1110 inquit,
679 1063 759 1096 ‹lii-o
785 1061 903 1105 vobis,
925 1064 1116 1098 descendit
1134 1064 1192 1098 laic
1206 1065 1348 1109 justifi-

357 1129 461 1155 catus
480 1120 527 1155 ab
547 1123 610 1155 illo
625 1126 663 1154 iu
681 1121 826 1155 (lonium
845 1133 948 1155 snam
970 1127 992 1156 ¹.
1012 1124 1094 1157 ivon
1110 1122 1208 1158 enim
1229 1123 1292 1171 qui
1310 1136 1348 1159 se

359 1179 481 1227 ipsum
503 1178 765 1222 commendat,
786 1178 846 1214 ille
864 1177 1045 1226 probatus
1060 1187 1132 1224 est,
1154 1180 1217 1215 sed
1236 1194 1346 1229 quem

360 1240 460 1273 Deus
486 1237 763 1273 commeudat2.
789 1237 878 1273 Ideo
908 1238 994 1273 felix
1020 1238 1142 1274 anima
1163 1239 1207 1274 ad
1235 1253 1346 1288 quam

359 1294 406 1331 ab
440 1295 519 1344 ipsa
550 1296 706 1332 veritate
741 1304 812 1331 tam
852 1296 1037 1332 excellens
1070 1298 1347 1335 commendatio

359 1355 552 1403 profertur
586 1369 593 1389 :

358 1417 485 1447 omnia
507 1422 689 1448 aromata.
714 1416 887 1461 Magnum
912 1412 1119 1449 exhibitum
1139 1422 1195 1449 est
1222 1414 1348 1451 Publi-

359 1484 453 1507 cano
480 1472 758 1516 testimonium,
781 1472 866 1507 huic
892 1481 1015 1508 autem
1039 1473 1099 1508 eui
1125 1473 1252 1510 laudes
1269 1475 1348 1511 istae

359 1538 547 1566 canuntur
559 1559 568 1576 ‚
586 1531 704 1566 multo
723 1529 856 1578 majus.
883 1533 1077 1566 Descendit
1095 1533 1350 1579 illesus-[fica-

361 1598 417 1624 ηις
439 1603 462 1624 α
486 1589 703 1633 Pliarisoeo,
728 1589 798 1625 boc
818 1598 894 1635 est,
917 1588 963 1624 ab
986 1589 1137 1626 homine
1164 1591 1280 1637 elato,
1302 1590 1350 1627 ab

358 1648 510 1683 bomine
531 1647 692 1696 injusto,
713 1652 748 1683 iu
769 1650 916 1683 domum
939 1662 1044 1684 suam
1065 1663 1075 1683 .·
1093 1648 1205 1697 hujus
1225 1658 1349 1687 autem

360 1715 639 1754 unguentorum
661 1706 757 1742 odor
777 1707 903 1743 omnia
926 1707 1072 1744 excedit
1089 1716 1266 1744 aromata.
1284 1712 1350 1745 In-

359 1777 450 1813 gens
467 1766 716 1813 praeconium,
738 1765 802 1801 sed
822 1766 901 1814 ipsa
921 1778 997 1801 non
1015 1765 1062 1801 ab
1076 1766 1228 1802 homine
1249 1768 1350 1803 testi-

363 1824 532 1858 monium
550 1824 704 1872 accipit,
721 1823 786 1860 scd
801 1823 846 1859 ab
861 1824 924 1860 illo
944 1825 1007 1872 qui
1024 1824 1137 1861 corda
1150 1834 1348 1871 scrutatur,

362 1881 425 1929 qui
448 1882 642 1930 perfidem
666 1890 702 1918 et
722 1882 960 1918 dilectionem
979 1883 1015 1918 in
1038 1883 1151 1919 corde
1175 1884 1292 1932 ipsius
1313 1892 1350 1920 et

359 1939 543 1975 inhabitat
560 1948 595 1975 et
614 1949 807 1988 operatur.
829 1944 911 1977 Non
935 1954 973 1977 se
993 1942 1249 1988 commendat,
1274 1956 1350 1979 non

361 1997 552 2047 improbat
565 1999 670 2035 alios.
689 2002 809 2035 Famis
825 2000 924 2036 enim
943 2002 1126 2036 distillans
1140 2001 1238 2037 labia
1255 2001 1347 2050 ejus.

356 2057 570 2105 Capitulum
598 2056 668 2092 hoc
695 2057 828 2093 ordine
853 2059 1041 2106 sequitur,
1062 2058 1127 2094 sed
1148 2059 1259 2095 hodie
1277 2069 1351 2096 tra-

361 2114 455 2150 ctari
490 2127 565 2149 non
598 2123 734 2163 potest.
768 2116 935 2152 Crastina
970 2116 1176 2165 disputatio
1206 2118 1350 2155 auditui

361 2181 487 2208 vestro
507 2181 544 2209 et
560 2174 728 2210 aviditati
750 2174 854 2210 dabit
874 2175 1051 2223 gaudium
1075 2184 1112 2211 et
1129 2177 1293 2213 laetitiam
1311 2178 1349 2213 in

361 2231 528 2267 Domino
547 2235 648 2268 Jesu.
673 2232 783 2279 Quod
802 2233 880 2281 ipse
897 2241 1075 2281 praestare
1092 2233 1268 2282 dignetur
1284 2236 1348 2284 qui

360 2291 454 2326 vivit
480 2299 516 2326 et
542 2300 672 2339 regnat
697 2304 764 2340 per
790 2292 916 2327 omnia
945 2292 1078 2328 saecula
1110 2294 1347 2330 saeculorum.

362 2353 494 2386 Amen.

630 1357 732 1390 Odor
764 1363 1027 1402 ungnentorum
1070 1365 1211 1391 moriem
1237 1370 1350 1404 super

361 2491 1354 2505 ==================================================================

569 2620 818 2676 SERMO
871 2621 1144 2676 XXXIV.

501 2768 597 2795 Furiis
618 2762 772 2795 distillans
791 2763 874 2795 labia
898 2773 971 2802 tua,
998 2778 1129 2810 sponsa,
1153 2773 1210 2797 etc.

657 2818 774 2848 Cautic.
790 2829 858 2859 cap.
879 2829 924 2856 tv,
946 2817 982 2853 ᾧ.
1007 2823 1057 2850 11.

759 2948 775 2951 »ἡ
787 2943 969 2957 'ooo——

417 3055 448 3089 l.
474 3055 596 3088 Fiwics
625 3055 810 3089 distillans
839 3055 938 3090 labia
963 3065 1025 3091 tna
1041 3085 1049 3099 ‚
1087 3071 1250 3104 sponsa5
1283 3060 1355 3092 mel

360 3122 394 3147 (Ἰ
420 3116 477 3147 lai·
502 3112 570 3146 sul)
597 3115 723 3161 lingua
743 3123 825 3157 tna,
852 3117 939 3149 mlvi·
963 3121 1255 3152 2>ae'slsltlc'lllnruln
1277 3127 1353 3151 ltm-

663 3243 699 3268 ΙΗ
724 3243 731 3269 l
748 3243 771 3269 ’1.

409 3245 415 3258 ¹
439 3242 634 3272 imarum,
856 3244 1047 3272 1ΙΙ(’,ιιι,.κ,
1071 3246 1118 3270 13.

1208 3242 1533 3280 ''1³u,1xi,l,l.u¹·
1572 3256 1612 3275 Η,

1414 360 1605 409 quomodo
1637 359 1894 409 superioribus
1919 361 1986 397 ista
2015 361 2253 397 convenia-nt.
2279 361 2400 399 Semel

1417 434 1481 455 vos
1510 419 1783 455 commonuisse
1815 420 1993 465 sufficiat,
2015 434 2034 456 a
2056 420 2272 457 necessitate
2302 434 2399 457 con-

1416 479 1632 514 tinuationis
1661 476 1815 513 liberam
1844 491 1923 515 esse
1948 479 2066 527 legem
2099 479 2399 516 commendatio-

1415 537 1482 574 nis.
1507 541 1587 574 Non
1611 545 1710 573 tenet
1728 538 1881 581 seriem,
1905 537 1968 573 sed
1989 538 2106 574 utitur
2129 551 2218 586 vaga
2240 537 2398 574 licentia.

1414 595 1485 632 Ubi
1523 595 1671 632 laudum
1706 595 1800 631 ratio
1834 595 2010 641 vertitur,
2046 608 2122 631 non
2152 603 2276 644 potest
2306 595 2402 632 ordo

1415 654 1565 703 quidem
1596 654 1713 703 exigi;
1747 653 1812 690 sed
1844 667 1910 690 nec
1943 653 2054 690 debet
2079 654 2227 703 respui,
2255 654 2284 691 si
2312 654 2402 691 assi-

1415 712 1519 762 gnari
1553 720 1676 761 queat.
1710 716 1797 749 Post
1818 721 2095 761 unguentorum
2120 712 2248 749 laudes
2279 712 2401 749 statim

1416 769 1601 806 labiorum
1638 770 1753 819 gratia
1793 771 1982 819 profertur
2014 771 2051 806 in
2085 770 2262 807 medium.
2304 770 2402 818 Quid

1415 830 1513 865 cuim
1546 830 1635 874 scis,
1668 829 1695 864 si
1728 842 1802 865 uon
1828 829 1873 865 de
1897 830 2077 877 unguenti
2100 829 2237 865 virtute
2260 829 2338 865 haec
2362 829 2401 864 in

1415 887 1519 924 labiis
1555 888 1689 924 diffusa
1713 897 1767 924 est
1790 888 1931 937 gratia?
1957 888 2200 937 Evangelium
2227 887 2401 933 revolve,

1415 955 1451 982 et
1480 947 1619 995 aliquid
1653 947 1722 983 tale
1755 947 1800 982 (10
1838 959 1976 994 sponso
2010 946 2090 996 ipso
2121 945 2193 982 dici
2222 946 2400 982 invenies.

1371 1007 1396 1040 Β
1417 1008 1595 1054 Spiritus,
1629 1006 1768 1054 inquit,
1805 1008 1951 1039 Domitii
1982 1018 2092 1052 saper
2118 1018 2198 1051 me,
2232 1018 2274 1039 eo
2303 1006 2406 1052 qaod

1414 1071 1564 1101 unxerit
1579 1079 1635 1100 me
1652 1080 1661 1099 .·
1680 1066 1930 1113 evczngclizare
1943 1062 2173 1111 pauperibus
2192 1068 2290 1099 misit
2305 1077 2363 1099 me
2375 1063 2401 1099 3.

1415 1125 1593 1173 Oportuit
1625 1138 1714 1173 ergo
1748 1132 1785 1159 et
1817 1136 1992 1172 sponsam
2026 1123 2064 1158 in
2100 1123 2172 1158 hoc
2209 1122 2405 1159 assimilari

1416 1197 1575 1232 sponso,
1599 1193 1639 1220 ut
1660 1192 1696 1220 et
1716 1184 1794 1232 ipsa
1817 1183 1854 1218 in
1881 1196 1975 1231 opus
2007 1182 2196 1231 Evangelii
2227 1182 2404 1218 unctione

1413 1243 1572 1291 Spiritus
1603 1251 1817 1291 ungeretur.
1852 1241 2013 1290 Spiritus
2044 1242 2143 1277 enini
2176 1249 2213 1277 et
2246 1241 2292 1277 ad
2324 1241 2404 1277 osli-

1413 1302 1510 1337 cium
1538 1302 1663 1350 ungit,
1681 1310 1717 1337 et
1733 1301 1779 1337 ad
1798 1300 2010 1337 efficaciam.
2032 1303 2245 1348 Utrumque
2274 1298 2321 1335 ab
2340 1299 2404 1335 illo

1413 1368 1485 1404 est,
1509 1368 1545 1395 et
1566 1360 1757 1396 ministerii
1778 1359 1939 1408 gradus,
1960 1367 1997 1395 et
2015 1359 2132 1407 gratia
2153 1358 2403 1395 ministrandi.

1415 1418 1500 1455 Sine
1520 1419 1636 1467 gratia
1656 1418 1792 1467 gradus
1815 1418 1957 1454 inutilis
1971 1445 1980 1462 ,
2003 1426 2040 1453 et
2066 1418 2146 1454 sine
2164 1417 2280 1466 gradu
2302 1430 2402 1466 prae-

1415 1484 1656 1525 sumptuosus
1677 1484 1732 1512 est
1760 1488 1848 1512 usus
1867 1476 2004 1524 gratiae.
2042 1476 2232 1521 Quomodo
2255 1478 2404 1523 proetli-

1415 1535 1570 1580 cabant,
1592 1539 1665 1570 nisi
1685 1535 1934 1570 initianticfl?
1954 1542 2016 1570 aut
2039 1533 2231 1583 quomodo
2251 1534 2405 1570 mitten-

1417 1602 1496 1639 tur,
1520 1594 1589 1630 nisi
1609 1595 1823 1643 ungantur?
1843 1593 1937 1629 sicut
1953 1592 2132 1641 scriptum
2153 1599 2230 1636 est,
2249 1593 2404 1639 Spiritus

1416 1655 1565 1688 Domini
1588 1657 1698 1687 unz-it
1715 1666 1772 1687 me
1786 1666 1798 1695 ,⁴
1816 1654 2070 1699 evangelizare
2084 1649 2313 1698 pauperibus
2341 1654 2406 1685 mi—

1415 1715 1461 1747 sit
1479 1724 1547 1746 me.
1574 1711 1734 1760 Spiritus
1755 1710 1904 1746 ordinat
1924 1709 1963 1744 in
1983 1709 2146 1745 officium
2161 1736 2170 1753 ‚
2190 1708 2348 1757 Spiritus
2367 1716 2405 1744 et

1368 1768 1395 1804 C
1415 1783 1456 1806 os
1477 1769 1596 1818 aperit
1611 1796 1620 1813 ‚
1643 1777 1680 1804 et
1700 1769 1833 1804 format
1853 1768 1890 1803 in
1912 1780 2032 1803 usum.
2056 1766 2201 1803 Idcirco
2221 1766 2258 1801 in
2279 1765 2403 1801 laudi·

1414 1827 1484 1863 bus
1516 1840 1683 1876 sponsae,
1717 1827 1820 1875 prius
1851 1827 1925 1875 agit
1948 1826 1993 1862 de
2014 1825 2237 1874 unguentis,
2268 1824 2404 1860 deinde

1415 1886 1461 1922 de
1489 1886 1686 1922 dulcedine
1718 1885 1903 1921 labiorum
1938 1884 2038 1932 ejus3
2070 1884 2156 1932 quia
2184 1883 2251 1919 etsi
2281 1882 2404 1919 dulcia

1415 1943 1601 1992 loquitur,
1624 1956 1701 1980 non
1723 1944 1800 1992 ipsa
1822 1951 1876 1979 est
1893 1955 1976 1991 quae
1996 1941 2184 1990 loquitur,
2204 1940 2269 1977 sed
2285 1940 2404 1990 Spiri—

1416 2009 1475 2038 tus
1506 2002 1634 2051 sponsi
1663 2002 1727 2050 qui
1760 2002 1928 2050 loquitur
1959 2001 1996 2036 in
2023 2013 2078 2036 ea.
2113 2000 2284 2048 Denique
2317 1999 2404 2036 audi

1417 2060 1507 2109 quid
1539 2062 1618 2109 ipse
1648 2074 1809 2109 sponsus
1836 2064 1942 2097 Jesus
1975 2059 2174 2108 primitivae
2207 2058 2406 2108 pollicetur

1416 2132 1582 2168 sponsae,
1603 2119 1640 2155 id
1655 2127 1711 2155 est
1729 2119 1918 2168 Apostolis
1933 2147 1942 2162 ‚
1963 2118 2027 2167 qui
2044 2117 2226 2167 primitias
2245 2117 2407 2166 Spiritus

1415 2185 1642 2226 acceperunt
1666 2192 1673 2213 :
1697 2179 1799 2225 Egi),
1825 2177 1966 2224 inquit,
1986 2175 2080 2211 dabo
2102 2174 2202 2211 vobis
2227 2189 2266 2210 os
2287 2184 2323 2210 et
2342 2188 2406 2210 sa-

1410 2240 1592 2283 pientiam
1607 2264 1618 2280 ,
1643 2240 1700 2271 cui
1719 2250 1792 2271 non
1809 2244 1983 2283 poterunt
2002 2238 2164 2270 resistere
2183 2247 2308 2269 ornnes
2334 2236 2405 2269 ml-

1416 2298 1565 2329 versarii
1582 2299 1692 2329 vestri
1708 2293 1734 2329 ⁵.
1758 2298 1891 2342 Magna
1914 2293 2064 2342 quidem
2083 2294 2202 2329 virtus
2221 2293 2406 2330 sermonis

1419 2352 1557 2396 divini,
1576 2361 1612 2388 et
1629 2352 1867 2388 adversantes
1887 2352 2079 2387 revincere
2098 2359 2240 2400 potest,
2261 2359 2298 2387 et
2329 2363 2406 2387 non

1419 2411 1658 2447 adversantes
1689 2412 1850 2447 allicere.
1879 2414 1925 2446 Et
1947 2410 2018 2445 boc
2044 2410 2165 2458 ipsum
2193 2409 2239 2445 de
2266 2422 2407 2458 praeco-

1420 2469 1490 2505 niis
1516 2469 1595 2518 ejus
1614 2485 1621 2506 ε
1641 2470 1740 2518 quod
1765 2483 1865 2505 nune
1887 2469 1922 2505 in
1941 2468 2194 2517 disputatione
2222 2468 2404 2514 vertitur,

1369 2531 1401 2564 D
1419 2528 1464 2564 ad
1486 2527 1782 2565 blandimentum
1799 2528 1882 2578 plus
1900 2536 2065 2577 spectat,
2081 2540 2192 2575 quam
2213 2526 2259 2562 ad
2279 2526 2407 2563 redar-

1419 2587 1582 2634 gutionis
1615 2588 1801 2623 ellectum.
1835 2589 1950 2622 Favus
1978 2589 2162 2622 distillans
2195 2585 2298 2621 labia
2327 2595 2403 2622 tua.

1417 2646 1612 2681 Familiare
1646 2646 1797 2694 quidem
1830 2655 1883 2683 cst.
1919 2646 1992 2691 illi,
2025 2654 2061 2683 et
2094 2644 2199 2694 quasi
2238 2644 2407 2680 innatum

1418 2704 1540 2740 dulcia
1569 2706 1681 2753 loqui.
1706 2706 1741 2741 Si
1769 2705 1920 2754 quando
1946 2713 2069 2741 autem
2098 2705 2266 2752 increpat
2297 2703 2404 2748 dure,

1417 2764 1655 2812 peregrinum
1677 2764 1767 2799 illud
1788 2763 1834 2800 ab
1857 2778 1899 2800 ea
1915 2792 1924 2809 ‚
1948 2771 1984 2799 et
2007 2763 2053 2799 de
2089 2763 2198 2811 longe
2229 2761 2405 2807 ascitum,

1417 2831 1453 2858 et
1479 2836 1553 2858 nou
1581 2823 1751 2867 insitum,
1776 2837 1843 2859 nec
1871 2823 1921 2859 sic
1940 2830 1996 2858 est
2015 2822 2168 2865 assecta,
2203 2820 2267 2856 sed
2292 2821 2407 2869 inagis

1418 2890 1554 2917 com-tn.
1576 2884 1667 2918 Cum
1686 2882 1808 2917 dulcia
1829 2882 2017 2930 loquitur,
2040 2881 2086 2917 de
2106 2879 2270 2929 propriis
2287 2879 2408 2927 loqui-

1420 2948 1480 2976 tur
1502 2955 1508 2976 ε
1530 2953 1613 2976 cum
1645 2953 1733 2976 vero
1751 2941 1842 2976 dura
1859 2968 1867 2984 ,
1891 2953 1966 2975 non
1988 2939 2099 2975 babet
2123 2939 2193 2974 boc
2221 2937 2296 2973 oris
2325 2936 2407 2985 ejus

1419 2999 1595 3046 qualitas,
1611 2998 1673 3034 sed
1696 2998 1856 3047 pravitas
1877 2997 2120 3033 audientium.
2144 3000 2240 3044 Ergo
2260 2995 2306 3031 (10
2321 3009 2407 3044 pro-

1421 3057 1502 3105 prio
1519 3066 1555 3093 et
1577 3058 1622 3093 (le
1641 3057 1809 3092 familiari
1833 3055 1955 3091 laudat
1975 3068 2168 3104 sponsam,
2190 3068 2273 3090 eum
2297 3054 2402 3090 dicit:

1423 3118 1535 3150 favus
1561 3118 1745 3150 ‹lislilliiiet
1769 3114 1870 3149 labia
1897 3124 1972 3148 iiia.

2106 3238 2114 3257 '¹
2134 3241 2204 3267 Lus.
2226 3247 2304 3273 xxi,
2332 3240 2377 3266 Ιῐι4

1641 3247 1686 3271 is.
1769 3243 1881 3271 11ἱῡιιι4
1905 3251 1944 3277 x,
1975 3244 2021 3269 1,»,
