2418 3949
174 237 250 273 989

175 312 369 349 dissimum
393 320 450 350 est
477 312 680 357 decorata3
705 310 769 348 ubi
790 311 868 357 lex,
899 311 963 348 ubi
979 311 1069 360 jura
1107 323 1170 347 na-

928 237 993 271 DE
1023 237 1079 271 PA
1087 235 1253 272 SSIONE
1282 236 1436 271 nomm
1445 237 1472 270 Ι.

1181 309 1230 328 404

2147 234 2224 269 930

1247 328 1262 344 2»
1281 315 1336 347 Tu
1354 311 1472 347 sactus
1491 323 1531 348 es
1551 324 1635 361 spes
1652 310 1964 357 desiderantibus,
1982 324 2115 361 magna
2129 326 2224 350 con-

173 378 265 408 turae
290 371 451 409 abscissa
488 380 586 408 sunt.
620 374 703 408 Non
739 379 795 407 est
823 371 938 420 igitur
971 383 1147 421 magnum
1162 400 1171 417 ,
1192 376 1222 409 A
1245 387 1259 403 »
1281 371 1414 406 solatio
1430 371 1467 406 in
1483 368 1718 406 aeternum3?
1737 388 1751 403 »
1768 373 1799 407 O
1814 384 1925 420 quam
1944 370 2061 408 dulcis
2079 372 2223 411 fructus

172 431 202 467 si
227 432 307 468 sine
328 431 508 481 temporis
538 431 738 467 intervallo
763 430 875 466 flores
903 430 997 467 Vitis
1023 438 1162 466 nostrae

172 503 249 526 non
269 499 470 541 pereuntes
488 490 631 526 fructus
651 489 921 526 saluberrimus
937 497 1162 525 consecutus

171 558 238 586 est.
263 550 424 587 Protulit
439 562 525 586 eum
540 552 660 585 Mater
670 548 925 598 pulcherrima
937 548 1030 584 flore
1046 547 1162 596 virgi-

171 610 244 646 nali
270 623 346 646 non
366 609 514 660 perdito
528 637 538 654 ,
569 608 727 658 protulit
746 616 783 644 et
799 609 880 658 ipse
897 608 1060 644 fructum
1076 606 1162 643 red-

171 669 373 719 emptionis
401 677 539 705 nostrae
568 667 728 704 floribus
751 668 936 704 virtutum
960 680 1039 703 non
1060 679 1162 702 mar—

171 728 416 765 cescentibus.
434 731 509 764 Nec
530 736 655 763 tamen
679 735 781 762 caret
800 727 946 762 ratione
969 726 1162 762 maturitas

171 789 311 825 fructus
337 788 552 824 accelerata.
585 790 691 823 Patet
716 786 816 822 enim
840 786 928 835 quia
954 784 1160 822 secundum

169 854 412 896 augmentum
429 854 466 881 et
487 845 776 881 diminutionem
792 845 926 881 caloris
942 873 951 890 ,
970 844 1162 880 maturitas

169 905 311 941 fructus
328 905 385 940 vel
407 904 605 948 accelerat,
630 904 688 938 vel
706 903 838 939 tardat.
861 903 954 939 Vide
974 915 1062 951 ergo
1083 915 1163 938 ma—

167 963 405 1014 gnitudinem
439 962 592 1007 caloris,
625 961 702 997 imo
738 961 896 998 fervoris
931 962 970 998 in
999 961 1162 1011 patiente

167 1024 230 1074 pio
253 1027 342 1060 Jesu
357 1051 366 1068 ‚
395 1031 432 1059 et
453 1034 529 1058 non
550 1020 748 1057 miraberis
772 1020 915 1057 fructus
938 1021 995 1057 sui
1015 1021 1160 1057 accele—

166 1083 363 1120 rationem.
382 1081 549 1119 Ardebat
588 1080 935 1130 incomparabiliter
969 1080 1160 1117 charitatis
1183 1079 1208 1112 Β

166 1142 409 1188 intrinsecus,
439 1150 477 1177 et
507 1140 691 1190 passionis
722 1139 957 1176 extrinsecus
986 1140 1097 1189 igne,
1119 1148 1161 1176 ut

167 1202 328 1238 fructum
348 1209 486 1238 nostrae
506 1199 776 1249 redemptionis
796 1199 876 1235 sine
899 1212 1004 1234 mora
1022 1199 1161 1248 produ-

165 1269 279 1297 ceret.
307 1259 518 1297 Productus
537 1268 594 1295 est
613 1271 701 1307 ergo
731 1257 865 1294 botrus
893 1259 956 1295 ille
985 1257 1161 1308 optabilis

166 1320 311 1356 cunctis
330 1318 555 1356 Patriarchis
575 1326 612 1353 et
630 1317 828 1366 Prophetis
853 1317 1010 1366 aliisque
1025 1316 1157 1365 justis,

166 1379 308 1416 scilicet
328 1378 540 1428 redemptio
572 1385 702 1413 nostra
727 1391 734 1412 :
758 1390 871 1426 quem
894 1377 1058 1413 fructum
1086 1380 1159 1413 Ec—

165 1438 275 1474 clesia
295 1451 372 1474 non
393 1438 512 1474 solum
543 1450 590 1473 ex
616 1437 674 1473 his
702 1436 765 1485 qui
796 1445 884 1473 sunt
903 1435 973 1471 sub
991 1444 1160 1484 tempore

166 1498 292 1546 gratiae
303 1526 313 1543 ‚
332 1497 398 1534 sed
413 1510 435 1533 a
452 1496 583 1533 mundi
599 1496 786 1546 principio
797 1495 899 1544 juste
913 1504 1158 1544 congregata,

165 1558 312 1594 dulcem
331 1556 402 1594 sibi
419 1557 499 1592 sore
516 1556 737 1606 gratulatur,
759 1554 885 1591 dicens
901 1554 947 1591 de
965 1567 1105 1604 sponso
1121 1554 1159 1589 in

166 1618 321 1655 Cantico
335 1617 474 1654 amoris
486 1645 495 1661 ,
519 1616 594 1652 Sub
607 1616 732 1651 umbra
748 1618 807 1651 illi
812 1629 871 1659 us,
889 1629 997 1663 quem
1017 1616 1162 1650 deside-

169 1677 299 1712 rabam
309 1705 320 1722 ,
335 1679 414 1712 sedi
422 1691 435 1720 ,-
451 1685 485 1711 ee
495 1674 645 1724 fructus
661 1680 738 1720 esus
755 1677 875 1710 dulcis
888 1675 1029 1723 gutturi
1040 1687 1119 1708 meo
1134 1679 1158 1709 ¹.

222 1737 306 1773 162.
328 1735 426 1783 Quid
448 1736 583 1771 mirum
603 1762 613 1780 ,
644 1734 675 1771 si
698 1733 908 1782 redemptio
926 1732 1115 1781 justorum
1139 1745 1160 1768 a

165 1794 349 1832 diabolica
372 1794 571 1843 tyrannide
585 1822 594 1839 ‚
618 1806 636 1829 a
659 1792 823 1829 tenebris
842 1800 879 1828 et
898 1791 1033 1828 umbra
1053 1805 1158 1828 mor-

1228 430 1501 479 redemptionis
1516 430 1593 475 his,
1611 431 1675 479 qui
1692 431 1729 466 in
1749 439 1850 467 tanta
1866 439 1991 467 ettam
2007 444 2133 468 amara
2150 446 2224 470 ser-

1228 491 1346 526 vitute
1373 491 1522 526 fuerant
1551 491 1767 526 constituti!
1798 491 1867 528 Hic
1894 500 1950 528 est
1978 492 2144 538 fructus,
2176 493 2223 530 de

1227 563 1304 599 quo
1319 563 1481 599 sponsus
1503 551 1725 599 loquiturin
1743 552 1897 588 Cantico
1915 552 2054 588 amoris
2074 566 2082 588 ε
2105 556 2222 598 Dixi,

1228 612 1441 645 Ascemlmn
1458 615 1496 644 in
1514 613 1709 657 palmam,
1733 619 1769 646 et
1786 612 2064 659 apprehendam
2072 611 2224 659 fructus

1227 671 1345 714 ejus-¹.
1367 669 1465 715 Quid
1486 677 1541 705 est
1556 673 1594 703 ιή
1607 669 1804 716 palmam?
1819 674 1861 706 In
1878 683 2026 707 crucem
2046 671 2142 720 ejus,
2161 687 2224 710 cu—

1223 727 1288 776 jus
1299 740 1372 763 una
1387 740 1475 776 pars
1489 727 1536 763 de
1546 727 1682 764 arbore
1697 728 1830 777 palmae
1845 728 1980 765 dicitur
1992 730 2086 767 facta
2099 732 2221 769 fuisse.

1284 787 1369 823 163.
1398 790 1454 822 De
1481 795 1644 835 quatuor
1672 787 1771 822 enim
1805 788 2007 837 generibus
2043 789 2222 828 arborum

1229 847 1324 883 facta
1344 846 1456 882 fuisse
1475 846 1636 882 refertur
1656 861 1663 881 :
1688 846 1734 882 de
1754 860 1947 896 cypresso,
1966 848 2012 884 de
2031 849 2157 896 eedro,
2176 851 2222 888 de

1227 907 1346 951 oliva,
1375 905 1420 941 de
1449 905 1594 954 palmis.
1627 908 1834 955 Cypressus
1862 907 1900 942 in
1926 908 2137 956 profundo,
2162 923 2220 946 ce-

1228 965 1318 1002 drus
1344 965 1380 1000 in
1416 965 1554 1013 longo,
1586 964 1685 1000 oliva
1713 965 1750 1000 in
1790 966 1888 1011 alto,
1915 967 2039 1015 palma
2069 968 2107 1004 in
2134 969 2222 1006 lato.

1227 1024 1339 1062 Unde
1354 1023 1445 1060 dicit
1463 1024 1667 1072 Apostolus
1692 1038 1699 1059 ε

1227 1087 1314 1120 dere
1327 1097 1407 1119 cum
1428 1082 1757 1127 omnibussanrtis,
1782 1098 1868 1131 (μαῖ’
1887 1089 1936 1119 sit
1950 1087 2120 1131 latitudo,
2141 1090 2224 1123 lon-

1225 1144 1378 1193 gitudo,
1403 1141 1607 1177 sublimitas
1636 1150 1671 1176 el
1694 1140 1924 1189 profundum
1936 1141 1963 1178 ⁵.
1989 1144 2223 1181 Profundum

1225 1215 1316 1240 vero
1341 1202 1379 1237 in
1398 1213 1509 1237 cruce
1528 1209 1686 1237 vocatur
1704 1200 1797 1237 illud
1816 1201 1957 1250 lignum
1970 1231 1978 1247 ‚
2009 1203 2113 1252 quod
2133 1204 2223 1240 infi-

1226 1276 1317 1300 xum
1332 1269 1411 1297 erat
1430 1269 1538 1298 terrae
1561 1275 1568 1296 :
1586 1261 1624 1296 in
1646 1273 1722 1309 quo
1743 1259 1865 1296 stabat
1885 1261 2028 1308 lignum
2054 1271 2222 1299 erectum

1225 1329 1261 1357 et
1293 1319 1351 1356 cui
1383 1319 1536 1355 dorsum
1569 1318 1734 1354 crucifixi
1768 1319 1921 1354 Domini
1953 1320 2222 1369 applicandum

1225 1379 1345 1416 fuerat
1359 1409 1368 1425 ‚
1390 1377 1493 1427 quod
1513 1386 1567 1413 est
1583 1377 1704 1413 crucis
1724 1377 1935 1426 longitudo.
1952 1381 2112 1427 Lignum
2130 1394 2221 1417 vero

1226 1452 1270 1475 ex
1303 1446 1515 1473 transverso
1536 1437 1588 1472 illi
1615 1437 1854 1485 appositum,
1878 1438 1937 1473 cui
1963 1451 2096 1476 manus
2116 1449 2223 1476 erant

1227 1499 1367 1543 affixae,
1393 1496 1552 1533 latitudo
1569 1497 1690 1532 crucis
1708 1497 1939 1533 nominatur.
1961 1498 2057 1534 Illud
2075 1507 2219 1544 autem,

1228 1557 1329 1607 quod
1359 1571 1379 1593 a
1405 1557 1524 1593 Pilato
1553 1557 1622 1592 fuit
1649 1556 1885 1605 appositum,
1918 1557 1956 1594 in
1985 1570 2062 1606 quo
2089 1559 2220 1596 titulus

1229 1616 1466 1665 triumphalis
1485 1615 1553 1651 fuit
1577 1615 1759 1664 scriptus,
1782 1615 1942 1652 altitudo
1963 1626 2215 1666 nuncupatur.

1228 1675 1377 1713 Habent
1409 1683 1532 1711 autem
1565 1674 1701 1710 horum
1734 1675 1919 1723 lignorum
1956 1676 2101 1724 singula
2134 1690 2219 1714 suas

1227 1735 1401 1784 mysticas
1421 1733 1713 1783 significationes
1728 1733 1936 1769 secundum
1953 1743 2105 1772 naturas
2121 1749 2218 1773 suas.

1225 1799 1431 1845 Cypressus
1445 1793 1543 1830 enim
1562 1794 1735 1829 timorem
1750 1794 1828 1829 sive
1840 1794 2088 1831 humilitatem
2104 1796 2219 1845 signi-

1729 1025 1775 1059 L'c
1784 1030 1968 1072 possimus
1987 1029 2225 1074 comprehen-

165 1855 211 1890 tis
224 1882 233 1900 ,
253 1867 274 1890 a
289 1867 437 1891 carcere
454 1853 651 1898 infernali,
673 1866 749 1901 quo
766 1852 900 1888 inclusi
919 1851 1155 1897 tenebantur,
1176 1854 1202 1889 C
1224 1855 1328 1899 fleat,
1349 1853 1413 1890 ubi
1428 1861 1483 1890 est
1500 1853 1607 1889 radix
1622 1853 1743 1889 crucis
1758 1882 1766 1898 ‚
1788 1867 1856 1903 per
1871 1867 1983 1903 quam
2003 1868 2078 1890 non
2096 1856 2216 1892 solum

165 1913 335 1950 reductio
368 1914 407 1950 in
434 1912 648 1963 paradisum
673 1940 682 1958 ,
714 1912 946 1961 Angelorum
980 1911 1157 1948 custodiae

163 1973 395 2022 deputatur?
429 1972 529 2020 Quid
558 1972 717 2016 mirum,
749 1971 985 2020 praesentiam
1021 1971 1158 2009 Christi

164 2032 277 2069 fuisse
299 2030 558 2068 delectabilem
580 2039 692 2079 atque
721 2031 907 2074 votivam,
929 2039 1033 2066 tanto
1061 2039 1157 2066 tem—

165 2105 257 2142 pore
274 2092 477 2142 exspectati
496 2104 538 2127 ac
569 2090 793 2126 desiderati?
819 2094 862 2126 In
889 2090 1038 2127 afflictis
1057 2091 1157 2126 enim

169 2151 283 2188 rebus
299 2151 512 2188 constitutis
530 2158 632 2186 tanto
653 2149 747 2186 solet
764 2162 844 2186 esse
859 2150 1000 2199 gratior
1018 2148 1156 2186 libera-

165 2211 258 2248 toris
271 2210 468 2255 adventus,
485 2217 627 2259 quanto
641 2209 753 2245 suerit
765 2208 979 2246 diuturnior
988 2209 1154 2245 afflictio.

163 2273 313 2318 Quanto
334 2270 434 2306 enim
457 2278 627 2318 tempore
647 2269 792 2318 primus
806 2268 901 2306 Abel
916 2268 1059 2317 justus,
1080 2270 1156 2319 pri—

163 2343 246 2366 mus
265 2337 418 2378 martyr,
439 2329 505 2378 qui
529 2341 594 2365 sua
613 2328 786 2378 passione
806 2329 952 2378 primus
971 2328 1153 2364 liberato—

162 2403 240 2426 rem
255 2389 509 2439 praefiguravit
522 2416 531 2432 ‚
551 2389 860 2437 exspectaverat?
878 2388 1155 2438 Quamdiuipse

163 2449 281 2486 Adam
301 2458 338 2485 et
359 2451 438 2485 Eva
459 2456 632 2498 parentes
654 2447 794 2493 nostri,
817 2447 940 2484 adhuc
971 2449 1083 2485 etiam
1116 2449 1155 2484 in

161 2508 308 2545 inferno
326 2508 487 2558 paradisi
506 2507 641 2558 gaudia
665 2506 714 2542 ad
742 2507 959 2543 memoriam
991 2508 1153 2545 invicem

162 2577 382 2603 revocantes
393 2595 403 2612 ,
423 2567 530 2604 istam
545 2566 843 2616 redemptionem
856 2567 1053 2603 sitiverant
1066 2580 1151 2604 cum

1224 1916 1315 1952 situs
1330 1913 1483 1950 humilis
1496 1942 1505 1958 ‚
1525 1912 1587 1949 sed
1603 1921 1733 1949 natura
1744 1912 1825 1961 ejus
1839 1915 2086 1964 exprimitur:
2106 1917 2193 1965 quia
2206 1945 2216 1960 ‚

1224 1983 1265 2011 ut
1281 1974 1428 2015 dieitur,
1456 1973 1557 2022 fugat
1577 1972 1694 2009 odore
1720 1982 1935 2023 serpentes,
1959 1974 1996 2010 id
2014 1983 2069 2011 est
2083 1974 2218 2013 diabo-

1223 2035 1280 2071 los
1302 2062 1312 2079 ,
1343 2046 1504 2082 quorum
1540 2033 1717 2083 proprius
1747 2033 1940 2070 character
1967 2034 2144 2083 superbia
2166 2034 2212 2071 ab

1223 2092 1445 2130 humilitatis
1463 2092 1601 2127 virtute
1623 2092 1783 2141 sugatur.
1804 2092 1945 2130 Cedrus
1967 2092 2081 2129 arbor
2097 2094 2217 2144 longi-

1225 2153 1354 2189 tudine
1379 2159 1560 2201 praestans
1580 2151 1661 2187 aliis
1691 2151 1912 2198 arboribus,
1941 2153 2216 2201 longitudinem

1222 2212 1356 2257 crucis,
1373 2211 1410 2247 id
1427 2219 1496 2255 est,
1515 2211 1832 2260 perseverantiam
1846 2211 2042 2260 significat,
2057 2213 2136 2249 sive
2153 2227 2217 2263 pa-

1223 2273 1402 2309 tientiam.
1423 2272 1590 2309 Naturali
1607 2272 1707 2308 enim
1723 2284 1788 2307 sua
1816 2273 1954 2308 virtute
1969 2272 2218 2322 approbatur,

1221 2332 1307 2382 quia
1326 2339 1382 2367 est
1397 2330 1507 2366 valde
1528 2329 1710 2366 durabilis
1731 2338 1767 2365 et
1799 2331 1990 2380 corrumpi
2015 2344 2059 2366 ex
2082 2340 2217 2369 natura

1221 2404 1297 2427 non
1319 2398 1456 2440 potest.
1484 2389 1592 2426 Oliva
1608 2402 1701 2425 vero
1719 2388 1832 2425 arbor
1851 2390 1976 2426 oleum
2003 2391 2217 2437 effundens,

1220 2463 1410 2500 perquam
1425 2448 1691 2485 misericordiae
1705 2461 1819 2498 opera
1834 2449 2106 2497 significantur,
2128 2451 2216 2487 cba-

1223 2510 1368 2545 ritatem
1390 2508 1593 2557 siguificat,
1616 2520 1701 2556 quse
1722 2506 1835 2543 arbor
1855 2506 1951 2544 bene
1977 2508 2214 2546 latitudinem

1221 2567 1332 2604 habet
1346 2567 1464 2603 crucis
1479 2581 1486 2602 :
1502 2567 1589 2615 quia
1607 2567 1677 2602 lata
1688 2575 1743 2602 est
1758 2566 1930 2611 charitas,
1949 2568 2153 2615 quzeetiam
2169 2569 2216 2605 ad

162 2627 243 2663 aliis
259 2627 398 2663 sanctis
417 2635 454 2663 et
469 2626 602 2675 justis,
629 2626 695 2675 qui
720 2639 760 2662 se
785 2625 1000 2663 liberandos
1026 2640 1157 2676 spera—
1175 2636 1206 2669 D
1225 2628 1398 2664 inimicos
1414 2626 1564 2662 extendi
1581 2626 1811 2676 praecipitur.
1831 2626 1955 2662 Palma
1977 2639 2091 2675 porro
2104 2626 2217 2663 arbor

162 2685 270 2722 bant?
285 2689 435 2733 Quanto
447 2693 556 2735 putas
568 2698 632 2721 eos
647 2685 853 2721 exsultasse
866 2685 1047 2735 tripudio,
1069 2700 1154 2723 cum

162 2745 224 2781 ille
240 2746 440 2781 crucifixus
453 2745 672 2789 adveniret,
693 2744 844 2793 Angelis
858 2744 1155 2794 praecedentibus

162 2813 199 2841 et
219 2803 489 2841 clamantibus:
520 2805 651 2839 Tollite
662 2813 797 2852 portas
810 2832 819 2848 ‚
836 2809 1046 2852 principes,
1070 2819 1154 2840 ves-

162 2872 238 2898 !ras
248 2877 261 2906 ;
280 2871 315 2898 et
334 2866 541 2906 elevamini,
556 2872 681 2910 portoe
694 2865 909 2907 aeternales,
934 2872 969 2898 et
988 2864 1155 2900 introibit

163 2935 232 2957 rea:
250 2923 436 2969 glorioe³i⁸
456 2925 605 2969 Quanta
627 2931 736 2971 putas
763 2936 828 2959 eos
845 2923 1034 2960 alacritate
1057 2937 1152 2959 con-

163 2981 324 3018 cinuisse
340 3009 349 3026 ,
371 2989 408 3017 ct
429 2982 605 3018 consonis
621 2981 752 3030 jubilis
767 2982 804 3018 in
826 2996 1066 3019 communem
1088 2984 1152 3019 lae-

163 3041 279 3077 titiam
301 3041 517 3090 prosiluisse
538 3055 579 3077 ac
605 3041 742 3078 dixisse
761 3056 768 3078 :
796 3060 810 3074 «
835 3041 1031 3079 Advenisti
1052 3043 1152 3079 ‹lesi-

166 3117 180 3132 »
209 3100 397 3146 derabilis,
414 3113 526 3149 quem
541 3101 851 3150 exspectabamus
866 3102 902 3138 in
918 3103 1097 3147 tenebris,
1113 3111 1151 3138 ut

166 3178 180 3191 »
205 3159 384 3197 educeres
403 3160 550 3196 vinctos
566 3160 612 3197 de
628 3161 812 3197 claustris.
832 3165 883 3198 Te
900 3170 1026 3197 nostra
1044 3175 1152 3197 voca—

166 3238 180 3251 »
205 3218 295 3256 bant
321 3220 503 3269 suspiria,
529 3228 562 3256 te
591 3220 690 3271 larga
717 3221 958 3270 requirebant
979 3222 1151 3257 lamenta.

211 3350 218 3365 ¹
239 3344 355 3375 (kiutie.
382 3356 427 3382 ιι,
452 3348 482 3374 3.
501 3364 537 3368 -·
565 3347 799 3383 Ῥ.<.ἰ1.λκιιιν
819 3349 851 3384 7,
868 3351 926 3377 9.-

982 3344 993 3366 3
1014 3347 1144 3376 l-*ct-Yt-u·
1167 3347 1195 3376 iu
1213 3347 1324 3377 (mitio
1341 3346 1490 3378 l‘auhali.
1508 3364 1547 3369 —-
1571 3346 1584 3372 θ’
1599 3346 1716 3377 (ἶῑιιιιίσ.
1733 3358 1743 3374 x
1756 3357 1776 3374 ιι
1792 3369 1799 3382 ,
1823 3349 1853 3376 8.
1872 3363 1911 3367 -->

1222 2687 1415 2722 victoriam
1433 2685 1644 2733 significans
1657 2713 1666 2728 ‚
1684 2684 1919 2720 altitudinem
1937 2685 2058 2721 crucis
2073 2686 2215 2734 optime

1221 2747 1404 2795 signifieat
1425 2757 1529 2794 spem
1550 2745 1596 2781 de
1617 2745 1790 2793 supernis
1810 2744 2022 2780 habendam
2041 2773 2049 2789 ,
2072 2758 2147 2781 non
2167 2745 2214 2782 ad

1221 2807 1347 2843 inlima
1370 2804 1669 2854 deprimendam.
1690 2807 1776 2839 llaee
1794 2803 1907 2840 arbor
1922 2803 2033 2840 habet
2052 2805 2087 2840 in
2107 2818 2148 2841 se
2167 2805 2214 2841 ti-

1222 2867 1340 2902 tulum
1358 2864 1622 2913 triumphalem
1648 2863 1828 2912 scriptum
1845 2893 1853 2907 ‚
1874 2864 1909 2899 in
1926 2877 2002 2913 quo
2023 2865 2215 2902 invenitur

1221 2925 1364 2960 fruetus
1381 2923 1514 2958 crucis.
1535 2923 1657 2958 Prima
1672 2922 1772 2957 enim
1791 2922 1906 2958 ‹lietio
1923 2931 1978 2958 est
1998 2927 2126 2968 Jesus,
2148 2937 2216 2973 per

1219 2998 1329 3033 quam
1351 2983 1572 3030 intelligitur
1594 2982 1772 3026 salvatio,
1803 2995 1887 3031 quae
1908 2982 2004 3017 idem
2027 2991 2081 3018 est
2111 2983 2214 3032 quod

1220 3043 1442 3092 redemptio.
1461 3045 1554 3078 Eece
1577 3042 1718 3077 fructus
1738 3042 1871 3077 crucis.
1895 3045 2097 3091 Propterea
2111 3043 2211 3078 euim

1218 3103 1386 3139 Christus
1406 3101 1606 3137 erueilixus
1623 3109 1699 3142 est,
1729 3109 1769 3136 ut
1787 3100 1985 3136 redimeret
2004 3101 2207 3137 hominem.

1219 3160 1329 3209 Quod
1343 3169 1466 3196 autem
1485 3161 1533 3196 ait
1549 3188 1557 3203 ‚
1579 3149 1788 3196 Ascssndam
1806 3165 1844 3194 ιη
1858 3163 2027 3207 palmam
2041 3188 2050 3201 ,
2071 3174 2089 3195 a
2107 3169 2213 3209 parte

1221 3220 1342 3257 erucis
1371 3228 1484 3256 totam
1519 3233 1667 3255 erucem
1698 3219 1932 3268 significavit.
1960 3222 1999 3255 Et
2033 3218 2128 3255 bene
2148 3233 2215 3269 per

1932 3344 1942 3365 5
1961 3344 2069 3386 [phes.
2087 3357 2138 3378 ιιι,
2164 3350 2212 3376 ts.
