<?xml version="1.0" encoding="UTF-8"?>
<!DOCTYPE html PUBLIC "-//W3C//DTD XHTML 1.0 Transitional//EN"
    "http://www.w3.org/TR/xhtml1/DTD/xhtml1-transitional.dtd">
<html xmlns="http://www.w3.org/1999/xhtml" xml:lang="en" lang="en">
 <head>
  <title>
</title>
<meta http-equiv="Content-Type" content="text/html;charset=utf-8" />
  <meta name='ocr-system' content='tesseract 3.04.00' />
  <meta name='ocr-capabilities' content='ocr_page ocr_carea ocr_par ocr_line ocrx_word'/>
</head>
<body>
  <div class='ocr_page' id='page_1' title='image "./operaomniapostho05bern_0688.png"; bbox 0 0 2504 3928; ppageno 0'>
   <div class='ocr_carea' id='block_1_1' title="bbox 351 214 444 248">
    <p class='ocr_par' dir='ltr' id='par_1_1' title="bbox 351 214 444 248">
     <span class='ocr_line' id='line_1_1' title="bbox 351 214 444 248; baseline -0.022 0"><span class='ocrx_word' id='word_1_1' title='bbox 351 214 358 248; x_wconf 93' lang='lat' dir='ltr'>l</span> <span class='ocrx_word' id='word_1_2' title='bbox 370 215 390 247; x_wconf 66' lang='lat'>3</span> <span class='ocrx_word' id='word_1_3' title='bbox 396 214 416 246; x_wconf 70' lang='grc' dir='ltr'>Ῑ)</span> <span class='ocrx_word' id='word_1_4' title='bbox 423 215 444 247; x_wconf 72' lang='lat'>⁸.)</span> 
     </span>
    </p>
   </div>
   <div class='ocr_carea' id='block_1_2' title="bbox 861 210 1858 253">
    <p class='ocr_par' dir='ltr' id='par_1_2' title="bbox 861 210 1858 253">
     <span class='ocr_line' id='line_1_2' title="bbox 861 210 1858 253; baseline -0.003 -8"><span class='ocrx_word' id='word_1_5' title='bbox 861 212 925 245; x_wconf 74' lang='lat' dir='ltr'>Ab</span> <span class='ocrx_word' id='word_1_6' title='bbox 957 212 996 244; x_wconf 79' lang='grc' dir='ltr'>Β.</span> <span class='ocrx_word' id='word_1_7' title='bbox 1028 211 1285 253; x_wconf 67' lang='lat' dir='ltr'>vtuulNEM,</span> <span class='ocrx_word' id='word_1_8' title='bbox 1317 212 1479 245; x_wconf 61' lang='lat' dir='ltr'>stiam)</span> <span class='ocrx_word' id='word_1_9' title='bbox 1510 210 1858 245; x_wconf 50' lang='lat' dir='ltr'>PANEGYRlCtJS.</span> 
     </span>
    </p>
   </div>
   <div class='ocr_carea' id='block_1_3' title="bbox 340 285 1371 334">
    <p class='ocr_par' dir='ltr' id='par_1_3' title="bbox 340 285 1371 334">
     <span class='ocr_line' id='line_1_3' title="bbox 340 285 1371 334; baseline -0.002 -10"><span class='ocrx_word' id='word_1_10' title='bbox 340 297 425 324; x_wconf 90' lang='lat' dir='ltr'>suut</span> <span class='ocrx_word' id='word_1_11' title='bbox 447 287 621 334; x_wconf 68' lang='lat' dir='ltr'>loquehe,</span> <span class='ocrx_word' id='word_1_12' title='bbox 646 297 766 333; x_wconf 89' lang='lat' dir='ltr'>neque</span> <span class='ocrx_word' id='word_1_13' title='bbox 783 297 976 319; x_wconf 85' lang='lat' dir='ltr'>sermones</span> <span class='ocrx_word' id='word_1_14' title='bbox 996 285 1032 319; x_wconf 92' lang='lat' dir='ltr'>in</span> <span class='ocrx_word' id='word_1_15' title='bbox 1053 285 1155 320; x_wconf 93' lang='lat' dir='ltr'>omni</span> <span class='ocrx_word' id='word_1_16' title='bbox 1180 286 1329 322; x_wconf 84' lang='lat' dir='ltr'>natione</span> <span class='ocrx_word' id='word_1_17' title='bbox 1341 285 1371 302; x_wconf 74' lang='lat'>⁶⁹</span> 
     </span>
    </p>
   </div>
   <div class='ocr_carea' id='block_1_4' title="bbox 2288 208 2386 243">
    <p class='ocr_par' dir='ltr' id='par_1_4' title="bbox 2288 208 2386 243">
     <span class='ocr_line' id='line_1_4' title="bbox 2288 208 2386 243; baseline 0 -1"><span class='ocrx_word' id='word_1_18' title='bbox 2288 208 2386 243; x_wconf 78' lang='lat'><strong>1360</strong></span> 
     </span>
    </p>
   </div>
   <div class='ocr_carea' id='block_1_5' title="bbox 1375 283 2382 334">
    <p class='ocr_par' dir='ltr' id='par_1_5' title="bbox 1375 283 2382 334">
     <span class='ocr_line' id='line_1_5' title="bbox 1375 283 2382 334; baseline -0.001 -14"><span class='ocrx_word' id='word_1_19' title='bbox 1375 285 1536 320; x_wconf 73' lang='lat' dir='ltr'>‘’nosti-:e</span> <span class='ocrx_word' id='word_1_20' title='bbox 1560 285 1636 334; x_wconf 82' lang='lat' dir='ltr'>ipse</span> <span class='ocrx_word' id='word_1_21' title='bbox 1665 286 1793 329; x_wconf 85' lang='lat' dir='ltr'>lieret,</span> <span class='ocrx_word' id='word_1_22' title='bbox 1824 284 2003 320; x_wconf 81' lang='lat' dir='ltr'>innocens</span> <span class='ocrx_word' id='word_1_23' title='bbox 2032 296 2100 332; x_wconf 85' lang='lat' dir='ltr'>pro</span> <span class='ocrx_word' id='word_1_24' title='bbox 2123 283 2382 332; x_wconf 87' lang='lat' dir='ltr'>peccatoribus</span> 
     </span>
    </p>
   </div>
   <div class='ocr_carea' id='block_1_6' title="bbox 341 341 2388 394">
    <p class='ocr_par' dir='ltr' id='par_1_6' title="bbox 341 341 2388 394">
     <span class='ocr_line' id='line_1_6' title="bbox 341 341 2388 394; baseline -0.002 -13"><span class='ocrx_word' id='word_1_25' title='bbox 341 360 424 394; x_wconf 76' lang='lat' dir='ltr'>qna·</span> <span class='ocrx_word' id='word_1_26' title='bbox 441 345 510 380; x_wconf 77' lang='lat' dir='ltr'>sub</span> <span class='ocrx_word' id='word_1_27' title='bbox 529 344 622 378; x_wconf 63' lang='lat' dir='ltr'>melo</span> <span class='ocrx_word' id='word_1_28' title='bbox 641 352 693 377; x_wconf 72' lang='lat' dir='ltr'>est</span> <span class='ocrx_word' id='word_1_29' title='bbox 708 371 716 387; x_wconf 92' lang='lat'>‚</span> <span class='ocrx_word' id='word_1_30' title='bbox 734 341 870 390; x_wconf 78' lang='lat' dir='ltr'>quibus</span> <span class='ocrx_word' id='word_1_31' title='bbox 885 342 1094 391; x_wconf 77' lang='lat' dir='ltr'>amplitudo</span> <span class='ocrx_word' id='word_1_32' title='bbox 1115 343 1242 391; x_wconf 66' lang='lat' dir='ltr'>gloria*</span> <span class='ocrx_word' id='word_1_33' title='bbox 1260 351 1331 379; x_wconf 72' lang='lat' dir='ltr'>ture</span> <span class='ocrx_word' id='word_1_34' title='bbox 1351 351 1380 385; x_wconf 82' lang='grc' dir='ltr'>Α</span> <span class='ocrx_word' id='word_1_35' title='bbox 1400 352 1569 379; x_wconf 86' lang='lat' dir='ltr'>mortuus</span> <span class='ocrx_word' id='word_1_36' title='bbox 1589 351 1654 378; x_wconf 90' lang='lat' dir='ltr'>est.</span> <span class='ocrx_word' id='word_1_37' title='bbox 1681 346 1725 379; x_wconf 83' lang='lat' dir='ltr'>Et</span> <span class='ocrx_word' id='word_1_38' title='bbox 1746 343 1829 390; x_wconf 92' lang='lat' dir='ltr'>quis</span> <span class='ocrx_word' id='word_1_39' title='bbox 1854 351 1924 378; x_wconf 87' lang='lat' dir='ltr'>tam</span> <span class='ocrx_word' id='word_1_40' title='bbox 1951 341 2127 386; x_wconf 88' lang='lat' dir='ltr'>idoneus,</span> <span class='ocrx_word' id='word_1_41' title='bbox 2152 349 2192 377; x_wconf 90' lang='lat' dir='ltr'>ut</span> <span class='ocrx_word' id='word_1_42' title='bbox 2211 342 2388 390; x_wconf 89' lang='lat' dir='ltr'>loquatur</span> 
     </span>
    </p>
   </div>
   <div class='ocr_carea' id='block_1_7' title="bbox 342 401 1334 1039">
    <p class='ocr_par' dir='ltr' id='par_1_7' title="bbox 342 401 1334 1039">
     <span class='ocr_line' id='line_1_7' title="bbox 344 401 1334 452; baseline -0.003 -12"><span class='ocrx_word' id='word_1_43' title='bbox 344 405 388 440; x_wconf 85' lang='lat' dir='ltr'>ad</span> <span class='ocrx_word' id='word_1_44' title='bbox 409 404 560 452; x_wconf 86' lang='lat' dir='ltr'>plenum</span> <span class='ocrx_word' id='word_1_45' title='bbox 586 402 703 437; x_wconf 71' lang='lat' dir='ltr'>xaleat</span> <span class='ocrx_word' id='word_1_46' title='bbox 725 401 914 450; x_wconf 78' lang='lat' dir='ltr'>explicari.</span> <span class='ocrx_word' id='word_1_47' title='bbox 933 406 964 437; x_wconf 94' lang='grc'>()</span> <span class='ocrx_word' id='word_1_48' title='bbox 986 414 1139 449; x_wconf 71' lang='lat' dir='ltr'>magna,</span> <span class='ocrx_word' id='word_1_49' title='bbox 1160 416 1182 436; x_wconf 89' lang='lat' dir='ltr'>o</span> <span class='ocrx_word' id='word_1_50' title='bbox 1203 403 1262 451; x_wconf 89' lang='lat' dir='ltr'>pia</span> <span class='ocrx_word' id='word_1_51' title='bbox 1282 430 1290 445; x_wconf 94' lang='lat'>,</span> <span class='ocrx_word' id='word_1_52' title='bbox 1311 416 1334 437; x_wconf 89' lang='lat' dir='ltr'>o</span> 
     </span>
     <span class='ocr_line' id='line_1_8' title="bbox 345 461 1333 509; baseline -0.001 -11"><span class='ocrx_word' id='word_1_53' title='bbox 345 464 502 498; x_wconf 90' lang='lat' dir='ltr'>multum</span> <span class='ocrx_word' id='word_1_54' title='bbox 525 461 694 497; x_wconf 83' lang='lat' dir='ltr'>amabilis</span> <span class='ocrx_word' id='word_1_55' title='bbox 727 461 859 495; x_wconf 73' lang='lat' dir='ltr'>Maria!</span> <span class='ocrx_word' id='word_1_56' title='bbox 891 469 927 496; x_wconf 91' lang='lat' dir='ltr'>tu</span> <span class='ocrx_word' id='word_1_57' title='bbox 951 473 1018 495; x_wconf 86' lang='lat' dir='ltr'>nec</span> <span class='ocrx_word' id='word_1_58' title='bbox 1049 462 1232 497; x_wconf 88' lang='lat' dir='ltr'>nominari</span> <span class='ocrx_word' id='word_1_59' title='bbox 1249 463 1333 509; x_wconf 85' lang='lat' dir='ltr'>qui-</span> 
     </span>
     <span class='ocr_line' id='line_1_9' title="bbox 344 519 1331 569; baseline 0 -13"><span class='ocrx_word' id='word_1_60' title='bbox 344 522 428 557; x_wconf 82' lang='lat' dir='ltr'>‹lem</span> <span class='ocrx_word' id='word_1_61' title='bbox 448 529 575 569; x_wconf 72' lang='lat' dir='ltr'>potes,</span> <span class='ocrx_word' id='word_1_62' title='bbox 595 521 686 568; x_wconf 90' lang='lat' dir='ltr'>quin</span> <span class='ocrx_word' id='word_1_63' title='bbox 711 519 915 562; x_wconf 83' lang='lat' dir='ltr'>aeeen‹las;</span> <span class='ocrx_word' id='word_1_64' title='bbox 945 532 1012 555; x_wconf 88' lang='lat' dir='ltr'>nee</span> <span class='ocrx_word' id='word_1_65' title='bbox 1041 520 1194 568; x_wconf 68' lang='lat' dir='ltr'>eogitari</span> <span class='ocrx_word' id='word_1_66' title='bbox 1209 548 1218 564; x_wconf 91' lang='lat'>,</span> <span class='ocrx_word' id='word_1_67' title='bbox 1240 521 1331 569; x_wconf 89' lang='lat' dir='ltr'>quin</span> 
     </span>
     <span class='ocr_line' id='line_1_10' title="bbox 344 577 1331 628; baseline 0 -13"><span class='ocrx_word' id='word_1_68' title='bbox 344 592 489 616; x_wconf 82' lang='lat' dir='ltr'>recrees</span> <span class='ocrx_word' id='word_1_69' title='bbox 518 580 672 614; x_wconf 72' lang='lat' dir='ltr'>alt‘eetus</span> <span class='ocrx_word' id='word_1_70' title='bbox 709 577 942 626; x_wconf 75' lang='lat' dir='ltr'>diligentium</span> <span class='ocrx_word' id='word_1_71' title='bbox 969 586 1002 613; x_wconf 86' lang='lat' dir='ltr'>te</span> <span class='ocrx_word' id='word_1_72' title='bbox 1034 593 1040 614; x_wconf 90' lang='lat'>:</span> <span class='ocrx_word' id='word_1_73' title='bbox 1068 587 1106 614; x_wconf 88' lang='lat' dir='ltr'>tu</span> <span class='ocrx_word' id='word_1_74' title='bbox 1139 592 1331 628; x_wconf 86' lang='lat' dir='ltr'>nunquam</span> 
     </span>
     <span class='ocr_line' id='line_1_11' title="bbox 344 636 1333 687; baseline -0.001 -13"><span class='ocrx_word' id='word_1_75' title='bbox 344 639 423 674; x_wconf 78' lang='lat' dir='ltr'>sine</span> <span class='ocrx_word' id='word_1_76' title='bbox 440 638 636 673; x_wconf 85' lang='lat' dir='ltr'>duleediue</span> <span class='ocrx_word' id='word_1_77' title='bbox 652 637 830 672; x_wconf 64' lang='lat' dir='ltr'>‹liviuitus</span> <span class='ocrx_word' id='word_1_78' title='bbox 851 636 915 672; x_wconf 87' lang='lat' dir='ltr'>tibi</span> <span class='ocrx_word' id='word_1_79' title='bbox 932 637 1040 673; x_wconf 87' lang='lat' dir='ltr'>insita</span> <span class='ocrx_word' id='word_1_80' title='bbox 1058 638 1127 687; x_wconf 82' lang='lat' dir='ltr'>piae</span> <span class='ocrx_word' id='word_1_81' title='bbox 1144 639 1333 675; x_wconf 72' lang='lat' dir='ltr'>memoriae</span> 
     </span>
     <span class='ocr_line' id='line_1_12' title="bbox 342 695 1332 745; baseline 0.001 -14"><span class='ocrx_word' id='word_1_82' title='bbox 342 705 469 745; x_wconf 79' lang='lat' dir='ltr'>portas</span> <span class='ocrx_word' id='word_1_83' title='bbox 490 695 707 742; x_wconf 67' lang='lat' dir='ltr'>ingrederis.</span> <span class='ocrx_word' id='word_1_84' title='bbox 737 697 780 730; x_wconf 63' lang='lat' dir='ltr'>lit</span> <span class='ocrx_word' id='word_1_85' title='bbox 805 708 903 730; x_wconf 90' lang='lat' dir='ltr'>nunc</span> <span class='ocrx_word' id='word_1_86' title='bbox 920 695 1114 743; x_wconf 82' lang='lat' dir='ltr'>sequimur</span> <span class='ocrx_word' id='word_1_87' title='bbox 1133 705 1166 732; x_wconf 92' lang='lat' dir='ltr'>te</span> <span class='ocrx_word' id='word_1_88' title='bbox 1185 725 1194 742; x_wconf 93' lang='lat'>,</span> <span class='ocrx_word' id='word_1_89' title='bbox 1212 711 1234 731; x_wconf 96' lang='lat' dir='ltr'>o</span> <span class='ocrx_word' id='word_1_90' title='bbox 1255 700 1332 732; x_wconf 89' lang='lat' dir='ltr'>Do-</span> 
     </span>
     <span class='ocr_line' id='line_1_13' title="bbox 345 754 1330 803; baseline 0.001 -12"><span class='ocrx_word' id='word_1_91' title='bbox 345 756 470 799; x_wconf 82' lang='lat' dir='ltr'>mina,</span> <span class='ocrx_word' id='word_1_92' title='bbox 501 769 545 790; x_wconf 78' lang='lat' dir='ltr'>ex</span> <span class='ocrx_word' id='word_1_93' title='bbox 572 755 655 790; x_wconf 88' lang='lat' dir='ltr'>totis</span> <span class='ocrx_word' id='word_1_94' title='bbox 681 754 899 803; x_wconf 61' lang='lat' dir='ltr'>prawordiis</span> <span class='ocrx_word' id='word_1_95' title='bbox 928 755 1176 791; x_wconf 75' lang='lat' dir='ltr'>vociferantes</span> <span class='ocrx_word' id='word_1_96' title='bbox 1197 756 1242 792; x_wconf 85' lang='lat' dir='ltr'>ad</span> <span class='ocrx_word' id='word_1_97' title='bbox 1266 765 1300 792; x_wconf 90' lang='lat' dir='ltr'>te</span> <span class='ocrx_word' id='word_1_98' title='bbox 1323 771 1330 792; x_wconf 91' lang='lat'>:</span> 
     </span>
     <span class='ocr_line' id='line_1_14' title="bbox 343 813 1334 864; baseline 0 -14"><span class='ocrx_word' id='word_1_99' title='bbox 343 815 479 863; x_wconf 66' lang='lat' dir='ltr'>adjuva</span> <span class='ocrx_word' id='word_1_100' title='bbox 505 813 797 849; x_wconf 86' lang='lat' dir='ltr'>imbeeillitatem</span> <span class='ocrx_word' id='word_1_101' title='bbox 830 822 1024 858; x_wconf 88' lang='lat' dir='ltr'>nostram,</span> <span class='ocrx_word' id='word_1_102' title='bbox 1055 815 1160 850; x_wconf 87' lang='lat' dir='ltr'>auser</span> <span class='ocrx_word' id='word_1_103' title='bbox 1192 828 1334 864; x_wconf 89' lang='lat' dir='ltr'>oppro-</span> 
     </span>
     <span class='ocr_line' id='line_1_15' title="bbox 342 872 1333 923; baseline 0.001 -14"><span class='ocrx_word' id='word_1_104' title='bbox 342 874 465 909; x_wconf 88' lang='lat' dir='ltr'>brium</span> <span class='ocrx_word' id='word_1_105' title='bbox 487 881 669 908; x_wconf 87' lang='lat' dir='ltr'>nostrum.</span> <span class='ocrx_word' id='word_1_106' title='bbox 692 872 801 908; x_wconf 65' lang='lat' dir='ltr'>Vides</span> <span class='ocrx_word' id='word_1_107' title='bbox 817 873 913 908; x_wconf 79' lang='lat' dir='ltr'>lianc</span> <span class='ocrx_word' id='word_1_108' title='bbox 940 873 1102 909; x_wconf 86' lang='lat' dir='ltr'>tunicam</span> <span class='ocrx_word' id='word_1_109' title='bbox 1125 874 1333 923; x_wconf 87' lang='lat' dir='ltr'>pelliceam,</span> 
     </span>
     <span class='ocr_line' id='line_1_16' title="bbox 343 931 1332 982; baseline 0 -14"><span class='ocrx_word' id='word_1_110' title='bbox 343 946 427 981; x_wconf 69' lang='lat' dir='ltr'>quse</span> <span class='ocrx_word' id='word_1_111' title='bbox 449 945 517 967; x_wconf 87' lang='lat' dir='ltr'>nos</span> <span class='ocrx_word' id='word_1_112' title='bbox 534 931 794 968; x_wconf 86' lang='lat' dir='ltr'>circumdedit.</span> <span class='ocrx_word' id='word_1_113' title='bbox 815 932 955 968; x_wconf 79' lang='lat' dir='ltr'>Tunica</span> <span class='ocrx_word' id='word_1_114' title='bbox 975 935 1062 968; x_wconf 74' lang='lat' dir='ltr'>Evae</span> <span class='ocrx_word' id='word_1_115' title='bbox 1082 933 1246 982; x_wconf 88' lang='lat' dir='ltr'>parentis</span> <span class='ocrx_word' id='word_1_116' title='bbox 1261 947 1332 969; x_wconf 89' lang='lat' dir='ltr'>no-</span> 
     </span>
     <span class='ocr_line' id='line_1_17' title="bbox 343 990 1333 1039; baseline 0.001 -12"><span class='ocrx_word' id='word_1_117' title='bbox 343 1000 429 1027; x_wconf 74' lang='lat' dir='ltr'>strae</span> <span class='ocrx_word' id='word_1_118' title='bbox 459 992 536 1027; x_wconf 68' lang='lat' dir='ltr'>hsce</span> <span class='ocrx_word' id='word_1_119' title='bbox 569 1000 648 1036; x_wconf 79' lang='lat' dir='ltr'>est,</span> <span class='ocrx_word' id='word_1_120' title='bbox 675 1004 785 1039; x_wconf 88' lang='lat' dir='ltr'>quam</span> <span class='ocrx_word' id='word_1_121' title='bbox 814 990 860 1026; x_wconf 90' lang='lat' dir='ltr'>ad</span> <span class='ocrx_word' id='word_1_122' title='bbox 897 1004 965 1027; x_wconf 89' lang='lat' dir='ltr'>nos</span> <span class='ocrx_word' id='word_1_123' title='bbox 1001 992 1089 1027; x_wconf 89' lang='lat' dir='ltr'>olim</span> <span class='ocrx_word' id='word_1_124' title='bbox 1117 992 1249 1028; x_wconf 86' lang='lat' dir='ltr'>misera</span> <span class='ocrx_word' id='word_1_125' title='bbox 1272 993 1333 1028; x_wconf 91' lang='lat' dir='ltr'>illa</span> 
     </span>
    </p>
   </div>
   <div class='ocr_carea' id='block_1_8' title="bbox 1399 401 2393 1041">
    <p class='ocr_par' dir='ltr' id='par_1_8' title="bbox 1399 401 2393 1041">
     <span class='ocr_line' id='line_1_18' title="bbox 1401 401 2385 445; baseline -0.002 -7"><span class='ocrx_word' id='word_1_126' title='bbox 1401 403 1445 438; x_wconf 84' lang='lat' dir='ltr'>ad</span> <span class='ocrx_word' id='word_1_127' title='bbox 1475 415 1539 437; x_wconf 85' lang='lat' dir='ltr'>eor</span> <span class='ocrx_word' id='word_1_128' title='bbox 1557 401 1709 438; x_wconf 81' lang='lat' dir='ltr'>Domini</span> <span class='ocrx_word' id='word_1_129' title='bbox 1738 401 1856 437; x_wconf 85' lang='lat' dir='ltr'>nostri</span> <span class='ocrx_word' id='word_1_130' title='bbox 1882 405 1969 437; x_wconf 86' lang='lat' dir='ltr'>Jesu</span> <span class='ocrx_word' id='word_1_131' title='bbox 1996 401 2152 445; x_wconf 86' lang='lat' dir='ltr'>Christi,</span> <span class='ocrx_word' id='word_1_132' title='bbox 2181 409 2220 436; x_wconf 88' lang='lat' dir='ltr'>ut</span> <span class='ocrx_word' id='word_1_133' title='bbox 2241 409 2279 436; x_wconf 88' lang='lat' dir='ltr'>tu</span> <span class='ocrx_word' id='word_1_134' title='bbox 2302 401 2385 436; x_wconf 85' lang='lat' dir='ltr'>felix</span> 
     </span>
     <span class='ocr_line' id='line_1_19' title="bbox 1403 459 2389 508; baseline -0.001 -12"><span class='ocrx_word' id='word_1_135' title='bbox 1403 460 1538 505; x_wconf 78' lang='lat' dir='ltr'>Maria,</span> <span class='ocrx_word' id='word_1_136' title='bbox 1560 473 1643 508; x_wconf 82' lang='lat' dir='ltr'>quae</span> <span class='ocrx_word' id='word_1_137' title='bbox 1669 460 1704 495; x_wconf 89' lang='lat' dir='ltr'>in</span> <span class='ocrx_word' id='word_1_138' title='bbox 1727 460 1980 495; x_wconf 72' lang='lat' dir='ltr'>secretissimis</span> <span class='ocrx_word' id='word_1_139' title='bbox 2005 459 2237 508; x_wconf 73' lang='lat' dir='ltr'>amplexibus</span> <span class='ocrx_word' id='word_1_140' title='bbox 2258 472 2389 495; x_wconf 90' lang='lat' dir='ltr'>aman-</span> 
     </span>
     <span class='ocr_line' id='line_1_20' title="bbox 1401 518 2386 567; baseline 0 -13"><span class='ocrx_word' id='word_1_141' title='bbox 1401 520 1529 554; x_wconf 80' lang='lat' dir='ltr'>tissimi</span> <span class='ocrx_word' id='word_1_142' title='bbox 1552 519 1631 555; x_wconf 84' lang='lat' dir='ltr'>Filii</span> <span class='ocrx_word' id='word_1_143' title='bbox 1656 519 1706 554; x_wconf 88' lang='lat' dir='ltr'>tui</span> <span class='ocrx_word' id='word_1_144' title='bbox 1724 518 1881 554; x_wconf 85' lang='lat' dir='ltr'>recubas</span> <span class='ocrx_word' id='word_1_145' title='bbox 1900 519 1936 554; x_wconf 89' lang='lat' dir='ltr'>in</span> <span class='ocrx_word' id='word_1_146' title='bbox 1957 519 2110 555; x_wconf 88' lang='lat' dir='ltr'>meridie</span> <span class='ocrx_word' id='word_1_147' title='bbox 2135 519 2386 567; x_wconf 85' lang='lat' dir='ltr'>sempiterno,</span> 
     </span>
     <span class='ocr_line' id='line_1_21' title="bbox 1401 577 2389 627; baseline 0.001 -15"><span class='ocrx_word' id='word_1_148' title='bbox 1401 579 1556 627; x_wconf 74' lang='lat' dir='ltr'>ejusque</span> <span class='ocrx_word' id='word_1_149' title='bbox 1575 577 1860 613; x_wconf 76' lang='lat' dir='ltr'>familiarissimo</span> <span class='ocrx_word' id='word_1_150' title='bbox 1878 578 2066 626; x_wconf 87' lang='lat' dir='ltr'>colloquio</span> <span class='ocrx_word' id='word_1_151' title='bbox 2081 591 2164 613; x_wconf 91' lang='lat' dir='ltr'>cum</span> <span class='ocrx_word' id='word_1_152' title='bbox 2184 578 2293 626; x_wconf 87' lang='lat' dir='ltr'>plena</span> <span class='ocrx_word' id='word_1_153' title='bbox 2310 590 2389 613; x_wconf 91' lang='lat' dir='ltr'>cor-</span> 
     </span>
     <span class='ocr_line' id='line_1_22' title="bbox 1401 636 2387 685; baseline -0.001 -13"><span class='ocrx_word' id='word_1_154' title='bbox 1401 638 1456 672; x_wconf 81' lang='lat' dir='ltr'>dis</span> <span class='ocrx_word' id='word_1_155' title='bbox 1478 637 1601 672; x_wconf 65' lang='lat' dir='ltr'>laetitia</span> <span class='ocrx_word' id='word_1_156' title='bbox 1624 636 1852 685; x_wconf 79' lang='lat' dir='ltr'>perfrueris?</span> <span class='ocrx_word' id='word_1_157' title='bbox 1872 639 2043 685; x_wconf 82' lang='lat' dir='ltr'>Loquere</span> <span class='ocrx_word' id='word_1_158' title='bbox 2059 666 2069 681; x_wconf 93' lang='lat'><em>‚</em></span> <span class='ocrx_word' id='word_1_159' title='bbox 2100 637 2258 672; x_wconf 89' lang='lat' dir='ltr'>Domina</span> <span class='ocrx_word' id='word_1_160' title='bbox 2275 665 2284 681; x_wconf 96' lang='lat'>,</span> <span class='ocrx_word' id='word_1_161' title='bbox 2301 636 2387 685; x_wconf 86' lang='lat' dir='ltr'>quia</span> 
     </span>
     <span class='ocr_line' id='line_1_23' title="bbox 1399 696 2389 745; baseline -0.001 -13"><span class='ocrx_word' id='word_1_162' title='bbox 1399 696 1502 733; x_wconf 82' lang='lat' dir='ltr'>audit</span> <span class='ocrx_word' id='word_1_163' title='bbox 1525 696 1636 733; x_wconf 86' lang='lat' dir='ltr'>Filius</span> <span class='ocrx_word' id='word_1_164' title='bbox 1662 704 1768 741; x_wconf 87' lang='lat' dir='ltr'>tuus;</span> <span class='ocrx_word' id='word_1_165' title='bbox 1795 705 1831 731; x_wconf 89' lang='lat' dir='ltr'>ct</span> <span class='ocrx_word' id='word_1_166' title='bbox 1855 708 2101 745; x_wconf 70' lang='lat' dir='ltr'>quaecumque</span> <span class='ocrx_word' id='word_1_167' title='bbox 2122 696 2293 745; x_wconf 80' lang='lat' dir='ltr'>petieris,</span> <span class='ocrx_word' id='word_1_168' title='bbox 2317 696 2389 731; x_wconf 92' lang='lat' dir='ltr'>im-</span> 
     </span>
     <span class='ocr_line' id='line_1_24' title="bbox 1399 754 2391 805; baseline -0.001 -14"><span class='ocrx_word' id='word_1_169' title='bbox 1399 755 1572 805; x_wconf 88' lang='lat' dir='ltr'>petrabis.</span> <span class='ocrx_word' id='word_1_170' title='bbox 1615 759 1752 791; x_wconf 82' lang='lat' dir='ltr'>Invoca</span> <span class='ocrx_word' id='word_1_171' title='bbox 1795 754 1936 790; x_wconf 89' lang='lat' dir='ltr'>bonum</span> <span class='ocrx_word' id='word_1_172' title='bbox 1981 768 2119 791; x_wconf 88' lang='lat' dir='ltr'>nomen</span> <span class='ocrx_word' id='word_1_173' title='bbox 2158 754 2238 804; x_wconf 90' lang='lat' dir='ltr'>ejus</span> <span class='ocrx_word' id='word_1_174' title='bbox 2277 766 2391 804; x_wconf 86' lang='lat' dir='ltr'>super</span> 
     </span>
     <span class='ocr_line' id='line_1_25' title="bbox 1400 813 2392 863; baseline 0 -14"><span class='ocrx_word' id='word_1_175' title='bbox 1400 828 1489 860; x_wconf 89' lang='lat' dir='ltr'>nos,</span> <span class='ocrx_word' id='word_1_176' title='bbox 1513 823 1553 850; x_wconf 90' lang='lat' dir='ltr'>ut</span> <span class='ocrx_word' id='word_1_177' title='bbox 1574 827 1750 850; x_wconf 86' lang='lat' dir='ltr'>curemur</span> <span class='ocrx_word' id='word_1_178' title='bbox 1771 826 1790 849; x_wconf 91' lang='lat' dir='ltr'>a</span> <span class='ocrx_word' id='word_1_179' title='bbox 1811 822 1957 850; x_wconf 80' lang='lat' dir='ltr'>vetusta</span> <span class='ocrx_word' id='word_1_180' title='bbox 1988 814 2055 850; x_wconf 87' lang='lat' dir='ltr'>hac</span> <span class='ocrx_word' id='word_1_181' title='bbox 2080 814 2180 863; x_wconf 86' lang='lat' dir='ltr'>lepra</span> <span class='ocrx_word' id='word_1_182' title='bbox 2209 813 2330 849; x_wconf 88' lang='lat' dir='ltr'>carnis</span> <span class='ocrx_word' id='word_1_183' title='bbox 2354 821 2392 849; x_wconf 89' lang='lat' dir='ltr'>et</span> 
     </span>
     <span class='ocr_line' id='line_1_26' title="bbox 1403 872 2391 923; baseline -0.001 -14"><span class='ocrx_word' id='word_1_184' title='bbox 1403 874 1568 923; x_wconf 86' lang='lat' dir='ltr'>spiritus.</span> <span class='ocrx_word' id='word_1_185' title='bbox 1602 877 1767 921; x_wconf 75' lang='lat' dir='ltr'>Exsurge</span> <span class='ocrx_word' id='word_1_186' title='bbox 1784 879 1797 894; x_wconf 71' lang='lat'>‘¹</span> <span class='ocrx_word' id='word_1_187' title='bbox 1821 872 1921 909; x_wconf 83' lang='lat' dir='ltr'>virus</span> <span class='ocrx_word' id='word_1_188' title='bbox 1952 873 2023 909; x_wconf 87' lang='lat' dir='ltr'>boc</span> <span class='ocrx_word' id='word_1_189' title='bbox 2050 873 2283 909; x_wconf 83' lang='lat' dir='ltr'>mortiferum</span> <span class='ocrx_word' id='word_1_190' title='bbox 2309 872 2391 908; x_wconf 80' lang='lat' dir='ltr'>cxi-</span> 
     </span>
     <span class='ocr_line' id='line_1_27' title="bbox 1399 930 2392 982; baseline -0.003 -13"><span class='ocrx_word' id='word_1_191' title='bbox 1399 933 1571 969; x_wconf 89' lang='lat' dir='ltr'>nanitura</span> <span class='ocrx_word' id='word_1_192' title='bbox 1586 962 1594 978; x_wconf 90' lang='lat'>,</span> <span class='ocrx_word' id='word_1_193' title='bbox 1615 932 1716 982; x_wconf 87' lang='lat' dir='ltr'>quod</span> <span class='ocrx_word' id='word_1_194' title='bbox 1738 932 1783 968; x_wconf 88' lang='lat' dir='ltr'>‹le</span> <span class='ocrx_word' id='word_1_195' title='bbox 1805 933 1908 981; x_wconf 86' lang='lat' dir='ltr'>pomi</span> <span class='ocrx_word' id='word_1_196' title='bbox 1932 932 1989 969; x_wconf 88' lang='lat' dir='ltr'>sui</span> <span class='ocrx_word' id='word_1_197' title='bbox 2007 932 2172 981; x_wconf 85' lang='lat' dir='ltr'>reliquiis</span> <span class='ocrx_word' id='word_1_198' title='bbox 2189 935 2266 968; x_wconf 85' lang='lat' dir='ltr'>Eva</span> <span class='ocrx_word' id='word_1_199' title='bbox 2282 930 2392 967; x_wconf 89' lang='lat' dir='ltr'>nobis</span> 
     </span>
     <span class='ocr_line' id='line_1_28' title="bbox 1399 990 2393 1041; baseline -0.001 -15"><span class='ocrx_word' id='word_1_200' title='bbox 1399 992 1634 1041; x_wconf 77' lang='lat' dir='ltr'>propinavit,</span> <span class='ocrx_word' id='word_1_201' title='bbox 1652 991 1804 1040; x_wconf 88' lang='lat' dir='ltr'>quando</span> <span class='ocrx_word' id='word_1_202' title='bbox 1822 992 1922 1027; x_wconf 90' lang='lat' dir='ltr'>succi</span> <span class='ocrx_word' id='word_1_203' title='bbox 1948 992 2106 1027; x_wconf 80' lang='lat' dir='ltr'>noxialis</span> <span class='ocrx_word' id='word_1_204' title='bbox 2119 999 2229 1040; x_wconf 79' lang='lat' dir='ltr'>gustu</span> <span class='ocrx_word' id='word_1_205' title='bbox 2252 990 2393 1027; x_wconf 75' lang='lat' dir='ltr'>ebriata</span> 
     </span>
    </p>
   </div>
   <div class='ocr_carea' id='block_1_9' title="bbox 346 1049 2391 1100">
    <p class='ocr_par' dir='ltr' id='par_1_9' title="bbox 346 1049 2391 1100">
     <span class='ocr_line' id='line_1_29' title="bbox 346 1049 2391 1100; baseline -0 -13"><span class='ocrx_word' id='word_1_206' title='bbox 346 1051 564 1095; x_wconf 76' lang='lat' dir='ltr'>transmisit,</span> <span class='ocrx_word' id='word_1_207' title='bbox 598 1059 635 1086; x_wconf 86' lang='lat' dir='ltr'>et</span> <span class='ocrx_word' id='word_1_208' title='bbox 675 1051 942 1099; x_wconf 70' lang='lat' dir='ltr'>supervestivit</span> <span class='ocrx_word' id='word_1_209' title='bbox 978 1064 1127 1087; x_wconf 87' lang='lat' dir='ltr'>carnem</span> <span class='ocrx_word' id='word_1_210' title='bbox 1168 1052 1375 1088; x_wconf 85' lang='lat' dir='ltr'>liliorumB</span> <span class='ocrx_word' id='word_1_211' title='bbox 1395 1060 1468 1096; x_wconf 85' lang='lat' dir='ltr'>cst,</span> <span class='ocrx_word' id='word_1_212' title='bbox 1501 1059 1537 1087; x_wconf 88' lang='lat' dir='ltr'>et</span> <span class='ocrx_word' id='word_1_213' title='bbox 1569 1051 1742 1100; x_wconf 85' lang='lat' dir='ltr'>reliquias</span> <span class='ocrx_word' id='word_1_214' title='bbox 1775 1050 1913 1086; x_wconf 81' lang='lat' dir='ltr'>dimisit</span> <span class='ocrx_word' id='word_1_215' title='bbox 1940 1051 2106 1100; x_wconf 88' lang='lat' dir='ltr'>parvulis</span> <span class='ocrx_word' id='word_1_216' title='bbox 2132 1051 2219 1087; x_wconf 87' lang='lat' dir='ltr'>suis.</span> <span class='ocrx_word' id='word_1_217' title='bbox 2240 1049 2391 1087; x_wconf 84' lang='lat' dir='ltr'>Utinam</span> 
     </span>
    </p>
   </div>
   <div class='ocr_carea' id='block_1_10' title="bbox 345 1109 1340 1804">
    <p class='ocr_par' dir='ltr' id='par_1_10' title="bbox 345 1109 1340 1804">
     <span class='ocr_line' id='line_1_30' title="bbox 345 1109 1335 1158; baseline 0.003 -13"><span class='ocrx_word' id='word_1_218' title='bbox 345 1122 524 1154; x_wconf 85' lang='lat' dir='ltr'>suorum,</span> <span class='ocrx_word' id='word_1_219' title='bbox 555 1109 650 1145; x_wconf 89' lang='lat' dir='ltr'>sicut</span> <span class='ocrx_word' id='word_1_220' title='bbox 688 1109 876 1158; x_wconf 82' lang='lat' dir='ltr'>diploide,</span> <span class='ocrx_word' id='word_1_221' title='bbox 915 1110 1136 1146; x_wconf 80' lang='lat' dir='ltr'>confusione</span> <span class='ocrx_word' id='word_1_222' title='bbox 1168 1124 1244 1147; x_wconf 86' lang='lat' dir='ltr'>sua.</span> <span class='ocrx_word' id='word_1_223' title='bbox 1279 1115 1335 1148; x_wconf 85' lang='lat' dir='ltr'>De</span> 
     </span>
     <span class='ocr_line' id='line_1_31' title="bbox 346 1168 1336 1217; baseline 0.002 -14"><span class='ocrx_word' id='word_1_224' title='bbox 346 1181 458 1203; x_wconf 86' lang='lat' dir='ltr'>manu</span> <span class='ocrx_word' id='word_1_225' title='bbox 478 1168 620 1216; x_wconf 86' lang='lat' dir='ltr'>quippe</span> <span class='ocrx_word' id='word_1_226' title='bbox 647 1168 762 1216; x_wconf 83' lang='lat' dir='ltr'>ipsius</span> <span class='ocrx_word' id='word_1_227' title='bbox 787 1168 946 1217; x_wconf 87' lang='lat' dir='ltr'>duplicis</span> <span class='ocrx_word' id='word_1_228' title='bbox 975 1169 1060 1204; x_wconf 85' lang='lat' dir='ltr'>mali</span> <span class='ocrx_word' id='word_1_229' title='bbox 1087 1182 1213 1205; x_wconf 88' lang='lat' dir='ltr'>semen</span> <span class='ocrx_word' id='word_1_230' title='bbox 1238 1178 1336 1205; x_wconf 89' lang='lat' dir='ltr'>terra</span> 
     </span>
     <span class='ocr_line' id='line_1_32' title="bbox 347 1227 1336 1277; baseline 0.002 -15"><span class='ocrx_word' id='word_1_231' title='bbox 347 1236 475 1263; x_wconf 87' lang='lat' dir='ltr'>nostra</span> <span class='ocrx_word' id='word_1_232' title='bbox 510 1227 673 1276; x_wconf 76' lang='lat' dir='ltr'>suscepit</span> <span class='ocrx_word' id='word_1_233' title='bbox 705 1235 742 1262; x_wconf 88' lang='lat' dir='ltr'>ct</span> <span class='ocrx_word' id='word_1_234' title='bbox 774 1228 963 1276; x_wconf 79' lang='lat' dir='ltr'>concepit,</span> <span class='ocrx_word' id='word_1_235' title='bbox 985 1236 1020 1263; x_wconf 88' lang='lat' dir='ltr'>et</span> <span class='ocrx_word' id='word_1_236' title='bbox 1048 1229 1194 1277; x_wconf 70' lang='lat' dir='ltr'>peperit</span> <span class='ocrx_word' id='word_1_237' title='bbox 1227 1228 1336 1264; x_wconf 90' lang='lat' dir='ltr'>nobis</span> 
     </span>
     <span class='ocr_line' id='line_1_33' title="bbox 347 1285 1336 1335; baseline 0.002 -14"><span class='ocrx_word' id='word_1_238' title='bbox 347 1287 474 1335; x_wconf 87' lang='lat' dir='ltr'>spinas</span> <span class='ocrx_word' id='word_1_239' title='bbox 492 1294 527 1321; x_wconf 88' lang='lat' dir='ltr'>et</span> <span class='ocrx_word' id='word_1_240' title='bbox 543 1285 701 1321; x_wconf 85' lang='lat' dir='ltr'>tribulos</span> <span class='ocrx_word' id='word_1_241' title='bbox 726 1286 929 1334; x_wconf 85' lang='lat' dir='ltr'>iniquitatis</span> <span class='ocrx_word' id='word_1_242' title='bbox 955 1287 992 1322; x_wconf 91' lang='lat' dir='ltr'>in</span> <span class='ocrx_word' id='word_1_243' title='bbox 1014 1287 1158 1332; x_wconf 88' lang='lat' dir='ltr'>anima,</span> <span class='ocrx_word' id='word_1_244' title='bbox 1186 1288 1336 1323; x_wconf 89' lang='lat' dir='ltr'>calami—</span> 
     </span>
     <span class='ocr_line' id='line_1_34' title="bbox 347 1345 1335 1394; baseline 0.002 -14"><span class='ocrx_word' id='word_1_245' title='bbox 347 1345 431 1380; x_wconf 85' lang='lat' dir='ltr'>tatis</span> <span class='ocrx_word' id='word_1_246' title='bbox 450 1346 485 1380; x_wconf 92' lang='lat' dir='ltr'>in</span> <span class='ocrx_word' id='word_1_247' title='bbox 511 1358 689 1393; x_wconf 87' lang='lat' dir='ltr'>corpore,</span> <span class='ocrx_word' id='word_1_248' title='bbox 710 1358 750 1380; x_wconf 85' lang='lat' dir='ltr'>ac</span> <span class='ocrx_word' id='word_1_249' title='bbox 771 1358 838 1393; x_wconf 88' lang='lat' dir='ltr'>per</span> <span class='ocrx_word' id='word_1_250' title='bbox 857 1345 927 1380; x_wconf 85' lang='lat' dir='ltr'>hoc</span> <span class='ocrx_word' id='word_1_251' title='bbox 945 1354 1103 1381; x_wconf 87' lang='lat' dir='ltr'>mortem</span> <span class='ocrx_word' id='word_1_252' title='bbox 1122 1345 1335 1394; x_wconf 85' lang='lat' dir='ltr'>utrobique.</span> 
     </span>
     <span class='ocr_line' id='line_1_35' title="bbox 352 1402 1339 1440; baseline 0.001 -1"><span class='ocrx_word' id='word_1_253' title='bbox 352 1408 383 1439; x_wconf 90' lang='lat' dir='ltr'><em>O</em></span> <span class='ocrx_word' id='word_1_254' title='bbox 400 1403 526 1438; x_wconf 72' lang='lat' dir='ltr'>infelix</span> <span class='ocrx_word' id='word_1_255' title='bbox 547 1402 763 1437; x_wconf 75' lang='lat' dir='ltr'>lia-reditas!</span> <span class='ocrx_word' id='word_1_256' title='bbox 783 1416 805 1436; x_wconf 88' lang='lat' dir='ltr'>o</span> <span class='ocrx_word' id='word_1_257' title='bbox 835 1403 916 1438; x_wconf 86' lang='lat' dir='ltr'>dira</span> <span class='ocrx_word' id='word_1_258' title='bbox 942 1403 1113 1438; x_wconf 84' lang='lat' dir='ltr'>lmmanae</span> <span class='ocrx_word' id='word_1_259' title='bbox 1137 1405 1259 1439; x_wconf 85' lang='lat' dir='ltr'>carnis</span> <span class='ocrx_word' id='word_1_260' title='bbox 1283 1404 1339 1440; x_wconf 92' lang='lat' dir='ltr'>in-</span> 
     </span>
     <span class='ocr_line' id='line_1_36' title="bbox 352 1461 1339 1509; baseline 0.001 -13"><span class='ocrx_word' id='word_1_261' title='bbox 352 1462 528 1496; x_wconf 82' lang='lat' dir='ltr'>firmitas!</span> <span class='ocrx_word' id='word_1_262' title='bbox 552 1474 747 1508; x_wconf 88' lang='lat' dir='ltr'>usquequo</span> <span class='ocrx_word' id='word_1_263' title='bbox 764 1461 949 1509; x_wconf 85' lang='lat' dir='ltr'>patiemur</span> <span class='ocrx_word' id='word_1_264' title='bbox 968 1463 1026 1496; x_wconf 83' lang='lat' dir='ltr'>te?</span> <span class='ocrx_word' id='word_1_265' title='bbox 1050 1461 1208 1497; x_wconf 88' lang='lat' dir='ltr'>Multum</span> <span class='ocrx_word' id='word_1_266' title='bbox 1229 1461 1339 1498; x_wconf 90' lang='lat' dir='ltr'>dorsa</span> 
     </span>
     <span class='ocr_line' id='line_1_37' title="bbox 351 1519 1340 1571; baseline 0 -15"><span class='ocrx_word' id='word_1_267' title='bbox 351 1529 480 1571; x_wconf 86' lang='lat' dir='ltr'>nostra</span> <span class='ocrx_word' id='word_1_268' title='bbox 504 1520 726 1564; x_wconf 68' lang='lat' dir='ltr'>incurvasti,</span> <span class='ocrx_word' id='word_1_269' title='bbox 745 1520 832 1567; x_wconf 90' lang='lat' dir='ltr'>quia</span> <span class='ocrx_word' id='word_1_270' title='bbox 847 1519 971 1567; x_wconf 73' lang='lat' dir='ltr'>gravis</span> <span class='ocrx_word' id='word_1_271' title='bbox 994 1532 1033 1556; x_wconf 90' lang='lat' dir='ltr'>es</span> <span class='ocrx_word' id='word_1_272' title='bbox 1058 1519 1168 1555; x_wconf 78' lang='lat' dir='ltr'>valde</span> <span class='ocrx_word' id='word_1_273' title='bbox 1186 1547 1195 1564; x_wconf 94' lang='lat'>‚</span> <span class='ocrx_word' id='word_1_274' title='bbox 1220 1528 1257 1555; x_wconf 91' lang='lat' dir='ltr'>et</span> <span class='ocrx_word' id='word_1_275' title='bbox 1276 1520 1340 1556; x_wconf 86' lang='lat' dir='ltr'>diu</span> 
     </span>
     <span class='ocr_line' id='line_1_38' title="bbox 349 1576 1340 1627; baseline 0 -13"><span class='ocrx_word' id='word_1_276' title='bbox 349 1587 383 1614; x_wconf 87' lang='lat' dir='ltr'>te</span> <span class='ocrx_word' id='word_1_277' title='bbox 404 1577 662 1614; x_wconf 89' lang='lat' dir='ltr'>sustinuimus.</span> <span class='ocrx_word' id='word_1_278' title='bbox 681 1579 841 1614; x_wconf 87' lang='lat' dir='ltr'>Multum</span> <span class='ocrx_word' id='word_1_279' title='bbox 868 1577 1037 1614; x_wconf 88' lang='lat' dir='ltr'>minuisti</span> <span class='ocrx_word' id='word_1_280' title='bbox 1059 1590 1128 1614; x_wconf 91' lang='lat' dir='ltr'>nos</span> <span class='ocrx_word' id='word_1_281' title='bbox 1147 1576 1194 1613; x_wconf 90' lang='lat' dir='ltr'>ab</span> <span class='ocrx_word' id='word_1_282' title='bbox 1214 1582 1340 1627; x_wconf 81' lang='lat' dir='ltr'>Ange-</span> 
     </span>
     <span class='ocr_line' id='line_1_39' title="bbox 348 1636 1338 1687; baseline -0.001 -14"><span class='ocrx_word' id='word_1_283' title='bbox 348 1638 416 1683; x_wconf 86' lang='lat' dir='ltr'>lis,</span> <span class='ocrx_word' id='word_1_284' title='bbox 437 1651 535 1687; x_wconf 86' lang='lat' dir='ltr'>equo</span> <span class='ocrx_word' id='word_1_285' title='bbox 562 1646 598 1672; x_wconf 88' lang='lat' dir='ltr'>et</span> <span class='ocrx_word' id='word_1_286' title='bbox 614 1637 797 1685; x_wconf 89' lang='lat' dir='ltr'>jumentis</span> <span class='ocrx_word' id='word_1_287' title='bbox 822 1636 1088 1686; x_wconf 87' lang='lat' dir='ltr'>insipientibus</span> <span class='ocrx_word' id='word_1_288' title='bbox 1121 1637 1338 1686; x_wconf 83' lang='lat' dir='ltr'>coaequasti3</span> 
     </span>
     <span class='ocr_line' id='line_1_40' title="bbox 348 1695 1340 1744; baseline -0.001 -12"><span class='ocrx_word' id='word_1_289' title='bbox 348 1697 458 1732; x_wconf 89' lang='lat' dir='ltr'>nimis</span> <span class='ocrx_word' id='word_1_290' title='bbox 487 1696 701 1741; x_wconf 78' lang='lat' dir='ltr'>invaluisti,</span> <span class='ocrx_word' id='word_1_291' title='bbox 724 1709 808 1744; x_wconf 81' lang='lat' dir='ltr'>quae</span> <span class='ocrx_word' id='word_1_292' title='bbox 839 1695 989 1731; x_wconf 87' lang='lat' dir='ltr'>nonnisi</span> <span class='ocrx_word' id='word_1_293' title='bbox 1021 1703 1141 1731; x_wconf 82' lang='lat' dir='ltr'>morte</span> <span class='ocrx_word' id='word_1_294' title='bbox 1171 1696 1253 1732; x_wconf 88' lang='lat' dir='ltr'>Filii</span> <span class='ocrx_word' id='word_1_295' title='bbox 1271 1695 1340 1732; x_wconf 86' lang='lat' dir='ltr'>Dei</span> 
     </span>
     <span class='ocr_line' id='line_1_41' title="bbox 348 1755 1339 1804; baseline -0.001 -12"><span class='ocrx_word' id='word_1_296' title='bbox 348 1756 469 1793; x_wconf 88' lang='lat' dir='ltr'>sanari</span> <span class='ocrx_word' id='word_1_297' title='bbox 502 1755 669 1804; x_wconf 81' lang='lat' dir='ltr'>potuisti.</span> <span class='ocrx_word' id='word_1_298' title='bbox 702 1755 819 1792; x_wconf 57' lang='lat' dir='ltr'>Nimis</span> <span class='ocrx_word' id='word_1_299' title='bbox 845 1768 958 1804; x_wconf 90' lang='lat' dir='ltr'>super</span> <span class='ocrx_word' id='word_1_300' title='bbox 985 1768 1055 1791; x_wconf 91' lang='lat' dir='ltr'>nos</span> <span class='ocrx_word' id='word_1_301' title='bbox 1088 1763 1122 1791; x_wconf 87' lang='lat' dir='ltr'>te</span> <span class='ocrx_word' id='word_1_302' title='bbox 1151 1755 1339 1801; x_wconf 82' lang='lat' dir='ltr'>extulisti,</span> 
     </span>
    </p>
   </div>
   <div class='ocr_carea' id='block_1_11' title="bbox 1399 1109 2395 1807">
    <p class='ocr_par' dir='ltr' id='par_1_11' title="bbox 1399 1109 2395 1807">
     <span class='ocr_line' id='line_1_42' title="bbox 1400 1109 2390 1160; baseline 0 -15"><span class='ocrx_word' id='word_1_303' title='bbox 1400 1111 1575 1160; x_wconf 87' lang='lat' dir='ltr'>poculum</span> <span class='ocrx_word' id='word_1_304' title='bbox 1607 1124 1714 1147; x_wconf 89' lang='lat' dir='ltr'>suum</span> <span class='ocrx_word' id='word_1_305' title='bbox 1745 1109 1847 1146; x_wconf 87' lang='lat' dir='ltr'>ebria</span> <span class='ocrx_word' id='word_1_306' title='bbox 1868 1111 1929 1146; x_wconf 89' lang='lat' dir='ltr'>illa</span> <span class='ocrx_word' id='word_1_307' title='bbox 1958 1119 2075 1146; x_wconf 90' lang='lat' dir='ltr'>totum</span> <span class='ocrx_word' id='word_1_308' title='bbox 2097 1109 2294 1155; x_wconf 88' lang='lat' dir='ltr'>ebibisset,</span> <span class='ocrx_word' id='word_1_309' title='bbox 2316 1121 2390 1145; x_wconf 87' lang='lat' dir='ltr'>non</span> 
     </span>
     <span class='ocr_line' id='line_1_43' title="bbox 1399 1168 2393 1218; baseline -0.001 -13"><span class='ocrx_word' id='word_1_310' title='bbox 1399 1170 1486 1205; x_wconf 87' lang='lat' dir='ltr'>item</span> <span class='ocrx_word' id='word_1_311' title='bbox 1518 1170 1554 1205; x_wconf 95' lang='lat' dir='ltr'>in</span> <span class='ocrx_word' id='word_1_312' title='bbox 1586 1183 1655 1206; x_wconf 89' lang='lat' dir='ltr'>nos</span> <span class='ocrx_word' id='word_1_313' title='bbox 1683 1169 1893 1206; x_wconf 76' lang='lat' dir='ltr'>diffudisset</span> <span class='ocrx_word' id='word_1_314' title='bbox 1910 1168 1938 1205; x_wconf 86' lang='lat'>¹’.</span> <span class='ocrx_word' id='word_1_315' title='bbox 1962 1173 2012 1206; x_wconf 85' lang='lat' dir='ltr'>Te</span> <span class='ocrx_word' id='word_1_316' title='bbox 2043 1170 2175 1218; x_wconf 78' lang='lat' dir='ltr'>igitur,</span> <span class='ocrx_word' id='word_1_317' title='bbox 2213 1169 2393 1214; x_wconf 86' lang='lat' dir='ltr'>Domina,</span> 
     </span>
     <span class='ocr_line' id='line_1_44' title="bbox 1400 1228 2391 1278; baseline -0.001 -14"><span class='ocrx_word' id='word_1_318' title='bbox 1400 1237 1605 1273; x_wconf 82' lang='lat' dir='ltr'>exorante,</span> <span class='ocrx_word' id='word_1_319' title='bbox 1633 1242 1745 1264; x_wconf 89' lang='lat' dir='ltr'>omne</span> <span class='ocrx_word' id='word_1_320' title='bbox 1762 1228 1893 1277; x_wconf 75' lang='lat' dir='ltr'>jugum</span> <span class='ocrx_word' id='word_1_321' title='bbox 1916 1237 2085 1265; x_wconf 88' lang='lat' dir='ltr'>nostrum</span> <span class='ocrx_word' id='word_1_322' title='bbox 2117 1235 2391 1278; x_wconf 80' lang='lat' dir='ltr'>computrescat</span> 
     </span>
     <span class='ocr_line' id='line_1_45' title="bbox 1402 1288 2393 1332; baseline -0.001 -9"><span class='ocrx_word' id='word_1_323' title='bbox 1402 1299 1422 1323; x_wconf 90' lang='lat' dir='ltr'>a</span> <span class='ocrx_word' id='word_1_324' title='bbox 1441 1288 1531 1323; x_wconf 87' lang='lat' dir='ltr'>sacic</span> <span class='ocrx_word' id='word_1_325' title='bbox 1548 1288 1620 1323; x_wconf 89' lang='lat' dir='ltr'>olei</span> <span class='ocrx_word' id='word_1_326' title='bbox 1641 1288 1777 1323; x_wconf 79' lang='lat' dir='ltr'>divinae</span> <span class='ocrx_word' id='word_1_327' title='bbox 1794 1289 2060 1324; x_wconf 63' lang='lat' dir='ltr'>misericordia?</span> <span class='ocrx_word' id='word_1_328' title='bbox 2082 1303 2089 1324; x_wconf 77' lang='grc' dir='ltr'>ε</span> <span class='ocrx_word' id='word_1_329' title='bbox 2113 1295 2337 1332; x_wconf 83' lang='lat' dir='ltr'>renovetur,</span> <span class='ocrx_word' id='word_1_330' title='bbox 2351 1295 2393 1322; x_wconf 90' lang='lat' dir='ltr'>ut</span> 
     </span>
     <span class='ocr_line' id='line_1_46' title="bbox 1402 1345 2392 1394; baseline -0.001 -13"><span class='ocrx_word' id='word_1_331' title='bbox 1402 1347 1558 1394; x_wconf 83' lang='lat' dir='ltr'>aquilae,</span> <span class='ocrx_word' id='word_1_332' title='bbox 1573 1345 1755 1394; x_wconf 87' lang='lat' dir='ltr'>juventus</span> <span class='ocrx_word' id='word_1_333' title='bbox 1789 1355 1934 1391; x_wconf 81' lang='lat' dir='ltr'>nostra3</span> <span class='ocrx_word' id='word_1_334' title='bbox 1955 1355 1997 1382; x_wconf 89' lang='lat' dir='ltr'>ut</span> <span class='ocrx_word' id='word_1_335' title='bbox 2025 1347 2136 1391; x_wconf 87' lang='lat' dir='ltr'>novi,</span> <span class='ocrx_word' id='word_1_336' title='bbox 2157 1359 2254 1382; x_wconf 87' lang='lat' dir='ltr'>nova</span> <span class='ocrx_word' id='word_1_337' title='bbox 2280 1358 2392 1390; x_wconf 87' lang='lat' dir='ltr'>voce,</span> 
     </span>
     <span class='ocr_line' id='line_1_47' title="bbox 1404 1404 2395 1454; baseline 0 -15"><span class='ocrx_word' id='word_1_338' title='bbox 1404 1417 1545 1440; x_wconf 89' lang='lat' dir='ltr'>novum</span> <span class='ocrx_word' id='word_1_339' title='bbox 1576 1404 1761 1440; x_wconf 89' lang='lat' dir='ltr'>canticum</span> <span class='ocrx_word' id='word_1_340' title='bbox 1777 1432 1785 1448; x_wconf 94' lang='lat'>,</span> <span class='ocrx_word' id='word_1_341' title='bbox 1809 1405 1918 1440; x_wconf 85' lang='lat' dir='ltr'>novis</span> <span class='ocrx_word' id='word_1_342' title='bbox 1938 1404 2082 1441; x_wconf 83' lang='lat' dir='ltr'>civibus</span> <span class='ocrx_word' id='word_1_343' title='bbox 2099 1404 2303 1454; x_wconf 75' lang='lat' dir='ltr'>aggregati,</span> <span class='ocrx_word' id='word_1_344' title='bbox 2320 1404 2395 1440; x_wconf 90' lang='lat' dir='ltr'>illic</span> 
     </span>
     <span class='ocr_line' id='line_1_48' title="bbox 1406 1461 2393 1512; baseline 0 -15"><span class='ocrx_word' id='word_1_345' title='bbox 1406 1461 1470 1498; x_wconf 93' lang='lat' dir='ltr'>ubi</span> <span class='ocrx_word' id='word_1_346' title='bbox 1491 1474 1590 1498; x_wconf 88' lang='lat' dir='ltr'>nova</span> <span class='ocrx_word' id='word_1_347' title='bbox 1628 1470 1716 1498; x_wconf 91' lang='lat' dir='ltr'>sunt</span> <span class='ocrx_word' id='word_1_348' title='bbox 1744 1462 1893 1504; x_wconf 87' lang='lat' dir='ltr'>omnia,</span> <span class='ocrx_word' id='word_1_349' title='bbox 1928 1461 2093 1510; x_wconf 88' lang='lat' dir='ltr'>jubilum</span> <span class='ocrx_word' id='word_1_350' title='bbox 2121 1462 2393 1512; x_wconf 86' lang='lat' dir='ltr'>sempiternum</span> 
     </span>
     <span class='ocr_line' id='line_1_49' title="bbox 1409 1520 2392 1569; baseline 0 -13"><span class='ocrx_word' id='word_1_351' title='bbox 1409 1520 1642 1557; x_wconf 74' lang='lat' dir='ltr'>celebrantes</span> <span class='ocrx_word' id='word_1_352' title='bbox 1662 1521 1699 1556; x_wconf 90' lang='lat' dir='ltr'>in</span> <span class='ocrx_word' id='word_1_353' title='bbox 1731 1520 1912 1569; x_wconf 90' lang='lat' dir='ltr'>cymbalis</span> <span class='ocrx_word' id='word_1_354' title='bbox 1927 1520 2185 1569; x_wconf 84' lang='lat' dir='ltr'>jubilationis,</span> <span class='ocrx_word' id='word_1_355' title='bbox 2215 1521 2392 1558; x_wconf 88' lang='lat' dir='ltr'>concina-</span> 
     </span>
     <span class='ocr_line' id='line_1_50' title="bbox 1408 1580 2394 1625; baseline 0.001 -10"><span class='ocrx_word' id='word_1_356' title='bbox 1408 1591 1504 1616; x_wconf 91' lang='lat' dir='ltr'>mus.</span> <span class='ocrx_word' id='word_1_357' title='bbox 1525 1580 1695 1616; x_wconf 89' lang='lat' dir='ltr'>Tollatur</span> <span class='ocrx_word' id='word_1_358' title='bbox 1717 1592 1839 1616; x_wconf 88' lang='lat' dir='ltr'>crassa</span> <span class='ocrx_word' id='word_1_359' title='bbox 1860 1580 1996 1616; x_wconf 88' lang='lat' dir='ltr'>nebula</span> <span class='ocrx_word' id='word_1_360' title='bbox 2016 1580 2063 1616; x_wconf 90' lang='lat' dir='ltr'>ab</span> <span class='ocrx_word' id='word_1_361' title='bbox 2093 1581 2210 1617; x_wconf 87' lang='lat' dir='ltr'>oculis</span> <span class='ocrx_word' id='word_1_362' title='bbox 2229 1580 2367 1617; x_wconf 89' lang='lat' dir='ltr'>nostris</span> <span class='ocrx_word' id='word_1_363' title='bbox 2383 1607 2394 1625; x_wconf 89' lang='lat'>,</span> 
     </span>
     <span class='ocr_line' id='line_1_51' title="bbox 1407 1639 2395 1689; baseline 0 -15"><span class='ocrx_word' id='word_1_364' title='bbox 1407 1646 1449 1674; x_wconf 91' lang='lat' dir='ltr'>ut</span> <span class='ocrx_word' id='word_1_365' title='bbox 1472 1639 1635 1675; x_wconf 84' lang='lat' dir='ltr'>revelata</span> <span class='ocrx_word' id='word_1_366' title='bbox 1661 1639 1750 1676; x_wconf 82' lang='lat' dir='ltr'>facie</span> <span class='ocrx_word' id='word_1_367' title='bbox 1775 1640 1931 1688; x_wconf 79' lang='lat' dir='ltr'>gloriam</span> <span class='ocrx_word' id='word_1_368' title='bbox 1963 1640 2116 1676; x_wconf 93' lang='lat' dir='ltr'>Domini</span> <span class='ocrx_word' id='word_1_369' title='bbox 2140 1639 2395 1689; x_wconf 82' lang='lat' dir='ltr'>speculantes,</span> 
     </span>
     <span class='ocr_line' id='line_1_52' title="bbox 1410 1697 2395 1747; baseline 0 -14"><span class='ocrx_word' id='word_1_370' title='bbox 1410 1697 1448 1732; x_wconf 92' lang='lat' dir='ltr'>in</span> <span class='ocrx_word' id='word_1_371' title='bbox 1468 1697 1692 1734; x_wconf 86' lang='lat' dir='ltr'>immensum</span> <span class='ocrx_word' id='word_1_372' title='bbox 1716 1698 1808 1734; x_wconf 91' lang='lat' dir='ltr'>illud</span> <span class='ocrx_word' id='word_1_373' title='bbox 1835 1699 1989 1747; x_wconf 84' lang='lat' dir='ltr'>pelagus</span> <span class='ocrx_word' id='word_1_374' title='bbox 2015 1698 2131 1735; x_wconf 81' lang='lat' dir='ltr'>divini</span> <span class='ocrx_word' id='word_1_375' title='bbox 2155 1699 2305 1735; x_wconf 87' lang='lat' dir='ltr'>luminis</span> <span class='ocrx_word' id='word_1_376' title='bbox 2326 1697 2395 1734; x_wconf 88' lang='lat' dir='ltr'>ab-</span> 
     </span>
     <span class='ocr_line' id='line_1_53' title="bbox 1407 1755 2394 1807; baseline 0.001 -14"><span class='ocrx_word' id='word_1_377' title='bbox 1407 1755 1628 1793; x_wconf 83' lang='lat' dir='ltr'>sorbeamur</span> <span class='ocrx_word' id='word_1_378' title='bbox 1647 1771 1666 1793; x_wconf 87' lang='lat' dir='ltr'>a</span> <span class='ocrx_word' id='word_1_379' title='bbox 1684 1758 1834 1794; x_wconf 89' lang='lat' dir='ltr'>Domini</span> <span class='ocrx_word' id='word_1_380' title='bbox 1856 1758 2017 1807; x_wconf 82' lang='lat' dir='ltr'>Spiritu3</span> <span class='ocrx_word' id='word_1_381' title='bbox 2039 1772 2080 1795; x_wconf 89' lang='lat' dir='ltr'>ac</span> <span class='ocrx_word' id='word_1_382' title='bbox 2106 1762 2187 1796; x_wconf 85' lang='lat' dir='ltr'>Deo</span> <span class='ocrx_word' id='word_1_383' title='bbox 2209 1766 2339 1795; x_wconf 88' lang='lat' dir='ltr'>nostro</span> <span class='ocrx_word' id='word_1_384' title='bbox 2356 1758 2394 1794; x_wconf 88' lang='lat' dir='ltr'>in</span> 
     </span>
    </p>
   </div>
   <div class='ocr_carea' id='block_1_12' title="bbox 349 1814 2396 1867">
    <p class='ocr_par' dir='ltr' id='par_1_12' title="bbox 349 1814 2396 1867">
     <span class='ocr_line' id='line_1_54' title="bbox 349 1814 2396 1867; baseline 0.001 -17"><span class='ocrx_word' id='word_1_385' title='bbox 349 1815 501 1864; x_wconf 88' lang='lat' dir='ltr'>quando</span> <span class='ocrx_word' id='word_1_386' title='bbox 518 1823 554 1850; x_wconf 88' lang='lat' dir='ltr'>et</span> <span class='ocrx_word' id='word_1_387' title='bbox 572 1828 689 1863; x_wconf 88' lang='lat' dir='ltr'>usquc</span> <span class='ocrx_word' id='word_1_388' title='bbox 709 1814 754 1850; x_wconf 90' lang='lat' dir='ltr'>ad</span> <span class='ocrx_word' id='word_1_389' title='bbox 776 1828 861 1850; x_wconf 86' lang='lat' dir='ltr'>eum</span> <span class='ocrx_word' id='word_1_390' title='bbox 882 1815 946 1863; x_wconf 90' lang='lat' dir='ltr'>qui</span> <span class='ocrx_word' id='word_1_391' title='bbox 974 1828 1088 1864; x_wconf 88' lang='lat' dir='ltr'>super</span> <span class='ocrx_word' id='word_1_392' title='bbox 1113 1815 1240 1851; x_wconf 88' lang='lat' dir='ltr'>omnia</span> <span class='ocrx_word' id='word_1_393' title='bbox 1259 1823 1314 1852; x_wconf 90' lang='lat' dir='ltr'>est</span> <span class='ocrx_word' id='word_1_394' title='bbox 1330 1844 1340 1862; x_wconf 92' lang='lat'>,</span> <span class='ocrx_word' id='word_1_395' title='bbox 1359 1821 1385 1857; x_wconf 93' lang='lat' dir='ltr'>C</span> <span class='ocrx_word' id='word_1_396' title='bbox 1406 1817 1567 1853; x_wconf 74' lang='lat' dir='ltr'>vinculis</span> <span class='ocrx_word' id='word_1_397' title='bbox 1586 1817 1776 1853; x_wconf 83' lang='lat' dir='ltr'>charitatis</span> <span class='ocrx_word' id='word_1_398' title='bbox 1804 1818 1965 1863; x_wconf 87' lang='lat' dir='ltr'>astricti,</span> <span class='ocrx_word' id='word_1_399' title='bbox 1983 1831 2100 1854; x_wconf 87' lang='lat' dir='ltr'>unum</span> <span class='ocrx_word' id='word_1_400' title='bbox 2124 1831 2209 1854; x_wconf 91' lang='lat' dir='ltr'>cum</span> <span class='ocrx_word' id='word_1_401' title='bbox 2233 1818 2315 1867; x_wconf 86' lang='lat' dir='ltr'>ipso</span> <span class='ocrx_word' id='word_1_402' title='bbox 2339 1817 2396 1854; x_wconf 77' lang='lat' dir='ltr'>ef·-</span> 
     </span>
    </p>
   </div>
   <div class='ocr_carea' id='block_1_13' title="bbox 349 1874 1343 2158">
    <p class='ocr_par' dir='ltr' id='par_1_13' title="bbox 349 1874 730 1910">
     <span class='ocr_line' id='line_1_55' title="bbox 349 1874 730 1910; baseline -0.003 0"><span class='ocrx_word' id='word_1_403' title='bbox 349 1875 498 1910; x_wconf 88' lang='lat' dir='ltr'>incaute</span> <span class='ocrx_word' id='word_1_404' title='bbox 518 1874 730 1909; x_wconf 80' lang='lat' dir='ltr'>ascendisti.</span> 
     </span>
    </p>

    <p class='ocr_par' dir='ltr' id='par_1_14' title="bbox 351 1931 1343 2158">
     <span class='ocr_line' id='line_1_56' title="bbox 405 1931 1342 1981; baseline -0.001 -12"><span class='ocrx_word' id='word_1_405' title='bbox 405 1934 438 1969; x_wconf 77' lang='lat'>7.</span> <span class='ocrx_word' id='word_1_406' title='bbox 459 1936 503 1969; x_wconf 79' lang='lat' dir='ltr'>Et</span> <span class='ocrx_word' id='word_1_407' title='bbox 523 1933 606 1980; x_wconf 90' lang='lat' dir='ltr'>quis</span> <span class='ocrx_word' id='word_1_408' title='bbox 631 1931 804 1968; x_wconf 81' lang='lat' dir='ltr'>liberabit</span> <span class='ocrx_word' id='word_1_409' title='bbox 839 1945 908 1968; x_wconf 84' lang='lat' dir='ltr'>nos</span> <span class='ocrx_word' id='word_1_410' title='bbox 938 1946 959 1968; x_wconf 84' lang='lat' dir='ltr'>a</span> <span class='ocrx_word' id='word_1_411' title='bbox 992 1933 1206 1981; x_wconf 86' lang='lat' dir='ltr'>corruptela</span> <span class='ocrx_word' id='word_1_412' title='bbox 1230 1932 1342 1981; x_wconf 85' lang='lat' dir='ltr'>hujus</span> 
     </span>
     <span class='ocr_line' id='line_1_57' title="bbox 351 1991 1342 2040; baseline 0 -13"><span class='ocrx_word' id='word_1_413' title='bbox 351 1991 568 2027; x_wconf 84' lang='lat' dir='ltr'>miserrimae</span> <span class='ocrx_word' id='word_1_414' title='bbox 602 1992 810 2040; x_wconf 80' lang='lat' dir='ltr'>pelliculae?</span> <span class='ocrx_word' id='word_1_415' title='bbox 843 1992 970 2029; x_wconf 88' lang='lat' dir='ltr'>Gratia</span> <span class='ocrx_word' id='word_1_416' title='bbox 996 1992 1196 2027; x_wconf 79' lang='lat' dir='ltr'>Salvatoris</span> <span class='ocrx_word' id='word_1_417' title='bbox 1224 1991 1342 2028; x_wconf 90' lang='lat' dir='ltr'>nostri</span> 
     </span>
     <span class='ocr_line' id='line_1_58' title="bbox 353 2050 1343 2099; baseline 0.001 -13"><span class='ocrx_word' id='word_1_418' title='bbox 353 2051 431 2087; x_wconf 78' lang='lat' dir='ltr'>Filii</span> <span class='ocrx_word' id='word_1_419' title='bbox 455 2050 530 2095; x_wconf 85' lang='lat' dir='ltr'>tui,</span> <span class='ocrx_word' id='word_1_420' title='bbox 553 2064 575 2086; x_wconf 92' lang='lat' dir='ltr'>O</span> <span class='ocrx_word' id='word_1_421' title='bbox 599 2051 735 2094; x_wconf 86' lang='lat' dir='ltr'>Maria,</span> <span class='ocrx_word' id='word_1_422' title='bbox 759 2051 823 2099; x_wconf 86' lang='lat' dir='ltr'>qui</span> <span class='ocrx_word' id='word_1_423' title='bbox 847 2059 887 2087; x_wconf 86' lang='lat' dir='ltr'>ut</span> <span class='ocrx_word' id='word_1_424' title='bbox 910 2052 1056 2087; x_wconf 81' lang='lat' dir='ltr'>infirma</span> <span class='ocrx_word' id='word_1_425' title='bbox 1085 2059 1213 2087; x_wconf 88' lang='lat' dir='ltr'>nostra</span> <span class='ocrx_word' id='word_1_426' title='bbox 1234 2052 1343 2087; x_wconf 89' lang='lat' dir='ltr'>tolle-</span> 
     </span>
     <span class='ocr_line' id='line_1_59' title="bbox 352 2110 1343 2158; baseline 0.002 -14"><span class='ocrx_word' id='word_1_427' title='bbox 352 2118 431 2155; x_wconf 88' lang='lat' dir='ltr'>ret,</span> <span class='ocrx_word' id='word_1_428' title='bbox 451 2117 585 2158; x_wconf 88' lang='lat' dir='ltr'>sponte</span> <span class='ocrx_word' id='word_1_429' title='bbox 614 2110 821 2145; x_wconf 84' lang='lat' dir='ltr'>infirmatus</span> <span class='ocrx_word' id='word_1_430' title='bbox 846 2118 902 2146; x_wconf 88' lang='lat' dir='ltr'>est</span> <span class='ocrx_word' id='word_1_431' title='bbox 933 2124 940 2146; x_wconf 93' lang='lat'><strong>:</strong></span> <span class='ocrx_word' id='word_1_432' title='bbox 963 2118 1000 2146; x_wconf 88' lang='lat' dir='ltr'>ct</span> <span class='ocrx_word' id='word_1_433' title='bbox 1020 2118 1061 2146; x_wconf 86' lang='lat' dir='ltr'>ut</span> <span class='ocrx_word' id='word_1_434' title='bbox 1082 2123 1183 2146; x_wconf 91' lang='lat' dir='ltr'>mors</span> <span class='ocrx_word' id='word_1_435' title='bbox 1213 2111 1343 2146; x_wconf 89' lang='lat' dir='ltr'>mortis</span> 
     </span>
    </p>
   </div>
   <div class='ocr_carea' id='block_1_14' title="bbox 1408 1876 2398 2104">
    <p class='ocr_par' dir='ltr' id='par_1_15' title="bbox 1408 1876 2398 2104">
     <span class='ocr_line' id='line_1_60' title="bbox 1409 1876 2397 1922; baseline 0 -10"><span class='ocrx_word' id='word_1_436' title='bbox 1409 1877 1579 1913; x_wconf 85' lang='lat' dir='ltr'>ficiamur</span> <span class='ocrx_word' id='word_1_437' title='bbox 1595 1884 1620 1912; x_wconf 74' lang='lat'>⁰.</span> <span class='ocrx_word' id='word_1_438' title='bbox 1642 1881 1796 1913; x_wconf 86' lang='lat' dir='ltr'>Praestet</span> <span class='ocrx_word' id='word_1_439' title='bbox 1816 1877 1887 1913; x_wconf 77' lang='lat' dir='ltr'>lioc</span> <span class='ocrx_word' id='word_1_440' title='bbox 1902 1876 2010 1914; x_wconf 89' lang='lat' dir='ltr'>nobis</span> <span class='ocrx_word' id='word_1_441' title='bbox 2034 1885 2098 1913; x_wconf 87' lang='lat' dir='ltr'>tuo</span> <span class='ocrx_word' id='word_1_442' title='bbox 2123 1877 2356 1922; x_wconf 88' lang='lat' dir='ltr'>interventu,</span> <span class='ocrx_word' id='word_1_443' title='bbox 2373 1890 2397 1912; x_wconf 95' lang='lat' dir='ltr'>o</span> 
     </span>
     <span class='ocr_line' id='line_1_61' title="bbox 1408 1935 2398 1981; baseline -0.001 -9"><span class='ocrx_word' id='word_1_444' title='bbox 1408 1935 1546 1981; x_wconf 87' lang='lat' dir='ltr'>Maria,</span> <span class='ocrx_word' id='word_1_445' title='bbox 1569 1936 1682 1973; x_wconf 89' lang='lat' dir='ltr'>Filius</span> <span class='ocrx_word' id='word_1_446' title='bbox 1708 1944 1794 1972; x_wconf 87' lang='lat' dir='ltr'>tuus</span> <span class='ocrx_word' id='word_1_447' title='bbox 1815 1940 1923 1973; x_wconf 86' lang='lat' dir='ltr'>Jesus</span> <span class='ocrx_word' id='word_1_448' title='bbox 1942 1936 2109 1974; x_wconf 73' lang='lat' dir='ltr'>Clu-istus</span> <span class='ocrx_word' id='word_1_449' title='bbox 2137 1939 2238 1972; x_wconf 86' lang='lat' dir='ltr'>Deus</span> <span class='ocrx_word' id='word_1_450' title='bbox 2262 1944 2299 1971; x_wconf 89' lang='lat' dir='ltr'>et</span> <span class='ocrx_word' id='word_1_451' title='bbox 2318 1939 2398 1972; x_wconf 92' lang='lat' dir='ltr'>Do-</span> 
     </span>
     <span class='ocr_line' id='line_1_62' title="bbox 1409 1994 2398 2044; baseline -0.001 -14"><span class='ocrx_word' id='word_1_452' title='bbox 1409 1994 1533 2030; x_wconf 86' lang='lat' dir='ltr'>minus</span> <span class='ocrx_word' id='word_1_453' title='bbox 1550 2003 1700 2040; x_wconf 87' lang='lat' dir='ltr'>nostcr‚</span> <span class='ocrx_word' id='word_1_454' title='bbox 1722 1995 1780 2031; x_wconf 89' lang='lat' dir='ltr'>cui</span> <span class='ocrx_word' id='word_1_455' title='bbox 1804 1995 1882 2032; x_wconf 89' lang='lat' dir='ltr'>laus</span> <span class='ocrx_word' id='word_1_456' title='bbox 1899 2003 1936 2032; x_wconf 89' lang='lat' dir='ltr'>et</span> <span class='ocrx_word' id='word_1_457' title='bbox 1970 1996 2087 2044; x_wconf 83' lang='lat' dir='ltr'>gloria</span> <span class='ocrx_word' id='word_1_458' title='bbox 2101 2023 2111 2042; x_wconf 92' lang='lat'>,</span> <span class='ocrx_word' id='word_1_459' title='bbox 2139 2003 2176 2032; x_wconf 88' lang='lat' dir='ltr'>et</span> <span class='ocrx_word' id='word_1_460' title='bbox 2196 1995 2398 2044; x_wconf 87' lang='lat' dir='ltr'>gratiarum</span> 
     </span>
     <span class='ocr_line' id='line_1_63' title="bbox 1408 2053 2134 2104; baseline 0.004 -16"><span class='ocrx_word' id='word_1_461' title='bbox 1408 2053 1506 2089; x_wconf 85' lang='lat' dir='ltr'>actio</span> <span class='ocrx_word' id='word_1_462' title='bbox 1524 2053 1560 2089; x_wconf 93' lang='lat' dir='ltr'>in</span> <span class='ocrx_word' id='word_1_463' title='bbox 1582 2054 1811 2104; x_wconf 87' lang='lat' dir='ltr'>sempiterna</span> <span class='ocrx_word' id='word_1_464' title='bbox 1835 2055 1980 2091; x_wconf 85' lang='lat' dir='ltr'>saecula.</span> <span class='ocrx_word' id='word_1_465' title='bbox 2002 2058 2134 2092; x_wconf 91' lang='lat' dir='ltr'>Amen.</span> 
     </span>
    </p>
   </div>
   <div class='ocr_carea' id='block_1_15' title="bbox 400 2236 2399 2280">
    <p class='ocr_par' dir='ltr' id='par_1_16' title="bbox 400 2236 2399 2280">
     <span class='ocr_line' id='line_1_64' title="bbox 400 2236 2399 2280; baseline 0.003 -16"><span class='ocrx_word' id='word_1_466' title='bbox 400 2240 412 2255; x_wconf 84' lang='lat'><strong>³</strong></span> <span class='ocrx_word' id='word_1_467' title='bbox 430 2236 656 2276; x_wconf 83' lang='lat' dir='ltr'>Mauuscripti,</span> <span class='ocrx_word' id='word_1_468' title='bbox 679 2247 814 2278; x_wconf 52' lang='grc' dir='ltr'>(ιι-31191»,</span> <span class='ocrx_word' id='word_1_469' title='bbox 844 2237 958 2267; x_wconf 80' lang='lat' dir='ltr'>omisso</span> <span class='ocrx_word' id='word_1_470' title='bbox 975 2237 1187 2268; x_wconf 57' lang='lat' dir='ltr'>erinaniturct.</span> <span class='ocrx_word' id='word_1_471' title='bbox 1209 2254 1253 2258; x_wconf 84' lang='lat'>—</span> <span class='ocrx_word' id='word_1_472' title='bbox 1279 2236 1293 2256; x_wconf 74' lang='lat'>¹³</span> <span class='ocrx_word' id='word_1_473' title='bbox 1319 2236 1542 2279; x_wconf 83' lang='lat' dir='ltr'>Manuscripti‚</span> <span class='ocrx_word' id='word_1_474' title='bbox 1565 2244 1623 2267; x_wconf 79' lang='lat' dir='ltr'>aut</span> <span class='ocrx_word' id='word_1_475' title='bbox 1647 2243 1742 2268; x_wconf 75' lang='lat' dir='ltr'>totum</span> <span class='ocrx_word' id='word_1_476' title='bbox 1767 2236 1930 2275; x_wconf 80' lang='lat' dir='ltr'>ebibisset,</span> <span class='ocrx_word' id='word_1_477' title='bbox 1958 2245 2014 2269; x_wconf 81' lang='lat' dir='ltr'>aut</span> <span class='ocrx_word' id='word_1_478' title='bbox 2039 2245 2136 2269; x_wconf 79' lang='lat' dir='ltr'>totum</span> <span class='ocrx_word' id='word_1_479' title='bbox 2164 2237 2339 2280; x_wconf 76' lang='lat' dir='ltr'>effudisset.</span> <span class='ocrx_word' id='word_1_480' title='bbox 2355 2256 2399 2263; x_wconf 47' lang='lat' dir='ltr'>—w</span> 
     </span>
    </p>
   </div>
   <div class='ocr_carea' id='block_1_16' title="bbox 354 2287 1094 2331">
    <p class='ocr_par' dir='ltr' id='par_1_17' title="bbox 354 2287 1094 2331">
     <span class='ocr_line' id='line_1_65' title="bbox 354 2287 1094 2331; baseline 0.004 -15"><span class='ocrx_word' id='word_1_481' title='bbox 354 2292 366 2306; x_wconf 69' lang='lat'><strong>²</strong></span> <span class='ocrx_word' id='word_1_482' title='bbox 382 2287 466 2317; x_wconf 74' lang='lat' dir='ltr'>Alias</span> <span class='ocrx_word' id='word_1_483' title='bbox 479 2311 487 2324; x_wconf 93' lang='lat'>,</span> <span class='ocrx_word' id='word_1_484' title='bbox 508 2298 586 2316; x_wconf 77' lang='lat' dir='ltr'>unns</span> <span class='ocrx_word' id='word_1_485' title='bbox 604 2298 672 2317; x_wconf 80' lang='lat' dir='ltr'>cum</span> <span class='ocrx_word' id='word_1_486' title='bbox 686 2288 752 2330; x_wconf 77' lang='lat' dir='ltr'>ipso</span> <span class='ocrx_word' id='word_1_487' title='bbox 765 2289 895 2331; x_wconf 75' lang='lat' dir='ltr'>spiritus</span> <span class='ocrx_word' id='word_1_488' title='bbox 911 2287 1094 2329; x_wconf 61' lang='lat' dir='ltr'>efficiamur.</span> 
     </span>
    </p>
   </div>
  </div>
 </body>
</html>
