2504 3928
270 224 292 257 ‘J
297 226 317 257 ξ’)
324 225 343 258 ἶ)

888 220 1009 254 x'tTts
1038 220 1265 263 MYSTtCA,
1295 220 1383 256 SEU
1415 220 1696 255 TRACTATL‘S

268 314 316 336 ca·
336 302 498 334 minimis
514 301 622 336 uicis,
640 309 706 330 [ιι-(-
725 295 815 330 milii
825 294 967 341 jecistis
983 303 1005 331 ¹.
1030 299 1121 332 Ecce
1135 309 1250 345 opera
1263 296 1290 314 ⁴⁷

2232 218 2310 255 956

1298 296 1478 345 'operum
1499 294 1583 330 fidei
1609 292 1928 338 exorbitantibus,
1949 301 1985 328 et
2016 294 2052 328 iu
2074 303 2308 343 peccatorum

271 356 533 395 miscricordife
558 355 603 391 de
624 355 813 390 charitatis
841 355 964 391 radice
997 355 1250 404 procedentia.
1272 362 1302 393 Α
1323 355 1432 391 sorde
1457 353 1691 402 jacentibus,
1719 353 1797 389 sive
1824 353 1894 402 ipsi
1921 365 1986 389 sua
2017 362 2165 403 peccata
2193 366 2308 404 agno-

270 415 591 454 (Ionsidcrandum
609 423 663 450 est
694 414 839 463 itaque,
870 423 1020 464 quantae
1040 416 1111 451 sint
1132 415 1256 463 digni—

270 478 374 521 tatis,
397 489 480 524 (pue
496 475 573 510 sola
590 475 626 510 in
644 473 812 510 districto
826 475 995 510 examine
1014 474 1153 510 laudari
1176 488 1255 509 me-

271 545 422 579 rentur,
449 547 608 583 quorum
637 533 796 583 dignitas
823 534 859 569 in
885 534 1010 569 colore
1042 547 1156 569 aureo
1189 533 1255 569 sso—

271 595 459 631 sculorum
486 593 550 628 lilii
572 593 800 641 designatur.
821 593 920 629 Mhi!
948 593 1044 628 valet
1063 591 1136 627 albi
1156 592 1257 627 floris

272 652 478 695 munditia,
500 651 568 687 hoc
590 660 644 687 est
662 651 852 699 virginalis
874 652 1014 701 puritas
1031 679 1040 696 ‚
1063 651 1142 687 sine
1162 663 1256 700 ope-

270 712 374 748 ribus
390 711 589 746 charitatis.
1004 756 1016 760 A·

329 773 340 807 l
357 772 410 808 17.
433 770 503 807 Sed
525 769 615 818 quid
630 769 788 806 dicimus
805 770 850 806 de
863 770 920 807 his
940 772 1002 820 qui
1022 780 1176 821 propter
1193 771 1261 807 (le-

273 832 406 867 l'ectum
423 839 578 865 terrente
596 828 892 865 substantiaehoc
908 831 1087 880 operibus
1106 831 1262 880 implere

271 904 346 926 non
357 897 524 939 possunt,
537 888 614 924 sive
625 888 746 924 adhuc
764 888 800 924 in
820 890 955 925 saeculo
967 897 1259 932 commorentur,

271 951 350 986 sive
371 949 626 985 renuntiantes
652 948 786 983 sa=culo
807 956 842 983 et
870 948 1046 984 omnibus
1064 962 1147 997 quae
1170 960 1258 997 pos-

272 1008 460 1052 sidebant,
498 1006 640 1043 nudum
668 1001 854 1043 Christum
888 1007 979 1044 nudi
1013 1009 1127 1045 secuti
1156 1008 1260 1044 sint?

1323 422 1447 458 scant,
1469 414 1546 449 sive
1567 426 1642 448 non
1668 427 1675 448 ε
1700 421 1736 448 et
1757 412 1982 461 frangendus
2002 413 2144 459 osteis,
2167 413 2203 449 id
2232 421 2308 457 est,

1323 473 1557 510 orationibus
1573 481 1609 508 et
1622 472 1792 520 lacrymis
1805 473 1941 508 nostris
1951 472 1997 507 ad
2016 472 2310 508 misericordiam

1322 533 1558 569 inclinandus
1576 532 1635 567 ille
1653 532 1760 568 Panis
1775 531 1931 567 coelestis
1948 532 2174 579 Angelorum
2193 531 2313 567 dulcis

1322 597 1440 629 Jesus.
1463 591 1641 628 Similiter
1657 599 1692 626 et
1713 590 1763 625 illi
1785 589 1922 639 quibus
1942 589 2044 625 dedit
2060 589 2242 626 Dominus
2259 590 2313 625 in-

1326 653 1532 693 tellectum,
1553 663 1687 699 panem
1705 663 1818 685 sacrm
1839 650 2039 698 Scriptnrae
2057 648 2192 685 talibus
2213 649 2313 684 sran—

1325 720 1411 759 gent
1431 719 1466 746 ct
1486 717 1700 758 apponent,
1725 709 1869 744 orando
1891 709 2091 744 Dominum
2107 737 2115 753 ,
2132 717 2173 744 ut
2187 709 2314 745 oculos

1326 784 1454 805 eorum
1481 769 1626 818 aperire
1647 768 1842 815 dignetur,
1868 776 1908 803 ut
1924 781 2008 803 eum
2032 775 2257 817 agnoscant,
2277 774 2315 803 et

1326 829 1448 865 cordis
1467 829 1630 877 palatum
1657 835 1808 872 sanent,
1836 835 1872 863 et
1904 835 2077 875 gustent,
2109 835 2145 863 et
2163 826 2315 862 videant

1328 888 1504 937 quoniam
1527 887 1682 922 omnino
1699 886 1822 922 suavis
1841 894 1895 922 est
1917 886 2119 921 Dominus:
2141 894 2176 921 et
2194 886 2314 934 ipsum

1326 949 1362 983 in
1385 947 1565 983 fractione
1586 946 1710 994 panis,
1730 945 1765 980 id
1782 954 1836 981 est
1851 958 1953 981 saera
1974 945 2162 994 Scriptura
2176 973 2185 989 ,
2199 957 2315 993 agno-

1326 1015 1450 1050 scant,
1475 1018 1636 1053 qnorum
1661 1004 1758 1039 oculi
1785 1004 1998 1039 intellectus
2015 1013 2101 1039 ante
2128 1002 2312 1039 teneban-

271 1067 459 1117 Numqnid
478 1067 514 1103 hi
534 1079 665 1102 omnes
687 1067 837 1116 reprobi
861 1076 972 1103 erunt
985 1096 994 1112 ‚
1020 1069 1085 1117 qui
1113 1068 1258 1105 Christo
1277 1071 1302 1104 B
1326 1074 1406 1110 tur,
1425 1078 1471 1100 ne
1487 1077 1570 1100 eum
1585 1071 1871 1111 cognoscerent,
1889 1071 2128 1111 peccatorum
2142 1061 2316 1098 sordibus

271 1129 308 1164 in
332 1126 511 1177 operibns
538 1125 797 1161 misericordiae
828 1122 1037 1163 ministrare
1066 1140 1142 1162 non
1170 1140 1259 1176 pos-

271 1185 520 1222 5111119Α11511.
533 1188 614 1220 Non
634 1185 731 1220 enim
749 1185 986 1233 impotentes,
1004 1186 1066 1221 sed
1090 1186 1259 1221 nolentes

272 1243 639 1282 condemnabuntur.
666 1247 756 1279 Nam
776 1245 917 1280 viscera
932 1272 941 1288 ‚
959 1244 994 1279 id
1011 1253 1066 1280 est
1083 1257 1259 1293 compas-

273 1306 415 1342 sionem
445 1316 570 1348 suam,
591 1315 666 1337 non
698 1303 837 1338 claudit
853 1317 872 1338 a
895 1304 1067 1352 proximo
1090 1304 1260 1351 indigen-

274 1365 361 1400 tiam
387 1362 558 1412 patienti‚
585 1362 648 1409 qui
669 1361 697 1397 si
720 1371 862 1410 posset,
892 1363 1005 1398 vellet
1030 1362 1257 1398 subvenire:

274 1423 485 1469 sufficitque
506 1420 668 1456 Domino
691 1432 757 1454 cor
776 1420 955 1465 intuenti,
975 1421 1004 1456 si
1022 1421 1099 1456 sola
1125 1421 1264 1456 volun-

277 1489 331 1516 tas
350 1480 456 1515 adsit.
488 1482 578 1515 Nam
600 1486 636 1513 ct
654 1478 769 1527 ipsam
799 1492 867 1527 pro
898 1480 993 1515 sacto
1022 1489 1170 1529 reputat
1191 1493 1264 1516 vo-

277 1540 471 1574 luntatem.
496 1537 626 1573 Nullus
643 1550 732 1584 ergo
753 1550 790 1573 se
808 1539 946 1586 poterit
961 1552 1157 1584 excusare,
1174 1539 1266 1588 quin

276 1598 377 1633 omni
391 1596 530 1646 petenti
542 1608 579 1631 se
594 1594 732 1631 tribuat
745 1625 753 1641 ,
767 1598 823 1632 vel
835 1610 970 1645 opere,
986 1599 1045 1634 vel
1060 1599 1266 1635 voluntate.

276 1661 358 1693 Non
371 1657 482 1705 igitur
493 1669 531 1692 se
540 1664 718 1691 excusent
729 1657 792 1704 qni
803 1656 890 1693 dare
903 1670 978 1693 non
992 1666 1163 1706 possunt.
1179 1661 1267 1694 Tam

276 1717 375 1752 enim
400 1716 551 1760 afflicti,
575 1728 685 1763 quam
708 1717 918 1753 voluntaria
942 1726 1161 1767 paupertate
1181 1730 1269 1753 coa-

278 1776 326 1811 cti
348 1776 578 1811 voluntatem
597 1774 685 1810 dare
714 1783 901 1812 tenentur.
924 1777 1118 1813 Examinet
1142 1784 1266 1812 autem

1326 1124 1556 1173 superjectis.
1589 1122 1830 1171 Frangendus
1860 1129 1915 1157 est
1944 1122 2052 1170 panis
2089 1121 2317 1157 consolatio—

1328 1183 1383 1219 nis
1415 1183 1469 1218 his
1498 1183 1561 1231 qui
1593 1182 1631 1217 111
1658 1181 1838 1231 pressuris
1871 1189 1957 1217 sunt
1992 1180 2207 1225 constituti,
2241 1180 2318 1216 sive

1325 1244 1362 1278 in
1394 1241 1635 1291 languoribus
1666 1241 1853 1289 corporis,
1886 1240 1965 1276 sive
1992 1253 2106 1276 onere
2152 1252 2317 1289 pauper—

1331 1302 1433 1346 tatis,
1457 1302 1514 1337 vel
1537 1301 1575 1337 in
1599 1300 1830 1350 semetipsis,
1851 1300 1911 1337 vel
1941 1300 1978 1335 in
2004 1300 2132 1336 amieis
2148 1300 2224 1336 suis
2247 1315 2254 1336 :
2282 1307 2324 1335 ut

1329 1360 1535 1397 secundum
1579 1360 1775 1395 consilium
1821 1360 2005 1408 Sapientis
2052 1359 2162 1395 detur
2205 1359 2321 1395 sicera

1330 1419 1598 1463 moerentibus,
1623 1427 1659 1454 et
1684 1419 1811 1454 vinnm
1839 1419 1956 1454 dulcis
1977 1418 2243 1454 consolationis
2265 1418 2321 1454 1115

1331 1479 1395 1527 qui
1416 1492 1543 1515 amaro
1560 1486 1646 1514 sunt
1667 1478 1792 1513 animo
1806 1484 1834 1522 ²,
1855 1478 2007 1513 divitem
2026 1491 2174 1527 semper
2188 1478 2323 1513 volun-

1334 1546 1443 1573 tatem
1464 1537 1642 1573 habentes
1663 1536 1708 1572 ad
1723 1549 1872 1581 omnes;
1892 1550 1967 1572 non
1984 1537 2104 1572 solum
2122 1536 2167 1572 ad
2183 1537 2323 1572 amicos

1334 1605 1369 1633 et
1389 1597 1613 1633 domesticos
1640 1595 1745 1641 fidei,
1765 1608 1897 1631 verum
1923 1596 2031 1632 ctiam
2059 1595 2104 1631 ad
2130 1595 2320 1640 inimicos,

1334 1665 1374 1693 ut
1395 1657 1509 1693 simus
1529 1656 1592 1692 filii
1612 1656 1728 1692 Patris
1754 1656 1870 1691 nostri
1893 1655 1957 1704 qui
1980 1656 2017 1691 111
2038 1655 2140 1692 coelis
2159 1664 2236 1700 est,
2259 1655 2324 1704 qui

1335 1717 1420 1752 facit
1445 1717 1561 1752 solem
1592 1728 1699 1751 suum
1726 1715 1815 1750 oriri
1833 1727 1947 1763 super
1972 1713 2094 1750 bonos
2118 1723 2155 1750 et
2185 1715 2321 1760 malos,

1334 1783 1370 1811 et
1391 1775 1486 1824 pluit
1501 1787 1614 1824 super
1626 1773 1749 1822 justos
1768 1781 1805 1809 et
1822 1773 1978 1822 injustos
1990 1773 2013 1809 ³.
2033 1773 2103 1810 Sed
2119 1774 2212 1810 forte
2227 1774 2324 1810 dicet

279 1834 538 1883 sequilibet,si
556 1833 1155 1874 hanchabeatvoluntatem.Cum
1169 1837 1267 1872 enim
1290 1840 1316 1875 C
1335 1835 1469 1884 aliquis
1494 1849 1503 1870 ε
1529 1833 1628 1881 Quid
1658 1833 1804 1883 deperit
1833 1836 1913 1869 Deo
1939 1846 2047 1877 meo,
2075 1833 2177 1882 quod
2208 1835 2325 1871 solem

277 1893 382 1929 vides
399 1906 600 1942 pauperem
616 1922 624 1938 ,
643 1894 699 1929 vel
714 1894 902 1931 infirmum
915 1924 923 1941 ‚
938 1896 993 1932 vel
1007 1896 1245 1945 peregrinum
1260 1924 1270 1941 ,

277 1960 313 1988 et
329 1953 430 1988 nulla
443 1953 703 2001 compassione
721 1963 915 2002 permotus
940 1955 1029 1991 tales
1047 1954 1250 2004 pertransis
1262 1982 1271 2000 ,

278 2024 346 2047 nec
365 2011 588 2055 orationem,
608 2024 675 2047 nec
698 2013 877 2060 gemitum
905 2026 974 2062 pro
997 2013 1061 2049 illo
1089 2012 1272 2058 esfundis3

279 2070 462 2118 numquid
477 2070 589 2105 dandi
609 2069 721 2106 habes
737 2071 969 2107 voluntatem
986 2074 1000 2107 P
1016 2076 1272 2121 Nequaquam.

280 2130 316 2166 Si
335 2130 434 2165 enim
450 2143 523 2165 non
540 2129 675 2165 dividis
685 2130 859 2166 affectum
873 2132 1061 2167 charitatis
1080 2145 1162 2168 cum
1185 2145 1276 2181 pro·-

277 2187 379 2224 ximo
398 2188 609 2235 indigente,
627 2188 783 2236 perinde
804 2197 858 2225 est
877 2203 918 2225 ac
933 2191 961 2225 si
978 2203 1053 2226 non
1068 2191 1276 2239 compatia—

279 2247 330 2282 ris
349 2248 518 2296 patienti.
543 2248 577 2283 Si
593 2248 691 2283 enim
712 2262 785 2284 non
801 2249 980 2285 condoles
996 2263 1079 2285 cum
1099 2250 1271 2296 dolente3

280 2307 474 2354 quomodo
490 2306 736 2342 substantiam
758 2308 983 2344 exteriorem
1002 2309 1187 2344 divideres
1206 2310 1271 2345 ?Si

283 2378 360 2401 non
386 2365 450 2400 das
476 2366 746 2413 compassionis
777 2367 972 2412 affectum,
1001 2368 1064 2415 qui
1088 2381 1164 2416 quo
1185 2368 1270 2416 plns

283 2423 394 2459 datur
408 2451 417 2467 ,
439 2424 523 2472 plus
544 2423 734 2467 abun‹lat;
760 2425 952 2472 quomodo
972 2434 1155 2462 terrenam
1179 2426 1272 2462 sub-

283 2483 453 2518 stantiam
478 2482 604 2526 dares,
631 2496 714 2532 quae
742 2483 859 2519 divisa
886 2485 1095 2520 minuitur?
1116 2485 1273 2532 Quoties

282 2556 370 2589 ergo
388 2542 560 2578 videmus
576 2543 736 2591 aliquem
758 2543 1009 2591 indigentem,
1027 2557 1272 2593 agnoscamus

1337 1907 1443 1931 suum
1463 1902 1499 1929 et
1526 1893 1692 1942 pluviam
1720 1905 1823 1928 suam
1847 1900 1919 1928 tam
1950 1892 2054 1928 malis
2077 1905 2188 1941 quam
2216 1892 2326 1930 bonis

1338 1954 1522 2002 largitur?
1546 1952 1644 1988 Nihil
1672 1952 1844 2000 inquam,
1867 1951 1941 1987 imo
1969 1959 2006 1988 et
2035 1951 2212 2000 prodest,
2241 1953 2329 2001 quia

1340 2013 1564 2062 plerumque
1583 2011 1789 2047 vincuntur
1809 2011 1893 2046 mali
1918 2011 2156 2047 multitudine
2178 2011 2330 2049 bonita-

1342 2074 1388 2109 tis
1401 2081 1437 2109 et
1458 2071 1726 2108 beneficiorum
1749 2071 1839 2116 Dei,
1859 2080 1894 2107 et
1910 2085 1930 2107 a
1951 2072 2076 2121 pravis
2091 2072 2166 2108 suis
2183 2072 2330 2109 itineri-

1340 2132 1412 2168 bus
1432 2140 1717 2169 convertuntur.
1733 2134 1777 2168 Et
1798 2139 1836 2167 tu
1857 2131 1916 2167 dic
1930 2131 2019 2167 1111111
2037 2145 2042 2166 :
2062 2131 2160 2178 Quid
2181 2131 2328 2181 deperit

1343 2192 1426 2237 tibi,
1449 2192 1477 2228 si
1497 2191 1714 2227 charitatem
1737 2199 1835 2226 tuam
1851 2219 1859 2235 ‚
1882 2204 1965 2240 quae
1984 2191 2087 2240 quasi
2105 2192 2158 2227 sol
2176 2200 2326 2228 caeteras

1340 2251 1495 2286 virtutes
1514 2250 1720 2293 illuminat,
1740 2257 1776 2285 et
1797 2250 1962 2298 pluviam
1981 2250 2226 2298 lacrymarum
2243 2258 2325 2286 tua-

1340 2323 1420 2346 rum
1438 2310 1545 2345 etiam
1563 2322 1646 2344 cum
1665 2308 1826 2344 inimicis
1840 2308 1984 2344 dividas
2001 2308 2145 2344 orando
2160 2317 2196 2344 et
2209 2309 2326 2357 lacry-

1337 2368 1475 2404 mando
1500 2381 1569 2416 pro
1593 2368 1682 2412 illis,
1712 2375 1752 2402 ut
1772 2367 2002 2415 quandoque
2021 2375 2259 2403 revertantur
2279 2368 2326 2404 ad

1337 2441 1419 2472 cor,
1438 2435 1475 2463 et
1490 2439 1636 2462 errores
1647 2439 1734 2462 suos
1744 2434 1946 2475 agnoscant
1958 2454 1967 2470 ,
1987 2434 2022 2461 et
2040 2426 2229 2462 charitatis
2242 2427 2327 2462 uni-

1340 2494 1451 2521 tatem
1470 2485 1652 2534 recipiant
1673 2486 1687 2519 ?
1715 2487 1745 2521 O
1771 2485 1799 2519 si
1830 2485 1943 2520 scires
1968 2483 2171 2520 bonitatem
2193 2485 2326 2534 optimi

1339 2545 1427 2589 Dei,
1447 2553 1482 2581 et
1498 2557 1608 2593 quam
1627 2543 1749 2579 bonus
1765 2544 1902 2592 estqui
1922 2552 1955 2579 te
1979 2552 2106 2580 monet
2128 2557 2236 2580 orare
2256 2557 2326 2593 pro

282 2601 468 2636 Christum
498 2602 533 2636 in
553 2601 635 2645 illo;
656 2602 743 2649 quia
762 2610 798 2637 et
827 2602 905 2650 ipse
934 2602 1122 2651 indigens,
1155 2616 1270 2639 mem-
1289 2612 1320 2644 D
1339 2603 1650 2654 persequentibus
1672 2611 1707 2638 et
1726 2603 2042 2639 calumniantibus
2068 2611 2122 2648 te,
2148 2612 2185 2639 et
2205 2616 2328 2652 quan-

283 2659 391 2695 brum
416 2660 551 2695 Christi
576 2668 643 2695 est.
665 2664 747 2696 tx'on
767 2660 983 2697 claudamus
1003 2662 1145 2697 viscera
1165 2675 1270 2697 com—

283 2719 466 2767 passionis
487 2727 622 2754 nost1·ae
635 2718 680 2754 ab
695 2720 777 2763 illo,
792 2727 827 2754 et
846 2733 913 2768 per
929 2720 999 2755 hoc
1010 2720 1168 2756 sciemus
1185 2721 1271 2768 quia

283 2777 440 2811 charitas
463 2777 597 2812 Christi
623 2786 747 2812 manet
773 2777 808 2812 in
831 2777 952 2813 nobis.
978 2779 1139 2814 Maxime
1156 2779 1272 2827 virgi-

285 2849 350 2871 nes
369 2836 503 2872 Christi
531 2837 624 2871 intra
645 2837 750 2871 albos
768 2838 878 2873 ssorcs
899 2838 1091 2874 munditiae
1107 2839 1272 2887 virgina-

285 2895 327 2930 lis
349 2894 509 2930 habeant
529 2895 597 2930 1105
619 2908 752 2931 aureos
775 2897 950 2932 llosculos
971 2897 1179 2942 charitatis,
1195 2898 1273 2933 sine

281 2967 354 3002 qua
376 2955 474 2989 nulla
495 2963 550 2990 est
581 2954 763 2990 munditia
791 2956 987 3001 castitatis,
1024 2957 1148 2993 nullus
1169 2956 1274 2993 labor

284 3013 488 3061 passionis,
503 3014 604 3049 nulla
625 3014 787 3050 scientia·
809 3016 1169 3065 plenitu‹lojanuam
1188 3017 1272 3053 vitae

288 3071 495 3120 ingreditur
515 3081 675 3108 wtcrnre.

342 3132 425 3168 118.
451 3133 700 3169 §ihilominus
725 3141 868 3178 autem,
891 3134 966 3170 imo
983 3143 1018 3170 et
1049 3135 1167 3170 multo
1193 3147 1273 3171 ma-

283 3193 337 3241 gis
359 3193 609 3228 miserendum
633 3201 687 3229 est
710 3193 852 3229 miseris
873 3208 892 3230 a
912 3194 970 3230 via
992 3202 1100 3230 rectae
1114 3194 1198 3230 lidei
1214 3195 1272 3230 vel

337 3324 341 3334 “
365 3318 477 3348 Manli.
498 3330 573 3355 xxv,
595 3321 711 3349 :it-'im
735 3337 765 3341 --
788 3325 797 3339 ²
819 3322 907 3349 l'rox.
926 3331 1026 3355 xxxi,
1048 3324 1077 3350 f».
1112 3338 1122 3340 -

1339 2673 1410 2700 tam
1433 2663 1642 2699 mercedem
1659 2663 1744 2698 talia
1761 2662 1956 2699 orantibus
1972 2671 2078 2712 paret
2095 2665 2102 2698 ἔ
2120 2671 2220 2699 certe
2248 2662 2328 2711 jam

1338 2723 1479 2759 dudum
1502 2722 1695 2771 petivisses
1716 2721 1761 2757 ab
1782 2735 1846 2765 eo,
1872 2730 1907 2757 et
1937 2721 2099 2758 dedisset
2128 2721 2191 2758 tibi
2211 2723 2329 2758 solem

1340 2783 1420 2817 talis
1441 2781 1628 2817 charitatis
1642 2809 1650 2825 ,
1671 2789 1707 2816 et
1728 2781 1892 2829 pluviam
1916 2781 2042 2816 talium
2059 2781 2328 2829 lacrymarum;

1338 2841 1401 2889 qui
1423 2840 1484 2876 dat
1501 2839 1677 2875 omnibus
1695 2840 1910 2883 affluenter,
1927 2849 1963 2875 et
1984 2853 2058 2875 11011
2078 2840 2327 2888 improperat,

1338 2900 1438 2948 apud
1457 2912 1568 2947 quem
1589 2899 1670 2934 sous
1688 2907 1742 2934 est
1757 2899 1861 2944 vitre,
1880 2907 1914 2934 et
1929 2899 1964 2934 in
1989 2899 2094 2947 cujus
2112 2900 2253 2935 lumine
2268 2899 2327 2935 vi-

1339 2958 1488 2994 debitur
1506 2958 1630 2993 lumen
1644 2986 1652 3001 ,
1672 2959 1735 2993 lux
1753 2972 1840 2994 vera
1853 2986 1862 3001 ,
1883 2971 1964 3007 quae
1982 2958 2328 2994 illuminatomnem

1338 3017 1527 3053 hominem
1541 3045 1550 3061 ,
1583 3016 1700 3051 dulcis
1733 3020 1852 3053 Jesus.
1889 3017 1945 3053 Ad
1979 3016 2084 3065 cujus
2113 3017 2327 3065 exemplum

1340 3075 1465 3112 divide
1488 3083 1525 3111 et
1555 3083 1592 3111 tu
1615 3075 1830 3111 charitatem
1851 3084 1973 3121 tuam,
2000 3076 2124 3112 divide
2147 3076 2328 3124 lacrymas

1341 3144 1440 3180 tuas,
1465 3143 1536 3170 tam
1557 3147 1641 3170 cum
1662 3135 1820 3170 inimicis
1838 3135 1928 3180 tuis,
1947 3147 2057 3183 quam
2077 3148 2160 3170 cum
2178 3135 2326 3182 amicis;

1340 3202 1380 3230 ut
1409 3194 1458 3231 sis
1487 3193 1582 3230 filius
1607 3193 1724 3230 Patris
1746 3193 1795 3229 tui
1817 3194 1987 3238 coelestis,
2007 3202 2042 3230 et
2063 3194 2174 3230 frater
2191 3202 2228 3230 et
2244 3194 2328 3230 imi-

1156 3318 1295 3350 3Mauh.
1314 3330 1344 3350 v.
1372 3321 1419 3349 ‘1:1.
