2418 3949
156 234 253 271 1313

875 237 940 270 DE
970 236 1238 273 DISCIPULIS
1266 236 1481 273 EMMAUS.

149 314 200 347 Et
218 316 298 360 ipse
319 314 464 347 evanuit
480 309 528 347 ab
546 313 662 348 oculis
675 324 815 348 eorum.
838 312 932 348 Mira
951 314 1026 348 res!
1046 310 1196 349 Cum⁶⁶⁶

2105 242 2201 277 1314

1208 313 1301 346 dens
1314 320 1394 346 erat
1410 316 1448 346 in
1464 311 1567 348 nobis
1583 314 1629 347 de
1645 313 1730 348 sesa
1742 340 1750 355 ‚
1768 325 1852 348 cum
1870 313 2082 351 divmarum
2102 318 2203 353 Scri·

149 370 284 420 incipit
301 371 476 420 magister
499 370 606 407 cordi
633 371 870 417 dulcescere,
902 379 991 407 tunc
1022 371 1138 421 sugit,
1157 372 1189 406 A
1208 378 1407 420 pturarum
1439 371 1638 407 dulcedine
1664 380 1810 408 nostras
1841 374 2080 411 reficeremus
2110 377 2200 412 ani-

150 438 194 466 ut
219 430 265 467 de
288 429 454 467 absentia
481 443 547 467 sua
576 430 686 467 faciat
718 444 787 468 nos
820 431 981 468 dulciter
1000 431 1140 467 dolere.

151 490 257 527 Tales
277 498 364 526 sunt
384 490 523 526 amoris
550 489 713 536 deliciae,
735 491 835 527 oculi
860 490 999 527 amoris
1019 491 1142 541 ipsum

151 548 293 585 faciunt
311 549 473 585 avolare.
494 551 620 597 Fuge,
643 551 776 586 dilecte
792 554 862 594 mi,
887 559 920 585 et
936 551 1146 585 assimilare

151 621 312 655 cnpreoe,
331 608 558 655 hinnuloque
571 621 768 654 cervorum,
782 622 894 657 snper
909 618 1048 644 montes
1063 622 1147 644 aro-

150 675 291 702 matum
317 672 341 702 ¹.
366 666 537 704 Ascende
558 679 671 716 super
691 667 894 705 Cherubim
910 696 920 712 ,
941 675 979 704 et
997 667 1148 704 ambula

151 739 267 776 super
285 738 430 775 pennas
447 734 662 763 ventorum.
683 730 772 764 Esto
793 736 917 764 tamen
933 727 1062 763 similis
1082 741 1147 764 ca-

151 798 252 835 preae
273 786 508 836 hinnuloque
522 799 721 823 cervorum
736 815 746 833 ,
770 796 810 824 ut
823 787 953 824 oculos
973 787 1147 824 dilectio-

152 845 210 882 nis
225 853 298 882 tuae
315 859 393 882 non
415 854 562 883 avertas
583 859 603 882 a
629 845 740 883 nobis
763 861 770 883 :
799 847 868 883 etsi
901 859 922 882 a
951 846 1089 882 nostris
1112 854 1146 882 te

150 903 339 942 subtrahis
354 933 364 951 ,
384 906 450 955 qui
464 905 619 942 humilia
640 906 793 955 respicis
807 934 817 952 ‚
847 914 884 942 et
903 905 976 942 alta
993 918 1013 942 a
1035 905 1148 954 longe

155 964 363 1013 cognoscis.

205 1023 267 1061 24.
288 1026 339 1060 Ee
361 1026 537 1060 dixerunt
554 1026 606 1060 od
629 1028 782 1060 invicem
811 1039 822 1059 :
840 1026 974 1060 Nonne
997 1037 1061 1059 cor
1080 1036 1146 1059 no-

1210 443 1287 466 mas
1299 459 1308 475 ,
1325 429 1560 467 invenientes
1579 432 1617 467 in
1638 432 1710 468 illis
1727 431 1917 469 mirabiles
1936 433 2203 472 delectationes

1209 500 1323 537 super
1343 501 1474 524 omnes
1491 489 1662 525 divitias?
1680 494 1814 526 Nonne
1842 503 1910 526 nos
1929 500 2018 528 tunc
2044 493 2205 531 docebat

1211 547 1340 584 unctio
1367 548 1502 585 Christi
1523 548 1569 585 de
1590 549 1766 585 omnibus
1783 577 1792 595 ‚
1824 550 2045 588 medullatas
2073 553 2204 589 infun-

1213 606 1339 643 dendo
1359 606 1468 644 nobis
1493 607 1672 645 delicias?
1700 610 1836 644 Nonne
1865 623 1927 644 cor
1951 620 2114 648 nostrum
2144 627 2207 648 nr-

1212 668 1303 702 tlens
1319 675 1402 702 erat
1418 671 1455 702 in
1473 666 1573 702 nobis
1587 669 1633 703 cle
1646 670 1749 711 Jesn,
1771 669 1855 703 (lum
1881 672 2088 716 loqueretar
2101 672 2206 707 nobis

1214 730 1252 760 in
1272 727 1368 760 via?

1267 785 1328 821 25.
1350 787 1398 820 Ee
1417 795 1608 834 surgentes
1636 788 1766 821 eadem
1787 786 1879 821 leora
1904 792 2035 823 reversi
2059 799 2145 824 sunt
2170 794 2206 825 in

1212 846 1419 879 Jerusalem
1435 871 1445 887 ,
1471 854 1505 880 et
1528 849 1744 881 invenerant
1762 856 2000 894 congregatas
2021 849 2205 892 undecim,

1213 912 1249 938 ec
1262 916 1321 938 eos
1336 908 1399 952 qui
1421 917 1500 939 cum
1518 908 1608 952 ipsis
1629 914 1754 947 erant,
1791 906 1953 940 (licentes
1974 920 1984 939 .·
2007 908 2108 950 Quia
2124 921 2207 942 sur-

1213 967 1314 998 rexit
1342 965 1525 998 Dominus
1548 977 1656 1008 vere,
1690 972 1725 998 et
1746 969 1921 1011 apparuit
1948 965 2103 1002 Simoni.
2126 970 2209 1003 Non

1212 1022 1420 1071 incongrue
1445 1022 1575 1059 eadem
1605 1022 1697 1059 hora
1726 1022 1906 1060 dicuntur
1925 1037 2097 1073 surgere,
2121 1029 2210 1076 quia

150 1091 266 1119 strum
285 1085 419 1120 ardens
442 1088 572 1120 eratin
592 1083 696 1120 nobis
710 1085 758 1119 de
784 1084 892 1127 lesu,
922 1085 1007 1119 clam
1026 1085 1148 1131 loque-
1164 1082 1193 1116 B
1213 1094 1290 1117 non
1308 1081 1378 1118 nisi
1400 1081 1446 1118 ad
1466 1082 1598 1118 horam
1612 1109 1622 1127 ,
1643 1095 1711 1118 nec
1733 1082 1780 1118 ad
1806 1082 1936 1119 horam
1953 1084 2106 1132 quidem
2130 1099 2210 1123 esse

151 1151 254 1178 retur
267 1142 371 1189 nobis
391 1147 429 1179 in
447 1148 514 1179 via
524 1172 535 1189 ,
553 1152 590 1179 et
603 1147 768 1191 aperiret
784 1141 889 1178 nobis
906 1143 1117 1190 Scrt'pturas
1128 1144 1148 1177 ‚1²

151 1202 327 1240 Clausula
346 1202 415 1239 ista
443 1215 520 1238 non
553 1210 610 1238 est
641 1200 866 1251 exponenda
881 1229 891 1247 ,
928 1200 993 1237 sed
1023 1200 1150 1237 rumi-

151 1261 288 1298 nanda.
306 1261 462 1309 Quoties
473 1261 509 1297 in
522 1260 802 1310 nobismetipsis
816 1260 1012 1297 marcescit
1023 1261 1148 1296 anima

151 1329 280 1357 nostra
294 1349 304 1366 ‚
325 1329 362 1357 et
384 1321 578 1370 possident
598 1334 669 1358 nos
690 1320 770 1357 dies
793 1321 1029 1366 afflictionis,
1049 1333 1149 1369 quo-

153 1379 221 1416 ties
241 1379 359 1416 taediis
373 1380 432 1416 vel
451 1380 702 1416 tentationum
719 1379 966 1415 vulneramur
985 1378 1147 1427 sagittis;

151 1439 199 1476 ad
229 1439 448 1475 memoriam
484 1451 706 1475 revocemus
741 1437 832 1488 quid
870 1437 1074 1486 aliquando
1110 1437 1148 1473 in

151 1498 324 1536 oratione
347 1498 597 1543 senserimus,
619 1497 713 1547 quid
738 1498 776 1534 in
811 1497 1055 1533 meditatione
1081 1509 1150 1545 gu-

153 1557 400 1602 staverimus,
431 1557 595 1606 qualiter
622 1557 771 1593 locutus
803 1557 850 1593 sit
877 1555 987 1593 nobis
1015 1556 1149 1593 Domi-

153 1629 246 1661 nus,
273 1629 357 1652 cum
381 1616 524 1653 scilicet
553 1616 905 1666 transmigraremus
933 1615 971 1651 in
999 1615 1150 1652 delicias

153 1675 497 1725 contemplationis.
515 1676 646 1711 Nonne
662 1688 725 1710 cor
739 1684 900 1710 nostrum
921 1676 1056 1710 ardens
1072 1683 1153 1709 erat

153 1740 193 1770 1'n
212 1734 316 1770 nobis
334 1736 382 1770 de
401 1737 520 1777 lesu?
536 1737 567 1772 Ο
588 1733 708 1770 dulcis
728 1732 842 1770 ardor
855 1761 864 1778 ,
890 1733 1009 1769 duleis
1029 1733 1152 1782 splen-

154 1795 248 1841 dor,
272 1794 392 1831 dulcis
414 1796 543 1831 amor!
561 1794 688 1832 Ardor
710 1793 951 1839 confortans,
972 1793 1152 1842 splendor

1213 1150 1373 1191 possunt
1388 1141 1428 1178 in
1447 1142 1571 1178 anima
1592 1142 1683 1178 tales
1704 1141 1848 1178 deliciae
1871 1157 1878 1178 :
1907 1143 1982 1179 cito
1999 1152 2209 1190 transeunt,

1213 1199 1372 1246 abeunt,
1401 1209 1643 1237 evanescunt.
1674 1200 1765 1237 Ideo
1801 1201 1972 1250 fugiunt,
2007 1211 2046 1238 ut
2081 1217 2211 1242 earum

1212 1259 1489 1309 plenitudinem
1511 1289 1520 1306 ‚
1553 1273 1638 1309 quae
1672 1259 1858 1296 debetur³
1891 1261 1929 1297 in
1961 1263 2105 1311 patria,
2143 1265 2213 1301 fer-

1214 1319 1364 1356 ventius
1383 1328 1604 1369 appetamus
1639 1334 1646 1356 :
1670 1319 1756 1356 ideo
1777 1320 1944 1356 animum
1980 1322 2149 1359 alliciunt
2172 1332 2209 1360 et

1214 1378 1471 1425 inflammant,
1502 1387 1543 1415 ut
1573 1391 1788 1428 surgamus,
1819 1393 1894 1415 non
1926 1389 1966 1416 ut
1996 1381 2033 1417 in
2060 1383 2210 1420 Jericho

1215 1436 1498 1474 descendamus.
1535 1437 1592 1474 lbi
1627 1438 1853 1475 insidiantur
1882 1448 1922 1475 ut
1957 1442 2120 1489 spolient
2154 1444 2212 1479 vel

1214 1505 1351 1533 necent
1367 1497 1652 1534 descendentes.
1673 1498 1744 1534 Sed
1763 1497 1879 1534 nobili
1900 1500 2062 1548 quadam
2080 1515 2213 1551 super-

1217 1554 1277 1592 bia
1297 1556 1490 1606 despicere
1510 1556 1622 1593 debet
1648 1557 1727 1594 haec
1762 1560 2000 1607 temporalia,
2025 1573 2109 1609 quie
2136 1574 2215 1597 mu-

1217 1614 1344 1652 tabilia
1365 1625 1452 1653 sunt
1469 1617 1565 1653 sicut
1584 1617 1685 1663 luna,
1704 1618 1828 1654 anima
1841 1618 2056 1656 coelestibus
2075 1620 2216 1657 deliciis

1217 1683 1373 1711 assueta.
1408 1678 1610 1725 Surgentes
1646 1676 1760 1725 igitur
1792 1678 1922 1714 Oratio
1960 1688 1995 1714 et
2021 1679 2213 1717 Meditatio

1218 1743 1464 1772 revertuntur
1489 1736 1527 1771 in
1557 1737 1788 1783 Jerusalem,
1813 1751 1898 1774 cum
1928 1747 2014 1787 post
2043 1740 2217 1789 spiritua-

1217 1795 1308 1831 lium
1329 1794 1545 1832 deliciarum
1570 1796 1812 1833 refectionem
1842 1798 1944 1846 pacis
1968 1799 2107 1835 intimae
2127 1813 2216 1849 pos-

152 1854 368 1891 illuminans
385 1882 394 1900 ,
415 1867 522 1891 amor
535 1853 740 1891 inebrians.
766 1856 887 1901 Quam
909 1853 1070 1890 dulciter
1090 1866 1151 1889 ar·
1172 1853 1199 1888 C
1219 1854 1343 1891 sident
1361 1855 1539 1904 quietem.
1565 1855 1750 1893 Undecim
1773 1856 1832 1892 isti
1853 1857 1918 1905 qui
1949 1858 1984 1893 in
2009 1860 2216 1896 Jerusalem

153 1913 241 1960 des,
275 1927 389 1964 quam
429 1913 650 1951 mirabiliter
681 1913 875 1963 splendes,
909 1926 1020 1962 quam
1047 1913 1153 1949 suffi—

153 1975 296 2010 cienter
311 1981 431 2010 totum
455 1987 521 2011 cor
540 1974 705 2011 hominis
728 1974 884 2023 imples!
906 1973 998 2021 Quis
1015 1973 1155 2023 poterit

153 2031 325 2070 habitare
340 2032 387 2070 de
401 2033 511 2071 nobis
528 2047 613 2070 cum
630 2033 717 2083 igne
733 2033 941 2069 devorante
954 2061 962 2077 ,
983 2045 1068 2068 cum
1092 2045 1153 2068 ar-

152 2091 312 2130 doribus
340 2094 579 2144 sempiternis
601 2100 636 2140 ²,
659 2107 745 2131 cum
766 2092 845 2142 jam
867 2105 944 2129 non
968 2093 1038 2129 erit
1058 2092 1154 2141 ignis

153 2152 192 2188 in
207 2151 297 2190 Sion
310 2181 321 2198 ,
338 2152 402 2189 sed
418 2153 587 2190 caminus
611 2153 648 2190 in
663 2153 872 2191 Jerusalem
889 2180 899 2198 ,
921 2152 958 2188 in
975 2151 1154 2201 splendo-

155 2210 260 2248 ribus
279 2212 525 2249 aeternitatis?
546 2216 652 2249 Tunc
668 2212 781 2249 etiam
807 2210 1094 2248 recordabimur
1108 2209 1154 2246 de

154 2270 227 2307 hoc
249 2283 369 2320 parvo
389 2272 556 2321 igniculo
577 2284 690 2322 quem
712 2271 894 2308 sentimus
919 2271 957 2306 in
983 2271 1155 2307 convalle

155 2330 381 2379 plorationis
398 2359 408 2376 ,
433 2331 669 2368 cantabimus
685 2339 722 2368 et
747 2331 971 2381 psallemus,
993 2339 1030 2366 et
1050 2330 1155 2367 dice—

155 2401 239 2426 mus
267 2389 314 2426 ad
337 2389 497 2426 invicem
531 2405 539 2428 :
573 2393 709 2427 Nonne
737 2404 800 2426 cor
827 2399 991 2426 nostrum
1022 2392 1158 2425 ardens

155 2457 237 2484 erae
256 2452 295 2484 in
320 2448 424 2485 nohis
446 2451 493 2486 de
511 2450 599 2485 Jesu
616 2452 636 2486 ‚³
649 2452 742 2487 Cum
759 2448 829 2486 sub
849 2457 1072 2499 paupertate
1092 2449 1158 2485 de—

157 2521 331 2558 geremus
351 2509 492 2545 militiae
512 2509 711 2559 regularis,
731 2517 769 2546 et
786 2517 970 2546 staremus
989 2508 1034 2544 ad
1052 2509 1154 2558 psal-

155 2567 310 2604 lendum
339 2567 379 2604 in
408 2569 604 2605 nocturnis
631 2568 792 2618 vigiliis,
827 2576 864 2604 et
894 2576 980 2618 post
1011 2568 1154 2617 vigilias

1220 1921 1308 1950 sunt
1336 1914 1568 1963 congregati,
1602 1914 1702 1951 dona
1727 1916 1956 1964 septiformis
1981 1918 2160 1966 Spiritus,
2183 1928 2220 1956 et

1221 1981 1383 2022 quatuor
1417 1974 1644 2024 principales
1678 1974 1836 2011 virtutes
1868 1985 2026 2025 possunt
2051 1978 2218 2028 intelligi.

1220 2033 1279 2069 Illi
1296 2033 1360 2082 qui
1378 2047 1461 2070 cum
1485 2034 1538 2070 eis
1568 2043 1675 2081 sunt,
1696 2034 1788 2071 fides
1804 2063 1813 2079 ,
1837 2048 1921 2085 spes
1937 2065 1946 2081 ‚
1981 2037 2159 2083 charitas,
2183 2048 2220 2075 et

1220 2093 1342 2142 siqua
1367 2092 1417 2130 ibi
1447 2102 1535 2130 sunt
1562 2094 1631 2131 alia
1660 2095 1861 2144 gratiarnm
1883 2095 2003 2142 dona,
2026 2097 2097 2134 dici
2124 2112 2220 2148 pos-

1220 2161 1319 2190 sunt.
1342 2156 1596 2204 Congregatos
1616 2155 1708 2192 istos
1732 2155 1852 2191 oratio
1879 2164 1915 2192 et
1936 2156 2128 2194 meditatio
2151 2159 2216 2195 in-

1221 2212 1398 2257 veniunt,
1428 2225 1505 2249 non
1537 2221 1865 2263 congregaverunt
1896 2229 1903 2250 :
1941 2215 2028 2263 quia
2052 2216 2120 2253 etsi
2147 2230 2217 2266 pro

1221 2285 1330 2322 posse
1343 2280 1473 2309 nostro
1497 2273 1736 2310 intendamus
1757 2272 1959 2310 virtutibus
1980 2288 2219 2325 congregan-

1221 2331 1299 2377 dis;
1324 2332 1415 2368 nihil
1448 2331 1528 2368 sine
1558 2336 1664 2369 Patre
1690 2332 1876 2369 luminum
1899 2346 2098 2383 possumus
2115 2364 2124 2379 ,
2152 2338 2217 2385 qni

1223 2399 1259 2428 et
1278 2392 1375 2428 velle
1391 2400 1427 2428 et
1444 2392 1626 2441 perlicere
1642 2392 1679 2428 in
1697 2392 1807 2429 nobis
1823 2401 2013 2442 operatur.
2030 2395 2114 2431 Istis
2130 2395 2218 2432 dum

1223 2450 1344 2487 oratio
1370 2458 1408 2487 et
1428 2450 1622 2487 meditatio
1653 2450 1958 2500 conjunguntur,
1982 2451 2113 2489 dicunt
2132 2460 2221 2502 qnia

1220 2516 1385 2546 surremit
1412 2511 1596 2546 Dominus
1628 2524 1740 2554 vere,
1767 2510 1921 2560 qnando
1954 2513 2092 2548 amanti
2127 2527 2221 2550 con-

1220 2570 1385 2606 scientiae
1404 2569 1570 2607 insibilat
1590 2570 1766 2620 gandium
1795 2572 2081 2609 resurrectionis
2102 2573 2221 2611 donii-

158 2625 371 2664 absconditi
391 2627 699 2665 incumberemus
715 2627 952 2665 orationibus
975 2629 1048 2664 illis
1070 2628 1154 2665 bea-
1172 2631 1204 2664 D
1224 2629 1330 2665 nicae.

158 2686 308 2723 tissimis
339 2686 567 2732 intervallis,
593 2700 707 2737 quam
737 2700 870 2736 magna
896 2696 984 2724 tunc
1009 2697 1090 2724 erat
1118 2689 1154 2724 in

157 2745 337 2783 cordibus
362 2747 502 2784 nostris
532 2746 736 2784 multitudo
758 2746 995 2784 dulcedinis!
1024 2749 1156 2783 Nonne

158 2819 222 2841 cor
251 2814 416 2842 nostrum
453 2808 592 2842 ardens
623 2816 702 2842 erae
739 2811 778 2842 in
816 2805 917 2841 nobis
946 2807 992 2841 de
1038 2808 1157 2843 lem?

158 2869 292 2902 Nonne
321 2878 397 2902 nox
422 2875 502 2903 erat
522 2866 748 2903 illuminatio
768 2866 805 2902 in
827 2865 996 2902 deliciis?
1024 2868 1157 2902 Nonne

159 2937 222 2959 cor
243 2933 404 2960 nostrum
428 2934 517 2963 tunc
536 2928 672 2962 ardens
697 2934 778 2961 erat
799 2930 836 2960 in
858 2924 963 2960 nobis
979 2953 988 2969 ‚
1011 2938 1095 2961 cnm
1117 2925 1155 2962 in

160 2983 324 3020 claustro
361 2985 570 3023 residentes
601 2985 872 3022 meditaremur
912 2984 949 3020 in
985 2986 1154 3031 silentio,

160 3041 314 3091 quando
344 3052 489 3081 secreto
521 3048 620 3082 Deus
648 3053 729 3081 erat
755 3045 792 3080 in
816 3043 1060 3081 tabernaculo
1085 3058 1158 3083 no-

161 3110 260 3148 stro,
284 3115 369 3139 cum
389 3116 502 3153 super
530 3104 739 3141 Jerusalem
761 3117 828 3140 cor
853 3103 1094 3149 ascenderet,
1126 3113 1161 3140 ct

161 3161 413 3210 cogitaremus
428 3163 556 3212 patriae
580 3163 735 3213 gaudia,
756 3176 839 3200 cum
859 3173 1064 3200 concentus
1080 3164 1161 3200 coeli

165 3229 357 3257 resonaret
374 3221 410 3258 in
429 3223 681 3260 conscientia?
702 3226 832 3260 Nonne
848 3233 1081 3259 cor-nostrum
1100 3237 1163 3259 ar-

216 3351 225 3366 ¹
249 3347 368 3378 Caniic.
393 3359 414 3377 n
430 3372 438 3384 ,
459 3352 512 3386 17,
533 3357 564 3382 et
584 3362 667 3390 vni,
692 3353 798 3381 14.ἡ
822 3356 833 3371 ²
853 3351 923 3381 lsai.
941 3361 1071 3384 xxxin.
1094 3352 1144 3380 14.

297 3416 387 3440 ΤΟΜ.
418 3419 453 3442 V.

1275 2687 1336 2724 26.
1355 2687 1426 2724 Sed
1445 2687 1536 2736 quid
1556 2687 1636 2723 vult
1661 2688 1729 2723 sibi
1749 2687 1851 2736 quod
1883 2687 2079 2733 subditur,
2097 2705 2221 2739 appa-

1222 2751 1295 2782 ruit
1311 2748 1481 2782 Simoni?
1496 2746 1626 2782 Videte
1645 2760 1690 2782 ne
1713 2748 1806 2783 sorte
1821 2756 1977 2796 propter
1995 2761 2063 2785 nos
2079 2749 2219 2787 dietum

1222 2806 1286 2851 sit,
1307 2805 1370 2854 qui
1398 2806 1608 2854 specialiter
1641 2806 1703 2841 lilii
1735 2819 1864 2842 sunnis
1884 2805 2130 2851 obediendam
2155 2812 2219 2859 qui

1223 2863 1456 2914 sapientibus
1484 2873 1519 2900 et
1547 2864 1811 2913 insipientibus
1841 2865 2032 2902 ‹lebitons
2061 2881 2190 2905 snmus
2211 2899 2220 2911 ,

1224 2925 1303 2961 sine
1339 2924 1638 2961 contradictione
1670 2926 1794 2971 vocis,
1829 2925 1908 2961 sine
1932 2939 2089 2963 rancore
2113 2942 2220 2966 nnn*-

1226 2983 1444 3020 mnrationis
1462 2983 1628 3020 obedire.
1659 2985 1792 3021 Fidelis
1813 2998 1954 3026 serino,
1977 2995 2011 3021 ct
2035 2989 2136 3023 oinni
2155 3004 2222 3025 ac—

1226 3044 1400 3092 ceptione
1433 3042 1595 3091 dignus,
1632 3056 1808 3091 inagnum
1852 3044 1989 3080 lai-litim
2024 3048 2218 3085 eunnilnni

1227 3103 1440 3152 parturiens
1469 3102 1754 3146 obedientibus,
1775 3105 1861 3152 qnia
1889 3106 2073 3142 Dominus
2102 3121 2218 3157 appa—

1230 3162 1303 3199 ruit
1336 3162 1499 3207 Simoni,
1530 3171 1567 3197 et
1598 3163 1666 3212 ipsi
1700 3163 1766 3198 soli
1790 3164 1939 3212 speciali
1977 3169 2223 3214 pinum-:gaina

1230 3236 1306 3272 prm
1338 3222 1528 3259 omnibus.
1567 3225 1598 3260 Ο
1632 3223 1659 3259 si
1693 3222 1840 3259 devota·
1875 3225 2009 3259 inentis
2046 3230 2223 3264 memoria

1475 3351 1486 3364 ⁸
1511 3349 1595 3379 Ataz
1611 3373 1617 3383 ,
1638 3348 1774 3379 hal-rna:
