2504 3928
320 167 391 203 539
917 170 943 202 'l'
950 170 975 203 ti
984 170 1008 203 A
1015 170 1166 205 tt'rA'rF
1175 170 1197 205 S
1228 172 1256 204 t)
1266 172 1289 204 1³.

320 244 379 279 illa
409 245 569 293 cogitas,
597 252 628 278 et
662 243 790 278 falsum
819 251 871 277 cst
898 243 997 290 quod
1021 244 1170 290 cogitas.
1201 243 1337 281 Audi⁷¹⁴²

1327 167 1574 203 tx'l'tiltlottt
1606 166 1756 200 DOMO.

1347 243 1351 258 ¹
1369 255 1539 291 possum,
1562 241 1625 276 sed
1643 253 1709 289 per
1726 237 1869 275 infinita
1889 235 2005 285 spatia
2023 236 2209 282 locorum,
2232 244 2269 272 et
2286 250 2356 273 vo-

2283 160 2357 197 740

322 303 536 349 quomodo,
566 311 602 337 ut
633 303 679 337 de
705 310 838 337 ea‘tcro
867 301 931 337 tibi
960 316 1101 339 caveas.
1136 304 1302 339 Forsitan
1327 305 1352 335 Α
1373 301 1510 336 lumina
1530 309 1740 348 temporum
1757 298 1848 333 mira
1865 295 2100 332 festinatione
2121 304 2353 344 pertranseo.

321 361 459 407 cogitas
480 361 591 396 modo
613 360 658 395 dc
674 361 752 396 sole
766 389 774 405 ,
793 361 850 396 vel
871 361 917 396 de
934 362 1060 410 aliquo
1079 364 1196 398 amico
1219 371 1303 406 tuo,

323 427 385 454 aut
406 420 450 454 dc
473 429 506 454 te
534 420 626 468 ipso.
657 420 692 455 Si
715 433 810 455 unus
831 429 885 456 cst
911 422 990 465 sol,
1021 422 1131 457 falsus
1157 430 1210 457 est
1241 423 1308 458 iste

323 490 432 524 quem
457 486 494 512 tu
515 479 681 525 cogitans
702 479 807 526 lingis
826 494 832 514 :
855 480 1030 528 quoniam
1050 481 1109 515 ille
1129 481 1237 516 certis
1259 482 1308 516 lo-

324 537 374 571 cis·
396 546 431 572 et
457 538 688 586 temporibus
708 552 857 575 cursum
878 553 986 575 suum
1009 540 1149 588 peragit
1164 569 1172 584 ‚
1196 540 1306 576 istum

325 609 414 631 vcro
435 597 629 633 constituis
653 596 715 633 ubi
737 598 804 634 vis.
832 599 867 633 si
897 612 993 634 unus
1011 607 1065 634 est
1091 599 1150 634 ille
1169 599 1307 634 amicus

325 663 429 698 tuus,
453 656 564 692 falsus
585 665 639 691 est
657 657 723 692 iste
739 670 850 705 quem
875 658 1042 705 cogitans
1060 658 1166 707 lingis
1187 672 1192 692 :
1217 671 1308 705 quo-

323 714 420 749 niam
442 715 502 750 ille
523 714 587 751 ubi
610 716 653 751 sit
669 744 678 760 ,
703 717 842 760 nesei53
866 717 974 752 istum
996 725 1119 752 autem
1140 716 1202 752 ubi·
1226 717 1279 752 vis
1296 745 1305 760 ,

323 774 443 822 lingis.
474 779 588 811 l‘orro
618 783 652 810 te
677 775 797 824 ipsum
825 777 894 812 lioe
919 790 997 812 esse
1018 777 1100 812 loco
1119 777 1254 821 sentis,
1273 784 1307 811 et

324 840 445 868 tamen
477 834 655 881 figmento
688 835 925 882 cogitationis
946 836 1049 871 vadis
1079 835 1140 871 ubi
1170 836 1242 879 vis,
1270 844 1307 871 et

321 890 486 940 loqueris
503 905 585 927 cum
607 892 744 940 quibus
762 893 836 938 vis,
856 902 891 929 et
912 894 983 930 lioc
1002 907 1129 930 verum
1148 907 1221 929 non
1241 903 1307 939 cst,

321 951 408 999 quia
427 951 539 987 modo
556 950 606 986 ibi
626 965 701 987 non
721 965 774 988 es.
799 953 983 999 Quoniam
1005 966 1094 1000 ergo
1114 954 1200 989 falsa
1222 961 1308 989 sunt

1373 359 1546 407 l'mliquc
1578 366 1676 407 patet
1703 357 1790 392 milii
1811 356 1925 392 facilis
1944 355 2139 400 transitus,
2157 355 2260 404 agilis
2280 354 2357 391 dis—

1373 432 1502 454 cursus
1516 447 1524 462 ,
1541 418 1586 453 de
1616 417 1771 453 summis
1793 415 1839 451 ad
1857 416 1946 459 ima,
1966 414 2067 450 etde
2088 414 2170 449 imis
2190 413 2234 449 ad
2256 427 2358 449 sum—

1375 492 1454 522 ma3
1484 478 1530 513 de
1551 477 1679 526 primis
1700 476 1744 511 ad
1773 474 1996 518 novissima,
2019 473 2064 508 de
2083 472 2292 508 novissimis
2312 471 2359 508 ad

1375 538 1505 585 prima.
1540 537 1655 583 Digne
1683 535 1870 583 explicare
1900 546 1973 568 non
1997 544 2171 581 possum,
2192 540 2284 580 quot
2303 532 2358 567 al-

1376 596 1597 631 ternationis
1628 594 1760 630 modos
1782 593 2051 629 momentaneis
2071 591 2359 640 permutationi-

1375 654 1443 690 lius
1461 655 1595 699 induo,
1617 662 1653 689 et
1673 667 1783 702 quam
1807 651 2083 688 multiformiter
2100 663 2157 686 me
2172 651 2360 686 alternan—

1375 714 1464 748 tium
1493 713 1788 749 vicissitudinum
1807 710 1970 747 motibus
1999 710 2141 746 variare
2164 708 2361 754 consuevi,

1374 781 1406 807 ct
1443 773 1579 821 quilius
1619 770 1964 821 perturbationibus
1998 769 2167 818 quotidie
2200 769 2356 805 afficior.

1374 832 1486 868 Modo
1508 846 1565 867 me
1586 833 1621 867 in
1650 831 1819 867 fiduciam
1841 831 1966 878 erigo,
1993 829 2105 865 niodo
2126 829 2162 864 in
2184 827 2361 864 diffiden-

1376 891 1462 926 tiam
1484 890 1587 926 cado.
1615 893 1722 926 Nune
1752 903 1819 939 per
1849 889 2093 924 constantiam
2117 889 2229 936 ligor,
2263 899 2361 922 nunc

1374 949 1568 985 subitaneo
1601 958 1741 985 terrore
1769 948 1988 983 concutior:
2019 946 2131 982 modo
2153 959 2211 982 me
2236 945 2362 982 turbat

321 1010 415 1054 lia-c,
448 1011 524 1046 noli
550 1011 686 1046 amodo
709 1012 791 1047 talia
811 1013 987 1060 cogitare,
1011 1013 1074 1049 sed
1086 1012 1183 1061 jacta
1201 1013 1303 1061 cogi-
1329 1007 1354 1039 13
1375 1008 1445 1053 ira,
1465 1009 1576 1043 modo
1598 1009 1728 1057 ingens
1749 1008 1850 1043 furor
1873 1007 2045 1054 exagitat.
2067 1009 2141 1042 Nec
2157 1004 2247 1041 illud
2266 1004 2361 1040 adeo

323 1077 439 1105 tatum
464 1078 567 1105 tuum
591 1070 625 1105 in
648 1070 833 1114 Domino,
856 1072 919 1120 qui
945 1080 978 1107 te
996 1072 1079 1107 fecit
1099 1080 1134 1107 et
1155 1072 1304 1115 refecit,

322 1128 428 1176 clegit
450 1137 484 1164 et
501 1129 665 1175 vocavit,
685 1129 866 1177 judicabit
887 1139 923 1167 et
942 1130 1110 1166 salvabit.

378 1187 438 1223 73.
470 1190 501 1224 Ο
528 1196 620 1236 quot
640 1196 675 1223 et
696 1189 825 1236 quanti
857 1189 923 1224 liae
952 1189 1043 1225 liora
1069 1202 1153 1225 cum
1178 1202 1222 1225 eo
1250 1190 1308 1224 lo—

323 1255 514 1295 quuntur,
544 1260 705 1295 eumque
727 1248 762 1282 in
784 1249 991 1296 semetipsis
1021 1249 1305 1297 amplexantur!

323 1315 360 1342 tu
391 1319 480 1342 vcro
508 1306 544 1341 in
564 1306 619 1342 liis
637 1306 831 1342 delectaris
856 1320 938 1354 quse
954 1315 1114 1356 pereunt
1130 1315 1165 1342 et
1187 1315 1310 1342 trans-

323 1374 430 1409 eunt,
452 1374 486 1400 et
509 1374 629 1400 tecum
649 1378 797 1400 manere
813 1378 887 1400 non
910 1368 1088 1414 possunt!
1110 1365 1309 1402 Considera

325 1437 436 1472 quain
467 1424 571 1459 multi
604 1423 717 1458 modo
748 1424 981 1469 moriuntur3
1011 1423 1148 1472 quibus
1174 1424 1203 1459 si
1232 1423 1311 1459 haec

324 1484 415 1519 liora
444 1482 488 1518 ad
516 1481 700 1530 agendum
723 1482 983 1531 poenitentiam
1015 1482 1309 1528 concederetur,

323 1555 407 1591 quae
428 1541 494 1577 tibi
517 1554 691 1577 concessa
713 1549 789 1586 est,
811 1541 1004 1590 quomodo
1021 1555 1090 1591 per
1108 1541 1256 1586 altaria,
1275 1549 1312 1577 et

323 1614 436 1650 quam
458 1600 675 1636 festinanter
700 1609 916 1647 currerent,
937 1609 973 1637 et
1000 1601 1051 1637 ibi
1079 1601 1184 1637 flexis
1203 1600 1309 1650 geni—

321 1659 413 1705 bus,
434 1659 492 1695 vel
513 1667 613 1695 certe
634 1666 714 1694 toto
730 1672 889 1708 corpore
904 1659 942 1694 in
964 1667 1101 1695 terram
1121 1667 1309 1709 prostrato

323 1717 464 1753 tamdiu
488 1717 738 1765 suspirarent,
762 1717 978 1765 plorarent,
1001 1725 1037 1752 et
1053 1725 1219 1762 orarent,
1240 1716 1309 1752 do-

1372 1070 1504 1104 mirmn
1522 1098 1530 1113 ‚
1569 1069 1670 1118 quod
1704 1069 1815 1104 variis
1850 1065 2090 1115 qualitatibus
2127 1065 2362 1114 diversisque

1374 1126 1721 1176 perturbationibus
1742 1140 1808 1175 per
1829 1126 1972 1175 singula
1995 1132 2183 1160 momenta
2201 1124 2361 1168 afficior;

1375 1186 1438 1222 sed
1467 1187 1555 1222 illud
1586 1200 1697 1235 supra
1720 1186 1872 1222 modum
1897 1184 2145 1234 stupendum,
2165 1183 2267 1232 quod
2294 1181 2363 1220 sub

1375 1245 1506 1281 eodem
1528 1259 1624 1294 pene
1653 1253 1843 1281 momento
1865 1257 1962 1293 saepe
1983 1243 2178 1280 contrariis
2198 1242 2365 1279 affectio-

1376 1303 1486 1340 nibus
1508 1312 1639 1353 tangor
1663 1318 1669 1339 z
1695 1317 1794 1339 nunc
1821 1303 1925 1348 odio,
1955 1316 2053 1338 nunc
2073 1314 2199 1338 amore
2225 1301 2362 1345 ducor;

1378 1362 1489 1397 modo
1520 1362 1674 1411 gaudio,
1702 1361 1814 1397 niodo
1843 1373 2002 1396 moerore
2025 1360 2212 1395 detrahor.
2243 1362 2363 1406 Quam

1377 1433 1475 1469 sa‘pe
1496 1421 1592 1456 inter
1610 1421 1700 1456 mira
1718 1419 1973 1468 gratulationis
1994 1432 2083 1454 meae
2102 1418 2283 1467 tripudia,
2301 1431 2363 1454 su-

1377 1480 1602 1529 perveniens
1633 1479 1832 1528 subitoque
1853 1491 2047 1527 emergens
2069 1477 2225 1514 tristitiae
2254 1490 2364 1514 causa

1377 1551 1436 1573 me
1460 1538 1703 1575 veliementer
1731 1538 1898 1574 concutit
1923 1551 1964 1573 ac
1991 1536 2135 1586 dejicit,
2161 1544 2197 1573 et
2213 1549 2363 1573 omnem

1375 1597 1476 1633 illam
1493 1598 1710 1633 exsultantis
1729 1597 1843 1633 animi
1862 1597 1932 1633 mei
1947 1595 2220 1633 solemnitatem
2241 1594 2365 1632 subito

1376 1656 1412 1692 in
1430 1669 1627 1693 moerorem
1643 1657 1771 1693 vertit!
1791 1659 1896 1705 Saepe
1910 1655 1973 1692 diu
1986 1655 2220 1704 multumque
2233 1654 2366 1691 dilecta

1376 1715 1490 1751 nimio
1523 1715 1763 1764 postmodum
1796 1715 1883 1751 odio
1916 1727 2143 1764 prosequor,
2178 1722 2215 1750 et
2247 1714 2366 1750 vehe—

322 1790 390 1814 nec
405 1776 656 1826 plenissimam
673 1783 912 1824 peccatorum
931 1775 1077 1811 veniam
1093 1788 1113 1811 a
1127 1779 1206 1812 Deo
1223 1788 1311 1811 con-
1329 1773 1356 1808 C
1377 1783 1522 1811 menter
1541 1774 1748 1824 approbata
1777 1783 1888 1823 atque
1914 1773 2121 1810 desiderata
2145 1772 2269 1809 subito
2299 1773 2365 1809 de·-

319 1837 424 1885 sequi
446 1834 702 1872 mererentur?
719 1838 772 1870 Tu
793 1848 884 1870 vero
905 1834 1157 1879 comedendo,
1174 1833 1310 1870 biben-

321 1895 371 1931 do
384 1894 568 1943 ,jocando
581 1923 590 1939 ‚
605 1902 641 1930 et
657 1893 815 1929 ridendo
828 1922 837 1938 ,
855 1902 1002 1943 tempus
1016 1893 1134 1929 otiose
1145 1893 1310 1929 vivendo

322 1953 466 2002 perdis;
495 1952 597 2001 quod
619 1951 682 1988 tibi
704 1952 911 1988 indulserat
930 1955 1029 1987 Deus
1046 1952 1091 1987 ad
1111 1951 1310 2000 acquiren-

322 2012 406 2048 dam
425 2012 578 2061 gratiam
593 2040 602 2058 ,
622 2019 658 2047 et
674 2011 720 2047 ad
736 2011 1027 2060 promerendam
1048 2011 1220 2059 gloriam.
1240 2013 1313 2048 Co—

323 2072 398 2119 gita
418 2071 527 2107 etiam
546 2078 639 2119 quot
653 2070 785 2106 animae
803 2070 840 2105 in
859 2070 1007 2106 inferno
1028 2082 1127 2105 nune
1142 2069 1313 2105 crucian-

325 2140 384 2166 tur
403 2131 483 2167 sine
500 2142 566 2178 spe
583 2129 701 2165 veniae
722 2137 757 2164 et
774 2128 1049 2164 misericordia&
1071 2129 1107 2164 Si
1123 2141 1229 2164 amor
1245 2128 1313 2164 Dei

323 2199 357 2225 te
388 2198 516 2226 tenere
544 2202 620 2225 non
645 2196 789 2237 potest,
815 2189 943 2224 saltem
969 2197 1094 2224 teneat
1115 2197 1152 2224 et
1178 2196 1315 2224 terreat

323 2250 435 2284 timor
451 2247 604 2295 judicii,
638 2255 760 2283 metus
780 2247 960 2295 gehennae
974 2276 983 2292 ,
1014 2248 1135 2295 laquei
1156 2247 1288 2283 mortis
1303 2275 1312 2292 ,

322 2308 470 2343 dolores
491 2305 648 2351 inferni,
666 2306 759 2353 ignis
778 2319 890 2341 urens
905 2334 913 2350 ,
933 2307 1072 2342 vermis
1089 2306 1314 2352 corrodens,

326 2366 483 2415 sulphur
500 2366 616 2400 fetens
631 2392 640 2409 ,
659 2365 805 2400 flamma
823 2373 1000 2410 tartarea,
1017 2373 1053 2400 et
1067 2365 1191 2400 onmia
1208 2365 1313 2400 mala.

324 2425 476 2460 Discutc
491 2423 612 2458 adliue
631 2431 664 2457 te
685 2423 830 2471 ipsum,
852 2431 892 2458 ut
908 2423 999 2458 scias
1017 2422 1105 2470 quid
1125 2422 1218 2458 desit
1235 2422 1314 2468 tibi,

327 2496 372 2519 ne
403 2483 439 2518 in
471 2482 532 2517 illa
562 2481 690 2516 ultima
723 2480 954 2516 discussione
981 2494 1105 2517 corani
1141 2481 1316 2518 omnibus

328 2540 587 2584 confundaris,
608 2540 637 2575 si
655 2540 806 2574 inventa
829 2539 939 2574 fucrit
958 2540 994 2575 in
1015 2548 1049 2575 te
1073 2540 1261 2588 iniquitas.

641 2669 815 2707 CAPUT
845 2670 1010 2708 XXXV.

403 2793 501 2834 Pergit
520 2791 657 2823 confiteri
676 2791 775 2821 varias
798 2797 827 2821 et
847 2792 1002 2822 instabiles
1022 2791 1199 2823 affectiones
1215 2803 1250 2823 ac

650 2844 896 2886 perturbationes
919 2856 998 2877 suaS.

394 2956 454 2992 74.
481 2956 601 3004 Digne
623 2967 801 3003 pensare,
826 2964 862 2990 et
886 2956 1116 2991 sufficienter
1141 2956 1322 2992 aestimare

338 3027 415 3051 non
439 3014 568 3056 valeo,
600 3026 683 3060 qua:
709 3013 754 3046 sit
775 3013 833 3047 illa
857 3021 929 3048 tani
960 3015 1155 3062 multiplex
1180 3015 1322 3062 cogita·-

337 3074 479 3109 tionum
504 3085 668 3107 mearum
692 3070 906 3107 volubilitas
921 3101 929 3116 ,
953 3081 1079 3108 ettam
1102 3073 1267 3121 inquieta
1286 3082 1322 3109 et

337 3130 575 3179 infatigabilis
595 3131 790 3173 velocitas,
814 3144 896 3178 quae
915 3144 981 3179 per
999 3140 1070 3166 tam
1091 3133 1227 3177 multa,
1248 3140 1320 3167 tam

334 3191 459 3235 varia,
494 3198 565 3225 tam
596 3189 738 3224 infinita
762 3189 971 3226 discurrere
1001 3203 1058 3225 me
1087 3191 1181 3226 facit.
1213 3191 1322 3227 'Nulla

335 3249 432 3284 enim
449 3248 537 3283 liora
557 3256 590 3283 et
610 3248 713 3284 nullo
732 3249 908 3296 temporis
924 3257 1114 3284 momento
1130 3249 1321 3296 quiescere

1378 1841 1503 1869 testor.
1526 1833 1595 1869 Sed
1616 1834 1700 1882 quis
1728 1834 1896 1869 omnium
1923 1845 2092 1868 mearum
2125 1832 2364 1868 affectionum

1376 1893 1572 1940 qualitates
1613 1893 1839 1928 enumeret?
1871 1892 1955 1940 quis
1987 1904 2118 1928 omnes
2149 1890 2366 1927 variationis

1376 1964 1466 1987 meze
1488 1951 1618 1987 modos
1643 1951 1830 2000 explicare
1850 1950 2030 1986 sufficiat?
2047 1953 2145 1986 Pene
2169 1957 2262 1998 quot
2279 1956 2367 1986 sunt

1380 2009 1614 2047 diversitates
1632 2023 1753 2046 rerum
1766 2038 1776 2056 ,
1804 2018 1857 2045 tot
1877 2017 1964 2045 sunt
1983 2009 2182 2046 varietates
2200 2008 2366 2045 affectio-

1380 2081 1470 2104 num
1492 2081 1672 2104 mearum.

1677 2192 1851 2229 CAPUT
1880 2192 2068 2231 XXXVI.

1381 2312 1554 2354 Responsio
1570 2312 1664 2353 patris
1681 2313 1864 2353 spiritualis,
1885 2323 1976 2353 quam
1993 2314 2031 2342 sit
2052 2312 2132 2343 utilis
2152 2318 2181 2343 et
2197 2314 2366 2345 necessaria

1775 2365 1821 2395 sui
1836 2362 1980 2406 cogni'tio.

1437 2483 1495 2520 75.
1525 2486 1616 2520 Cum
1650 2484 1745 2519 inter
1782 2485 1907 2520 onmia
1937 2483 2129 2530 animalia,
2162 2485 2366 2521 humanum

1333 2540 1365 2572 D
1382 2554 1499 2590 genus
1514 2550 1589 2577 tum
1618 2542 1776 2589 digniori
1796 2543 1912 2578 forma
1925 2571 1933 2587 ,
1956 2549 2033 2577 tum
2051 2542 2211 2591 digniori
2231 2552 2368 2592 poten-

1384 2601 1433 2635 tia
1453 2600 1600 2649 dignius
1621 2601 1848 2649 reperiatur;
1870 2601 1971 2636 nulla
1991 2601 2142 2637 scientia
2161 2601 2295 2637 melior
2313 2609 2369 2639 est

1385 2659 1469 2704 illa,
1506 2673 1579 2708 qua
1611 2660 1801 2707 cognoscit
1832 2661 1945 2696 honio
1972 2675 2010 2698 se
2028 2661 2162 2710 ipsum.
2184 2661 2369 2710 Relinque

1385 2731 1472 2766 ergo
1490 2727 1644 2763 csetcra,
1667 2727 1702 2754 et
1725 2727 1758 2754 tc
1780 2719 1898 2768 ipsum
1916 2720 2079 2756 discute:
2101 2732 2168 2769 per
2186 2727 2219 2755 te
2238 2732 2368 2765 curre,

1385 2786 1421 2813 et
1444 2778 1479 2813 in
1510 2787 1542 2813 te
1562 2780 1734 2814 consiste.
1762 2784 1791 2815 A
1812 2788 1844 2814 te
1872 2780 2024 2829 incipiat
2044 2779 2218 2828 cogitatio
2237 2787 2317 2824 tua,
2334 2787 2371 2815 et

1386 2838 1422 2873 in
1442 2846 1476 2873 te
1501 2839 1667 2883 liniatur;
1695 2852 1762 2874 nee
1789 2840 1922 2876 frustra
1940 2840 1976 2875 in
1997 2840 2067 2875 alia
2097 2838 2318 2875 distendat-is
2336 2846 2371 2875 te

1386 2897 1567 2945 neglecto.
1605 2901 1740 2932 l‘ra*t‹·r
1768 2899 1922 2933 salutem
1960 2907 2059 2934 tuam
2088 2897 2178 2933 nihil
2209 2897 2369 2946 cogites;

1387 2956 1564 3004 quoniam
1587 2956 1622 2990 in
1656 2957 1901 3004 acquisitione
1935 2957 2063 2993 salutis
2089 2964 2161 2992 tua:
2185 2968 2296 2991 nemo
2315 2963 2371 2992 est

1391 3014 1455 3050 tibi
1486 3015 1717 3063 germanior,
1747 3029 1857 3051 nemo
1887 3015 2137 3064 propinquior
2158 3014 2303 3062 teipso.
2334 3013 2371 3050 Si

1388 3087 1478 3109 vero
1505 3073 1644 3122 aliquid
1676 3074 1890 3121 cogitationi
1925 3083 1995 3109 tuse
2022 3086 2060 3110 se
2088 3073 2243 3116 offerat,
2269 3072 2370 3121 quod

1388 3145 1463 3167 non
1485 3145 1637 3180 quoquo
1660 3132 1772 3168 modo
1793 3132 1837 3168 ad
1866 3133 1917 3167 tui
1938 3133 2052 3180 ipsius
2075 3132 2231 3168 salutem
2254 3131 2372 3180 perti-

1388 3199 1491 3236 neat,
1509 3191 1607 3226 illico
1625 3204 1757 3240 respue
1774 3199 1809 3227 et
1831 3204 1991 3240 cxspue,
2012 3199 2051 3226 ut
2066 3203 2214 3239 semper
2231 3198 2264 3225 te
2281 3202 2372 3238 pos-

1387 3250 1434 3284 sis
1464 3250 1666 3297 inspicere,
1701 3259 1735 3284 ct
1769 3250 1814 3285 de
1843 3249 2055 3297 cognitione
2085 3251 2135 3284 tui
2167 3248 2296 3285 venire
2324 3248 2369 3283 ad
