2504 3928
289 216 337 252 413
1062 215 1350 250 GlLLEBER'l'l
1379 216 1580 251 Animus
2289 215 2337 252 44

291 302 417 328 sti-nor
451 292 610 330 indicio,
643 291 698 324 ul
732 289 913 324 inm-endor
946 290 1083 326 ol‘licio.
1117 293 1277 328 Tantum
1300 292 1326 311 '⁴
1346 301 1437 336 tate,
1460 292 1667 329 aeternitate
1685 291 1778 327 vici!
1801 290 1877 327 vire
1898 291 1986 338 illae,
2007 290 2077 326 viae
2093 291 2272 341 pulchrae,
2303 300 2341 330 et

290 352 390 387 enim
423 360 458 386 et
493 351 660 400 pigrum.
695 357 730 383 et
764 346 930 393 tardum,
959 356 996 384 et
1026 350 1196 386 incflicax
1233 350 1279 387 ad
1301 355 1329 388 A
1348 351 1488 388 semita»
1506 350 1680 400 pacilicae.
1699 353 1782 387 Non
1801 357 1855 386 est
1881 349 1915 385 in
1934 349 2007 385 illis
2034 349 2092 385 vel
2115 362 2262 396 errare,
2280 350 2339 387 vel

290 410 504 447 Conditoris
523 407 887 444 commendationem
916 420 1046 444 eorum
1077 422 1160 456 quae
1187 423 1279 446 con-

293 468 492 510 diuisum,
517 466 686 502 redditur
706 465 971 509 ministerium,
997 475 1178 514 ‹piantum
1208 481 1278 504 no-

294 527 409 562 scitur
429 540 447 561 a
468 525 624 560 veritate
653 524 790 559 distare
815 524 1070 561 simulacrum.
1092 529 1189 574 Ergo
1209 532 1281 562 cir-

292 585 398 618 cnilm
425 590 626 625 civitatem,
650 583 822 619 universa
848 583 1081 632 pertingens,
1111 585 1285 623 universa

294 643 564 691 pertransiens;
599 642 832 691 pertingens,
853 655 926 690 qua
955 656 1000 678 ex
1031 652 1136 692 parte
1167 644 1283 694 ipsius

292 702 490 750 imaginem
515 701 732 737 differenter
763 702 984 750 praeferunt3
1007 704 1281 751 pertransiens,

292 760 356 797 ubi
374 761 465 797 eitra
488 761 692 810 perfectum
715 760 932 797 subsistunt.
958 762 1128 797 Cim-aibr)
1152 767 1282 798 civita-

291 830 377 863 !em,
405 819 545 868 ubique
578 819 728 868 capiens
755 820 1009 868 refrigerium,
1034 829 1071 856 et
1095 821 1281 858 fastidium

292 879 448 928 patiens.
466 884 638 926 Quonam
655 879 754 914 enim
773 878 887 915 modo
905 892 979 915 non
1001 892 1058 915 me
1077 880 1281 928 refrigerat,

291 938 395 987 quod
420 938 558 973 amoris
579 937 649 973 mei
673 937 808 986 pignus
835 937 987 986 aliquod
1020 946 1164 987 portat,
1187 952 1283 988 prae-

293 998 363 1034 fert
390 997 588 1040 indicium,
611 996 739 1032 indicit
769 997 1006 1042 memoriam,
1031 997 1201 1033 notitiam
1220 998 1281 1034 in-

291 1057 423 1094 ducit?
451 1056 520 1094 Sed
556 1056 690 1092 iterum
720 1070 883 1104 quonam
915 1065 1023 1105 pacto
1054 1070 1129 1092 non
1163 1058 1282 1094 tolero
1301 1059 1328 1093 B

291 1114 463 1159 taedium,
481 1114 569 1149 dum
585 1113 745 1162 quadam
763 1127 820 1150 me
838 1115 1004 1163 recogito
1021 1115 1179 1164 praeludi
1196 1116 1283 1153 ima·

290 1173 397 1222 gine,
419 1182 456 1208 et
476 1172 609 1208 umbra
635 1172 812 1217 detineri,
843 1173 982 1210 nudam
1011 1181 1048 1209 et
1073 1173 1281 1223 simplicem

289 1244 365 1268 non
385 1239 510 1268 tencre
530 1231 724 1267 veritatem
742 1233 756 1267 Ρ
780 1232 942 1267 Circm'bo
964 1236 1168 1276 civitatem,
1189 1247 1282 1282 quo-

289 1290 388 1326 niam
409 1291 447 1326 in
472 1298 551 1326 toto
575 1288 656 1337 ejus
683 1298 755 1325 tam
786 1290 944 1339 pulchro
968 1290 1110 1327 ambitu
1140 1290 1280 1341 ubique

293 1350 482 1394 refoveor,
504 1349 568 1385 sed
589 1362 773 1398 nusquam
793 1350 951 1386 reficior.

338 1409 374 1444 9.
395 1412 470 1445 Nec
492 1421 550 1444 me
572 1407 737 1456 fatigabit
756 1409 824 1444 iste
845 1409 1041 1453 circuitus,
1064 1408 1185 1446 donec
1210 1422 1278 1459 pa-

287 1474 361 1503 teat
390 1467 538 1516 plenior
568 1466 707 1510 aditus,
733 1475 773 1502 ut
801 1467 937 1502 intrem
962 1467 999 1502 in
1024 1468 1277 1504 sanctuarium

285 1525 374 1570 Dei,
394 1533 432 1561 et
460 1525 663 1574 intelligam
690 1526 726 1561 in
756 1525 966 1561 novissimis
993 1524 1086 1573 ejus.
1118 1525 1279 1562 Habebit

283 1583 336 1620 ibi
366 1584 545 1620 circuitus
572 1585 794 1628 terminum,
818 1597 903 1620 cum
934 1584 1066 1633 repleti
1097 1585 1277 1622 fuerimus

284 1643 323 1679 in
344 1642 452 1679 bonis
478 1642 614 1679 domus
637 1650 728 1686 tuae,
750 1643 928 1686 Domine;
950 1655 1035 1678 cum
1055 1642 1276 1679 intellexero

283 1701 321 1737 in
344 1701 554 1737 novissimis
575 1699 655 1749 ejus
680 1701 784 1736 illum
805 1700 869 1749 qui
898 1700 1044 1749 primus
1066 1709 1121 1737 est
1144 1709 1181 1737 et
1201 1714 1274 1737 no—

282 1761 475 1805 vissimus,
499 1760 646 1796 initium
669 1768 705 1795 et
724 1759 818 1795 finis.
839 1762 870 1796 O
889 1759 1008 1807 qualis
1027 1759 1077 1796 ibi
1099 1760 1276 1797 circuitus

1344 409 1516 445 laborare
1535 408 1687 444 semitis.
1706 407 1883 456 Undique
1903 408 2067 444 occurrit
2089 407 2140 444 ibi
2162 420 2340 457 sponsus,

1345 476 1382 503 et
1398 468 1501 511 la‘to,
1523 475 1562 502 ut
1582 467 1633 502 sic
1660 465 1800 510 dicam,
1823 466 1930 502 vultu
1955 479 1993 501 se
2020 466 2131 502 offert
2159 474 2196 502 et
2215 465 2342 503 influit

1348 525 1452 561 cordi
1473 525 1637 568 dileetae,
1661 531 1701 559 ut
1720 523 1766 559 de
1785 531 1920 559 caetero
1949 537 2024 560 non
2043 523 2206 574 indigeat
2222 523 2342 573 quaeri

1348 588 1455 621 Jesus
1487 583 1672 627 Christus,
1694 582 1758 630 qui
1785 582 1876 617 vivit
1904 589 1941 618 ct
1966 590 2096 631 regnat
2129 581 2167 618 in
2206 582 2342 619 saecula

1348 644 1582 680 saeculorum.
1614 646 1746 678 Amen.

1347 766 1372 776 m
1376 762 2313 776 ιιιιιιιιιιιιιιιιιιιιιιιιιιιιιιιιιιιιιιιιιιιιιιιιιιιιιιιιι
2315 765 2342 775 κ

1660 879 1910 936 SERMO
1951 879 2021 935 V.

1381 1012 1439 1039 Per
1454 1009 1542 1039 vicos
1555 1015 1584 1039 el
1593 1007 1720 1053 plateas
1734 1018 1874 1052 quaeram
1889 1018 1975 1051 quem
1992 1004 2097 1049 diligit
2108 1007 2216 1038 anima
2229 1017 2309 1038 mea.

1643 1062 1761 1093 cantic.
1781 1072 1848 1103 cap.
1865 1071 1905 1091 111
1919 1084 1927 1099 ,
1948 1058 1986 1097 fr.
2003 1064 2034 1092 2.

1755 1175 1957 1189 *⁴000*—

1403 1293 1435 1326 1.
1458 1293 1630 1339 Longum
1656 1289 1854 1325 hesternus
1879 1301 2002 1325 sermo
2029 1288 2068 1325 in
2095 1289 2337 1338 exsequendo

1345 1361 1492 1397 sponsae
1512 1349 1669 1385 circuitu
1688 1348 1798 1384 traxit
1814 1347 1982 1384 limitem.
2000 1347 2137 1386 Gratiae
2155 1346 2240 1395 tibi,
2261 1351 2337 1386 Do-

1344 1408 1444 1444 mine
1462 1411 1551 1445 Jesu
1570 1408 1736 1453 Christe,
1755 1406 1860 1456 quod
1881 1406 2000 1443 fecisti
2019 1414 2093 1442 tam
2111 1406 2235 1444 dulcia
2250 1407 2334 1445 fau-

1344 1467 1449 1504 cibus
1464 1468 1555 1504 meis
1572 1467 1720 1516 eloquia
1738 1475 1814 1512 tua,
1837 1479 1950 1516 super
1965 1466 2038 1502 mel
2054 1466 2110 1502 ori
2128 1479 2226 1503 meo.
2243 1467 2335 1504 Ideo

1343 1527 1406 1562 vix
1427 1525 1472 1562 ab
1499 1539 1564 1562 ore
1587 1539 1672 1576 quae
1696 1526 1809 1563 semel
1837 1533 1983 1575 gustata
2006 1533 2094 1562 sunt
2114 1524 2332 1572 discedunt,

1344 1593 1385 1621 ut
1401 1586 1472 1621 alia
1491 1584 1691 1621 succedant
1707 1599 1714 1620 :
1737 1596 1821 1621 cum
1845 1596 1951 1620 mora
1968 1583 2228 1630 ruminantur,
2250 1592 2288 1621 et.
2303 1585 2335 1622 si

1342 1644 1520 1693 deglutita
1551 1644 1708 1689 fuerint,
1737 1643 1844 1679 suavi
1875 1641 2040 1691 quodam
2069 1650 2179 1678 ructu
2207 1641 2334 1679 denuo

1341 1703 1500 1740 redeunt
1524 1702 1568 1739 ad
1596 1701 1876 1739 ruminandum.
1900 1705 2078 1738 Poterant
2103 1700 2184 1738 haec
2206 1702 2334 1738 omnia

1340 1761 1506 1798 breviter
1531 1770 1569 1797 et
1593 1761 1729 1797 cursim
1752 1760 1843 1806 dici;
1864 1759 1927 1796 sed
1954 1759 2118 1796 materiae
2143 1771 2228 1808 quae
2254 1767 2334 1796 tra·-

283 1821 373 1866 erit‚
403 1833 558 1870 pergere
585 1819 631 1855 ab
662 1820 745 1868 ipso
764 1820 803 1855 in
830 1819 972 1868 ipsum,
993 1819 1047 1855 ire
1067 1827 1104 1856 et
1124 1819 1272 1856 redire:
1294 1827 1321 1862 C
1340 1829 1462 1856 ctatur
1490 1820 1626 1869 gratia,
1649 1818 1880 1855 comedentis
1907 1817 2102 1854 blanditur
2127 1818 2272 1867 palato,
2295 1826 2334 1855 et

282 1879 469 1916 desiderio
491 1879 561 1923 ire,
585 1878 833 1914 delectatione
851 1878 993 1924 redire;
1016 1878 1105 1914 dum
1127 1891 1276 1927 semper

281 1937 376 1986 ejus,
399 1937 501 1986 quod
523 1936 753 1986 experientia
774 1935 977 1981 desiderat,
999 1937 1197 1985 praesentia
1218 1949 1275 1972 sa-

282 1996 369 2032 tiat:
392 2004 432 2031 ut
459 2008 564 2031 mens
589 1994 813 2043 possidentis
838 2001 875 2029 et
899 1994 1132 2038 contuentis,
1158 2002 1195 2030 et
1220 1994 1276 2030 illi

280 2054 327 2090 sit
343 2067 411 2103 per
428 2053 682 2102 appetentiam
702 2052 866 2098 intenta,
887 2060 924 2088 et
940 2052 1006 2088 illo
1023 2053 1069 2088 sit
1085 2053 1273 2089 sufficien-

282 2123 338 2149 ter
363 2121 538 2149 contenta
559 2115 566 2148 I
588 2113 647 2149 Sic
671 2112 771 2147 enim
792 2119 955 2160 pennata
980 2111 1043 2148 illa
1064 2120 1102 2148 et
1127 2112 1274 2148 oculata

279 2171 452 2208 animalia
473 2177 510 2206 iu
530 2172 648 2206 medio
665 2179 699 2205 et
716 2172 753 2204 iu
773 2174 923 2205 circuitu
939 2172 1036 2205 seclis
1055 2173 1126 2206 Dei
1142 2170 1274 2220 legun-

281 2241 343 2267 tur
363 2236 387 2264 ¹.
411 2233 455 2265 1η
481 2231 623 2273 medio,
649 2229 737 2277 quia
761 2230 837 2264 voti
863 2229 918 2265 sui
945 2229 1207 2278 perducuntur
1225 2231 1273 2267 ad

280 2289 409 2325 intima
426 2303 433 2324 ε
459 2292 499 2324 In
517 2293 692 2332 circuitu,
715 2289 802 2336 qnia
821 2287 992 2324 redivivo
1013 2301 1162 2338 semper
1181 2297 1271 2326 voto

281 2348 453 2384 seruntm-
471 2348 507 2383 in
535 2347 663 2383 eadem
692 2348 783 2396 ipsa.
806 2350 850 2382 In
877 2349 1013 2393 mulio,
1035 2348 1124 2397 quia
1143 2361 1273 2386 eorum

275 2405 355 2455 jam
385 2407 613 2455 completum
642 2415 697 2442 est
723 2416 851 2442 votum
875 2421 882 2442 :
914 2410 957 2442 In
983 2412 1155 2454 circuitu,
1186 2409 1272 2458 quia

281 2479 357 2502 non
380 2466 571 2502 sufficiunt
590 2466 912 2515 comprehendere
934 2475 1066 2503 totum.
1086 2470 1131 2504 In
1153 2470 1273 2504 medio

280 2534 367 2561 sunt
384 2525 542 2561 admissa
560 2538 626 2574 per
644 2526 817 2574 gratiam,
838 2535 873 2562 et
891 2531 928 2562 in
944 2531 1091 2562 circuitu
1108 2535 1196 2564 sunt
1211 2540 1273 2564 ex—

1341 1879 1542 1928 quamdam
1563 1878 1621 1915 sui
1644 1877 1897 1927 appetentiam
1923 1877 2028 1921 facit,
2049 1889 2126 1913 non
2144 1876 2250 1913 facile
2270 1889 2332 1914 ce-

1341 1938 1453 1983 dens,
1478 1951 1562 1974 cum
1592 1937 1705 1974 semel
1735 1936 1896 1973 adducta
1924 1936 2037 1972 fuerit
2060 1936 2100 1972 in
2129 1935 2329 1973 discussio-

1341 2010 1441 2033 nem.
1462 2001 1553 2034 Nam
1575 2005 1612 2033 et
1629 2009 1742 2045 quem
1771 1994 2026 2032 mandendum
2051 1994 2237 2031 infantulo
2257 2007 2331 2031 nu·

1341 2055 1415 2091 trix
1431 2055 1652 2092 comminuit
1667 2067 1802 2104 panem
1814 2082 1823 2100 ‚
1841 2053 1919 2102 jam
1935 2054 2022 2090 satis
2036 2052 2206 2090 studioso
2219 2053 2331 2090 dente

1338 2113 1532 2150 subactum
1554 2113 1752 2162 aliquoties
1771 2126 1856 2149 eum
1876 2113 1915 2149 in
1935 2125 2001 2148 ore
2022 2112 2182 2158 detinet,
2201 2120 2332 2161 gustus

1337 2173 1461 2209 illecta
1476 2185 1622 2222 sapore.
1644 2175 1690 2209 Et
1705 2184 1774 2208 nos
1789 2171 1931 2209 Cantici
1950 2170 2062 2220 hujus
2077 2170 2218 2208 solidos
2236 2171 2329 2218 aliis,

1338 2231 1368 2268 si
1390 2233 1451 2281 qui
1473 2233 1568 2268 forte
1587 2231 1776 2281 indigent,
1798 2231 2097 2267 comminuentes
2116 2229 2241 2276 cibos,
2259 2243 2330 2280 gu-

1338 2299 1443 2328 statae
1459 2291 1650 2328 suavitatis
1667 2290 1854 2339 jacturam
1876 2289 1996 2326 facere
2017 2288 2217 2338 nequimus
2235 2303 2243 2325 ε
2264 2289 2330 2326 sed

1338 2350 1390 2386 ita
1409 2351 1530 2387 alieno
1550 2350 1776 2386 inservimus
1796 2349 1900 2395 usui,
1921 2357 1962 2385 ut
1981 2356 2018 2384 et
2034 2355 2165 2384 nostro
2182 2348 2329 2385 satisfa—

1339 2410 1480 2446 ciamus
1495 2409 1532 2446 in
1550 2417 1655 2459 parte
1673 2408 1872 2446 desiderio.
1901 2408 2073 2456 Denique
2089 2420 2173 2444 cum
2198 2407 2328 2445 termi-

1338 2476 1468 2504 natum
1487 2481 1574 2506 reor
1588 2480 1800 2505 sermonem
1813 2496 1822 2513 ,
1845 2475 1882 2511 et
1902 2466 2130 2516 competenti
2148 2466 2221 2502 fine
2236 2479 2329 2503 con-

1338 2528 1482 2564 clusum
1502 2556 1511 2573 ,
1550 2526 1759 2577 impatienti
1794 2525 2030 2563 exhalatione
2065 2524 2187 2574 epulae
2221 2524 2328 2562 verbi

278 2585 379 2621 clusa
399 2598 467 2634 per
485 2584 720 2621 differentem
743 2594 926 2622 naturam.
950 2589 995 2622 In
1020 2589 1143 2622 medio
1162 2596 1270 2632 sunt,
1288 2596 1322 2630 D
1339 2586 1498 2623 redeunt
1516 2585 1562 2622 ad
1583 2584 1679 2622 labia
1698 2599 1705 2621 :
1724 2593 1761 2621 et
1777 2584 1865 2621 dum
1882 2582 2119 2620 abundantiae
2135 2582 2328 2620 suavitatis

279 2644 366 2692 quia
383 2644 489 2679 unita
502 2656 571 2692 per
586 2645 944 2693 contemplationem
961 2660 969 2682 :
988 2654 1025 2682 et
1040 2648 1085 2680 In
1102 2650 1269 2691 ce'rcaitu,

279 2706 366 2751 quia
398 2701 582 2750 disjuncta
626 2715 693 2751 per
733 2704 1066 2753 comparationem.
1099 2707 1190 2752 Quae
1217 2713 1273 2742 est

278 2762 376 2797 enim
396 2761 501 2797 sedes
520 2762 606 2807 ista,
628 2762 696 2797 nisi
715 2775 757 2798 ea
773 2762 818 2798 de
836 2776 909 2811 qua
925 2763 1094 2812 loquitur
1110 2769 1272 2813 Aposto-

279 2821 353 2864 lus,
377 2820 438 2856 lux
463 2820 744 2866 inaccessibilis,
769 2835 880 2870 quam
902 2822 1086 2859 inhabitat
1108 2827 1210 2860 Deus
1228 2825 1270 2859 ²?

278 2879 447 2927 Denique
478 2879 752 2927 quantumlibet
786 2882 931 2918 oculata
964 2883 1037 2918 sint
1070 2882 1176 2919 beata
1209 2883 1271 2920 illa

277 2938 474 2982 animalia3
495 2947 531 2973 et
550 2939 735 2975 illuminat
755 2941 816 2976 illa
837 2949 876 2976 ut
893 2950 1074 2990 quantum
1095 2950 1267 2991 possunt,

278 2997 446 3045 capiant,
471 3005 504 3032 et
536 2998 702 3043 excedit,
735 3012 781 3035 ne
802 2999 847 3035 ad
877 3008 995 3036 totum
1018 3001 1214 3037 sufficiant.
1236 3004 1267 3038 Ο

277 3069 387 3104 qnam
408 3057 529 3105 ampla
550 3056 597 3092 ibi
617 3059 884 3106 speculatoria,
907 3074 1016 3108 quam
1035 3061 1117 3097 latae
1135 3061 1267 3110 plateae

276 3115 314 3150 in
337 3114 395 3150 illa
416 3115 564 3151 luminis
585 3116 764 3152 inlinitatt·
785 3126 931 3167 patent,
956 3133 1067 3167 quam
1088 3120 1265 3156 coarctati

274 3180 309 3207 et
330 3173 469 3208 couniti
492 3181 525 3207 et
548 3175 712 3220 protensi
736 3176 770 3210 in
793 3176 852 3210 illa
870 3177 1126 3226 simplicitate,
1149 3177 1265 3213 chari-

322 3311 327 3323 ¹
352 3309 444 3345 Aput.
466 3318 506 3341 .'··,
525 3310 554 3333 Γι,

1337 2654 1529 2682 eructatur
1547 2645 1745 2690 memoria,
1767 2643 1814 2680 ad
1837 2642 2105 2680 discussionem
2127 2649 2329 2678 revocatur

1336 2705 1501 2742 materia.
1533 2704 1631 2752 Quid
1662 2704 1788 2741 enim?
1817 2716 1884 2739 cur
1903 2714 1978 2738 non
2000 2702 2091 2738 ficus
2111 2700 2328 2750 frequenter

1336 2765 1562 2810 concutitur,
1578 2763 1684 2812 cujus
1705 2764 1847 2800 fructus
1868 2762 1978 2811 plene
1994 2773 2185 2809 nunquam
2207 2773 2326 2796 excu-

1337 2823 1450 2859 titur?
1475 2822 1573 2870 Quid
1593 2823 1729 2859 mirum
1756 2822 1786 2858 si
1811 2820 2038 2858 convellitur
2060 2818 2217 2868 saepiuS,
2240 2831 2326 2868 quae

1335 2881 1490 2931 propria
1525 2881 1795 2930 exspoliatione
1825 2879 2021 2917 fecundior
2052 2878 2208 2924 effecta,
2237 2890 2323 2914 cum

1334 2941 1542 2978 vellicantis
1561 2940 1710 2977 videtur
1725 2948 1867 2976 certare
1883 2951 1996 2976 manu
2007 2967 2016 2984 ,
2031 2946 2069 2975 et
2087 2936 2325 2986 decerpentis

1334 3000 1548 3037 aviditatem
1572 2999 1741 3036 ubertate
1763 2999 2014 3035 convincere?
2039 3000 2123 3034 Non
2149 2995 2230 3032 talis
2259 2995 2324 3033 illa

1331 3060 1391 3096 eui
1420 3059 1612 3096 maledixit
1634 3058 1820 3096 Dominus
1845 3062 1971 3102 Jesus,
1995 3056 2084 3092 nihil
2111 3055 2148 3091 in
2179 3067 2221 3091 ea
2243 3054 2322 3090 fru-

1332 3127 1413 3154 ctus
1433 3118 1650 3163 inveniens,
1671 3130 1742 3167 pro
1768 3116 1978 3161 sterilitate,
1995 3113 2165 3151 ariditate
2181 3121 2322 3153 aeterna

1331 3177 1587 3214 condemnans
1605 3177 1703 3213 illam
1721 3175 1746 3212 3.

588 3324 612 3326 -—
635 3309 670 3335 Ἰ
695 3306 769 3336 lim.
788 3307 1193 3344 v1‚1s‚.⁷<⁵?.!:n·‹·.x1,
1223 3312 1282 3346 111,
1303 3312 1352 3339 t'i.
