2418 3949
181 159 229 194 68
243 159 252 194 l
888 162 922 196 M
929 158 1245 196 EDITATIONES
1275 159 1505 194 PllSSIMAE.
2152 164 2227 199 632

180 237 395 282 revertitur,
417 245 453 274 et
474 236 624 274 discutit
643 237 746 286 quod
766 237 959 286 cogitavit,
982 236 1032 272 nil
1055 231 1223 284 repe-³²⁹
1235 242 1311 269 mat
1327 246 1416 283 ergo
1439 243 1475 270 et
1495 235 1674 284 suspiret3
1695 245 1732 273 et
1755 238 1886 274 anxius
1907 251 1977 287 pro
2003 248 2157 288 peccato
2179 241 2223 276 ti*

179 295 249 340 rit;
272 297 359 345 quia
379 309 455 332 non
479 310 574 346 opus
597 297 681 341 fuit,
704 296 768 332 sed
788 297 1006 345 importuna
1023 295 1165 343 cogita·
1183 297 1215 330 A
1232 301 1348 336 meat,
1371 302 1407 329 et
1430 304 1652 343 expavescat
1670 311 1678 332 :
1698 296 1878 333 sollicitus
1897 297 2101 344 discurrat,
2120 300 2223 335 auxi-

179 354 249 400 tio,
265 369 348 404 quae
365 356 560 406 componit
579 357 696 392 multa
715 355 760 391 de
779 355 907 391 nihilo.
926 355 985 392 Sic
1001 353 1164 401 denique

177 411 317 462 decipit
335 413 550 463 imaginatio
564 442 573 458 ,
596 427 708 463 quam
728 413 943 449 daemonum
967 412 1103 447 format
1119 410 1165 445 il-

177 472 284 508 lusio.
309 476 474 522 Imperat
498 473 587 509 mihi
614 477 715 510 Deus
738 481 778 509 ut
806 471 992 522 praebeam
1021 470 1073 506 illi
1099 482 1164 505 cor

177 543 320 578 meum,
342 539 379 568 et
403 532 489 581 quia
514 532 716 582 imperanti
742 535 822 569 Deo
853 544 929 567 non
959 542 1040 566 sum
1069 527 1162 564 obe-

175 589 281 627 diens
299 600 337 628 et
357 591 549 638 subditus,
570 593 658 628 mihi
678 605 758 628 sum
780 590 930 627 rebellis
953 597 990 625 et
1010 595 1162 624 contra-

175 650 262 686 rius.
283 650 394 687 Unde
422 650 511 686 mihi
535 650 727 699 subjugari
752 663 827 686 non
857 657 1011 698 potero,
1041 646 1162 682 donec

173 709 224 745 illi
247 709 353 746 fuero
377 708 586 758 subjectns;
615 710 782 758 mihique
812 709 971 745 serviam
1003 706 1157 750 nolens,

173 767 237 816 qui
254 768 288 803 ei
313 769 400 804 nolo
431 769 571 805 servire
599 769 739 804 volens.
772 768 916 805 Idcirco
945 767 1054 816 plura
1079 778 1160 800 ina-

170 826 344 863 chinatur
358 840 424 863 cor
440 840 563 864 meum
581 840 657 864 uno
675 836 887 872 momento,
900 838 1011 875 quam
1029 837 1161 861 omnes

170 885 340 923 homines
359 888 541 937 perlicere
562 895 716 937 possent
735 900 812 923 uno
832 900 944 923 anno.
966 888 1058 922 Cum
1080 888 1160 921 Deo

169 958 246 982 non
267 960 349 984 sum
370 947 520 992 unitus,
542 955 580 983 et
598 947 685 983 ideo
704 947 742 983 in
764 960 822 983 me
848 947 930 996 ipso
953 958 1034 982 sum
1058 944 1158 981 divi-

1230 351 1380 388 liatorcs
1400 360 1436 388 et
1456 353 1721 391 intercessores
1749 364 1914 404 quaerat3
1945 366 2159 405 prosternat
2183 372 2221 394 se

1229 410 1420 447 humiliter
1442 412 1604 458 homini,
1626 414 1690 462 qui
1717 414 1907 452 humiliter
1926 416 2072 454 adstare
2098 418 2220 454 noluit

1228 471 1408 506 Creatori.
1432 474 1523 507 Nam
1541 480 1578 508 et
1598 472 1669 508 hoc
1688 473 1975 511 saluberrimum
1997 485 2071 520 est,
2088 485 2128 513 ut
2149 477 2218 513 ho-

1228 541 1291 564 mo
1313 529 1426 565 corde
1447 531 1645 579 poeniteat,
1664 540 1700 567 et
1717 546 1782 569 ore
1802 533 1978 571 delictum
1996 549 2104 572 suum
2127 550 2218 573 con-

1229 588 1378 624 fiteatur
1406 604 1413 625 :
1441 599 1626 638 quatenus
1660 594 1778 637 Deus,
1808 594 1872 641 qui
1905 595 1989 642 pius
2020 595 2123 633 adest
2149 610 2217 646 per

1225 648 1380 696 gratiam
1395 677 1404 692 ,
1426 662 1490 685 cor
1515 649 1561 685 ad
1585 651 1843 698 poenitentiam
1865 664 2094 703 compungat
2117 671 2123 691 ;
2149 656 2216 692 de-

1226 707 1313 743 inde
1331 708 1445 753 adsit,
1463 717 1504 744 ut
1519 709 1713 745 confitenti
1729 719 1968 759 peccatorum
1991 715 2135 751 veniam
2156 717 2217 752 tri-

1225 766 1328 803 buat.
1349 767 1459 815 Quod
1477 768 1504 804 si
1524 768 1619 804 forte
1639 778 1814 817 peccator
1829 784 1918 807 vere
1933 773 2132 820 poeniteat,
2151 776 2216 811 sed

1225 826 1500 863 intercurrente
1515 827 1672 863 articulo
1689 829 1918 865 necessitatis
1931 858 1939 874 ‚
1954 830 1999 866 ad
2017 832 2219 869 confessio-

1226 898 1310 921 nem
1335 886 1534 934 pervenire
1551 898 1626 922 non
1651 888 1787 935 possit3
1809 888 2045 925 confidenter
2064 891 2218 928 credere

1225 942 1428 988 debemus,
1456 943 1560 992 quod
1591 957 1760 981 summus
1785 946 1965 982 Sacerdos
1992 949 2156 997 complet
2179 950 2215 986 in

169 1019 242 1043 sus.
264 1009 357 1044 Cum
380 1007 444 1043 illo
466 1019 557 1043 vero
582 1007 679 1044 uniri
704 1019 779 1043 non
798 1019 974 1056 possum,
999 1004 1068 1040 nisi
1089 1016 1157 1053 per
1176 1007 1202 1039 B
1223 1015 1267 1038 eo
1304 1002 1406 1051 quod
1442 1002 1610 1038 mortalis
1649 1016 1725 1039 non
1760 1004 1893 1052 potuit.
1931 1007 1976 1040 Et
2005 1005 2083 1054 jam
2115 1009 2214 1057 apud

169 1063 405 1109 charitatem,
434 1078 503 1102 nec
530 1065 667 1115 subjici
693 1066 763 1102 nisi
794 1079 862 1115 per
887 1064 1156 1108 humilitatem,

169 1138 237 1161 nec
257 1138 346 1162 vere
361 1126 512 1162 humilis
527 1139 606 1162 esse
624 1126 693 1162 nisi
714 1139 783 1175 per
799 1125 1006 1161 veritatem.

222 1185 285 1222 25.
303 1185 465 1235 Expedit
481 1198 570 1235 ergo
588 1186 680 1222 utin
696 1186 853 1222 veritate
871 1198 928 1220 me
945 1184 1158 1229 discutiam,

167 1253 204 1281 et
216 1258 438 1294 cognoscam
454 1259 566 1295 quam
582 1245 664 1281 vilis
674 1274 683 1291 ,
695 1257 806 1294 quam
824 1244 963 1293 fragilis
975 1272 983 1288 ‚
995 1252 1031 1279 et
1046 1257 1159 1292 qnam

167 1301 288 1340 labilis
307 1317 402 1340 sum.
426 1304 570 1340 Deinde
596 1317 680 1340 cnm
711 1315 840 1340 omnes
867 1303 1032 1339 miserias
1057 1315 1158 1339 meas

167 1376 401 1413 cognovero,
418 1377 568 1401 necesse
584 1372 639 1401 est
654 1364 708 1400 illi
730 1363 928 1400 inhaeream
940 1392 949 1408 ‚
964 1375 1032 1412 per
1045 1375 1158 1411 quem

167 1434 268 1468 sum,
286 1422 366 1459 sine
391 1436 467 1472 quo
497 1423 589 1458 nihil
616 1436 717 1468 sum,
737 1430 775 1458 et
804 1422 897 1458 nihil
924 1422 1045 1458 facere
1071 1434 1159 1471 pos-

166 1494 262 1518 sum.
283 1485 330 1518 Et
350 1483 438 1532 quia
460 1496 480 1519 a
500 1486 581 1519 Deo
607 1481 800 1533 peccando
822 1483 977 1528 recessi3
1000 1483 1069 1518 nisi
1090 1496 1159 1532 per

166 1554 294 1578 veram
322 1542 596 1579 consessionem
619 1543 664 1578 ad
693 1543 797 1579 illum
826 1542 948 1579 redire
969 1555 1044 1578 non
1068 1555 1158 1592 pos-

166 1613 258 1636 sum.
282 1601 403 1638 Fateri
430 1614 519 1650 ergo
547 1610 699 1651 oportet
726 1602 829 1651 quod
860 1601 1051 1638 fatendum
1075 1610 1157 1639 est:

165 1659 253 1708 quia
273 1673 466 1710 nunquam
487 1674 533 1697 eo
554 1661 667 1698 modo
685 1670 749 1698 aut
771 1675 814 1699 ea
836 1662 1068 1707 intentione,
1086 1676 1161 1711 qua

164 1719 338 1768 peccavi,
363 1728 514 1769 peccata
548 1722 741 1758 confessus
766 1735 868 1767 sum;
897 1735 966 1758 nec
989 1723 1158 1758 omnium

1225 1064 1344 1098 Deum
1361 1061 1499 1097 factum
1520 1069 1682 1106 constat,
1704 1061 1807 1110 quod
1827 1062 1940 1099 homo
1958 1063 2108 1112 quidem
2130 1079 2218 1102 vere

1225 1121 1362 1166 voluit,
1383 1120 1448 1157 sed
1468 1133 1546 1156 non
1569 1120 1686 1156 valuit
1705 1120 1933 1170 adimplere3
1956 1123 2044 1171 quia
2067 1125 2216 1162 confes-

1225 1181 1368 1217 sionem
1387 1193 1464 1216 non
1485 1188 1726 1230 contemptus
1746 1181 1923 1227 exclusit,
1941 1181 2005 1218 sed
2023 1183 2218 1233 impedivit

1225 1240 1436 1277 necessitas.

1592 1357 1768 1396 CAPUT
1798 1357 1849 1396 Χ.

1225 1484 1272 1512 De
1290 1480 1483 1524 impatientia
1506 1480 1727 1517 correctionis,
1755 1486 1785 1511 et
1808 1481 2003 1512 accusatione
2026 1484 2223 1524 propriorum

1518 1532 1693 1565 defectuum
1718 1543 1753 1564 ac
1776 1533 1933 1564 vitiorum.

1280 1662 1342 1699 27.
1371 1665 1414 1698 In
1442 1661 1629 1710 capitulo,
1653 1659 1718 1696 ubi
1742 1669 1894 1710 peccata
1920 1674 2002 1698 mea
2021 1663 2222 1700 emendare

1226 1722 1359 1767 debui,
1385 1722 1547 1771 peccatis
1565 1730 1718 1770 peccata
1739 1721 1878 1757 addidi.
1900 1724 1992 1758 Cum
2011 1722 2057 1759 de
2072 1723 2144 1759 illis
2161 1737 2223 1760 ac-

165 1779 384 1816 recordatus
417 1793 521 1826 sum,
542 1789 606 1817 aut
633 1790 792 1831 propter
823 1790 1068 1827 vetustatem,
1098 1790 1162 1818 aut
1178 1782 1205 1817 C
1226 1791 1374 1820 cusatus
1400 1782 1472 1827 sui3
1493 1790 1556 1817 aut
1579 1781 1705 1830 aliquo
1732 1780 1848 1817 modo
1874 1782 2068 1827 excusavi,
2094 1791 2157 1819 aut
2177 1796 2222 1819 ex

165 1847 324 1889 propter
338 1839 630 1877 multitudinem.
649 1841 683 1877 Si
701 1850 824 1878 autem
848 1843 1040 1878 confessus
1056 1855 1136 1878 sum
1149 1870 1158 1886 ‚

165 1910 242 1934 non
262 1911 358 1947 pure
379 1900 571 1936 consessus
589 1913 670 1937 sum
694 1910 852 1951 propter
873 1901 1158 1951 turpitudinem.

165 1957 449 1995 Confessioncm
478 1960 588 1996 etiam
619 1974 739 1997 meam
771 1961 901 2007 divisi,
932 1971 974 1998 ut
1004 1961 1161 1998 diversis

166 2017 423 2054 sacerdotibus
439 2018 586 2056 diversa
607 2021 883 2058 maniFestarem
903 2037 909 2058 :
928 2030 964 2058 et
981 2022 1031 2058 ita
1052 2022 1159 2057 venia

166 2076 286 2122 carui,
303 2076 350 2113 ad
364 2090 475 2126 quam
494 2091 562 2127 per
578 2088 702 2129 partes
717 2082 914 2130 pervenire
929 2081 1071 2131 putavi.
1089 2083 1159 2116 Ex-

166 2135 345 2172 secranda
365 2149 527 2186 namque.
550 2139 650 2175 [ictio
667 2148 741 2184 est,
762 2149 954 2189 peccatum
977 2139 1157 2186 (lividere,

164 2203 202 2231 et
217 2196 414 2244 superficie
436 2205 544 2233 tenus
562 2198 712 2242 radere,
737 2213 813 2236 non
833 2201 1057 2237 intrinsecus
1077 2213 1158 2237 era-

163 2253 300 2291 dicare.
320 2259 402 2292 Non
422 2257 521 2293 enim
541 2259 641 2294 utilis
663 2268 718 2295 est
740 2260 945 2304 confessio,
965 2260 1033 2296 nisi
1054 2261 1101 2296 sit
1121 2261 1157 2296 in

163 2314 240 2350 oris
259 2314 436 2360 veritate,
460 2324 497 2352 et
518 2317 642 2354 cordis
663 2319 840 2367 puritate.
864 2323 909 2356 Et
929 2328 970 2355 ut
992 2328 1066 2356 tres
1086 2320 1159 2356 sint

164 2373 227 2421 qui
250 2375 506 2411 testimonium
525 2376 635 2413 nobis
655 2377 746 2414 dent
761 2379 798 2414 in
817 2379 934 2425 coelo,
954 2383 1079 2425 Pater,
1098 2380 1157 2417 Fi-

164 2432 254 2478 lius,
273 2441 310 2469 et
326 2435 485 2483 Spiritus
506 2444 674 2482 sanctus;
697 2437 880 2475 addamus
900 2447 1011 2476 testes
1031 2452 1157 2476 sacer-

165 2491 272 2528 dotes
292 2493 395 2529 cordi
417 2503 545 2531 nostro
566 2504 602 2531 et
619 2497 694 2542 ori,
717 2505 758 2532 ut
778 2498 813 2533 in
835 2511 900 2535 ore
918 2498 1079 2535 duorum
1101 2500 1157 2535 vel

168 2549 279 2585 trium
299 2552 447 2587 testium
470 2561 541 2589 stet
561 2567 673 2590 omne
694 2555 865 2593 verbnm.

221 2610 282 2645 26.
298 2610 368 2646 Sed
387 2611 476 2647 dicis
495 2627 501 2648 :
520 2613 662 2649 Sufficit
679 2615 767 2651 milii
785 2616 854 2652 soli
872 2619 949 2652 Deo
969 2619 1159 2664 confiteri,

167 2668 256 2717 qnia
282 2669 455 2706 sacerdos
481 2671 560 2708 sine
583 2686 628 2709 eo
649 2687 668 2709 a
688 2676 850 2722 peccatis
879 2689 938 2712 me
964 2676 1160 2714 absolvere

169 2739 245 2762 non
264 2735 400 2775 potest.
418 2729 475 2766 Ad
495 2731 599 2778 quod
616 2745 692 2768 non
711 2746 798 2781 ego,
818 2734 882 2770 sed
903 2734 1033 2772 beatus
1048 2740 1160 2773 Jaco-

169 2785 238 2822 bus
268 2788 470 2836 respondet
497 2790 652 2827 dicens:
684 2792 918 2840 Cmqfitemini
944 2799 1160 2832 alterutrum

165 2855 323 2893 peccam
346 2857 471 2883 vestra
485 2855 508 2885 ¹.
530 2852 768 2888 Conveniens
789 2866 949 2903 namque
966 2856 1074 2892 valde
1090 2865 1158 2900 est,

170 2911 210 2938 ut
232 2916 300 2940 nos
325 2905 387 2952 qui
415 2908 608 2955 peccando
634 2913 712 2945 Deo
740 2920 980 2949 contumaces
1006 2914 1164 2961 suimus,

170 2963 390 3011 poenitendo
416 2968 604 3016 supplic-es
633 2970 890 3008 sacerdotibus
920 2981 956 3009 et
986 2974 1163 3010 ministris

170 3021 252 3069 ejus
269 3023 384 3059 simus
401 3039 408 3060 :
428 3034 466 3061 nt
482 3027 595 3064 liomo
617 3030 680 3078 qui
695 3030 741 3066 ad
758 3032 912 3080 gratiam
935 3045 1164 3069 conservan-

173 3080 255 3116 dam
279 3083 483 3121 mediatore
501 3100 576 3123 non
598 3089 720 3138 eguit,
739 3089 815 3137 jam
839 3104 918 3126 eam
943 3104 1165 3140 recuperare

175 3152 247 3174 non
271 3140 338 3176 nisi
361 3155 428 3189 pei·
448 3146 692 3183 mediatorem
721 3149 910 3185 bominem
938 3150 1066 3198 possit.
1088 3154 1161 3187 (ie-

231 3265 363 3295 uhu-nbi
390 3279 418 3299 x.
443 3273 492 3298 ltu.

1226 1851 1307 1879 toto
1328 1841 1478 1890 negavi,
1501 1849 1582 1885 aut,
1601 1839 1704 1889 quod
1723 1839 1888 1876 deterius
1908 1849 1982 1887 est,
2003 1840 2171 1887 defendi,
2187 1850 2224 1878 et

1226 1901 1466 1951 impatienter
1479 1899 1657 1949 respondi
1674 1914 1680 1935 :
1699 1912 1783 1935 cum
1803 1900 1947 1936 nullum
1965 1900 2010 1936 sit
2028 1909 2222 1950 peccatum

1227 1975 1246 1998 a
1266 1974 1343 2010 quo
1365 1973 1441 1996 non
1471 1960 1539 1996 sim
1569 1959 1864 2004 contaminatus,
1885 1969 1948 1996 aut
1974 1961 2221 1997 contaminari

1227 2035 1302 2057 non
1323 2020 1480 2070 possim.
1507 2023 1655 2056 Jnstum
1677 2027 1731 2055 est
1752 2032 1860 2067 ergo,
1879 2027 1919 2055 ut
1939 2021 2042 2056 omni
2063 2034 2222 2057 excusa-

1226 2082 1327 2117 tione
1347 2087 1492 2116 rcmota
1511 2078 1814 2114 emendationem
1835 2079 2075 2127 promittam,
2099 2080 2220 2116 unde-

1225 2153 1386 2189 cumque
1403 2147 1466 2175 aut
1483 2152 1503 2174 a
1519 2149 1761 2187 quocumque
1775 2150 1949 2183 accuser3
1969 2147 2154 2187 quatenns
2169 2140 2220 2176 sie

1224 2199 1375 2236 liberari
1393 2199 1536 2235 valeam
1563 2211 1582 2233 a
1607 2204 1761 2246 peccato
1781 2205 2022 2246 perpetrato,
2048 2198 2107 2234 vel
2130 2211 2220 2247 per-

1225 2258 1423 2309 petrando,
1456 2255 1737 2293 Multitudinem
1773 2255 2014 2304 iniquitatum
2052 2270 2221 2293 mearum

1224 2330 1498 2368 expavescens,
1516 2317 1674 2352 aliorum
1694 2315 2007 2364 transgressiones
2021 2316 2223 2365 reprelien-

1225 2377 1313 2414 dere
1336 2376 1462 2421 timui,
1481 2384 1518 2411 et
1543 2375 1630 2410 ideo
1653 2374 1784 2410 mortis
1812 2383 1944 2411 auctor
1968 2376 2111 2419 exstiti;
2135 2376 2222 2425 qnia

1224 2437 1327 2473 virus
1351 2434 1454 2484 qnod
1476 2433 1672 2470 clamando
1695 2433 1884 2482 expellere
1905 2434 2033 2483 potui,
2056 2446 2132 2470 nou
2154 2448 2221 2470 ex-

1224 2496 1313 2546 puli.
1337 2494 1558 2543 Indignatus
1574 2505 1656 2529 sum
1674 2492 1855 2528 adversus
1871 2492 1964 2529 alios
1978 2520 1987 2537 ‚
2010 2493 2076 2542 qui
2097 2506 2156 2530 me
2176 2493 2223 2530 de

1177 2557 1208 2590 D
1227 2556 1325 2592 vitiis
1350 2555 1441 2591 meis
1468 2551 1816 2602 reprehendebant3
1840 2560 1875 2587 et
1896 2564 1991 2600 quos
2012 2564 2136 2588 amare
2158 2552 2224 2588 de-

1226 2616 1311 2660 bui,
1328 2614 1442 2651 odivi.
1465 2614 1531 2650 Illa
1555 2625 1638 2661 quae
1660 2611 1748 2647 milii
1775 2610 1987 2655 nocebant,
2011 2612 2069 2647 vel
2091 2612 2223 2661 displi-

1227 2675 1376 2719 cebant,
1397 2671 1622 2716 desideravi,
1644 2679 1684 2707 ut
1708 2683 1785 2706 non
1807 2678 1946 2705 essent.
1970 2669 2138 2706 Sciebam
2166 2679 2223 2706 ta-

1227 2747 1312 2770 men
1334 2731 1438 2782 quod
1459 2731 1495 2767 in
1519 2738 1652 2766 natura
1672 2729 1728 2765 sui
1749 2737 1857 2765 erant
1877 2728 1977 2765 bona
1991 2757 1999 2773 ,
2021 2737 2059 2765 et
2078 2742 2097 2765 a
2121 2728 2224 2766 bono

1229 2795 1370 2830 factore
1392 2792 1486 2827 sacta
1503 2804 1509 2825 :
1529 2789 1593 2825 sed
1614 2788 1698 2824 ideo
1714 2788 1803 2824 milii
1823 2787 2029 2832 nocebant,
2049 2789 2136 2837 quia
2150 2802 2225 2825 ma—

1228 2855 1284 2890 lus
1305 2864 1426 2893 eram,
1449 2858 1484 2885 et
1507 2849 1602 2884 male
1626 2848 1698 2884 illis
1720 2847 1863 2884 utebar.
1887 2847 1984 2883 nihi}
2008 2848 2106 2884 enim
2134 2849 2225 2885 mihi

1226 2911 1457 2949 contrarium
1477 2917 1554 2951 est,
1572 2908 1642 2943 nisi
1669 2920 1739 2957 ego
1760 2907 1850 2956 ipse.
1874 2910 2019 2943 Mecum
2040 2915 2094 2943 est
2118 2907 2227 2955 qnid-

1229 2971 1319 3021 quid
1346 2969 1434 3005 milii
1460 2980 1598 3003 nocere
1619 2975 1761 3016 potest,
1780 2975 1815 3002 et
1840 2980 1909 3015 ego
1929 2967 2008 3016 ipse
2030 2966 2120 3002 milii
2143 2979 2224 3002 sar-

1231 3033 1311 3067 cina
1333 3042 1426 3065 suin.

1285 3090 1345 3124 2⁸.
1364 3086 1499 3135 Optavi
1522 3085 1630 3121 etiam
1650 3093 1688 3120 ut
1708 3088 1810 3121 Deus
1831 3092 1983 3133 peecata
2002 3097 2082 3120 mea
2103 3085 2225 3120 nesci-

1234 3157 1307 3185 ret,
1332 3155 1391 3182 aut
1421 3145 1553 3194 puuire
1584 3144 1718 3184 nollet,
1742 3152 1803 3179 aut
1838 3157 1912 3179 uon
1943 3152 2085 3192 possen
2113 3152 2146 3177 et
2181 3143 2228 3178 ita
