2418 3949
217 214 239 247 ὃ
248 213 295 248 29

552 346 728 385 CAPUT
756 345 870 385 XVI.

322 470 369 499 De
392 467 522 499 sabbato
546 467 647 509 primo
660 491 669 505 ,
684 477 739 498 seu
755 467 920 498 dilectione
934 467 980 498 sui
998 466 1104 509 ipsius.

269 587 333 624 52.
367 591 418 625 Ut
437 599 528 636 ergo
548 586 663 622 homo
691 597 731 622 se
751 585 879 634 diligat
898 584 936 620 in
952 583 1119 628 ChristO,
1139 583 1207 620 Dei

215 646 367 683 dilectio
383 646 583 682 inchoatur
601 660 609 682 :
624 653 665 681 ut
681 644 813 693 diligat
832 644 1048 694 proximum
1063 671 1072 687 ,
1093 656 1205 692 capa-

216 706 296 742 cior
314 705 466 755 quidam
492 705 596 741 sinus
621 703 830 740 affectionis
860 702 1103 752 obpanditur.
1128 705 1208 738 >Ve—

216 778 300 802 rum
322 764 496 814 quidem,
519 762 584 799 ubi
604 761 754 798 divinus
780 762 842 797 ille
867 761 964 810 ignis
993 759 1209 796 medullitus

214 824 442 860 incalescens
461 830 614 858 caeteras
633 821 872 866 dilectiones,
895 820 1002 870 quasi
1027 819 1207 869 quasdam

214 883 271 919 sui
288 882 467 918 scintillas
479 909 489 926 ,
506 881 543 916 in
561 881 616 916 sui
633 879 909 929 plenitudinem
928 879 1040 915 trahit
1052 907 1061 923 ,
1078 890 1210 914 omnes

213 942 327 978 animi
342 949 467 977 motus
482 939 659 976 absorbet
673 940 710 974 in
723 939 910 975 desiderio
927 939 1025 974 illius
1041 937 1211 975 sublimis

213 1009 250 1036 et
278 999 478 1036 ineffabilis
507 998 611 1035 boni.
632 1001 679 1035 Et
697 998 750 1034 sic
779 1010 855 1033 non
876 997 991 1034 homo
1019 1011 1039 1033 a
1059 1010 1118 1043 se,
1142 1010 1211 1033 nec

212 1060 410 1109 proximus
430 1058 615 1108 diligitur,
642 1057 712 1093 nisi
739 1065 923 1106 quantum
945 1065 1106 1105 uterque
1122 1056 1210 1092 affe-
1228 1055 1253 1087 Β

212 1127 294 1155 ctus
305 1117 511 1154 deficientis
522 1117 656 1153 animae
670 1124 771 1152 totus
784 1116 1006 1152 transfertur
1020 1116 1057 1151 in
1073 1120 1206 1152 Deum.

212 1178 348 1228 Agitur
366 1178 468 1214 enim
498 1175 679 1213 ineffabili
709 1175 1000 1225 dispensationis
1027 1176 1207 1220 artificio,

211 1245 253 1274 ut
282 1237 369 1274 licet
390 1236 428 1272 hi
453 1244 527 1272 tres
549 1247 698 1272 amores
718 1247 870 1283 semper
886 1233 1118 1280 habeantur3
1141 1247 1210 1271 nec

213 1304 336 1333 tamen
354 1308 504 1344 semper
523 1294 719 1343 aequaliter
736 1293 949 1330 sentiantur
974 1307 982 1329 :
1003 1293 1068 1330 sed
1087 1307 1211 1343 quan-

211 1355 338 1406 doque
355 1355 492 1392 mentis
509 1355 572 1390 illa
582 1353 752 1402 jucunda
772 1354 936 1390 suavitas
951 1366 996 1389 ex
1014 1354 1211 1390 conscien-

211 1415 270 1452 tiae
297 1415 462 1465 propriae
494 1415 657 1463 puritate
683 1412 876 1462 procedit3
907 1413 1138 1462 quandoque
1165 1427 1210 1449 ex

209 1474 313 1511 bono
333 1474 495 1524 proximi
510 1473 643 1522 recipit
660 1471 996 1522 congratulationis
1013 1473 1209 1518 affectuum

208 1534 438 1583 quandoque
463 1531 757 1582 contemplando
785 1532 821 1567 in
851 1531 1038 1568 desiderio
1069 1541 1106 1568 et
1139 1546 1207 1568 ex-

207 1593 408 1629 sultatione
427 1592 567 1641 aspirat
582 1591 629 1627 ad
640 1603 739 1627 eum.
755 1590 1084 1638 Quemadmodum
1104 1592 1207 1640 quis-

207 1652 308 1702 piam
326 1652 493 1688 diversas
511 1658 721 1687 aromatum
733 1650 846 1686 cellas
859 1649 1074 1699 ingrediens
1085 1679 1093 1695 ‚
1107 1663 1208 1686 nunc

207 1711 379 1756 istarum,
403 1724 507 1747 nunc
526 1711 675 1747 illarum
696 1710 906 1760 specierum
922 1709 1207 1758 redolentiaju-

207 1770 477 1807 cundatur:sic
486 1770 634 1806 animus
649 1769 838 1818 diligentis
856 1781 957 1804 nunc
973 1769 1109 1805 intuitu
1127 1769 1204 1812 sui,

891 212 1174 249 TRACTATUS
1204 211 1267 246 DE
1297 210 1587 246 CHARITATE.

1224 285 1271 304 ⁴031

2193 212 2269 248 830

1285 293 1404 321 totum
1434 299 1479 321 ex
1501 286 1581 334 ejus
1601 288 1718 335 gratia
1746 289 1960 337 provenire.
1985 292 2074 326 Haec
2100 290 2267 340 septimae

1230 347 1260 379 Α
1279 343 1352 379 diei
1383 344 1513 381 festiva
1543 346 1780 390 solemnitas,
1805 360 1917 396 quam
1945 361 2009 384 sex
2025 348 2105 385 dies
2123 362 2264 398 praece-

1277 401 1393 447 dunt,
1410 403 1445 439 id
1462 412 1539 448 est,
1555 417 1618 440 sex
1634 417 1750 453 opera
1763 406 2039 443 misericordiae.
2059 411 2148 444 Haec
2165 421 2269 444 nam-

1275 475 1350 511 que
1368 462 1404 498 in
1422 475 1550 498 earum
1568 464 1746 500 exercitio
1762 465 1886 513 justus
1898 466 2054 515 probat,
2073 467 2163 503 etin
2181 468 2265 504 sinu

1275 529 1414 557 sanctae
1435 523 1675 559 conscientiae
1705 522 1972 574 bonorumque
1990 539 2149 576 operum
2171 540 2266 563 con-

1276 581 1474 617 testatione
1494 582 1702 630 respirans,
1730 583 1767 619 in
1788 597 1830 620 ea
1851 585 1966 632 gratia
1987 598 2071 634 quae
2087 586 2121 622 ei
2148 599 2169 622 a
2185 590 2267 623 Deo

1274 637 1359 673 data
1377 646 1450 683 est,
1475 638 1632 675 feliciter
1646 640 1863 677 sabbatizat.
1882 646 1969 679 Haec
1986 653 2042 680 est
2056 645 2168 693 primi
2184 645 2265 682 sab-

1274 695 1350 731 bati
1367 696 1735 744 finalisjucunditas‚
1756 699 1792 735 in
1809 713 1884 748 qua
1904 703 2052 738 servilia
2071 716 2184 752 opera
2197 732 2206 748 ,
2228 704 2264 739 id

1274 763 1351 800 est,
1374 764 1526 803 peccata
1539 784 1548 801 ,
1568 769 1652 805 quae
1669 770 1798 794 servos
1819 760 1978 806 faciunt,
1994 762 2266 811 prohibentur:

1275 813 1312 849 in
1330 827 1404 863 qua
1421 826 1490 850 nec
1504 815 1598 863 ignis
1614 818 1928 867 concupiscentiae
1943 820 2180 866 accenditur,
2198 834 2266 856 nec

1276 885 1392 909 onera
1405 901 1415 918 ,
1431 873 1469 909 id
1484 882 1539 910 est
1551 903 1561 919 ,
1578 875 1824 923 cogitationes
1838 877 2039 927 impietatis
2054 908 2063 924 ,
2082 880 2162 916 sine
2177 881 2266 929 legis

1277 933 1571 981 transgressione
1591 943 1803 983 portantur.

1604 1065 1779 1104 CAPUT
1807 1067 1940 1107 XYII.

1368 1181 1416 1210 De
1438 1179 1577 1211 secundo
1599 1179 1751 1218 sabbato,
1770 1191 1823 1212 seu
1847 1181 2011 1214 dilectione
2034 1184 2178 1225 proximi.

1329 1291 1391 1327 54.
1413 1294 1531 1337 Sane,
1553 1292 1582 1327 si
1607 1290 1654 1328 ab
1675 1292 1747 1328 hoc
1769 1293 1923 1342 puriore
1942 1293 2104 1331 thalamo
2125 1296 2272 1341 cordis,

1277 1349 1379 1398 quod
1409 1350 1532 1399 primo
1563 1350 1719 1388 sabbato
1751 1351 1958 1398 dedicavit,
1987 1355 2203 1403 migraverit
2224 1356 2269 1392 ad

1277 1408 1368 1444 illud
1385 1408 1634 1446 diversorium
1647 1439 1656 1456 ,
1682 1410 1747 1448 ubi
1767 1413 1861 1448 solet
1884 1413 2048 1462 gaudere
2067 1428 2152 1451 cum
2176 1428 2270 1463 gau—

1277 1467 1473 1515 dentibus,
1495 1470 1725 1506 coinfirmari
1743 1472 1922 1515 infirmis,
1939 1473 2195 1510 scandalizatis
2212 1488 2272 1510 co-

1277 1527 1358 1571 uri,
1396 1540 1578 1577 suamque
1611 1531 1769 1566 senserit
1797 1531 1958 1568 animam
1990 1532 2166 1569 fratribus
2194 1535 2271 1570 suis

1273 1585 1523 1624 indissolubili
1543 1588 1688 1636 glutino
1712 1589 1902 1627 charitatis
1923 1592 2063 1627 unitam
2080 1621 2089 1637 ,
2115 1593 2210 1629 adeo
2231 1602 2272 1629 ut

1273 1658 1343 1681 nec
1363 1647 1526 1695 suspicio
1555 1648 1725 1692 sinistra,
1748 1662 1816 1685 nec
1844 1649 1995 1686 invidiae
2027 1660 2151 1687 motus
2166 1681 2175 1696 ,
2197 1665 2266 1688 nce

1273 1713 1384 1741 aestus
1395 1705 1597 1742 iracundiae
1613 1715 1678 1743 aut
1696 1707 1872 1754 tristitiae,
1887 1710 2005 1757 possit
2020 1711 2144 1759 aliqua
2157 1725 2265 1747 occa-

1273 1764 1380 1800 sione
1401 1777 1624 1814 surrepere;
1647 1766 1709 1802 sed
1740 1779 1804 1802 eos
1826 1766 1988 1805 brachiis
2009 1769 2270 1805 sincerissimae

208 1842 310 1866 nunc
323 1829 463 1866 intuitu
476 1829 545 1866 Dei
557 1837 622 1865 aut
635 1828 798 1878 proximi
811 1856 820 1873 ‚
837 1827 998 1876 quadam
1014 1829 1210 1865 inaestima-
1230 1826 1257 1861 C
1277 1824 1489 1860 dilectionis
1504 1825 1733 1873 amplectens
1749 1834 1785 1861 et
1801 1826 1933 1862 fovens
1945 1855 1954 1872 ,
1973 1840 2049 1863 uno
2063 1827 2273 1876 eodemque

209 1887 275 1925 bili
291 1889 474 1925 suavitate
495 1887 747 1937 perfunditur.

261 1950 324 1985 53.
346 1949 417 1995 Qui
438 1961 528 1996 ergo
549 1948 716 1997 primum
741 1946 933 1983 recolebat
962 1948 1000 1984 in
1027 1947 1206 1983 amaritu-

207 2007 296 2044 dine
316 2008 450 2044 animae
471 2020 546 2043 suae
570 2006 738 2056 perditos
757 2006 836 2042 dies
865 2019 973 2051 suos,
1003 2014 1205 2056 postquam

204 2067 520 2116 concupiscentiae
544 2065 646 2102 dedit
668 2065 834 2101 libellum
857 2065 1031 2114 repudii,
1056 2073 1093 2101 et
1113 2065 1206 2101 abo-

205 2126 336 2162 litione
350 2125 549 2162 criminum
563 2125 761 2173 impetrata
772 2151 782 2167 ,
799 2136 837 2159 se
853 2125 990 2173 pignus
1004 2132 1041 2160 et
1057 2124 1205 2160 arrham

205 2185 332 2234 gratiae
352 2185 511 2221 coelestis
531 2184 743 2233 percepisse
770 2184 972 2232 coguovit3
995 2183 1085 2219 dum
1116 2183 1206 2220 nihil

207 2244 308 2293 quod
330 2244 453 2293 ipsum
475 2251 646 2287 accuset,
665 2251 730 2278 aut
745 2246 825 2279 Deo
849 2242 1050 2291 displicere
1071 2241 1206 2278 debeat

212 2304 250 2340 in
273 2303 370 2340 libro
390 2303 630 2340 conscientiae
645 2315 722 2338 suae
742 2302 851 2351 legit,
871 2302 1039 2350 reliquiae
1059 2302 1206 2350 cogita-

209 2364 353 2401 tionum
385 2363 483 2401 diem
506 2364 638 2400 festum
659 2371 770 2412 agent
785 2363 819 2398 ei
844 2369 867 2398 ¹.
894 2366 992 2399 Dum
1014 2362 1114 2398 enim
1136 2362 1202 2397 im-

209 2424 332 2461 munis
354 2423 402 2460 ab
431 2424 609 2460 exteriori
643 2423 806 2459 tumultu
833 2435 872 2458 se
901 2422 939 2457 in
966 2421 1204 2470 contempla-

210 2483 322 2520 tionis
352 2496 487 2520 arcana
511 2483 673 2531 recepit3
699 2495 783 2518 cum
805 2481 1201 2530 circumstrepentium

210 2541 506 2578 sollicitudinum
522 2541 642 2578 turbis
655 2542 792 2577 ostium
805 2540 940 2577 mentis
951 2540 1099 2585 clausit;
1117 2552 1202 2575 cum

1275 1884 1433 1920 humero
1462 1885 1616 1934 propria
1636 1894 1673 1921 et
1696 1886 1816 1922 aliena
1846 1888 2150 1929 communicans;
2186 1901 2271 1923 ecs-

1273 1952 1377 1980 sante
1399 1944 1502 1980 omni
1525 1946 1683 1994 strepitu
1703 1946 1903 1990 vitiorum,
1927 1946 1972 1982 ad
2007 1955 2118 1983 tanta?
2146 1948 2273 1983 suavi-

1274 2004 1357 2040 tatis
1377 2003 1528 2040 delicias
1554 2005 1757 2041 resolvitur
1782 2005 2032 2042 inaestiiiiabili
2054 2007 2190 2055 gaudio
2205 2036 2213 2051 ,
2235 2016 2272 2043 ct

1273 2064 1313 2099 lit
1338 2063 1374 2099 in
1398 2064 1537 2099 amoris
1569 2064 1690 2100 fructu
1725 2064 1925 2101 dulcedine
1956 2065 2093 2110 libera,
2123 2067 2223 2103 intus
2250 2080 2270 2103 a

1272 2122 1396 2158 noxiis
1412 2122 1588 2159 omnibus
1606 2122 1777 2160 absoluta
1791 2125 1947 2160 vacatio.
1963 2128 2054 2161 Nam
2071 2126 2173 2174 quod
2191 2127 2273 2162 nul-

1273 2182 1349 2217 lum
1373 2182 1503 2218 vitium
1528 2195 1684 2231 prorsus
1705 2183 1741 2218 in
1763 2182 1875 2232 hujus
1895 2182 2039 2220 sabbati
2060 2185 2187 2233 quiete
2208 2199 2269 2221 re-

1273 2241 1394 2277 sidere
1413 2241 1578 2277 fraterna
1594 2242 1754 2278 charitas
1772 2243 1988 2291 permittat,
2009 2245 2111 2279 testis
2127 2253 2184 2280 est
2201 2245 2271 2280 hu-

1269 2299 1332 2348 jus
1347 2300 1500 2337 secundi
1517 2299 1661 2336 sabbati
1676 2301 1879 2337 continuus
1897 2302 2050 2338 feriator
2067 2304 2273 2352 Apostolus

1273 2359 1400 2395 dicens
1427 2374 1435 2396 :
1459 2362 1544 2395 Non
1574 2360 1818 2396 adulterabis.
1855 2362 1938 2395 Non
1962 2360 2106 2408 furtum
2128 2361 2266 2407 facit-s.

1273 2421 1358 2454 AVon
1379 2417 1524 2464 salutm
1551 2424 1795 2455 testimoniam
1825 2422 1946 2463 divvs,
1980 2430 2015 2455 et
2039 2427 2069 2456 si
2094 2423 2198 2469 quod
2219 2432 2273 2456 est

1269 2482 1379 2515 aliud
1388 2481 1605 2515 mandatnm
1616 2507 1624 2519 ‚
1641 2483 1680 2513 ιή
1696 2480 1762 2514 hoc·
1782 2480 1893 2515 verbo
1908 2484 2150 2525 immurmur,
2172 2483 2270 2515 Dm-

1266 2553 1330 2586 ges
1345 2544 1561 2586 proximum
1579 2549 1679 2573 tuum
1697 2544 1791 2574 sicut
1807 2550 1842 2574 Ie
1857 2543 1976 2587 ipsum
1989 2545 2014 2575 ².
2038 2540 2160 2576 David
2178 2540 2265 2576 ‹lul-

210 2600 366 2636 interius
391 2601 629 2636 conscientiae
659 2600 856 2636 thesauros
880 2599 1106 2649 inspexerit,
1124 2611 1200 2635 non
1223 2603 1255 2636 D
1270 2598 1401 2635 cedine
1424 2597 1536 2646 hujus
1554 2597 1748 2632 suavitatis
1769 2597 1944 2640 affectus,
1971 2611 2014 2633 cx
2041 2607 2141 2634 tanta
2164 2613 2268 2635 mvn-

212 2659 406 2695 inveniens
425 2659 679 2695 inordinatum
697 2659 839 2708 aliquid
854 2667 918 2695 aut
929 2660 1099 2708 ineptum
1113 2687 1123 2703 ,
1139 2667 1203 2694 aut

214 2718 348 2754 rationi
367 2717 587 2761 adversum3
604 2717 668 2754 sed
683 2718 810 2753 omnia
834 2718 987 2766 pacilica
1008 2726 1045 2753 et
1061 2716 1203 2765 jucun·

213 2775 260 2811 da
272 2803 281 2819 ‚
302 2784 338 2811 ct
351 2775 396 2812 ad
416 2776 534 2812 instar
547 2775 792 2824 disciplinatae
807 2776 953 2811 familiae
968 2775 1101 2811 videns
1115 2775 1205 2811 mul-

214 2834 410 2871 titudinem
426 2835 695 2884 cogitationum
710 2863 719 2879 ,
738 2847 957 2870 sermonum
974 2843 1010 2870 et
1028 2847 1202 2883 operum,

214 2894 247 2929 ci
261 2923 270 2938 ,
288 2895 392 2943 quasi
409 2895 556 2931 cuidam
574 2894 851 2944 patrifamilias,
867 2892 1041 2939 obedire,
1062 2902 1099 2930 et
1119 2907 1204 2930 om—

215 2953 274 2988 nia
294 2953 473 2989 interiora
493 2966 559 2990 sua
577 2952 647 2989 sibi
672 2953 710 2989 in
728 2953 889 3002 quadam
911 2953 1122 2990 humilitate
1141 2967 1204 2990 as-

214 3024 365 3059 surgere
384 3026 391 3047 :
413 3013 628 3062 prorumpit
647 3025 692 3048 cx
714 3012 770 3048 his
788 3012 965 3049 omnibus
982 3013 1074 3048 mira
1094 3025 1204 3048 secu-

218 3071 325 3114 ritas,
350 3084 395 3107 ex
419 3072 618 3108 securitate
640 3071 730 3108 mira
755 3072 1025 3121 tranquillita5‚
1046 3080 1082 3107 et
1099 3085 1142 3107 cx
1164 3086 1205 3106 ca

216 3129 414 3166 ineffabilis
443 3130 621 3179 jubilatio
648 3130 772 3167 cordis
785 3160 794 3176 ,
829 3140 934 3168 tanto
965 3130 1141 3166 devotior
1170 3131 1206 3165 in

215 3188 348 3224 Christi
372 3189 499 3234 laude,
519 3199 660 3239 (plauto
678 3191 930 3240 perspicacius
950 3190 1119 3237 intelligit
1140 3190 1209 3223 luw

1270 2658 1362 2694 tium
1376 2657 1520 2693 unione
1539 2656 1576 2692 in
1591 2669 1722 2692 vocem
1737 2655 1974 2704 jubilationis
1993 2670 2260 2706 prorumpens,-

1270 2719 1387 2761 Ecce,
1407 2715 1554 2764 inquit,
1577 2729 1690 2762 quam
1713 2715 1846 2750 (mltum
1868 2725 1905 2751 rt
1934 2719 2265 2763 qanmjucumlum

1270 2775 1589 2820 habitum-fratreas·
1605 2781 1642 2808 m
1663 2788 1772 2808 anum
1790 2773 1802 2795 ³
1820 2777 1826 2809 l

1323 2837 1385 2871 55.
1419 2838 1511 2870 Nota
1545 2846 1656 2875 vcro,
1690 2831 1792 2880 quod
1827 2833 1922 2868 sicut
1951 2833 2075 2881 primo
2108 2834 2265 2871 sabbato

1271 2908 1370 2930 unus
1394 2893 1472 2928 dics
1488 2891 1751 2928 tantummodo
1773 2891 1988 2937 dedicatur,
2009 2894 2110 2943 quod
2131 2895 2267 2932 videti-

1271 2962 1328 2989 cet
1350 2952 1536 2999 singulare
1559 2959 1632 2994 cst,
1655 2950 1758 2999 quod
1785 2951 1821 2986 in
1844 2953 2007 3001 propria?
2029 2955 2268 2991 conscicntia·

1273 3011 1544 3059 tranquillitate
1574 3010 1743 3046 consistit
1771 3025 1778 3045 :
1810 3011 1856 3046 ita
1889 3025 1962 3047 uon
1993 3013 2179 3049 immerito
2208 3014 2266 3050 hic

1273 3083 1393 3106 annuus
1407 3070 1549 3116 integer
1561 3079 1813 3106 cousecratur.
1827 3071 2153 3117 Quemadmodum
2167 3074 2266 3109 cuim

1274 3143 1319 3165 rx
1343 3129 1468 3164 multis
1488 3128 1620 3165 dic-lius
1641 3143 1762 3165 anuus
1787 3131 1970 3175 cilicinum
1995 3132 2042 3167 ita
2068 3146 2112 3167 vx
2143 3133 2266 3168 multis

1277 3187 1471 3223 animabus
1488 3202 1552 3222 cur
1575 3202 1689 3223 uuum
1706 3197 1739 3223 vt
1756 3190 1878 3225 anima
1895 3203 1967 3226 unu
1981 3191 2169 3226 charitatis
2187 3206 2269 3239 ign«-

270 3323 276 3336 ¹
296 3315 371 3345 tuat.
391 3326 490 3353 rxxv,
512 3321 560 3346 ΙΙ.
581 3334 617 3339 —-
637 3322 647 3336 ²
665 3321 755 3347 Rom.
779 3328 835 3346 xiii
852 3340 858 3350 ,
877 3321 906 3346 u.
929 3334 968 3338 ——
1002 3315 1107 3346 ³l’sal.
1124 3324 1237 3343 cxxxii
1253 3339 1261 3350 ,
1286 3321 1309 3345 1.
