2418 3949
172 255 264 290 1201

816 254 880 288 DF.
910 252 1080 288 VERBIS
1108 251 1285 285 DOMINI
1315 250 1362 285 IN
1393 252 1561 287 COENA.

2119 247 2214 284 1202

166 330 284 380 gratia
297 329 516 379 spiritualis,
534 337 574 365 ut
589 328 747 365 estillud
760 329 1024 378 propheticum
1053 341 1060 362 :
1083 324 1216 372 Qui⁶⁰⁰
1230 339 1310 361 nas.
1336 328 1385 361 Et
1404 329 1490 362 dicit
1521 332 1556 361 ei
1584 329 1690 362 lesus
1710 339 1720 360 .·
1745 328 1856 372 Quod
1865 323 1991 373 sacis,
2010 324 2080 371 fac
2099 329 2218 360 citius.

166 390 309 425 obturat
322 403 431 424 aures
444 402 532 425 suas
545 402 591 424 ne
605 390 736 424 audiat
749 393 986 437 sanguinem,
1001 395 1035 422 et
1048 389 1156 422 clau·
1174 384 1205 418 A
1226 385 1385 433 Quidam
1419 386 1520 422 enim
1545 394 1679 435 putant
1711 385 1813 434 quod
1834 393 1922 421 tunc
1946 384 2061 422 Judas
2084 396 2222 433 eorpus

167 451 222 485 (lit
234 452 357 485 oculos
373 462 458 484 suos
474 461 520 484 ne
541 450 670 484 videat
686 451 822 483 malum
838 463 849 483 .·
866 452 932 483 iste
948 451 986 482 in
1003 448 1161 482 excelsis

166 509 374 553 habitahit;
388 513 617 544 munimenta
637 521 814 543 saxorum
830 507 1038 543 sublimitas
1053 507 1129 551 ejus
1149 519 1161 540 .·

163 573 278 616 panis
289 573 324 603 ei
332 571 443 604 datas
460 576 532 612 est,
546 581 658 615 aquoe
673 568 894 613 ejusfitleles
910 575 994 602 sant
1006 572 1030 602 ¹.
1045 569 1091 602 Et
1106 572 1162 601 est

168 640 298 664 sensus
311 643 318 664 :
330 628 402 672 Qui
415 626 563 662 obturat
572 640 677 662 aures
698 639 786 662 suas
805 639 852 661 ne
864 628 994 661 audiat
1004 628 1161 673 sangui—

167 700 250 722 nem
260 715 269 732 ,
285 686 322 722 id
338 694 410 732 est,
421 686 483 734 qui
496 684 742 722 suadentibus
755 684 918 734 peccatis
928 713 937 729 ,
951 697 1034 732 quae
1047 694 1159 719 carne

167 755 204 783 et
219 746 400 795 sanguine
418 753 637 790 nascuntur,
657 757 734 780 non
749 743 893 793 praebet
907 755 1132 779 consensum
1149 755 1158 786 ;

166 815 202 842 et
214 810 282 854 qui
297 807 438 840 claudit
451 807 574 839 oculos
593 818 676 840 suos
701 818 750 839 ne
774 805 902 839 vitlem
927 805 1068 838 malum
1083 830 1094 846 ,
1122 799 1160 835 id

166 872 245 910 est,
266 863 370 900 omni
389 862 493 912 quod
523 862 738 899 rectitudini
767 862 968 898 adversum
986 869 1062 906 est,
1080 871 1157 895 non

167 923 450 973 appropinquat
471 936 479 958 ε
502 927 570 958 iste
594 927 632 958 1⁴72
655 926 812 958 excelsis
843 921 1047 964 habitabit;
1073 918 1160 968 quia

167 983 340 1032 quamvis
356 994 441 1018 eum
460 981 582 1018 adhuc
596 996 684 1018 caro
697 982 735 1018 in
753 979 997 1018 inferioribus
1012 979 1160 1024 retinet,

167 1050 332 1078 mentem
356 1050 479 1078 tamen
505 1040 728 1078 sublimibus
750 1041 890 1090 junxit.
924 1041 1160 1074 Munimenm

1227 444 1364 481 Christi
1386 446 1581 494 acceperit.
1608 445 1679 481 Sed
1698 444 1894 480 sciendum
1924 452 1998 489 est,
2021 444 2124 493 quod
2143 443 2222 492 jam

1228 503 1405 540 omnibus
1444 504 1686 541 distribuerat
1725 505 1912 541 Dominus
1946 512 2219 541 sacramentum

1228 564 1405 612 Corporis
1425 572 1461 599 et
1481 564 1678 612 Sanguinis
1696 564 1773 607 sui,
1805 563 1904 599 inter
1923 576 2019 612 quos
2047 571 2084 599 et
2107 562 2222 600 Judas

1228 623 1309 658 suit.
1328 623 1471 659 Deinde
1487 622 1769 672 perbuccellam
1786 622 1977 658 intinctam
1995 623 2222 671 exprimitur

1228 681 1398 718 traditor.
1420 682 1529 718 Multi
1549 682 1648 718 enim
1680 681 1759 717 salsi
1780 681 1945 730 religiosi
1974 689 2010 717 et
2031 681 2109 717 falsi
2131 689 2219 717 ton-

1228 742 1364 786 surati,
1390 755 1474 777 cum
1504 742 1564 790 pie
1582 741 1764 790 religiosis
1784 741 2036 776 communiter
2054 740 2222 776 domini-

1228 814 1312 837 cum
1345 804 1490 851 Corpus
1524 802 1733 850 accipiunt,
1769 800 1816 836 ab
1849 801 1921 836 illis
1951 799 2112 837 discerni
2143 813 2220 836 non

1228 869 1385 910 possunt
1401 889 1410 906 ,
1430 861 1498 897 nisi
1517 874 1584 910 per
1597 860 1804 897 buccellam
1825 860 2019 896 intinctam
2038 887 2047 905 ,
2066 873 2149 908 quae
2167 868 2223 896 est

1228 920 1428 966 detractio,
1455 920 1728 964 murmuratio,
1762 918 2019 955 inobedientia
2036 946 2046 963 ,
2081 918 2222 955 verbo-

1228 992 1310 1015 rum
1328 979 1501 1024 lascivia,
1518 980 1666 1016 occulta
1685 979 1846 1028 pecunia
1861 1007 1869 1023 ,
1887 986 1923 1014 et
1942 978 2037 1014 sorte
2049 978 2222 1026 graviora

1227 1046 1391 1086 peccata.
1411 1039 1484 1085 Qui
1506 1038 1588 1075 talis
1606 1046 1676 1083 est,
1704 1037 1911 1073 monachus
1942 1050 2019 1073 non
2040 1045 2119 1082 est,
2147 1037 2222 1073 imo

165 1114 345 1137 saxorum
365 1100 575 1136 sublimitas
595 1105 697 1145 eju-5,
725 1100 814 1149 quia
834 1099 899 1148 qui
926 1097 1070 1147 abjecta
1092 1096 1160 1132 de—
1177 1096 1205 1129 Β
1226 1096 1334 1134 Judae
1365 1098 1542 1134 traditori
1572 1097 1778 1133 consimilis
1798 1105 1865 1132 est.
1892 1096 1963 1132 Sed
1982 1096 2150 1144 quisquis
2170 1103 2226 1132 est

166 1160 303 1197 sideria
318 1168 477 1197 terrenae
492 1159 790 1195 conversationis
809 1159 925 1194 calcat
937 1187 946 1204 ‚
962 1156 1008 1193 ad
1023 1167 1157 1205 super-

166 1233 251 1256 nam
267 1220 425 1269 patriam
438 1233 506 1269 per
521 1218 813 1269 praecedentium
826 1226 977 1267 patrum
990 1215 1164 1264 exempla

165 1291 204 1315 se
221 1277 393 1315 sublevat
408 1293 416 1315 :
434 1287 471 1314 et
487 1278 575 1327 quia
588 1291 656 1327 per
673 1276 1003 1326 contemplationis
1019 1274 1161 1311 donum

167 1338 285 1386 gratia
320 1337 504 1386 spirituali
548 1337 704 1373 satiatur
719 1365 729 1382 ,
765 1344 851 1385 apte
896 1334 1160 1384 subjungitur,

167 1398 286 1434 Panis
309 1402 344 1433 ei
368 1399 477 1433 datus
495 1406 569 1441 est,
592 1396 630 1432 id
648 1404 724 1441 est,
746 1396 888 1432 donum
906 1395 1033 1444 gratiae
1049 1392 1163 1442 spiri-

167 1457 277 1493 tualis
303 1457 492 1506 percepit,
512 1457 601 1505 quia
617 1469 655 1492 se
672 1455 718 1493 ab
739 1455 899 1491 infirmis
915 1462 952 1490 et
978 1453 1063 1490 imis
1087 1466 1160 1488 coe-

165 1517 271 1553 lestia
299 1516 488 1566 sperando
516 1515 722 1564 suspendit.
741 1518 852 1552 Hunc
866 1514 979 1563 igitur
996 1525 1132 1562 panem
1149 1540 1159 1557 ,

167 1576 309 1612 scilicet
339 1576 520 1625 gratiam,
551 1588 663 1624 quam
684 1574 737 1610 illi
767 1573 924 1610 dederat
951 1572 1160 1621 Dominus,

164 1633 367 1670 intinctum
396 1634 563 1682 accepit,
585 1633 673 1682 quia
696 1632 734 1668 in
761 1636 888 1669 Jesum
921 1644 1162 1668 consumma-

166 1701 287 1730 torem
318 1692 524 1737 virtutum,
554 1705 630 1728 non
659 1705 851 1737 amorem,
875 1691 939 1727 sed
966 1703 1163 1727 rancorem

167 1753 349 1790 exercuit.
367 1752 466 1789 Huic
483 1750 693 1788 debebatur
711 1751 817 1800 panis
836 1751 1036 1796 intinctus,
1056 1749 1163 1799 cujus

167 1812 402 1849 sanctitatem
432 1811 560 1847 vultus
592 1809 771 1860 palliabat
800 1810 1038 1860 sophisticus.
1070 1813 1161 1847 Nam

1229 1157 1342 1193 miser
1371 1157 1454 1202 ille,
1482 1156 1610 1192 timeat
1642 1154 1865 1205 poenitendo
1895 1154 1998 1203 quod
2031 1155 2224 1202 sequitur;

1229 1229 1276 1252 ne
1314 1229 1398 1253 cum
1431 1215 1528 1252 Juda
1560 1214 1739 1250 traditore
1786 1213 1998 1249 damnetur.
2046 1213 2225 1261 Sequitur

1229 1276 1348 1321 enim,
1387 1278 1486 1311 Tum:
1506 1278 1669 1311 introivit
1687 1278 1725 1308 ill
1748 1275 1850 1308 illum
1871 1281 2049 1315 satanam,
2082 1279 2123 1307 ut
2142 1272 2225 1320 ple-

1229 1335 1313 1372 nius
1333 1334 1566 1385 possideret,
1589 1334 1626 1370 in
1647 1346 1760 1382 quem
1777 1331 1854 1379 jam
1880 1331 2097 1367 intraverat.
2121 1335 2225 1367 Tunc

1229 1394 1401 1431 introivit
1416 1402 1457 1429 ut
1474 1393 1685 1442 deciperet,
1705 1400 1742 1428 et
1768 1405 1788 1427 a
1805 1390 1998 1427 consortio
2018 1391 2225 1439 Apostolo-

1229 1467 1312 1490 rum
1337 1453 1572 1498 extraheret,
1593 1460 1635 1487 ut
1656 1465 1701 1488 eo
1716 1450 1793 1499 jam
1816 1463 1891 1486 non
1910 1450 1947 1485 in
1967 1450 2134 1494 occulto,
2159 1449 2225 1486 sed

1229 1512 1422 1548 manifeste
1451 1520 1560 1548 utens
1594 1510 1710 1546 libera
1738 1517 1946 1559 potestate,
1981 1509 2018 1545 in
2047 1508 2226 1544 barathro

1227 1571 1454 1621 perditionis
1487 1578 1666 1606 mactaret
1686 1578 1722 1606 et
1752 1569 1939 1619 perderet.
1972 1572 2017 1605 Et
2047 1568 2149 1617 quod
2178 1568 2224 1604 de

1229 1631 1410 1668 traditore
1431 1630 1516 1666 fecit
1530 1659 1539 1675 ,
1558 1630 1631 1666 hoc
1657 1629 1703 1665 de
1731 1627 1990 1665 consimilibus
2011 1628 2127 1665 facere
2149 1641 2225 1664 non

1229 1690 1383 1726 desistit.
1406 1693 1498 1726 'Nam
1525 1702 1636 1738 quem
1657 1689 1720 1724 diu
1742 1689 1777 1724 in
1799 1689 2027 1724 monasterio
2051 1688 2227 1737 possede-

1228 1749 1276 1785 rit
1300 1761 1473 1794 servum,
1496 1748 1541 1784 ad
1562 1748 1737 1784 ultimum
1759 1760 1827 1783 nec
1850 1747 1991 1783 socium
2017 1747 2224 1783 monacho-

1229 1821 1312 1844 rum
1335 1807 1534 1856 relinquit3
1562 1815 1599 1843 et
1628 1806 1846 1842 traditorem
1876 1819 1989 1856 quem
2018 1806 2055 1842 in
2090 1819 2220 1842 mona-

165 1872 386 1921 religionem
407 1870 607 1908 simulabat
625 1871 662 1907 in
682 1871 792 1917 facie,
811 1883 923 1920 quam
950 1883 1027 1906 non
1048 1869 1162 1906 habe·
1183 1870 1208 1904 C
1229 1868 1342 1904 sterio
1372 1866 1543 1912 tenebat,
1570 1866 1648 1915 jam
1672 1874 1779 1902 extra
1800 1866 2066 1902 monasterium
2097 1874 2218 1901 necat.

166 1930 232 1968 bat
247 1932 285 1968 in
301 1939 427 1968 mente
442 1946 451 1977 ;
468 1932 699 1968 sanctitatem
716 1929 976 1980 praetendebat
990 1930 1028 1965 in
1043 1938 1160 1975 veste,

166 2003 278 2040 quam
296 1989 483 2027 alienabat
497 1990 533 2026 in
552 1990 666 2027 corde
683 2005 690 2027 :
713 1990 802 2026 foris
814 1989 980 2039 agnusin
993 1987 1160 2037 publico,

168 2050 270 2087 intus
290 2050 402 2099 lupus
422 2051 460 2086 in
481 2050 655 2096 occult93
678 2050 768 2087 soris
785 2050 991 2098 discipulus
1009 2049 1159 2094 Christi,

165 2110 268 2146 intus
282 2109 487 2159 discipulus
503 2108 654 2145 diaboli.
669 2110 776 2145 Multi
793 2109 892 2145 enim
909 2109 1009 2144 hunc
1024 2120 1160 2157 panem

167 2168 391 2215 comedunt,
411 2169 499 2218 quia
521 2169 742 2218 religionem
773 2182 886 2218 quam
918 2167 1162 2218 praetendunt

167 2229 206 2265 in
227 2228 364 2274 verbo,
385 2241 463 2265 non
484 2229 691 2265 ostendunt
711 2230 747 2265 in
782 2230 892 2265 sacto.
915 2228 1053 2275 Quanti
1075 2240 1160 2264 mo-

170 2288 281 2324 nachi
302 2288 340 2324 in
364 2288 595 2324 monasterio
615 2289 730 2325 sancti
752 2288 943 2325 Benedicti
967 2296 1074 2333 suut,
1096 2286 1161 2335 qui

167 2348 247 2385 aliis
260 2347 477 2396 lugentibus
492 2348 635 2394 rident3
651 2348 731 2384 aliis
745 2346 962 2384 dolentibus
975 2346 1159 2395 gaudent3

164 2421 326 2458 corpore
346 2409 584 2454 claustrales,
609 2417 734 2445 mente
759 2408 841 2457 vagi
857 2437 866 2453 ,
896 2416 933 2444 et
965 2419 1160 2455 nunquam

165 2466 341 2504 stabiles?
362 2467 460 2515 Pigri
489 2466 535 2503 ad
564 2466 787 2511 lectionem,
815 2466 910 2502 tardi
936 2465 982 2501 ad
1014 2465 1160 2501 oratio-

166 2539 271 2572 nem;
291 2527 328 2562 in
360 2526 516 2563 ecclesia
548 2525 780 2562 dormientes
795 2555 804 2572 ,
823 2525 859 2561 in
882 2524 1083 2561 refectorio
1104 2523 1161 2559 vi-

166 2586 346 2635 gilantes;
385 2585 430 2621 de
462 2585 598 2634 vigiliis
632 2585 753 2634 longis
786 2584 977 2629 dolentes,
1013 2583 1078 2620 sed
1115 2581 1162 2618 de

1227 1927 1298 1964 Sed
1317 1926 1497 1976 quoniam
1516 1927 1626 1962 (inem
1645 1925 1777 1961 mundi
1793 1925 2127 1962 citiusadsuturum
2145 1938 2224 1961 esse

1226 2000 1304 2024 non
1329 1986 1494 2029 dubitat,
1526 1984 1769 2022 calliditatem
1796 1998 1871 2021 suae
1901 1985 2079 2034 nequitiae
2111 1998 2220 2020 men-

1228 2048 1328 2084 tibus
1342 2059 1548 2097 pravorum
1567 2046 1748 2091 occultat,
1764 2054 1806 2081 ut
1826 2057 1870 2081 ex
1889 2045 2095 2094 improviso
2112 2044 2220 2081 feriat

1228 2107 1351 2144 subita
1378 2114 1517 2151 morte,
1543 2118 1637 2153 quos
1658 2105 1722 2141 diu
1752 2105 1871 2141 tenuit
1891 2105 2060 2153 alligatos
2080 2105 2116 2140 in
2143 2117 2223 2140 ma—

1228 2166 1305 2202 litia
1334 2178 1460 2215 pravae
1488 2165 1657 2201 aetionis.
1689 2167 1735 2200 Et
1766 2165 1905 2200 multos
1925 2164 1962 2199 in
1995 2163 2224 2199 monasterio

1227 2238 1346 2274 usque
1362 2225 1408 2261 ad
1424 2233 1584 2261 mortem
1600 2233 1698 2260 stare
1716 2224 1920 2273 permittit,
1944 2231 1984 2259 ut
2005 2236 2050 2259 ex
2071 2223 2222 2258 illorum

1227 2285 1473 2335 perversitate
1487 2284 1579 2320 alios
1594 2296 1839 2333 corrumpere
1857 2291 1893 2319 et
1908 2291 2077 2319 evertere
2091 2283 2222 2332 possit.

1226 2348 1272 2381 Et
1292 2344 1380 2393 quia
1401 2357 1471 2393 pro
1502 2344 1779 2391 incontingenti
1811 2351 1936 2387 tenet,
1963 2355 2009 2378 an
2031 2342 2069 2377 in
2091 2355 2222 2378 mona-

1226 2404 1365 2449 sterio,
1391 2416 1437 2440 an
1468 2411 1574 2439 extra
1608 2403 1879 2439 monasterium
1908 2403 2060 2438 miseras
2077 2402 2221 2438 animas

1226 2463 1370 2500 occidat
1400 2471 1434 2498 et
1468 2470 1627 2507 mactet;
1658 2475 1728 2499 nos
1759 2462 1857 2498 illius
1888 2461 2062 2507 insidias,
2094 2462 2227 2498 Domi-

1228 2536 1278 2559 no
1301 2531 1547 2572 protegente,
1570 2522 1749 2568 vitantes,
1770 2521 1872 2571 quod
1898 2521 2035 2558 dicitur
2064 2522 2224 2567 scilicet,

1235 2586 1346 2629 Quod
1355 2583 1456 2631 sacis
1468 2611 1477 2627 ,
1493 2581 1564 2630 s‘¹‘'
1581 2587 1684 2618 citius
1696 2611 1705 2625 ,
1722 2594 1985 2631 exsequamur.
2007 2585 2098 2618 Nam
2120 2582 2224 2630 quod

166 2645 280 2694 longo
299 2644 476 2680 convivio
491 2645 716 2693 gaudentes3
737 2645 939 2680 claustrum
958 2655 1160 2680 exsecran-
1178 2644 1210 2677 D
1232 2642 1383 2686 dicitur,
1411 2644 1521 2688 Quod
1537 2640 1654 2688 sacis,
1672 2640 1743 2688 sac
1768 2645 1895 2684 cilius,
1928 2653 2003 2681 non
2036 2641 2225 2689 przecipit,

167 2711 244 2747 tes,
274 2703 503 2739 auditorium
536 2703 754 2751 diligentes;
776 2711 882 2739 extra
912 2703 1069 2738 chorum
1091 2714 1162 2750 pro

166 2762 383 2798 infirmitate
405 2762 638 2811 frequentius
659 2770 895 2798 remanentes
921 2776 928 2796 :
961 2761 1162 2797 infirmito-

167 2822 264 2857 rium
286 2835 361 2857 non
384 2834 453 2870 pro
473 2822 691 2858 infirmitate
721 2821 864 2866 carnis,
885 2820 949 2857 sed
972 2834 1041 2870 pro
1063 2819 1163 2856 desi-

167 2880 273 2916 derio
321 2881 465 2925 carnis,
510 2882 627 2917 torvis
675 2879 883 2916 luminibus
918 2880 1159 2929 aspicientes;

166 2953 315 2989 semper
342 2941 570 2976 murmurosi
607 2948 643 2976 et
672 2940 911 2976 detractores.
939 2939 1037 2987 Quid
1059 2938 1159 2975 aliud

166 2999 226 3035 isti
256 2999 379 3035 miseri
400 3007 537 3048 agunt,
569 2999 638 3035 nisi
671 2999 773 3048 quod
803 3012 937 3048 panem
961 2999 1159 3034 intinctum

166 3058 399 3095 comedunt?
434 3059 607 3095 l‘rol'ecto
640 3059 698 3094 isti
723 3060 813 3094 tales
846 3058 1064 3095 traditorem
1098 3061 1161 3094 Ju-

168 3117 252 3155 dam
274 3127 497 3167 sequuntur,
519 3127 555 3154 et
578 3132 661 3155 cum
682 3118 779 3154 Juda
793 3148 802 3165 ‚
826 3119 894 3155 uisi
913 3118 1159 3167 resipuerint,

169 3176 319 3213 videant
338 3191 384 3213 nc
404 3177 645 3214 damnentur.
665 3179 867 3226 Sequitur:

218 3237 254 3271 (i.
284 3238 370 3271 [ὀπί
392 3236 591 3273 buccellam
612 3246 696 3273 mm·
717 3242 878 3273 itm-olei!
899 3241 934 3272 iu
961 3250 1041 3271 cum
1062 3246 1159 3272 sam-

216 3369 222 3383 ¹
246 3363 314 3393 lsai.
333 3374 464 3401 xxxin,
491 3366 548 3400 ΙΙ),
573 3367 622 3395 10.

1228 2703 1291 2739 sed
1313 2701 1483 2751 praecidit
1502 2701 1608 2737 Judae
1638 2702 1774 2736 malum
1792 2729 1800 2745 ,
1824 2700 1932 2736 nobis
1954 2700 2095 2736 bonum
2112 2729 2120 2744 ‚
2139 2701 2227 2748 quia

1229 2761 1300 2796 hoc
1315 2761 1397 2796 vult
1415 2760 1522 2796 citius
1543 2760 1636 2803 lieri,
1655 2773 1729 2795 non
1751 2768 1823 2795 tam
1844 2759 2056 2795 festinando
2074 2760 2109 2795 iu
2127 2760 2226 2796 illius

1231 2832 1406 2869 poenam,
1428 2832 1539 2867 quam
1563 2818 1599 2854 in
1623 2819 1779 2854 salutem
1804 2819 1981 2855 lidi-lium.

1283 2881 1318 2917 7.
1346 2884 1376 2917 Ο
1398 2892 1503 2915 amor
1525 2878 1814 2915 interminabilis
1829 2908 1837 2921 ,
1860 2894 1882 2913 o
1900 2878 2058 2914 charitas
2079 2879 2222 2915 inaesti-

1228 2939 1374 2975 mabilis
1389 2967 1398 2982 ‚
1418 2952 1440 2973 o
1456 2937 1605 2974 dileetio
1623 2937 1874 2974 inscrutabilis
1889 2967 1898 2982 ,
1919 2937 2141 2984 Quodfiiris,
2153 2938 2223 2985 fite

1228 3002 1357 3034 cilius!
1381 2997 1476 3034 Illud
1503 2998 1635 3047 cupio,
1667 2997 1757 3033 illud
1787 2997 1980 3036 desidero,
2005 2998 2095 3033 illud
2120 3011 2221 3046 qua·—

1229 3072 1285 3103 ro,
1312 3058 1356 3094 ad
1380 3058 1450 3094 hoe
1475 3059 1560 3094 veni
1580 3058 1615 3094 iu
1639 3058 1738 3093 huuc
1757 3057 1955 3093 muudum.
1978 3058 2222 3104 Quodsinv's,

1949 3120 1962 3137 ’ἱ

1216 3117 1287 3164 sac
1309 3122 1426 3154 citius.
1448 3119 1510 3154 Vis
1533 3130 1591 3154 me
1611 3117 1774 3154 vendere
1793 3117 1955 3154 ,ludaris-1
1986 3118 2072 3153 volo
2092 3118 2217 3153 vendi.

1225 3177 1289 3212 Vis
1317 3176 1491 3213 tradere?
1515 3178 1602 3213 volo
1624 3177 1731 3213 tradi.
1756 3178 1817 3213 vis
1843 3186 1882 3213 ut
1903 3178 2119 3225 crucifigar?
2139 3178 2225 3211 xolo

1226 3237 1401 3285 cruciligi.
1427 3238 1489 3273 x‘is
1511 3245 1549 3273 ut
1567 3236 1740 3273 occidar?
1762 3238 1847 3272 volo
1867 3237 2007 3281 occidi,
2030 3238 2099 3272 lior
2121 3250 2222 3279 auio,
