2504 3928
307 195 376 229 83!

981 195 1264 232 TRACTATUS
1292 197 1357 231 DE
1386 197 1674 234 CHARITATE.

2270 199 2346 236 832

299 271 496 307 conflatur.
529 273 598 307 Sex
634 277 759 306 autem
800 282 941 316 annos,
971 271 1034 320 qui
1079 273 1296 322 praecedunt
1317 273 1626 324 ⁴¹⁰ignorantiam
1659 271 1874 319 doleamus;
1895 271 2167 322 compatiamur
2186 282 2223 311 et
2241 274 2347 312 infir-

303 330 375 366 hoi·
393 329 587 365 sabbatum
603 356 612 372 ‚
630 341 829 378 possumus
843 329 1051 378 intelligere
1073 345 1136 368 sex
1157 346 1293 381 genera
1311 333 1339 366 Α
1362 334 1498 379 mitati,
1521 331 1698 369 duritiam
1716 331 1919 368 defleamus
1934 332 1997 381 pio
2013 334 2281 383 compassionis
2297 335 2349 371 af-

302 389 518 433 hominum,
542 389 578 424 in
604 401 766 436 quorum
788 388 986 426 dilectione
1013 403 1294 439 permoramur,

303 449 362 483 vel
384 447 561 496 praecepti
579 446 706 482 debito
727 460 960 484 exercemur.
983 449 1086 486 Sicut
1114 463 1203 486 vero
1233 464 1297 486 an-

305 520 376 542 nus
410 506 546 542 multos
578 506 657 542 dies
682 507 968 556 complectitur;
1000 508 1049 546 ita
1085 509 1121 544 in
1143 509 1297 559 singulis

302 565 501 613 generibus
536 565 756 611 hominum,
796 566 905 603 multi
940 566 1050 604 nobis
1085 568 1296 605 animorum

302 625 516 673 junguntur
540 625 720 661 unitione.

355 686 421 723 56.
446 688 487 721 In
507 684 638 733 primis
656 697 746 720 vero
766 683 919 721 dilectio
943 697 1031 721 vera
1053 686 1213 722 naturali
1234 699 1296 722 or-

299 742 386 779 dine
407 743 454 779 ad
475 743 703 780 domesticos
726 744 843 779 nostri
866 744 1056 792 sanguinis
1079 743 1293 790 derivetur,

299 816 396 851 quos
422 802 576 851 diligere
602 803 697 838 sieut
719 816 764 838 ex
796 810 928 838 natura
957 803 1167 839 necessario
1189 812 1296 839 tene—

301 874 408 905 mur;
432 861 483 896 sic
501 861 610 896 nimis
629 861 874 897 inhumanum
898 869 970 907 est,
992 861 1094 910 quod
1117 875 1135 898 a
1157 870 1294 898 nostrae

300 920 510 956 dilectionis
525 922 688 957 sacrario
706 922 950 971 repellantur.
974 926 1066 959 Nam
1084 930 1175 958 teste
1196 926 1296 971 Apo-

300 980 420 1024 st0l0‚
447 982 520 1025 Qui
541 993 710 1025 sitorum,
740 990 774 1015 et
799 983 963 1016 maxime
988 984 1292 1026 domesticorum,

1363 392 1459 427 fectu
1474 419 1482 435 ,
1506 398 1766 427 succurrentes
1785 391 1837 426 eis
1859 391 2071 426 orationum
2093 392 2290 441 suffragio,
2307 402 2349 430 ut

1362 458 1397 485 et
1429 450 1499 499 ipsi
1519 451 1556 486 in
1584 449 1701 485 odore
1721 458 2000 498 unguentorum
2026 459 2242 488 nostrorum
2262 465 2348 489 cur-

1363 518 1447 545 rant
1467 510 1503 544 in
1524 509 1670 546 Christo
1685 512 1772 545 Jesu
1794 509 1957 545 Domino
1975 518 2118 546 nostro.

1416 570 1476 604 58.
1504 567 1636 605 Adhuc
1657 567 1786 605 dilatat
1807 569 2007 605 tentorium
2032 582 2140 606 suum
2168 570 2348 617 charitas,

1363 636 1397 663 et
1414 628 1590 676 pallium,
1608 627 1711 676 quod
1727 627 1862 663 veteris
1879 628 1968 677 legis
1984 636 2153 676 tempore
2168 637 2247 664 erat
2263 627 2351 665 bre-

1363 700 1429 730 ve,
1452 686 1503 721 sic
1531 686 1709 734 ampliat,
1733 686 1784 721 sic
1810 685 1997 732 extendit,
2019 694 2060 722 ut
2079 686 2175 723 duos
2201 686 2350 736 operire

1363 745 1540 790 sufficiat,
1563 744 1651 780 dum
1670 744 1862 780 inimicum
1880 757 1987 781 suum
2004 744 2136 781 animae
2156 757 2232 781 suae
2252 757 2351 781 nova

1361 803 1521 852 Spiritus
1555 803 1672 839 sancti
1706 803 1844 839 unione
1873 803 2117 853 conglutinat.
2148 807 2227 840 Hac
2255 803 2352 840 dile-

1362 864 1487 899 ctione
1509 863 1604 899 filius
1633 863 1702 900 Dei
1731 863 1893 899 eflicitur
1925 863 2038 900 homo
2072 877 2079 899 ε
2110 863 2179 900 liac
2215 863 2351 900 divinae

1361 921 1539 958 bonitatis
1560 923 1682 971 imago
1702 923 1915 972 plenissime
1943 931 2151 973 reparatur.
2173 926 2348 972 Diligite,

1361 982 1483 1030 inquit
1504 981 1691 1018 Dominus
1705 1010 1714 1027 ‚
1742 986 1910 1017 inimicos
1930 990 2093 1025 vestros;
2124 981 2348 1030 benefacite,

299 1052 424 1073 curam
457 1052 529 1074 non
551 1038 674 1082 habet,
695 1040 793 1085 fidei
820 1048 1065 1087 transgressor
1085 1049 1137 1076 est
1149 1068 1159 1083 ‚
1190 1048 1226 1075 et
1247 1049 1298 1076 est
1316 1043 1342 1077 B
1363 1040 1500 1089 inquit,
1526 1041 1583 1075 liis
1609 1045 1672 1088 qui
1695 1043 1849 1076 oderunt
1864 1054 1951 1084 vos;
1975 1050 2010 1077 ct
2024 1050 2125 1076 orate
2139 1055 2210 1089 pro
2219 1055 2351 1089 perse-

301 1098 444 1144 itfideli
474 1100 632 1133 deterior
658 1105 680 1134 ¹.
705 1098 799 1134 Hinc
826 1107 880 1134 est
901 1098 1002 1148 quod
1023 1099 1102 1135 haec
1123 1099 1291 1144 dilectio,

295 1170 379 1205 quse
399 1170 445 1192 ex
470 1165 602 1193 natura
622 1158 874 1206 proficiscitur
889 1186 898 1202 ,
920 1158 956 1193 in
981 1158 1164 1194 mandatis
1178 1186 1187 1203 ,
1208 1171 1292 1207 quae

296 1215 486 1264 pertinent
513 1215 558 1251 ad
579 1215 817 1252 dilectionem
841 1217 1026 1265 proximi,
1045 1218 1210 1266 primum
1230 1218 1288 1252 lo-

298 1287 406 1319 eum,
431 1277 511 1310 Deo
534 1275 798 1324 praecipiente,
829 1276 998 1311 sortitur.
1032 1279 1204 1321 Honora,
1231 1276 1291 1311 in—

297 1333 396 1381 quit,
412 1342 559 1380 patrem
582 1342 702 1377 tuum,
727 1343 761 1368 et
777 1344 930 1369 manem
954 1344 1054 1370 tuam
1078 1341 1103 1371 ².
1129 1336 1224 1371 llinc
1245 1335 1291 1371 ad

298 1405 380 1436 eos,
395 1392 459 1440 qui
480 1391 588 1428 nobis
604 1392 816 1440 specialiter
833 1393 1004 1429 amicitiae
1026 1394 1086 1429 vel
1107 1394 1220 1429 oflicii
1236 1394 1291 1430 vi-

293 1450 510 1486 cissitudine
540 1452 766 1499 copulantur
781 1479 790 1496 ,
813 1451 964 1487 dilectio
987 1460 1114 1488 nostra
1135 1464 1291 1500 progre-

296 1509 424 1553 diens,
448 1509 611 1557 quodam
630 1510 713 1545 sinii
735 1509 936 1546 diffusiore
952 1511 1112 1546 laxatur.
1134 1514 1294 1547 Verum-

299 1577 424 1604 tamen
451 1569 520 1605 ista
539 1569 690 1605 dilectio
710 1570 984 1606 Pharisaeorum
1005 1570 1187 1618 justitiam
1216 1583 1294 1606 non

297 1628 550 1674 transcendit,
569 1628 706 1677 quibus
720 1629 859 1665 dictum
877 1638 953 1665 est:
975 1631 1118 1678 Diliges
1134 1634 1293 1665 amicum

303 1697 426 1731 tuum,
453 1697 488 1723 et
507 1690 591 1723 odio
612 1688 765 1724 habebis
797 1692 981 1724 inimicum
1005 1698 1116 1724 ticum.
1141 1692 1236 1726 Sane
1256 1697 1293 1725 et

295 1754 495 1794 parentum
511 1775 520 1792 ‚
542 1755 578 1782 et
605 1748 814 1784 amicorum
837 1748 988 1784 affectio
1018 1748 1190 1797 quamvis
1211 1761 1291 1784 ser-

1359 1099 1553 1147 quemibas
1582 1109 1615 1135 et
1644 1099 1955 1136 calumniantibus
1983 1114 2072 1143 vos,·
2113 1110 2151 1136 ut
2176 1105 2256 1136 sitis
2271 1101 2353 1147 filii

1360 1160 1484 1194 Patris
1514 1163 1650 1203 vestr1',
1673 1163 1734 1207 qui
1753 1163 1790 1194 ιή
1816 1162 1918 1194 coelis
1937 1168 1991 1194 est
2017 1159 2043 1195 ⁵.
2067 1163 2156 1196 Haec
2177 1158 2351 1205 dilectio,

1356 1216 1446 1253 dum
1463 1217 1655 1253 inimicum
1677 1217 1835 1266 simplici
1853 1217 1963 1253 oculo
1983 1217 2152 1253 intuetur
2165 1245 2174 1261 ‚
2191 1216 2353 1254 securis-

1356 1277 1447 1312 sime
1471 1276 1594 1312 dicere
1617 1284 1741 1325 potest
1761 1290 1768 1311 ε
1793 1280 1944 1312 Dimitte
1968 1275 2090 1321 nobis,
2116 1280 2209 1311 sicut
2225 1285 2260 1311 et
2287 1289 2353 1311 nos

1355 1338 1575 1371 dimittimus
1589 1334 1618 1371 ⁶.
1636 1339 1690 1371 Ita
1705 1335 1905 1371 dimittitur
1918 1335 1981 1384 qui
1997 1335 2168 1381 dimittit,
2187 1335 2238 1372 sic
2256 1334 2353 1372 silius

1355 1394 1444 1439 Dei,
1465 1394 1516 1430 sic
1532 1394 1649 1430 haeres
1667 1394 1736 1430 Dei
1753 1403 1790 1430 et
1805 1394 1938 1431 Christi
1962 1394 2126 1430 coliaeres
2147 1395 2307 1431 efficitur
2323 1401 2350 1430 7.

1359 1453 1521 1489 Attende
1537 1466 1648 1501 ergo,
1672 1466 1784 1501 quam
1807 1466 1979 1489 securum
1993 1482 2002 1499 ‚
2020 1467 2131 1502 quam
2156 1452 2264 1490 dulce
2280 1453 2349 1500 sit,

1360 1524 1471 1560 quam
1489 1510 1702 1559 jucundum
1723 1512 1882 1548 inimicis
1899 1512 2083 1561 compati,
2106 1511 2254 1560 injuriis
2273 1525 2352 1549 non

1359 1570 1524 1616 moveri,
1545 1583 1631 1607 eum
1651 1583 1776 1606 amare
1797 1583 1868 1620 pro
1891 1571 2061 1616 Christo,
2083 1584 2104 1607 a
2128 1584 2205 1620 quo
2232 1572 2354 1608 sentio

1359 1641 1437 1664 non
1470 1629 1608 1674 amari,
1642 1636 1679 1664 et
1711 1641 1793 1665 eam
1827 1629 2063 1665 affectionem
2102 1641 2232 1677 gerere
2266 1641 2354 1678 erga

1359 1687 1509 1737 ipsum,
1542 1700 1653 1737 quam
1690 1688 2038 1737 indulgentissimus
2068 1696 2175 1737 pater
2201 1687 2354 1724 exhibet

1357 1760 1444 1796 erga
1464 1747 1534 1784 sibi
1554 1747 1812 1784 charissimum
1843 1748 1958 1784 filium
1980 1748 2154 1797 phrenesi
2175 1747 2352 1784 laboran-

292 1813 399 1849 vata,
426 1818 558 1854 parum
581 1807 726 1854 praemii
755 1807 1020 1856 consequitur3
1037 1808 1180 1857 quippe
1205 1820 1289 1844 cum
1310 1812 1336 1848 C
1358 1814 1430 1842 tem
1445 1835 1455 1853 ,
1480 1820 1556 1855 quo
1578 1805 1738 1855 majores
1758 1806 1805 1843 ab
1828 1807 1910 1856 ipso
1936 1807 2151 1855 irrogantur
2178 1806 2350 1855 injuriae,

294 1864 341 1900 ad
361 1864 462 1900 illam
485 1865 544 1901 lex
565 1866 745 1903 naturalis
765 1866 936 1911 inducat,
960 1866 1006 1902 ad
1028 1867 1133 1903 istam
1160 1875 1290 1903 mutua

296 1921 477 1972 obsequia
498 1938 568 1961 nos
588 1934 800 1974 provocent
818 1940 825 1960 :
853 1934 1012 1974 utraque
1031 1934 1155 1962 tamen
1173 1926 1201 1962 si
1223 1939 1291 1962 ne-

296 1982 415 2029 glecta
437 1983 565 2029 suerit,
595 1984 788 2020 cumulum
819 1983 1069 2021 damnationis
1100 1985 1289 2035 importat.

299 2041 444 2078 Veritas
473 2043 511 2078 in
535 2042 736 2091 Evangelio
759 2042 849 2079 dicit
870 2057 876 2078 :
899 2045 940 2078 Si
961 2045 1119 2092 diligitis
1143 2057 1204 2079 eos
1231 2045 1295 2092 qui

295 2113 361 2135 vos
380 2102 534 2149 diligunt
548 2129 560 2145 ,
579 2115 692 2150 quam
712 2103 913 2137 mercedem
931 2102 1112 2138 habebitis
1124 2107 1143 2139 ,ν’
1156 2105 1292 2139 Nonne

296 2168 331 2194 et
357 2161 508 2195 Etlmici
530 2161 596 2195 hoc
618 2159 771 2208 faciunt
799 2161 838 2196 ³?
863 2165 912 2198 Ut
932 2174 1020 2210 ergo
1047 2162 1084 2198 in
1108 2161 1290 2210 majorem

292 2218 579 2266 amplitudinem
609 2219 759 2255 dilectio
780 2229 908 2257 nostra
945 2233 983 2257 se
1004 2220 1189 2270 porrigat,
1211 2234 1292 2257 am-

295 2276 480 2323 plectatur
497 2285 534 2312 et
563 2290 628 2313 eos
651 2278 715 2326 qui
735 2277 928 2315 nobiscum
950 2283 1031 2316 Deo
1049 2279 1230 2323 militant,
1253 2288 1290 2315 et

297 2332 464 2380 ejusdem
488 2336 571 2371 vitae
591 2337 824 2384 professione
839 2337 947 2373 nohis
966 2338 1001 2373 in
1020 2338 1172 2373 vinculo
1189 2338 1290 2386 pacis

297 2401 333 2428 et
355 2394 507 2442 spiritus
528 2395 596 2430 rite
619 2395 820 2430 eohaercnt.
850 2400 951 2432 Deus
978 2395 1153 2444 equidem
1178 2395 1290 2444 hujus

297 2453 508 2488 dilectionis
528 2462 582 2489 est
610 2467 719 2489 causa
746 2454 932 2499 efficiens,
955 2454 1043 2490 dum
1066 2469 1085 2490 a
1105 2455 1225 2504 capite
1252 2456 1290 2491 in

299 2511 453 2548 barbam
469 2517 592 2548 Aaron
609 2542 618 2555 ‚
636 2522 671 2549 ct
689 2514 856 2562 usquein
873 2527 976 2549 oram
995 2514 1206 2550 vestimenti
1224 2528 1291 2550 un-

293 2572 369 2606 ctio
384 2572 585 2620 spiritualis
602 2581 749 2608 emanat
767 2574 778 2597 -ῑ
802 2587 810 2608 :
829 2581 868 2608 ut
888 2572 1015 2620 quial)
1033 2581 1147 2608 uncto
1165 2574 1288 2618 uncti,

296 2644 316 2665 a
336 2630 482 2666 Christo
507 2631 704 2667 Christiani
727 2639 930 2676 vocantur3
956 2644 1087 2667 omnes
1108 2631 1144 2666 in
1169 2632 1286 2680 parti—

296 2688 434 2737 cipium
448 2688 609 2724 nominis
623 2693 710 2725 Jesu
725 2690 916 2725 communi
932 2690 1083 2726 vinculo
1098 2690 1287 2726 charitatis

297 2747 457 2783 invicem
475 2749 786 2797 complectantur.

348 2808 410 2843 57.
445 2806 576 2843 Adhuc
609 2807 684 2843 duo
716 2820 852 2855 genera
892 2807 1088 2844 hominum
1126 2816 1284 2854 restant,

296 2879 391 2914 quos
412 2867 439 2901 si
462 2866 498 2901 in
529 2874 665 2901 nosti-re
692 2866 904 2902 dilectionis
930 2880 1102 2915 sagenam
1129 2868 1284 2903 conclu—

297 2924 449 2969 damus,
471 2925 560 2960 nihil
585 2924 685 2960 aliud
712 2934 902 2973 superest,
926 2926 995 2961 nisi
1024 2934 1064 2961 ut
1088 2927 1186 2962 illius
1208 2927 1286 2962 veri

298 2979 441 3016 sabbati
459 2981 586 3029 requie
604 2981 854 3029 perfruamur.
874 2986 1012 3018 Eorum
1033 2984 1130 3019 enim
1152 2984 1215 3032 qui
1235 2984 1287 3019 fo·

298 3039 346 3074 ris
379 3047 487 3084 sunt,
515 3040 719 3077 Gentilium
758 3040 933 3077 videlieet
967 3055 1008 3077 ac
1044 3042 1259 3078 Judaeorum
1275 3070 1285 3087 ,

297 3098 617 3134 schismaticorum
639 3108 675 3134 et
692 3099 953 3137 haereticorum
967 3129 976 3146 ‚
999 3115 1149 3138 necesse
1170 3111 1225 3138 est
1247 3111 1288 3138 ut

1356 1878 1400 1901 eo
1420 1865 1668 1915 propensiore
1688 1878 1775 1914 erga
1795 1878 1879 1902 eum
1902 1866 2043 1902 ferveat
2061 1865 2252 1902 charitate.

1673 1996 1847 2036 CAPUT
1874 1995 2028 2036 XVIII.

1450 2113 1498 2141 De
1523 2109 1603 2140 tertii
1631 2109 1752 2140 sabbati
1776 2108 1970 2150 jucunditate
1990 2114 2020 2139 et
2042 2108 2257 2148 solemnitate,

1647 2172 1701 2193 seu
1728 2162 1767 2193 de
1790 2161 1954 2193 dilectione
1972 2161 2043 2192 Dei.

1409 2281 1472 2316 59.
1493 2280 1660 2317 Tertium
1678 2279 2000 2317 sabbatumliabet
2019 2293 2082 2317 sex
2103 2279 2352 2329 praeambulas

1356 2338 1454 2384 dies,
1478 2339 1515 2374 in
1544 2338 1683 2387 quibus
1706 2340 1856 2375 coeleste
1885 2352 2021 2374 manna
2051 2339 2286 2387 colligimus,
2308 2347 2351 2374 ut

1355 2396 1392 2432 in
1421 2397 1482 2433 illa
1509 2398 1688 2446 praeelara
1720 2397 1978 2442 solemnitate,
2003 2410 2085 2446 quae
2108 2397 2144 2432 in
2167 2397 2234 2433 Dei
2258 2395 2351 2433 dile-

1356 2455 1478 2492 ctione
1501 2456 1723 2492 celebi·anda
1740 2464 1815 2501 est,
1837 2469 2013 2505 sugamus
2034 2457 2088 2492 lac
2104 2454 2150 2492 ab
2166 2444 2352 2492 uberibus

1357 2516 1627 2551 consolationis
1655 2515 1759 2564 ejus,
1781 2524 1818 2551 et
1842 2516 1940 2551 inter
1965 2515 2058 2552 duas
2084 2524 2223 2560 sortes,
2251 2515 2350 2551 inter

1308 2583 1339 2616 D
1358 2573 1472 2610 ubera
1492 2575 1644 2623 sponsi,
1666 2575 1762 2610 iuter
1782 2575 1966 2610 sinistram
1987 2583 2023 2611 et
2043 2574 2234 2611 dexteram
2248 2603 2258 2619 ,
2281 2587 2350 2623 per

1353 2632 1492 2669 viscera
1513 2633 1777 2669 miscricordiae
1798 2633 1864 2669 Dei
1891 2633 2010 2669 nostri
2032 2632 2241 2669 beatissime
2268 2632 2350 2681 qui-

1352 2705 1534 2728 escamus.
1578 2692 1641 2728 Isti
1679 2705 1742 2727 sex
1774 2691 1852 2728 dies
1884 2700 1990 2736 sunt,
2032 2691 2166 2728 Christi
2199 2692 2349 2727 Conce-

1350 2750 1445 2798 ptio,
1462 2750 1662 2795 Nativitas,
1676 2749 1911 2794 Praedieatio,
1933 2750 2069 2794 Passio,
2086 2749 2347 2794 Resurrectio,

1350 2810 1543 2845 Ascensio.
1569 2810 1652 2846 Istis
1668 2823 1732 2845 sex
1754 2809 1886 2846 diebus
1901 2818 2079 2859 operatus
2095 2817 2150 2845 est
2165 2808 2348 2845 Dominus

1352 2869 1507 2904 salutem
1543 2869 1578 2904 in
1610 2869 1732 2904 medio
1766 2877 1873 2905 terrae
1908 2868 1938 2914 ⁸,
1968 2877 2004 2904 et
2035 2869 2270 2917 requiescens
2299 2866 2348 2903 ab

1352 2927 1454 2962 omni
1490 2940 1605 2975 opere
1626 2927 1729 2975 quod
1751 2935 1941 2976 patrarat,
1978 2926 2188 2975 sedensque
2212 2926 2248 2962 in
2266 2926 2348 2974 glo-

1352 2987 1405 3022 ria
1424 2987 1489 3022 Dei
1513 2986 1649 3031 Patris,
1670 2987 1715 3022 ad
1744 2986 1836 3021 illud
1858 2985 2057 3022 sabbatum
2071 3014 2080 3031 ,
2098 2984 2201 3034 quod
2220 2992 2276 3020 est
2298 2984 2346 3020 il-

1353 3045 1422 3080 lius
1438 3044 1637 3081 dilectione
1653 3045 1958 3090 celeberrimum,
1972 3043 2261 3079 misericorditer
2277 3055 2348 3079 nos

1354 3103 1496 3139 invitat.
1523 3106 1553 3140 Ο
1574 3102 1671 3139 bone
1688 3107 1794 3149 Jesu,
1813 3117 1836 3139 o
1856 3103 2016 3152 benigne
2032 3131 2041 3149 ,
2063 3116 2086 3139 o
2106 3101 2298 3147 amabilis,
2322 3114 2347 3138 ο

346 3225 480 3256 ¹1Tim.
496 3237 527 3263 v,
545 3229 576 3256 8.
590 3243 632 3248 —
652 3231 664 3246 ²
681 3226 778 3256 Exod.
795 3238 858 3263 xx,
878 3230 929 3257 12.
947 3245 986 3249 —-
1007 3225 1020 3247 ³
1036 3228 1150 3259 Maiih.
1166 3241 1197 3266 ν,
1215 3232 1257 3260 43
1273 3253 1280 3267 ,
1305 3233 1360 3261 40.
1381 3249 1418 3252 —
1439 3229 1451 3255 Δί
1471 3230 1548 3261 Psal.
1565 3241 1678 3260 cxxxii
1693 3253 1700 3266 ,
1719 3233 1749 3260 2.
1767 3248 1808 3252 -
1829 3227 1841 3250 ⁵
1859 3228 1974 3260 Matth.
1992 3240 2023 3267 v,
2051 3231 2090 3260 44
2106 3252 2112 3266 ‚
2128 3231 2181 3260 45.
2199 3246 2242 3251 -
2264 3226 2344 3263 ⁶1d‚

298 3290 351 3316 vi,
377 3282 426 3308 17.
447 3297 482 3300 *Α
505 3285 517 3307 ·.·
535 3282 625 3309 Rom.
651 3290 733 3315 viii,
753 3281 803 3310 17.
823 3297 859 3301 -—
882 3279 1133 3315 81’5.Ί1.ι,κκιιι,
1155 3284 1205 3313 12.
