2418 3949
150 227 246 264 1025

792 227 850 260 ET
881 223 1325 260 RESURRECTIONEM
1355 226 1540 260 DOMINI.

143 304 295 341 sedibus
308 305 455 347 veniat,
476 304 639 353 Angelus
660 304 824 347 consilii,
843 303 906 352 qui
923 302 1046 338 diruat
1062 312 1136 334 ma—
1148 298 1174 316 ⁵¹

2098 224 2193 258 1020

1185 299 1413 336 'scaturiens
1431 314 1596 346 vermes,
1610 301 1673 349 qui
1695 312 1751 335 me
1770 299 1916 335 assidue
1933 299 2138 335 comedunt
2159 308 2194 335 et

145 364 280 400 ceriam
312 364 609 409 inimicitiarum,
635 372 672 400 et
697 363 840 413 aperiat
862 361 972 398 nobis
991 370 1141 397 sensum
1162 360 1189 392 A
1209 371 1285 395 non
1305 359 1513 404 dormiunt,
1529 361 1594 409 qui
1609 368 1696 396 sunt
1711 359 1862 395 dolores
1877 359 2195 408 pra-nuntiidolo-

145 432 187 460 ut
211 424 461 473 intelligamus
477 424 712 473 Scripturas,
735 432 771 460 et
789 423 985 460 videamus
1004 423 1138 458 lintea—

147 483 246 519 mina
271 484 394 533 posita
413 492 499 520 ante
519 496 610 529 nos,
639 483 881 519 humanitatis
903 490 940 518 et
967 494 1137 518 resurre-

146 543 280 579 ctionis
297 553 369 580 tuae
389 543 581 580 verissima
603 543 828 580 testimonia.
850 546 892 578 In
917 540 1055 590 quibus
1072 540 1137 589 qui

148 611 183 639 te
211 602 412 652 adjuvante
446 602 605 639 scrutari
625 611 660 639 te
687 602 873 652 potuerit,
896 599 1138 651 praegustabit

146 662 288 712 aliquid
316 662 363 698 de
400 661 518 711 gloria
550 661 856 706 resurrectionis,
893 673 1005 709 quam
1037 672 1138 708 prae-

147 722 286 772 parasti
304 721 546 771 diligentibus
567 729 602 757 te
631 733 639 754 :
669 719 776 768 cujus
796 719 979 769 primitias
998 719 1035 754 in
1053 718 1136 754 sinu

149 791 214 819 tuo
227 782 429 830 collegisti,
446 780 522 829 jam
539 781 702 816 offerens
721 792 802 816 eam
821 792 971 829 semper
988 779 1026 815 in
1045 791 1138 815 con-

147 849 276 889 spectu
295 839 412 876 Patris
430 838 505 884 tui,
527 846 642 874 tostas
658 839 743 887 igne
764 839 923 887 Spiritus
942 838 1070 875 sancti.
1093 841 1139 874 Et

146 900 209 936 ille
233 898 386 947 quidem
419 897 572 945 angelus
602 897 694 932 tanti
723 896 849 945 gaudii
885 898 1138 946 praenuntius,

147 958 213 1008 qui
234 957 397 994 revolvit
418 956 600 1006 lapidem,
622 965 659 992 et
677 956 811 1005 impias
835 965 978 994 mentes
994 965 1140 1007 perter-

148 1018 248 1064 ruit,
279 1018 358 1067 pias
385 1025 509 1053 autem
530 1015 668 1052 blande
686 1016 831 1052 leniens
852 1017 983 1053 timere
1005 1016 1138 1066 prohi-

1203 417 1253 454 ris
1276 418 1375 454 illius
1396 420 1564 465 maximi,
1592 419 1655 468 qui
1670 419 1772 455 venit
1793 432 1906 468 super
1922 432 1990 455 nos
2018 419 2120 454 velut
2140 432 2196 454 ar-

1205 485 1339 522 matus,
1353 486 1389 513 et
1406 479 1640 528 improvidos
1659 479 1811 515 molitur
1825 478 1998 514 obruere.
2016 478 2194 525 Quamvis

1204 545 1240 573 et
1256 537 1340 585 quis
1362 546 1435 574 tam
1458 538 1662 587 providus,
1684 546 1725 574 ut
1756 546 1936 574 terrorem
1959 539 2056 575 illius
2080 540 2197 591 possit

1204 597 1413 634 sustinere?
1447 603 1621 635 Attamen
1657 598 1834 641 velimus,
1874 598 2056 646 nolimus,
2095 611 2194 638 certe

1203 655 1446 692 sustinendus
1475 665 1553 702 est,
1581 664 1681 692 certe
1708 657 2004 693 transmeandus.
2027 659 2097 695 Sed
2120 661 2196 696 noli

1204 713 1372 750 oblivisci
1395 715 1548 764 pallium
1567 716 1674 760 Elize;
1692 715 1856 763 alioquin
1874 724 2020 752 torrens
2035 718 2101 755 tibi
2119 719 2198 755 sine

1202 776 1268 811 illo
1298 788 1375 811 non
1402 775 1603 811 dividetur.
1631 779 1725 812 Sunt
1757 784 1793 811 et
1828 776 1887 811 alii
1915 785 2100 815 torrentes
2127 780 2198 815 ini—

1204 835 1371 884 quitatis,
1394 836 1548 885 pelagus
1568 844 1808 885 peccatorum
1826 849 2015 881 meorum,
2032 840 2093 887 qui
2113 853 2200 875 cou-

1206 894 1360 931 turbant
1381 908 1457 941 me,
1478 904 1590 944 atque
1610 896 1753 931 utinam
1775 895 1826 930 sic.
1845 896 2133 942 conturbarent,
2161 908 2200 934 ut

1206 967 1291 991 cum
1325 954 1458 991 dolore
1478 955 1677 991 clamarem
1713 968 1720 988 ;

1206 1028 1333 1050 currus
1354 1017 1477 1050 Israel
1493 1024 1526 1050 et
1547 1019 1680 1062 auriga
1697 1019 1776 1060 ejus
1800 1022 1821 1050 ¹.
1844 1016 2080 1052 Conturbant
2100 1019 2199 1054 enim

1755 956 1870 990 Pater
1888 961 1957 1000 sm',
1987 967 2100 1004 paler
2126 965 2175 993 mi
2189 987 2197 1001 ‚

149 1077 248 1123 buit3
268 1077 350 1122 ille,
372 1077 524 1126 inquam
538 1105 547 1122 ‚
568 1076 723 1125 angelus
738 1089 814 1112 non
831 1084 976 1112 tantum
1000 1076 1139 1120 verbo,
1158 1077 1186 1111 B
1207 1087 1267 1110 me
1290 1082 1478 1111 torrentes
1494 1074 1722 1123 iniquitatis,
1737 1075 1949 1110 auferentes
1971 1076 2059 1112 milii
2075 1078 2200 1114 lumen

148 1136 214 1173 sed
235 1137 361 1181 vultu,
385 1135 515 1172 habitu
529 1164 538 1179 ,
559 1135 616 1172 vel
636 1143 719 1171 actu
741 1134 859 1172 beatae
877 1135 1142 1172 resurrectioni

150 1196 404 1233 testimonium
421 1194 625 1245 perhibuit.
645 1195 822 1231 Revolvit
837 1195 935 1231 enim
955 1194 1117 1244 lapidem
1130 1224 1139 1239 ‚

148 1263 186 1290 et
223 1267 338 1303 super
366 1267 452 1290 eum
489 1253 604 1299 sedit,
641 1253 802 1303 lapidem
817 1282 827 1298 ‚
859 1253 1012 1302 inquam
1027 1282 1037 1298 ‚
1075 1254 1140 1302 qui

148 1313 259 1350 etiam
279 1326 380 1350 nunc
406 1312 607 1349 advolutus
627 1320 683 1348 est
703 1324 818 1361 super
836 1325 926 1357 nos,
951 1320 988 1348 et
1010 1311 1138 1348 faciem

149 1381 315 1410 nostram
337 1372 526 1422 deprimit.
543 1371 654 1420 Quod
672 1373 709 1407 in
727 1372 849 1421 prima
860 1384 1013 1420 quoque
1027 1384 1147 1407 resur-

151 1433 315 1469 rectione
331 1445 415 1482 quae
430 1440 485 1468 est
506 1431 660 1476 animae,
682 1444 756 1466 non
779 1439 835 1467 est
856 1430 1013 1467 dubium
1042 1430 1120 1466 lieri
1136 1459 1145 1476 ,

150 1501 192 1530 ut
215 1500 449 1542 prementem
478 1504 517 1528 se
542 1490 800 1540 corruptionis
821 1491 1004 1527 sarcinam
1038 1503 1146 1527 versa

150 1551 232 1587 vice
252 1551 406 1600 spiritus
424 1549 614 1598 subjiciat,
645 1563 687 1586 ac
713 1550 816 1586 velut
833 1549 950 1598 judex
971 1558 1007 1586 et
1023 1549 1147 1586 domi—

153 1622 222 1646 nus
243 1609 432 1646 inferioris
450 1609 506 1645 sui
527 1609 691 1657 regimen
710 1608 880 1657 accipiat.

206 1671 266 1707 27.
297 1669 395 1718 Quid
417 1677 540 1705 autem
573 1682 641 1718 per
662 1667 865 1705 candorem
887 1668 1003 1713 nivis,
1033 1668 1147 1704 vesti—

154 1739 367 1767 mentorum
389 1729 570 1779 speciem,
592 1729 662 1764 uisi
683 1727 855 1777 corporis
878 1728 996 1763 nostri
1015 1727 1147 1777 frigida

152 1799 191 1827 et
218 1790 462 1826 mundissima
491 1789 658 1834 castitas,
686 1801 769 1837 quae
805 1788 1022 1837 praesidenti
1043 1788 1079 1824 in
1108 1801 1147 1825 se

1209 1134 1405 1170 oculorum
1427 1147 1613 1179 meorum,
1630 1142 1671 1169 ut
1688 1146 1763 1169 non
1783 1133 1919 1182 possim
1940 1134 2066 1171 videre
2086 1137 2203 1184 piissi-

1208 1206 1311 1228 mum
1330 1193 1447 1229 Eliam
1464 1222 1472 1238 ‚
1494 1192 1648 1241 quando
1666 1192 1811 1228 tollitur
1827 1205 1846 1228 a
1870 1205 1939 1227 mc.
1963 1193 1999 1228 Si
2021 1195 2119 1230 enim
2143 1196 2178 1231 vi
2196 1219 2203 1221 -

1208 1249 1351 1296 (ierem,
1363 1251 1534 1300 profecto
1547 1250 1688 1299 duplex
1702 1250 1807 1286 lieret
1821 1250 1857 1285 in
1874 1263 1932 1286 me
1947 1250 2026 1299 ejus
2039 1253 2204 1301 spiritus,

1212 1318 1248 1346 et
1274 1311 1495 1356 clamarem,
1516 1312 1631 1346 Pater
1654 1315 1721 1356 mi,
1745 1319 1857 1358 pater
1884 1315 1944 1346 mi.
1968 1312 2074 1348 ,Ussit
2105 1315 2205 1348 Dens

1211 1375 1382 1418 spiritum
1402 1373 1497 1405 Filii
1512 1375 1569 1405 sui
1583 1375 1621 1405 1'11
1638 1372 1900 1415 cordanmtm,
1918 1371 1968 1406 ait
1985 1374 2203 1421 Apostolus,

1212 1432 1450 1473 clamantem,
1474 1429 1594 1473 Abba,
1610 1430 1725 1464 Pater
1745 1434 1770 1464 ².
1789 1430 1937 1478 Duplex
1960 1431 2113 1479 spiritus
2135 1433 2206 1469 (lu-

1213 1489 1277 1538 plo
1298 1489 1452 1533 clamat,
1467 1491 1583 1525 Pater
1598 1493 1661 1532 mi,
1676 1498 1790 1536 pater
1807 1494 1870 1524 mi.
1894 1493 2004 1526 Pater
2028 1492 2075 1527 mi
2100 1506 2207 1529 crea-

1215 1558 1285 1595 tor,
1307 1558 1413 1598 pater
1437 1550 1486 1585 mi
1505 1550 1742 1594 reformator,
1758 1557 1864 1598 pater
1882 1550 1949 1595 mi,
1967 1560 2074 1599 pater
2091 1554 2154 1589 mi.
2176 1558 2206 1589 0

1213 1622 1287 1644 vox
1318 1609 1540 1645 affectuosa!
1572 1612 1713 1646 Currus
1739 1610 1849 1645 Israel
1878 1618 1914 1645 et
1942 1611 2069 1659 auriga
2102 1612 2206 1661 ejus,

1212 1677 1340 1718 portas
1368 1676 1405 1704 et
1439 1668 1554 1717 regis,
1587 1668 1749 1705 sustines
1778 1677 1815 1704 et
1842 1668 2041 1717 gubernas.
2063 1675 2206 1718 Quem?

1212 1728 1324 1765 Israel
1341 1727 1555 1764 credentem
1575 1728 1611 1763 in
1630 1736 1664 1763 te
1679 1756 1688 1771 ‚
1711 1729 1961 1778 suspirantem
1983 1730 2029 1765 ad
2049 1739 2094 1766 te.
2116 1734 2210 1768 Ecce

1212 1787 1381 1824 sublatus
1410 1800 1468 1832 es,
1500 1787 1662 1836 amplius
1694 1796 1728 1823 te
1756 1801 1833 1823 non
1861 1788 2004 1824 videbit
2028 1798 2112 1827 tuus
2134 1793 2208 1828 Eli-

149 1849 324 1898 angelicae
352 1848 510 1885 claritati
542 1856 580 1884 et
619 1847 875 1884 testimonium
907 1847 1073 1897 praebet,
1106 1856 1144 1884 et
1164 1846 1190 1882 C
1211 1860 1318 1883 sreus.
1341 1847 1536 1883 Remansit
1556 1855 1678 1883 tamen
1701 1847 1733 1883 ei
1763 1848 1916 1896 pallium
1940 1856 2043 1884 tuum
2068 1850 2104 1885 in
2130 1864 2209 1886 me-

149 1907 404 1957 obsequium?
438 1911 557 1944 Porro
574 1915 746 1957 aspectus
765 1905 846 1955 ejus
879 1907 1050 1952 interior,
1077 1905 1144 1942 ubi

149 1968 335 2016 signatum
363 1975 419 2002 est
451 1968 576 2001 lumen
598 1966 724 2001 vultus
750 1965 822 2009 tui,
847 1965 1027 2012 Domine,
1051 1964 1145 2000 sicut

151 2028 288 2075 fulgur,
317 2034 353 2063 et
380 2025 557 2062 terribilis
581 2034 656 2070 est,
688 2033 725 2061 et
747 2024 919 2061 lucidus:
947 2023 1144 2069 terribilis,

151 2095 193 2122 ut
221 2086 392 2122 inimicos
424 2086 557 2122 animae
589 2085 734 2122 scindat
762 2084 905 2121 medios
935 2093 971 2121 et
1001 2093 1146 2134 perter-

153 2154 254 2191 reat;
287 2145 432 2182 lucidus
453 2154 576 2181 autem
592 2174 601 2190 ‚
634 2153 676 2181 ut
707 2144 770 2181 tibi
795 2158 884 2180 vcro
907 2145 1037 2180 lumini
1060 2157 1144 2180 cum

148 2205 292 2254 justitia
306 2218 455 2254 semper
474 2213 666 2254 appareat.
687 2205 784 2241 Talis
800 2212 879 2240 erat
901 2204 1010 2240 facies
1026 2203 1146 2252 Moysi

151 2277 197 2300 ex
214 2265 406 2301 consortio
428 2265 613 2301 sermonis
634 2264 709 2309 tui,
732 2263 768 2300 id
798 2272 871 2309 est,
897 2271 933 2299 et
961 2263 1147 2299 luminosa

150 2333 187 2360 ct
209 2323 385 2360 terribilis
401 2354 410 2369 ,
431 2324 520 2373 quia
545 2333 704 2360 cornuta
719 2331 798 2359 erat
818 2322 864 2359 ad
886 2322 1144 2358 ventilandum

156 2383 352 2428 inimicos,
375 2391 412 2419 et
441 2384 560 2418 velata
580 2382 805 2432 splendore,
837 2395 948 2430 quem
981 2382 1147 2418 carnales

152 2443 253 2480 oculi
285 2443 380 2479 serre
412 2456 488 2479 non
512 2451 700 2492 poterant.
735 2446 780 2479 Et
809 2455 930 2486 nunc,
962 2442 1145 2485 Domine,

153 2503 289 2539 scimus
318 2511 355 2539 et
384 2502 609 2551 gaudemus,
641 2503 727 2551 quia
752 2501 986 2538 resurrexisti
1013 2515 1101 2538 vere
1128 2515 1149 2538 a

155 2564 332 2605 mortuis,
355 2570 391 2597 et
408 2561 518 2609 longe
539 2560 680 2597 divisus
694 2574 734 2597 es
751 2574 770 2597 a
791 2560 899 2596 nobis
913 2559 1034 2595 adhuc
1052 2573 1149 2596 mor-

1212 1907 1368 1943 moriam
1385 1907 1458 1952 tui,
1479 1915 1517 1942 ut
1535 1907 1735 1956 praesentia
1753 1906 1932 1944 absentiae
1951 1916 2022 1944 tuse
2038 1909 2207 1948 dolorem

1211 1967 1291 2016 ejus
1311 1980 1460 2016 semper
1478 1975 1513 2003 ct
1535 1966 1707 2016 augendo
1730 1967 1860 2013 leniat,
1889 1976 1925 2003 et
1944 1968 2117 2005 leniendo
2138 1984 2206 2006 au-

1211 2035 1305 2077 geat.

1266 2087 1327 2124 28.
1357 2090 1433 2123 Hoc
1455 2092 1608 2130 sanate,
1638 2087 1705 2130 ait,
1732 2091 1768 2122 in
1799 2101 1919 2123 meam
1946 2102 2211 2126 commmemora-

1212 2147 1388 2183 ec'onern3.
1420 2150 1501 2183 lIoc
1534 2155 1589 2183 est
1620 2151 1899 2183 Sacramentum
1923 2149 2095 2197 corporis
2128 2151 2206 2194 tui,

1213 2207 1316 2256 quod
1333 2207 1516 2243 sumimus
1533 2206 1569 2242 in
1588 2207 1639 2242 tui
1656 2207 2053 2243 commemorationem
2065 2237 2073 2253 ,
2090 2208 2211 2245 donec

1214 2268 1352 2303 venias.
1375 2267 1531 2304 Pallium
1555 2275 1658 2302 tuum
1681 2274 1736 2302 est
1753 2278 1839 2301 caro
1861 2274 1941 2310 tua,
1962 2280 2034 2315 qua
2053 2269 2210 2306 vestitus

1213 2326 1258 2363 ad
1280 2339 1348 2362 nos
1374 2325 1610 2376 processisti,
1634 2333 1670 2361 et
1695 2325 1833 2361 latuisti
1855 2325 2005 2373 quidem
2029 2328 2208 2375 perfidos,

1212 2387 1276 2423 sed
1298 2385 1473 2422 fidelibus
1503 2385 1576 2421 tuis
1604 2394 1637 2421 te
1666 2385 1787 2434 ipsum
1817 2385 2031 2431 ostendisti,
2060 2388 2152 2423 sieut
2174 2398 2211 2425 et

1212 2458 1331 2494 usque
1353 2445 1476 2481 hodie.
1500 2443 1576 2481 Sub
1597 2445 1669 2480 hoc
1686 2445 1800 2493 pallio
1820 2444 2038 2481 abscondita
2056 2455 2109 2482 est
2133 2461 2189 2483 ma
2203 2471 2210 2474 —

1213 2504 1313 2540 xima
1333 2502 1517 2539 fortitudo
1539 2511 1620 2548 tua,
1644 2516 1666 2539 o
1688 2503 1886 2539 fortissime
1905 2508 2080 2550 Samson,
2099 2520 2210 2555 quam

1214 2562 1325 2597 etiam
1353 2560 1498 2597 dilectae
1519 2574 1595 2596 non
1618 2560 1785 2609 diligenti
1809 2569 1842 2597 te
1866 2561 1911 2597 ad
1937 2563 2108 2599 ultimum
2135 2578 2210 2600 non

157 2620 310 2665 talibus,
325 2621 412 2669 quia
426 2620 624 2657 ascendisti
640 2634 753 2669 super
769 2632 886 2669 equos
902 2628 984 2656 tuos
1002 2619 1144 2668 igneos,
1165 2625 1196 2658 D
1214 2621 1358 2666 celasti,
1393 2629 1433 2657 ut
1466 2620 1655 2656 inimicam
1693 2628 1857 2656 verteres
1892 2621 1926 2655 in
1965 2623 2134 2659 amicam.
2172 2628 2212 2660 ln

155 2688 192 2715 et
212 2692 365 2716 currum
386 2679 558 2728 igneum,
579 2679 643 2727 qui
673 2678 802 2715 decem
830 2678 994 2715 millibus
1022 2679 1149 2715 multi-

157 2738 244 2787 plex
279 2746 334 2774 est
364 2753 371 2774 ε
405 2747 664 2774 verumtamen
697 2738 830 2774 cecidit
857 2737 967 2774 nobis
988 2751 1008 2773 a
1027 2747 1081 2784 te,
1112 2747 1150 2775 et

156 2797 257 2847 apud
283 2810 350 2833 nos
371 2810 488 2846 usque
517 2797 627 2833 liodie
650 2797 829 2834 remansit
846 2797 998 2846 pallium
1020 2805 1122 2833 tuum
1138 2825 1147 2842 ‚

157 2870 241 2905 quae
273 2865 360 2893 sunt
391 2856 607 2893 linteamina
630 2856 801 2905 eorporis
823 2857 895 2900 tui,
916 2855 1054 2904 quibus
1082 2870 1150 2906 po-

160 2915 283 2952 tentia:
301 2923 371 2951 tuae
385 2928 496 2964 opem
515 2915 754 2964 experiamur
768 2915 804 2950 in
825 2923 995 2964 tempore
1012 2928 1152 2964 oppor-

161 2986 252 3011 tuno
266 3003 275 3019 ‚
297 2983 337 3011 ut
353 2975 509 3024 spiritus
527 2983 612 3011 tuus
641 2975 779 3024 duplex
807 2976 869 3010 liat
888 2975 923 3010 iu
946 2974 1152 3011 visceribus

161 3034 316 3080 nostris,
337 3043 522 3083 quatenus
543 3034 579 3070 in
604 3042 638 3070 te
658 3042 694 3070 et
715 3037 855 3079 Deum,
877 3042 914 3070 et
937 3034 1151 3083 proximum

161 3093 369 3141 diligamus.
389 3093 731 3130 circuimtcderunt
749 3106 817 3129 nos
838 3093 988 3129 dolores
1007 3094 1152 3136 mortis,

161 3162 196 3189 ct
212 3161 397 3189 torrentes
417 3153 622 3202 iniqnitatis
640 3152 961 3189 conturbaverunt
977 3166 1044 3188 nos
1062 3166 1068 3186 :
1088 3154 1156 3188 cir-

161 3211 353 3249 cumdedit
376 3226 444 3249 nos
465 3211 704 3249 mortalitatis
726 3220 863 3248 nostrae
890 3212 1154 3248 vestimentum

215 3345 221 3359 ¹
249 3342 288 3370 lV
313 3342 388 3379 l’wg.
408 3350 497 3369 ιι.-
518 3344 529 3359 ²
545 3339 646 3369 (ialal.
672 3351 712 3373 iv.
731 3343 759 3368 1¹».
843 3336 940 3368 fruc.
963 3349 1058 3373 xxti,
1086 3341 1136 3369 19.

322 3410 394 3431 TUM
404 3425 410 3432 .
444 3410 477 3432 V.

1216 2688 1359 2716 tantum
1391 2679 1522 2715 amasti
1552 2680 1744 2714 mulierem
1767 2692 1842 2714 non
1863 2688 2047 2715 amantem
2072 2690 2125 2725 te,
2149 2683 2212 2719 sed

1217 2746 1505 2788 persequentem
1538 2746 1593 2782 te,
1616 2746 1656 2773 nt
1679 2746 1836 2787 propter
1856 2751 2020 2773 amorem
2043 2739 2123 2787 ejus
2153 2756 2213 2778 sat—

1219 2798 1359 2847 pientia
1391 2805 1452 2832 tua
1479 2797 1729 2841 stultesceret,
1760 2805 1795 2832 et
1830 2797 2010 2832 fortitudo
2046 2799 2215 2836 infirma-

1218 2867 1334 2894 retur.
1371 2856 1441 2894 Setl
1474 2856 1576 2905 quod
1607 2857 1761 2892 stultum
1799 2865 1852 2891 est
1884 2857 1971 2898 Dei,
2010 2860 2215 2908 sapientius

1219 2918 1354 2954 sactum
1379 2924 1434 2951 est
1455 2916 1689 2958 lioininibus;
1712 2924 1748 2951 et
1777 2916 1879 2965 quod
1907 2916 2095 2954 inlirmnm
2121 2921 2186 2956 Dei
2204 2949 2212 2964 ,

1219 2977 1351 3012 fortius
1366 2975 1582 3011 bominibus
1597 2991 1603 3011 :
1619 2975 1797 3024 quoniam
1814 2976 2026 3012 voluntarie
2044 2985 2077 3013 te
2093 2979 2214 3028 ipsum

1222 3035 1317 3071 l’atri
1349 3034 1580 3078 sacrilicans,
1601 3043 1635 3069 et
1661 3047 1706 3069 ex
1737 3042 1920 3083 potestate
1943 3043 2004 3070 tna
2027 3038 2190 3073 moriens
2206 3067 2213 3081 ,

1219 3093 1440 3129 concussisti
1472 3093 1662 3142 principes
1696 3092 1957 3139 tenebrarum,
1990 3103 2025 3130 et
2060 3109 2215 3143 reguum

1220 3165 1350 3188 eorum
1385 3152 1579 3195 attrivisti,
1610 3160 1645 3188 et
1669 3152 1761 3188 sacta
1794 3161 1849 3188 est
1870 3166 1959 3188 crux
1988 3162 2048 3189 tua
2079 3155 2218 3191 Judceis

1221 3209 1372 3259 quidem
1404 3210 1641 3255 scandatum,
1672 3210 1857 3247 Gentibus
1888 3220 2010 3247 antem
2047 3214 2215 3255 stultitia,

1988 3398 2034 3431 :33
