2418 3949
155 246 249 283 1285

805 248 966 283 SERMO
996 248 1059 282 DE
1090 247 1320 282 PASSIONE
1352 250 1539 284 DOMINI.

199 326 237 361 5.
269 323 478 360 Novissime
495 323 637 372 justum
661 324 879 372 sangninem
907 332 1009 360 tuum
1035 337 1054 359 a
1083 322 1138 358 di-
1151 321 1172 338 '''

2101 252 2195 287 12⁸5

1174 322 1387 371 ‘'guinens,
1422 326 1485 373 qni
1521 325 1700 361 orationis
1731 333 1898 374 tempore
1925 326 1970 361 de
1997 340 2108 363 carne
2135 338 2194 364 tna

147 383 290 433 scipulo
310 391 374 419 tuo
389 412 398 429 ,
419 383 495 419 lilio
511 382 735 432 perditionis
749 411 757 427 ,
779 382 956 419 traditum
987 382 1139 432 triginta
1157 386 1185 418 A
1207 383 1437 419 sanctissima
1458 385 1629 432 guttatim
1649 384 1871 420 decurrebat
1893 385 1926 420 in
1951 394 2097 422 terram.
2116 391 2194 423 Do-

146 441 332 490 argenteis
353 441 553 490 appretiati
574 449 682 485 sunt,
703 449 744 476 ut
762 441 1043 490 praecipitarent
1059 439 1137 476 ani-

147 513 243 537 mam
269 510 368 537 tuam
386 501 423 536 in
443 508 602 536 mortem
619 500 698 536 sine
715 513 835 537 causa.
856 503 901 536 Et
930 509 965 536 te
984 499 1135 549 quidem

145 561 384 611 perditissimi
403 559 593 596 traditoris
610 560 663 595 tui
683 560 839 609 perfidia
863 573 938 596 non
969 559 1108 596 latebat
1124 587 1133 603 ,

143 620 296 669 quando
328 620 364 655 in
393 632 496 655 coena
526 618 730 655 ablutionis
756 620 867 656 etiam
897 632 1022 655 coram
1052 619 1134 668 ipso

143 693 240 729 genu
258 677 650 729 flexo'procumbens,
671 680 890 715 maledictos
904 678 1018 728 pedes
1036 677 1131 726 ejus,

144 740 292 775 veloces
336 739 381 774 ad
424 738 695 774 effundendum
741 738 958 787 sanguinem
1004 746 1107 773 tuum
1121 765 1130 782 ,

145 798 389 834 sanctissimis
414 796 588 833 manibus
615 797 688 833 tuis
713 805 935 841 attrectare,
955 797 1078 832 lavare
1097 803 1134 831 et

142 865 336 906 extergere
351 856 524 904 dignatus
542 869 592 893 cs.
611 860 685 894 Cur
699 864 820 892 autem
841 855 962 892 adhuc
978 862 1132 891 extento

142 916 242 952 collo
260 915 451 961 ambulas,
480 928 503 952 o
522 924 620 952 terra
650 924 687 952 et
720 916 840 952 cinis?
860 915 992 953 Adhuc
1010 923 1045 950 te
1068 927 1131 949 su-

143 974 275 1024 perbia
300 975 446 1011 elevat?
473 975 594 1011 adhuc
626 984 661 1012 te
684 975 916 1025 impatientia
944 974 1135 1023 exagitat?

141 1038 295 1072 Intuere
317 1035 540 1072 humilitatis
559 1044 595 1071 et
614 1035 910 1072 mansuetudinis
930 1033 1134 1071 Dominum

1204 443 1365 479 minator
1382 444 1544 479 Domine
1564 448 1672 487 jesu,
1694 445 1794 480 unde
1817 453 1877 480 tna
1896 445 1971 480 brec
1992 455 2063 482 tam
2085 449 2193 483 anxia

1203 503 1453 552 supplicatio?
1488 507 1621 539 Nonne
1658 505 1871 540 voluntarie
1907 507 2063 542 ommno
2096 508 2192 543 Patri

1203 562 1426 598 sacrificinm
1458 562 1653 598 obtulisti?
1686 564 1844 612 istique,
1880 565 2049 600 Domine.
2076 566 2191 602 Arbi-

1202 627 1347 656 tramur
1387 628 1508 656 autem
1560 621 1661 669 quod
1702 622 1771 657 hoe
1811 622 1855 657 ad
1895 624 2190 660 consolationem

1199 678 1435 715 infirmorum
1463 679 1717 715 membrorum
1751 689 1899 716 tuorum
1928 684 2185 732 assumpsisti,

1200 751 1246 773 ne
1267 738 1361 774 forte
1385 738 1559 787 desperet
1580 739 1685 787 quis,
1711 740 1739 775 si
1764 753 1850 775 caro
1876 741 2021 777 inlirma
2046 756 2188 778 remur-

1200 806 1340 843 murat,
1357 797 1420 833 ubi
1440 798 1484 834 ad
1501 799 1711 847 passionem
1732 809 1929 848 promptus
1946 810 2000 836 est
2018 802 2182 850 spiritus.

1199 856 1383 892 Nimirum
1407 865 1446 892 ut
1471 856 1624 905 majoris
1644 871 1729 906 erga
1757 866 1790 893 te
1812 859 1950 895 amoris
1970 868 2007 896 et
2027 863 2187 909 gratitu-

1201 915 1297 952 dinis
1315 916 1485 953 stimulos
1510 917 1731 962 habeamus,
1757 919 1962 954 naturalem
1982 922 2104 956 carnis
2127 922 2185 956 in-

1200 975 1412 1011 firmitatem
1435 976 1491 1011 his
1515 976 1660 1012 indiciis
1683 977 1719 1012 in
1741 985 1774 1011 te
1794 979 2030 1026 expressisti,
2052 979 2189 1028 quibus

1201 1034 1425 1071 doceremur
1456 1035 1543 1083 quia
1574 1048 1662 1070 vere
1692 1036 1889 1083 languores
1920 1046 2069 1074 nostros
2100 1052 2189 1088 por-

140 1098 266 1132 Jesum
284 1123 293 1138 ,
325 1095 510 1132 universae
531 1103 709 1131 creaturae
738 1095 941 1138 factorem,
972 1101 1136 1129 tremen-
1154 1091 1181 1124 Β
1203 1093 1306 1138 tasti,
1332 1102 1369 1129 et
1396 1107 1471 1129 non
1502 1093 1642 1142 absque
1672 1107 1782 1129 sensu
1811 1094 1951 1131 doloris
1974 1097 2188 1144 passionum

140 1153 231 1190 dum
266 1154 432 1203 judicem
468 1155 639 1190 vivorum
682 1162 719 1189 et
754 1162 1011 1196 mortuorum,
1047 1159 1134 1187 ante

141 1213 256 1262 pedes
287 1214 448 1249 hominis
478 1222 514 1249 et
545 1212 732 1250 traditoris
761 1220 834 1249 sua*
859 1225 981 1261 genua
1006 1212 1135 1247 incur-

140 1278 304 1308 vantem.
326 1272 435 1308 Disce
452 1272 541 1320 quia
559 1272 658 1307 mitis
684 1279 740 1307 est
765 1279 802 1307 et
829 1271 980 1307 humilis
997 1271 1131 1315 corde,

143 1340 181 1367 et
201 1332 432 1368 confundere
451 1332 488 1368 in
521 1330 698 1381 superbia
725 1339 808 1377 tua,
837 1339 874 1367 et
893 1330 1074 1367 erubesce
1094 1331 1131 1367 in

141 1391 371 1441 impatientia
391 1400 464 1429 tua.
480 1395 559 1428 Hoe
575 1404 727 1440 quoqne
743 1399 821 1427 erat
836 1390 1134 1427 mansuetudinis

144 1460 243 1496 tuae‚
273 1451 459 1496 Domine,
488 1452 590 1500 quod
622 1451 807 1500 perfidum
842 1451 945 1487 illum
978 1451 1013 1486 in
1035 1458 1132 1486 coetu

142 1511 302 1547 fratrum
321 1511 495 1560 detegere
516 1520 552 1547 et
568 1512 688 1560 palam
707 1511 939 1547 confundere
957 1511 1130 1555 noluisti,

140 1570 205 1607 sed
229 1571 362 1607 leniter
378 1571 614 1607 admonitum
637 1572 844 1607 accelerare
868 1571 1009 1620 jussisti
1030 1571 1132 1620 quod

143 1629 311 1680 parabat.
330 1634 372 1667 In
395 1631 572 1666 omnibus
595 1631 652 1666 his
680 1644 754 1667 non
776 1640 831 1667 est
859 1643 1013 1667 aversus
1030 1621 1135 1667 furor

140 1689 221 1738 ejus
249 1703 270 1726 a
303 1698 361 1736 te,
392 1690 456 1726 sed
485 1703 654 1739 egressus
686 1691 784 1726 foras
815 1689 1006 1738 satagebat
1035 1690 1133 1725 circa

141 1749 317 1798 frequens
335 1750 570 1786 maleficium.
592 1750 795 1797 Quomodo
812 1750 977 1786 cecidisti
994 1749 1041 1786 de
1056 1762 1134 1785 coe-

141 1809 195 1854 lo,
225 1810 387 1853 Lucifer,
423 1811 487 1859 qui
512 1823 619 1846 mane
646 1809 828 1846 oriebaris
844 1812 885 1845 Ῥ
910 1813 951 1846 In
992 1809 1134 1845 deliciis

1201 1161 1324 1189 sentes
1345 1153 1574 1202 percurristi.
1599 1157 1677 1189 vox
1701 1154 1800 1189 enim
1823 1154 1883 1189 illa
1906 1168 1979 1189 vox
2003 1168 2082 1190 esse
2107 1170 2188 1192 car-

1201 1212 1257 1248 nis
1288 1211 1459 1256 videtur,
1494 1225 1567 1247 non
1601 1212 1776 1260 spiritns,
1812 1225 1857 1248 ex
1889 1225 1934 1248 eo
1967 1215 2068 1262 quod
2099 1216 2189 1251 sub-

1194 1270 1354 1319 junxisti
1379 1285 1386 1306 ε

1200 1340 1323 1366 {altem
1347 1331 1507 1377 infirma.

1256 1390 1288 1427 7.
1320 1389 1431 1438 Quod
1453 1398 1654 1439 promptus
1669 1391 1768 1426 enim
1790 1391 1835 1427 ad
1855 1393 2063 1441 passionem
2084 1395 2193 1429 luerit

1200 1450 1353 1499 spiritus
1369 1477 1378 1494 ,
1406 1449 1602 1485 evidenter
1628 1449 1844 1493 ostendisti,
1864 1451 2016 1499 quando
2037 1453 2194 1488 venien-

1201 1509 1300 1546 tibus
1320 1522 1393 1545 una
1417 1522 1502 1545 cum
1525 1509 1721 1558 proditore
1745 1517 1809 1545 tuo
1834 1510 1924 1545 viris
1942 1512 2190 1561 sanguinum,

1199 1577 1233 1605 et
1265 1567 1522 1617 qnaerentibus
1549 1569 1710 1604 animam
1740 1577 1839 1604 tuam
1873 1584 1957 1605 cum
1983 1572 2132 1608 laternis
2155 1583 2189 1608 et

1201 1629 1341 1665 facibus
1368 1637 1405 1664 et
1425 1628 1537 1664 armis
1564 1640 1631 1677 per
1660 1637 1826 1673 noctem,
1851 1630 1950 1665 ultro
1972 1633 2188 1675 occurristi,

1200 1697 1303 1724 etue
1328 1688 1418 1737 quid
1439 1688 1652 1737 acciperent
1678 1701 1697 1723 a
1725 1687 1820 1723 (lucc
1848 1689 1994 1738 flagitii,
2021 1693 2191 1740 teipsum

1201 1747 1456 1784 manifestasti.
1479 1750 1571 1783 Nam
1590 1747 1831 1783 accedentem
1855 1749 1900 1784 ad
1923 1751 2093 1786 osculum
2113 1765 2193 1787 san-

1200 1807 1351 1844 ctissimi
1375 1807 1452 1843 oris
1474 1807 1527 1842 tui
1557 1814 1698 1842 trucem
1721 1806 1874 1843 bestiam
1901 1818 2093 1845 aversatus
2118 1824 2191 1845 nou

1416 1274 1576 1319 Spiritus
1607 1273 1754 1319 quidem
1779 1281 1971 1319 pipmplm·
2003 1282 2075 1318 ese,
2108 1288 2191 1308 curn

140 1868 302 1918 paradisi
330 1870 515 1919 gloriosus
545 1871 775 1921 apparuisti:
802 1871 939 1906 civium
962 1870 1044 1906 coeli
1072 1883 1133 1905 so-
1155 1865 1181 1900 C
1202 1880 1260 1912 es,
1289 1867 1354 1903 sed
1379 1880 1420 1902 os
1441 1866 1477 1901 in
1499 1879 1576 1914 quo
1604 1866 1714 1902 dolus
1737 1866 1911 1903 inventus
1933 1882 2007 1904 non
2038 1878 2111 1914 est,
2139 1871 2193 1905 ori

139 1927 240 1973 cius,
259 1937 296 1965 et
313 1928 418 1965 verbi
440 1929 558 1966 divini
584 1931 768 1977 conviva,
792 1930 987 1979 quomodo
1014 1943 1135 1979 repu—

142 1996 238 2024 tatus
261 2001 299 2024 es
318 1988 414 2024 inter
435 1989 530 2025 filios
552 1989 792 2026 tenebrarum
812 1991 826 2025 Ρ
843 1990 908 2038 qui
937 1988 1133 2025 nutrieba—

141 2047 189 2083 ris
220 2048 255 2083 in
287 2049 452 2093 croceis,
489 2063 555 2086 cur
584 2050 820 2098 amplexatus
847 2063 885 2085 es
915 2050 1134 2085 stercora2?

138 2109 243 2143 Tunc
256 2108 454 2145 clarificata
472 2117 527 2145 est
539 2109 676 2145 familia
693 2117 753 2145 tna
765 2137 774 2154 ,
793 2109 956 2155 Christe,
973 2117 1132 2145 exeunte

139 2167 335 2204 immundo
372 2168 418 2204 de
451 2177 550 2204 coetu
587 2169 772 2205 societatis
803 2169 992 2218 angelicae.
1027 2171 1130 2204 Tune

138 2225 290 2262 demum
333 2227 452 2263 divini
488 2228 628 2277 eloquii
660 2227 849 2264 uberrima
882 2227 1129 2264 inundatione

139 2286 226 2322 felix
247 2287 309 2323 ille
337 2296 546 2325 conventus
571 2296 720 2337 potatus
740 2297 813 2333 est;
837 2288 1020 2338 siquidem
1043 2301 1128 2324 cor-

140 2354 274 2396 ruptus·
293 2347 355 2383 ille
376 2361 464 2384 vere
485 2348 583 2384 foras
606 2349 738 2384 missus
760 2348 898 2393 fuerat,
921 2361 1033 2397 quem
1053 2348 1126 2384 hn-

133 2405 196 2454 jus
227 2405 475 2456 limpidissimi
506 2408 662 2456 liquoris
687 2408 875 2444 infusione
902 2407 1043 2445 sciebas
1072 2408 1130 2443 in—

138 2464 307 2514 dignum.

191 2526 226 2560 6.
255 2527 353 2561 Dato
373 2534 495 2562 autem
515 2526 704 2563 charitatis
720 2536 756 2563 et
771 2527 959 2577 patientiae
979 2527 1131 2565 salutari

139 2583 338 2630 mandato,
376 2593 411 2620 et
445 2585 627 2635 disposito
660 2586 834 2623 fratribus
866 2600 983 2636 regno
1015 2587 1132 2623 Patris

1203 1926 1305 1976 quod
1338 1925 1545 1962 abundavit
1580 1926 1740 1970 malitia,
1782 1926 1942 1963 dulciter
1968 1929 2192 1977 applicuisti.

1201 1991 1389 2024 Innocens
1410 1991 1514 2035 Agne
1536 1986 1621 2030 Dei,
1640 1985 1730 2035 qnid
1753 1986 1818 2022 tibi
1842 1996 1878 2022 et
1902 1988 1990 2037 lupo
2012 1989 2086 2024 illi?
2111 2003 2194 2038 qna*

1201 2046 1404 2083 conventio
1427 2046 1478 2081 tui
1498 2045 1544 2081 ad
1565 2045 1702 2081 Belial?
1719 2045 1788 2081 Sed
1811 2054 1845 2080 ct
1866 2047 1934 2081 hoc
1957 2046 2194 2096 benignitatis

1201 2114 1293 2151 tuae,
1311 2106 1490 2150 Domine,
1509 2105 1576 2141 fuit
1590 2134 1598 2148 ,
1618 2114 1656 2140 nt
1671 2105 1796 2140 omnia
1813 2106 1874 2141 illa
1895 2106 2090 2142 exhiberes
2111 2121 2194 2156 ‹lua›

1198 2166 1304 2215 pravi
1321 2165 1443 2202 cordis
1465 2166 1707 2214 pertinaciam
1727 2167 1896 2201 emollire
1917 2177 2081 2215 possent.
2102 2172 2191 2204 Nam

1195 2234 1232 2262 et
1252 2226 1389 2262 veteris
1418 2225 1590 2261 amicitiae
1618 2238 1693 2260 non
1726 2225 1925 2261 immemor
1950 2226 2054 2262 illum
2082 2241 2190 2262 eom—

1196 2286 1398 2329 monuisti,
1430 2284 1558 2320 dicens
1589 2299 1595 2320 :

1197 2350 1320 2395 Atque
1360 2345 1518 2381 horrore
1560 2344 1709 2379 sceleris
1751 2344 1806 2379 sui
1839 2356 1904 2379 cor
1945 2345 2047 2393 impii
2085 2346 2194 2381 ferire

1630 2289 1776 2326 Amice,
1807 2287 1858 2319 ml
1887 2288 1979 2332 quid
2006 2288 2194 2321 relisa-(1⁴⁵7

1199 2405 1372 2449 voluisti,
1394 2417 1477 2440 eum
1500 2402 1625 2438 dixisti
1648 2418 1655 2438 :
1675 2405 1773 2437 sada
1787 2432 1796 2446 ,
1817 2407 1941 2438 osculo
1962 2406 2102 2438 Filium
2127 2406 2192 2439 lm—

1200 2466 1306 2499 minis
1326 2466 1441 2499 tradis
1454 2464 1466 2488 *Ι
1483 2464 1497 2497 .³
1518 2466 1562 2499 Et
1579 2474 1665 2498 ecee
1686 2462 1858 2498 Philistaei
1880 2475 1994 2511 super
2016 2471 2069 2507 te,
2087 2467 2195 2499 Sam-

1199 2536 1280 2559 son.
1311 2527 1394 2560 h'on
1421 2522 1505 2558 illos
1535 2535 1555 2557 a
1588 2530 1623 2557 te
1654 2520 1881 2566 absterruit,
1904 2522 2005 2570 qnod
2033 2523 2069 2558 in
2103 2524 2191 2559 hora

1198 2583 1512 2632 apprehensionis
1546 2590 1617 2617 tua}
1649 2581 1900 2629 omnipotenti
1938 2580 2091 2617 brachio
2129 2591 2192 2618 tuo

141 2643 211 2686 tui,
234 2643 280 2679 ad
314 2644 438 2680 locum
468 2644 656 2693 proditori
689 2654 754 2681 tuo
783 2654 915 2682 notum
945 2661 1028 2683 cun.
1060 2643 1181 2682 illisD
1201 2650 1308 2677 terrae
1343 2654 1408 2677 eos
1448 2641 1612 2684 allisisti,
1651 2652 1725 2674 non
1768 2639 1920 2687 quidem
1964 2640 2192 2676 defensionis

138 2702 342 2748 divertisti,
362 2703 483 2740 sciens
512 2704 639 2740 omnia
658 2718 740 2753 quae
765 2714 923 2742 ventura
942 2714 1050 2742 erant
1070 2718 1131 2741 su—

139 2774 208 2811 per
229 2770 274 2798 tc.
296 2762 352 2799 Ibi
371 2763 506 2799 animae
532 2771 604 2799 tuae
635 2764 844 2810 tristitiam,
864 2778 976 2813 quam
1001 2778 1046 2801 ex
1068 2764 1134 2800 im-

140 2821 305 2858 minente
328 2822 503 2872 passione
521 2831 583 2859 tua
605 2832 740 2873 sponte
760 2824 1015 2873 assumpsisti,
1039 2824 1135 2861 sicut

138 2889 175 2917 et
200 2890 332 2918 caetera
360 2896 443 2931 quae
474 2896 605 2932 passus
635 2896 693 2927 es,
726 2883 939 2920 inauribus
971 2886 1126 2921 fratrum

139 2953 214 2977 non
230 2941 414 2978 erubuisti
437 2943 629 2991 profiteri,
646 2943 773 2979 dicens
792 2952 880 2979 tunc
902 2958 908 2979 z
937 2946 1058 2980 Trislis
1077 2954 1131 2980 est

139 3001 266 3035 anima
296 3014 379 3036 mea
409 3015 522 3049 usqne
551 3003 604 3037 ad
630 3011 794 3037 mortem.
825 3003 957 3039 Positis
977 3016 1129 3052 quoquc

140 3060 176 3095 in
201 3068 299 3096 terra
319 3059 477 3109 genibus
498 3061 690 3110 procidisti
721 3062 757 3097 in
782 3063 932 3108 faeiem,
958 3077 1071 3100 orans
1093 3064 1128 3100 in

139 3120 296 3170 agonia,
315 3128 352 3157 et
371 3120 500 3157 dicens
528 3136 534 3156 :
559 3124 616 3157 Mi
638 3123 776 3165 Pater,
795 3127 829 3157 si
853 3123 1033 3171 pos-sibile
1052 3133 1106 3159 est
1120 3152 1129 3166 ,

140 3189 304 3215 transeat
337 3194 360 3215 a
393 3194 450 3216 me
469 3184 575 3216 calis:
597 3186 674 3216 iste.
700 3184 741 3217 Et
771 3183 960 3231 angustias
980 3183 1131 3231 quidem

140 3238 262 3274 cordis
289 3239 341 3274 tui
374 3240 580 3277 certissime
608 3241 795 3277 indicabat
823 3242 940 3278 sudor
961 3243 1020 3277 ille
1046 3256 1133 3279 san—

199 3371 204 3384 ¹
224 3366 291 3395 lsai.
309 3377 378 3404 xiv,
405 3370 454 3397 1’),,
532 3373 542 3387 ⁷
561 3367 676 3397 'l‘lireir
698 3380 721 3396 ix
735 3393 741 3404 ,
763 3372 791 3397 f..

873 3367 1013 3399 ‘vanu
1038 3382 1130 3405 xxvi,
1154 3373 1194 3400 :18
1211 3396 1217 3405 ,
1240 3374 1278 3400 aa
1296 3394 1302 3402 .

1199 2713 1307 2736 eausa
1322 2728 1330 2744 ,
1354 2700 1417 2736 sed
1442 2708 1481 2735 nt
1500 2706 1744 2748 cognosceret
1762 2698 1924 2734 hnmana
1947 2702 2191 2749 pra‘snmptio

1201 2760 1290 2796 nihil
1321 2773 1359 2795 se
1387 2772 1496 2809 posse
1522 2759 1700 2794 adversus
1723 2766 1755 2793 tc
1771 2788 1778 2802 ‚
1801 2759 1868 2794 nisi
1891 2768 2073 2807 quantum
2104 2774 2190 2809 per-

1202 2822 1414 2858 mitteretur
1433 2834 1452 2856 a
1476 2829 1523 2855 te.

1248 2885 1282 2919 8.
1317 2886 1358 2919 1⁴31,
1381 2882 1463 2931 quis
1487 2880 1614 2916 audiat
1637 2880 1716 2915 sine
1745 2881 1905 2928 gemitu,
1934 2882 2095 2929 qualiter
2118 2883 2185 2917 ho-

1197 2943 1346 2979 micidas
1374 2955 1505 2977 manus
1525 2942 1559 2976 in
1582 2941 1641 2976 illa
1664 2941 1753 2975 liora
1781 2941 1816 2975 in
1840 2949 1873 2975 te
1898 2940 2130 2989 injecerunt,
2153 2952 2184 2978 ct

1202 3004 1421 3039 innocentes
1457 3014 1589 3036 manus
1624 3008 1724 3044 titas,
1754 3004 1840 3035 jesu
1875 2999 1972 3035 bone
1988 3030 1996 3045 ,
2032 3002 2192 3037 vinculis

1198 3064 1466 3110 astringentes,
1496 3069 1529 3096 te
1554 3066 1699 3109 Agnnm
1726 3060 2067 3096 mansuetissimum
2096 3062 2186 3096 nihil

1200 3125 1415 3171 loquentem
1430 3120 1474 3157 ad
1495 3121 1609 3156 instar
1623 3120 1775 3155 latronis
1789 3120 2059 3155 contunwliosc
2073 3129 2191 3156 traxe-

1200 3189 1287 3217 rnut
1308 3179 1353 3215 ad
1377 3179 1564 3215 victimam
1580 3181 1593 3213 Ξὶ
1610 3178 1681 3213 Sed
1699 3191 1766 3214 nec
1785 3188 1872 3213 tunc
1894 3179 2187 3214 misericordiam

1202 3251 1301 3278 tuam
1317 3239 1511 3276 effundere
1526 3252 1639 3288 super
1656 3239 1826 3274 inimicos-
1843 3247 1944 3277 tuos,
1962 3248 1993 3272 et
2013 3239 2192 3275 distillare

1329 3372 1452 3401 ’.1,30.
1509 3386 1513 3387 ⁷
1540 3371 1634 3396 Ι1,ιιι·.
1662 3378 1752 3396 xxii.
1782 3370 1827 3394 ἰδ’.
