2504 3928
348 180 419 215 7323

346 257 536 305 Quidquid
559 256 732 304 jusseris,
755 269 824 305 pro
849 268 956 304 posse
984 269 1066 292 meo
1091 256 1249 294 libenter
1269 257 1367 295 ‹le-⁵⁴

346 326 456 352 votus
477 315 653 364 implebo.

401 376 459 410 ΤΗ.
484 380 513 410 t)
534 375 655 409 anima
677 387 779 417 mea,
808 376 888 410 Rex
913 375 1139 421 Angelormn
1161 376 1264 412 venit
1290 376 1333 411 ad

347 447 434 472 nos,
453 442 483 467 et
507 434 715 481 hospitatus
735 441 790 467 est
809 431 1018 468 nobiscum.
1046 438 1229 471 laetemur
1246 449 1334 482 ergo

347 491 394 526 de
421 500 524 526 lanto
545 491 692 539 bospite
713 500 841 526 nostro
865 492 979 527 corde
1000 493 1177 540 perfeeto.
1200 498 1336 530 Demus

346 551 377 584 ei
407 551 560 597 gloriam
588 558 619 584 et
654 550 835 585 bonorem
853 579 861 594 ,
880 551 1058 598 quoniam
1087 551 1259 599 dignatus
1283 561 1337 587 est

345 609 494 644 xisitare
519 622 647 643 serios
675 621 773 644 suos.
803 609 1007 656 lipulemur
1027 618 1059 643 et
1085 609 1337 657 jucundemur

345 681 489 703 comeo
512 668 546 702 iu
570 667 692 702 lai-titia
715 675 749 702 et
767 668 1029 703 exsultatione.
1048 670 1284 705 Delectemur
1300 671 1335 705 in

345 742 389 762 eo
417 727 462 762 de
477 740 539 769 eo,
561 735 596 762 et
619 727 742 762 nullus
759 728 848 762 sitei
867 728 900 762 iu
922 728 1048 776 aliquo
1071 729 1269 771 molestus,
1290 742 1335 763 ne

345 787 379 821 in
404 786 454 821 ira
473 785 619 820 recedat
635 799 654 820 a
674 785 800 829 nobis,
819 794 854 820 et
874 785 1024 822 inducat
1042 800 1238 834 supernos
1257 800 1334 822 ma—

344 845 582 881 ledictionem
614 859 683 893 pro
713 845 988 881 benedictione.
1020 846 1269 881 Exhilwainus
1300 847 1332 881 ei

344 918 456 939 omne
488 904 678 939 servitium
708 905 913 946 charitatis,
942 913 1112 951 rogantes
1137 914 1173 940 et
1199 905 1333 954 depre-

345 971 470 999 cantes
495 971 534 998 ut
565 962 757 998 nobiseum
789 976 939 998 manere
961 963 1148 1011 dignetur.
1178 964 1214 1000 Si
1247 978 1335 1000 vero

950 182 1230 218 'rRAC'l'A'i'Us
1262 186 1323 218 mi
1355 184 1602 218 lxl't-lluont
1633 184 1782 217 DOMO.
2314 185 2382 220 7-’11

1380 257 1490 293 “eum
1512 257 1703 293 ardentius
1731 257 1920 304 diligeres,
1946 265 2089 305 (plauto
2115 257 2320 295 mirabilius
2341 260 2387 296 ab

1356 324 1381 354 A
1404 331 1448 352 eo
1468 325 1500 351 te
1521 315 1709 351 conditam
1729 315 1962 362 intelligeres.
1987 316 2188 352 Considera
2208 330 2296 365 ergo
2320 331 2387 355 no-

1404 375 1584 411 bilitatem
1609 382 1706 410 tuam
1725 389 1731 410 :
1750 374 1925 422 quoniam
1945 374 2038 410 sieut
2060 379 2159 411 Deus
2177 375 2317 425 ubique
2333 386 2388 413 est

1403 443 1521 478 totus,
1545 433 1671 469 ‹unnia
1693 433 1903 477 vivilieans,
1931 433 2056 470 onmia
2082 447 2238 470 movens
2257 444 2293 471 et
2316 449 2386 483 gu-

1403 495 1584 535 bernans3
1608 494 1654 528 ita
1676 501 1711 528 tu
1735 492 1770 528 in
1793 505 1950 540 corpore
1972 501 2035 528 tuo
2056 492 2196 541 ubique
2223 502 2298 530 totu
2325 508 2387 539 es,

1403 553 1493 589 illud
1510 553 1701 588 vivificans
1715 580 1723 596 ‚
1744 565 1921 595 movens,
1941 561 1977 587 et
1993 551 2217 600 gubernans.
2234 557 2279 590 Et
2295 554 2388 590 sicut

1404 616 1504 647 Deus
1524 620 1598 656 est,
1623 612 1732 655 vivit,
1753 619 1789 646 et
1807 611 1924 660 sapit:
1948 612 1996 647 ita
2021 620 2059 647 tu
2081 612 2287 648 secundum
2305 626 2388 649 mo-

1404 670 1492 706 dmn
1520 679 1621 706 tuum
1643 684 1703 715 es,
1721 670 1835 714 x'ivis,
1864 678 1901 705 et
1920 670 2030 719 sapis.
2056 674 2100 707 lit
2121 671 2214 706 sicut
2242 671 2278 706 in
2306 674 2387 707 Deo

1405 739 1477 766 tres
1507 738 1593 765 sunt
1615 742 1806 778 persouae;
1826 733 1951 774 Pater,
1972 737 2007 765 et
2022 730 2152 775 Filius,
2175 738 2211 766 et
2230 730 2387 779 Spiritus

1401 797 1549 825 sanctus
1572 803 1578 824 :
1602 789 1652 824 sie
1672 796 1708 823 et
1735 796 1773 823 tu
1801 787 1914 823 liabes
1935 795 2009 824 tres
2026 789 2144 833 vires;
2168 788 2308 825 seilicet
2327 789 2387 824 in—

1401 847 1610 891 tellectum,
1632 846 1870 889 memoriam,
1900 854 1936 881 et
1959 847 2203 883 voluntatem.
2230 850 2274 883 lit
2293 847 2387 884 sicut

1401 918 1445 939 ex
1471 908 1576 940 Patre
1602 912 1801 953 generatur
1826 903 1958 949 Filius,
1978 912 2014 940 et
2036 917 2082 940 ex
2102 912 2263 953 utroque
2291 918 2386 954 pro-

1401 962 1497 998 cedit
1518 963 1674 1012 Spiritus
1695 970 1842 998 sanetus
1866 975 1872 996 :
1898 962 1946 997 ita
1963 974 2007 998 ex
2026 963 2216 999 intellectu
2230 976 2386 1011 genera—

346 1034 420 1056 non
443 1034 643 1069 possumus
664 1021 878 1069 persolvere
904 1021 936 1056 ei
960 1030 1078 1057 totum
1101 1021 1203 1069 quod
1223 1021 1335 1058 debe·
1355 1024 1379 1057 B
1400 1030 1459 1058 tur
1479 1023 1674 1066 voluntas,
1695 1030 1731 1058 et
1755 1035 1801 1057 ex
1830 1021 1885 1057 his
1910 1020 2094 1057 ambobus
2114 1021 2284 1070 procedit
2308 1035 2386 1058 me-

347 1092 446 1124 mus;
463 1080 591 1115 saltem
609 1080 857 1128 nosmetipsos
879 1079 1068 1116 liumiliter
1083 1080 1114 1115 ei
1132 1079 1336 1116 subdamus

343 1138 388 1174 ad
405 1152 555 1174 omnem
574 1139 805 1174 voluntatem
823 1138 916 1186 ejus.
936 1139 987 1175 Sit
1005 1139 1082 1174 lia=c
1101 1140 1178 1175 dies
1199 1141 1335 1176 solem-

343 1198 398 1233 nis
412 1226 421 1241 ‚
442 1199 477 1233 in
496 1211 567 1246 (pia
590 1198 818 1233 Salvatorem
842 1206 1010 1234 nostrum
1032 1199 1069 1234 in
1090 1198 1253 1247 hospitio
1269 1212 1337 1235 no-

342 1265 418 1292 stro
434 1257 506 1292 laeii
519 1257 762 1304 suscepimus.
782 1257 929 1291 Nullum
949 1256 1173 1301 membrum,
1190 1258 1333 1293 nullum

340 1317 504 1351 ol'lieimn
527 1316 573 1351 ab
598 1316 668 1350 lioe
685 1315 820 1362 gaudio
841 1315 1074 1350 excludatur.
1100 1317 1336 1352 Conveniunt

340 1388 428 1423 ergo
460 1375 496 1409 in
527 1387 643 1410 unum
674 1386 804 1408 omnes
836 1374 1078 1420 cogitationes
1104 1383 1140 1409 et
1164 1376 1335 1411 affectio—-

341 1447 424 1475 nes,
444 1434 541 1468 diem
565 1434 696 1468 festum
722 1432 954 1468 celebrantes
981 1433 1016 1468 in
1045 1434 1146 1469 omni
1174 1435 1334 1483 puritate

338 1500 374 1526 et
391 1492 596 1528 sanctitate.
610 1491 718 1527 Nulla
739 1504 776 1527 se
792 1491 912 1526 aliena
928 1492 1105 1539 cogitatio
1118 1493 1329 1537 interserat,

339 1563 423 1598 quse
445 1550 556 1598 liujus
579 1549 824 1585 solemnitatis
839 1549 973 1597 gaudia
995 1550 1205 1598 perturbet.
1223 1552 1332 1589 Oculi

339 1610 411 1645 mei
435 1622 583 1658 semper
603 1609 648 1644 ad
670 1599 897 1653 Dominum,
924 1622 991 1657 per
1013 1623 1124 1657 quem
1147 1624 1249 1656 sum,
1275 1611 1331 1647 vi-

339 1682 410 1713 νο,
433 1677 470 1704 et
499 1668 624 1717 sapio3
648 1681 716 1703 nec
744 1676 886 1704 cessent
908 1669 1082 1716 lacrymis
1110 1669 1224 1717 pedes
1251 1669 1331 1717 ejus

340 1727 471 1776 rigare.
497 1727 660 1763 Audiant
686 1734 721 1761 et
740 1726 951 1773 intelligant
968 1739 1077 1762 aures
1096 1727 1188 1775 quid
1210 1727 1246 1763 in
1266 1740 1331 1763 no-

1403 1082 1534 1118 moria.
1556 1085 1601 1117 Et
1620 1081 1716 1117 sieut
1740 1085 1839 1117 Deus
1856 1088 1910 1116 est
1931 1084 2050 1126 Pater,
2066 1084 2167 1117 Deus
2182 1089 2237 1116 est
2250 1081 2384 1125 Filius,

1401 1145 1502 1177 Deus
1528 1150 1583 1177 est
1608 1141 1766 1190 Spiritus
1787 1147 1956 1185 sanctus3
1978 1153 2054 1175 non
2077 1148 2199 1175 tamen
2222 1147 2295 1176 tres
2315 1139 2387 1186 dii,

1401 1200 1465 1236 sed
1490 1213 1586 1236 unus
1605 1204 1705 1236 Deus
1719 1227 1728 1244 ,
1751 1207 1787 1235 et
1807 1207 1880 1235 tres
1906 1212 2074 1248 personae
2095 1213 2102 1234 :
2127 1199 2177 1234 ita
2194 1199 2315 1234 anima
2332 1207 2388 1235 est

1402 1259 1631 1302 intellectus,
1659 1258 1783 1294 anima
1807 1258 2003 1302 voluntas,
2037 1257 2160 1293 anima
2184 1257 2387 1303 memoria;

1401 1331 1477 1353 non
1500 1326 1621 1354 tamen
1647 1326 1720 1353 tres
1737 1317 1892 1362 animae,
1915 1317 1977 1352 sed
1999 1329 2074 1353 una
2094 1317 2235 1362 anima,
2255 1325 2292 1353 et
2313 1325 2386 1353 tres

1404 1377 1512 1412 vires.
1531 1380 1584 1412 Ex
1601 1375 1739 1424 quibus
1761 1375 1893 1412 anima:
1913 1375 2054 1412 viribus
2076 1376 2179 1424 quasi
2197 1377 2386 1413 excellen-

1402 1435 1560 1472 tioribus
1576 1435 1755 1483 jubemur
1775 1438 1895 1471 Deum
1921 1434 2094 1483 diligere,
2122 1444 2164 1471 ut
2189 1435 2388 1484 diligamus

1400 1507 1485 1531 eum
1507 1503 1586 1530 toto
1603 1494 1736 1539 eorde,
1757 1502 1833 1529 tota
1846 1493 1967 1529 anima
1982 1522 1991 1538 ‚
2010 1502 2087 1530 tota
2100 1502 2246 1531 mente:
2265 1495 2302 1531 id
2319 1504 2387 1540 est,

1399 1562 1477 1589 toto
1492 1554 1705 1598 intellectu,
1720 1561 1797 1589 tota
1811 1553 2023 1597 voluntate,
2038 1561 2075 1589 et
2093 1560 2170 1589 tota
2187 1553 2387 1599 memoria;

1397 1612 1468 1648 lioc
1490 1621 1545 1648 est
1558 1641 1567 1657 ,
1590 1621 1669 1648 toto
1689 1612 1844 1655 affectu,
1862 1611 1942 1647 sine
1956 1611 2102 1647 defectu
2117 1639 2128 1656 ,
2146 1624 2231 1648 cum
2247 1611 2387 1649 discre-

1399 1671 1511 1707 tionis
1538 1671 1689 1707 intuitu.
1721 1673 1796 1706 Nec
1816 1670 1918 1706 solus
1943 1670 2079 1706 suflicit
2098 1669 2145 1706 de
2171 1673 2253 1707 Deo
2272 1671 2386 1706 intel-

1396 1732 1516 1767 lectus
1543 1730 1588 1766 ad
1616 1729 1885 1765 beatitudinem
1900 1757 1909 1774 ,
1935 1728 2005 1765 nisi
2025 1729 2071 1765 sit
2092 1729 2129 1763 in
2157 1741 2285 1764 amore
2305 1728 2387 1776 ejus

339 1785 395 1821 bis
415 1787 447 1822 ei
465 1786 677 1835 displiceat,
699 1786 755 1820 vel
777 1784 867 1833 quid
884 1785 915 1820 ei
934 1786 1097 1834 plac.eat;
1116 1786 1205 1834 quid
1221 1787 1330 1822 dam-
1355 1794 1382 1828 C
1401 1791 1586 1825 voluntas.
1608 1792 1689 1825 Imo
1706 1788 1781 1824 lime
1800 1787 1875 1823 duo
1899 1800 1974 1823 non
1990 1787 2204 1832 sufficiunt,
2224 1787 2292 1822 nisi
2313 1799 2387 1823 me-

339 1853 424 1890 net,
440 1845 496 1879 vel
519 1844 608 1892 quid
623 1843 820 1893 approbet.
842 1844 1057 1880 Delectctur
1073 1844 1251 1881 odoratus
1267 1846 1331 1881 illo

338 1904 556 1939 suavissimo
586 1903 703 1939 odore
736 1903 945 1939 dulcedinis
980 1903 1074 1951 ejus.
1110 1905 1214 1941 Odor
1250 1905 1332 1953 ejus

339 1962 435 1998 odor
455 1963 538 1998 vitat
559 1972 729 2007 aeternae,
754 1963 850 1998 odor
870 1965 983 1999 totius
1003 1964 1196 2000 suavitatis
1215 1973 1250 2001 et
1264 1964 1330 2013 ju—

339 2022 552 2058 cunditatis.
576 2023 783 2071 Repleatur
812 2035 854 2058 os
875 2035 1000 2058 meum
1032 2023 1161 2068 laude,
1184 2032 1225 2059 ut
1244 2037 1333 2060 can-

340 2088 412 2116 tem
437 2081 593 2129 gloriam
614 2089 734 2125 tuam,
754 2081 931 2117 altissime
952 2081 1112 2117 Domine
1134 2088 1156 2118 ¹.
1175 2082 1228 2118 Sit
1251 2095 1332 2119 me-

339 2140 470 2176 ditatio
484 2141 607 2177 cordis
622 2141 693 2177 mci
712 2141 748 2176 in
770 2148 975 2189 conspectu
995 2149 1060 2177 tuo
1078 2154 1226 2191 semper
1247 2147 1273 2188 ²,
1294 2150 1333 2179 ut

339 2207 374 2234 te
392 2199 531 2247 possim
548 2200 678 2235 videre
695 2199 885 2248 perfidem
903 2207 940 2235 et
956 2201 1330 2249 contemplationem,

339 2257 458 2293 donec
477 2271 621 2294 merear
636 2258 763 2294 videre
780 2258 871 2294 facie
888 2258 933 2294 ad
953 2259 1095 2295 faciem.
1108 2260 1332 2297 Clementis-

339 2316 429 2352 sime
444 2320 566 2360 Pater,
584 2317 674 2352 nihil
694 2317 730 2352 in
746 2316 854 2352 nobis
871 2325 988 2353 cesset
1006 2330 1025 2353 a
1043 2318 1151 2354 laude
1169 2327 1242 2355 tua.
1262 2322 1330 2355 Be-

339 2375 462 2419 nedic,
481 2376 604 2411 anima
621 2388 701 2410 mea
714 2403 723 2418 ,
739 2376 923 2420 Domino3
938 2384 975 2411 et
991 2377 1117 2412 onmia
1132 2390 1215 2425 ‹111ae
1235 2378 1330 2414 intra

341 2447 398 2470 me
417 2443 526 2479 sunt,
545 2434 690 2470 nomini
706 2442 834 2470 sancto
859 2433 939 2482 ejus
955 2433 980 2470 ³.
1001 2435 1174 2480 Benedic,
1190 2444 1225 2471 et
1246 2436 1303 2471 dic
1322 2450 1328 2470 :

363 2514 469 2544 Gloria
483 2538 490 2550 ,
509 2515 574 2545 laus
592 2520 621 2545 et
640 2514 741 2545 honor
758 2514 814 2545 tibi
834 2515 870 2545 sit
885 2538 891 2552 ,
908 2525 964 2545 rex
982 2515 1102 2547 Christe
1119 2516 1304 2558 redemptor.

1348 2565 1379 2597 l)

612 2638 789 2677 CAPUT
818 2639 1049 2678 XXXVHI.

489 2745 609 2775 Animae
625 2755 695 2775 cum
711 2748 778 2777 Deo
795 2745 934 2787 analogia
951 2752 980 2777 et
1000 2745 1179 2778 similitudo.

393 2849 452 2884 79.
485 2850 516 2886 O
535 2848 658 2884 anima
687 2862 788 2894 mea,
821 2849 851 2885 si
879 2849 934 2885 vis
956 2850 1073 2886 amari
1099 2864 1118 2886 a
1143 2854 1240 2894 Deo,
1268 2864 1329 2888 re-

338 2907 458 2942 forma
476 2907 513 2942 in
533 2915 568 2942 te
592 2907 790 2956 imaginem
813 2921 935 2954 suam,
963 2917 1001 2945 et
1021 2909 1160 2946 amabit
1182 2918 1217 2947 te
1243 2925 1250 2946 :
1275 2924 1333 2947 re-

337 2978 426 3013 para
444 2966 479 3000 in
496 2973 530 3001 te
550 2965 831 3003 similitudinem
849 2980 967 3012 suam,
985 2977 1022 3004 et
1039 2968 1264 3005 desiderabit
1282 2978 1327 3006 te.

337 3024 501 3059 Consilio
518 3037 680 3073 namque
695 3034 833 3062 sanctae
852 3026 1043 3063 Trinitatis
1063 3027 1110 3063 ad
1133 3028 1331 3076 imaginem

338 3091 373 3117 et
403 3083 686 3119 similitudinem
708 3099 810 3120 suam
834 3086 975 3121 creavit
993 3094 1026 3121 te
1053 3089 1206 3123 Creator
1228 3096 1330 3131 tuus3

338 3140 439 3188 quod
458 3142 547 3177 nulli
565 3143 671 3178 alteri
695 3157 739 3178 ex
763 3145 943 3180 creaturis
962 3145 1115 3180 donavit
1139 3159 1145 3178 :
1171 3155 1208 3182 ut
1229 3155 1330 3182 tanto

390 3273 395 3285 ¹
420 3268 683 3299 Ρη.·ι1.ικιι,3.ν
729 3275 737 3288 ²
759 3270 834 3299 l‘sal.
852 3282 954 3306 xxiii,
981 3275 1029 3300 151.
1071 3290 1086 3292 —

1119 3270 1222 3301 ³1¹⁵st
1247 3284 1314 3306 «ιι,
1344 3277 1366 3302 l.

1398 1849 1515 1884 moria
1542 1846 1723 1891 addatur,
1754 1860 1827 1894 qua
1849 1858 1997 1894 semper
2028 1846 2064 1881 in
2095 1854 2220 1881 mente
2249 1846 2388 1881 intelli-

1397 1906 1516 1955 gentis
1535 1914 1571 1941 et
1589 1905 1747 1941 volentis
1769 1912 1915 1940 maneat
1930 1907 2029 1940 Deus
2044 1917 2051 1939 ε
2069 1911 2111 1939 ut
2129 1904 2226 1939 sicut
2241 1903 2387 1939 nullum

1398 1973 1522 2014 potest
1543 1977 1622 2001 esse
1649 1971 1881 2000 momentum
1897 1991 1906 2008 ‚
1933 1976 2009 2011 quo
2034 1962 2147 1998 homo
2168 1975 2243 1998 non
2264 1970 2388 1998 utatur

1398 2025 1455 2059 vel
1487 2024 1630 2060 fruatur
1656 2023 1725 2059 Dei
1750 2022 1919 2058 bonitate
1944 2021 2003 2057 vel
2033 2021 2309 2065 misericordia;
2339 2021 2388 2058 ita

1399 2083 1544 2119 nullum
1580 2083 1627 2118 sit
1652 2089 1906 2125 momentum,
1935 2092 2013 2129 quo
2046 2093 2132 2116 eum
2164 2088 2386 2129 praesentem

1399 2155 1475 2178 non
1498 2141 1631 2178 habeat
1647 2142 1683 2177 in
1703 2141 1894 2178 memoria.

1693 2271 1868 2309 CAPUT
1897 2271 2087 2309 XXXIX.

1443 2395 1490 2422 De
1511 2392 1658 2433 dignitate
1678 2391 1803 2429 animm,
1825 2397 1860 2422 ut
1882 2402 1950 2432 quae
1969 2391 2124 2423 Cliristum
2142 2390 2340 2433 spiritualiter

1769 2445 1892 2487 gignere
1913 2445 2004 2475 valet.

1453 2557 1513 2592 80.
1545 2557 1714 2605 Intellige
1734 2556 1952 2605 dignitatem
1972 2566 2070 2593 tuam
2089 2585 2098 2601 ‚
2123 2555 2261 2593 nobilis
2281 2569 2385 2593 crea-

1396 2624 1496 2661 tura,
1515 2615 1692 2664 quoniam
1713 2628 1789 2651 non
1810 2616 1929 2651 solum
1956 2616 2129 2665 insignita
2147 2627 2185 2650 es
2206 2615 2274 2651 Dei
2291 2615 2386 2651 ima—

1395 2675 1501 2723 gine,
1524 2688 1657 2711 verum
1680 2675 1791 2711 etiam
1812 2674 1986 2711 decorata
2013 2673 2267 2711 similitudine.
2285 2674 2387 2711 Sicut

1395 2734 1493 2770 enim
1507 2736 1663 2770 Creator
1677 2741 1778 2779 tuus,
1794 2733 1857 2782 qui
1871 2742 1905 2769 te
1921 2732 1966 2769 ad
1984 2732 2266 2769 similitudinem
2283 2745 2385 2770 suam

1397 2793 1556 2838 creavit,
1577 2801 1631 2829 est
1651 2792 1831 2836 charitas,
1860 2791 2005 2835 bonus,
2027 2800 2064 2828 et
2087 2790 2236 2840 justus,
2264 2791 2386 2828 suavis

1398 2859 1434 2887 et
1463 2851 1582 2895 mitis,
1605 2851 1751 2900 patiens
1771 2859 1807 2886 et
1835 2850 2065 2896 misericors,
2083 2858 2119 2885 et
2138 2857 2272 2887 caetera
2295 2849 2386 2886 insi-

1397 2910 1482 2959 gnia
1508 2922 1592 2957 quae
1612 2909 1657 2944 de
1682 2922 1727 2944 eo
1750 2909 1924 2958 leguntur
1944 2923 1951 2943 :
1982 2908 2032 2944 ita
2053 2916 2090 2944 tu
2114 2916 2238 2944 creata
2257 2921 2319 2953 es,
2345 2916 2387 2944 ut

1397 2969 1612 3006 charitatem
1633 2968 1811 3013 haberes,
1830 2977 1867 3004 et
1891 2981 1989 3004 esses
2014 2967 2156 3004 munda
2181 2975 2218 3003 et
2239 2975 2384 3011 sancta,

1397 3028 1554 3078 pulchra
1571 3036 1608 3063 et
1624 3027 1759 3063 decora
1773 3056 1782 3073 ,
1801 3027 1899 3063 mitis
1920 3035 1957 3063 et
1972 3027 2134 3062 humilis.
2153 3029 2254 3073 Quas
2269 3025 2387 3061 virtu—

1400 3097 1453 3124 tes
1484 3095 1625 3136 quanto
1654 3087 1737 3136 plus
1758 3087 1797 3121 in
1830 3094 1867 3121 te
1895 3084 2067 3130 babebis,
2092 3093 2195 3120 tanto
2228 3085 2386 3133 propin-

1398 3146 1509 3195 quior
1528 3150 1606 3181 liro
1623 3145 1714 3189 eris,
1730 3152 1765 3180 et
1783 3143 1961 3191 majorem
1982 3143 2033 3178 tui
2055 3142 2268 3179 Conditoris
2283 3155 2388 3191 geres
