2418 3949
130 228 204 264 513

130 305 233 342 ribus
245 306 321 342 suis
341 305 583 342 incumbente
597 321 604 342 ε
616 306 744 342 veniat
757 336 765 352 ,
786 308 954 356 inquam,
971 306 1118 342 colum-

128 364 175 400 ba
191 392 199 408 ,
224 378 327 401 ramo
349 365 478 409 olivae,
502 365 539 401 id
559 374 614 401 est
634 378 737 401 ramo
762 366 974 402 refectionis
996 373 1032 401 et
1057 365 1116 400 lu-
1137 365 1167 398 A
1187 365 1375 400 vationem
1406 380 1412 400 :

129 424 260 470 minis,
283 438 411 473 pacem
433 425 660 461 annuntians
676 432 701 462 ¹.
718 426 932 462 Sanctificet
951 437 1020 460 nos
1039 437 1121 460 san-

128 484 233 519 ctitas
249 493 285 520 ct
298 485 542 521 sanctificatio
556 493 631 529 tna,
646 485 752 521 uniat
762 498 832 521 nos
843 485 966 521 unitas
983 492 1064 529 tua;
1079 491 1120 518 ut

127 546 208 579 Deo
224 544 289 592 qui
310 552 365 580 est
385 544 564 589 charitas,
584 545 689 580 velut
708 553 863 593 cognata
880 543 1039 592 quadam
1062 542 1119 578 af-

128 602 271 638 finitate
294 615 361 652 per
387 603 575 639 charitatis
602 616 740 639 nomen
763 604 968 648 sociemur,
992 610 1028 638 et
1051 614 1119 651 per

126 660 305 698 virtutem
325 662 490 699 nominis
507 663 694 699 uniamur.

185 721 242 757 18.
269 721 339 758 Sed
363 722 537 768 interest,
558 723 720 759 Domine
734 751 742 767 ,
764 722 957 771 quomodo
977 721 1063 770 quis
1084 729 1119 757 te

125 788 237 816 amet.
260 781 368 817 Multi
386 781 506 827 enim,
528 782 624 818 sicut
641 782 690 818 ait
708 782 860 831 quidam
881 794 902 817 a
923 789 958 817 te.
976 781 1119 817 illumi-

124 846 234 874 natus
245 867 254 884 ,
272 847 399 875 amant
412 840 606 876 veritatem
622 841 808 876 lucentem
823 869 832 886 ,
847 848 884 876 et
900 853 977 876 non
994 848 1121 876 amant

124 896 459 946 redarguentem23
476 898 737 948 justitiamque
757 899 863 935 multi
882 900 1012 936 colunt
1029 899 1122 936 asfe-

121 964 184 992 ctu
198 985 208 1002 ,
241 970 261 992 a
291 970 365 1007 qua
393 958 527 1007 procul
555 966 643 995 sunt
673 958 831 1002 effectu,
863 958 1119 1008 approbantes

120 1028 222 1062 eam,
256 1025 293 1053 et
323 1027 492 1054 amantes
520 1032 602 1054 eam
623 1019 660 1054 in
690 1031 728 1054 se
758 1019 860 1068 ipsa,
886 1031 962 1054 non
994 1028 1117 1054 autem

755 231 899 265 LIBER
928 231 991 265 DE
1021 230 1417 265 CONTEMPLANDO
1448 232 1556 265 ΠΕΟ.
2107 232 2178 268 514

1191 305 1257 341 tris
1277 318 1394 353 usque
1416 306 1461 341 ad
1482 307 1631 355 plenam
1657 306 1920 343 mandatorum
1944 306 2025 356 ers
2048 308 2182 345 obser-

1448 378 1675 414 rursumque
1709 366 1867 403 dilectus
1904 366 2028 403 dilecti
2047 396 2055 412 ,
2094 382 2180 404 cum

1187 424 1344 460 dilectus
1365 423 1571 472 discipulus
1598 424 1719 473 diligit
1745 426 1962 474 magistrum
1990 427 2178 464 Christum

1188 495 1306 531 usqne
1329 481 1375 518 ab
1395 482 1699 519 observationem
1727 485 1898 520 omnium
1920 485 2001 534 ejus
2022 487 2180 523 manda-

1186 550 1330 587 torum,
1361 550 1397 577 et
1429 555 1547 590 usque
1582 542 1628 577 ad
1659 543 1791 578 mortis
1819 545 2076 582 necessitatem
2102 560 2180 583 non

1184 600 1309 650 perdit
1330 601 1424 636 hanc
1443 601 1675 636 voluntatem
1692 629 1700 645 ,
1725 602 1761 636 in
1788 603 2061 641 illuminatione
2079 608 2179 642 veri-

1186 660 1268 695 tatis
1298 668 1335 695 et
1359 660 1499 695 amoris
1519 659 1621 707 ejus,
1647 659 1759 695 rebus
1783 661 1960 697 omnibus
1979 671 2016 698 et
2036 664 2180 701 idoneis

1184 718 1230 754 ad
1248 717 1411 763 bonum,
1426 726 1462 754 et
1476 719 1608 767 pronis
1627 719 1663 754 in
1684 720 1822 755 malum
1838 748 1847 765 ,
1869 729 1906 755 et
1923 721 2020 758 inter
2040 732 2181 761 utrum-

1185 791 1258 827 que
1276 776 1408 813 mediis
1422 775 1520 813 bene
1535 785 1644 813 utens
1662 777 1700 812 in
1718 776 1839 823 bono,
1858 779 1962 827 quod
1983 784 2178 832 proprium

1185 845 1240 873 est
1271 836 1483 873 christianae
1510 837 1672 872 virtutis.
1705 840 1771 872 Est
1796 838 1894 873 enim
1919 840 2057 887 virtus,
2088 844 2183 881 sicut

1181 899 1258 947 jam
1276 906 1361 933 ante
1383 910 1452 933 nos
1469 897 1610 933 dictum
1628 905 1705 942 est,
1725 896 1848 934 bonus
1867 911 1953 935 usus
1971 899 2099 938 liberae
2119 916 2182 939 vo-

1184 957 1339 993 luntatis
1368 970 1376 991 :
1411 969 1508 1005 opus
1542 969 1632 992 vero
1664 956 1839 1001 virtutis,
1877 956 2001 994 bonus
2031 960 2180 999 illarum

1185 1031 1309 1054 rerum
1336 1031 1443 1063 usus,
1466 1017 1605 1066 quibus
1630 1016 1740 1052 etiam
1764 1017 1859 1052 male
1885 1018 1939 1054 uti
1966 1032 2179 1067 possumus.

120 1084 338 1113 exercentes
370 1077 407 1113 in
441 1090 479 1114 se
511 1078 612 1127 ipsis.
645 1077 837 1126 Numquid
868 1077 927 1113 isti
962 1090 1048 1113 vere
1082 1080 1162 1114 teB
1187 1077 1328 1114 Exinde
1348 1091 1395 1114 ne
1417 1090 1547 1113 manca
1576 1076 1622 1112 sit
1651 1076 1831 1121 charitas,
1857 1076 2039 1115 docemur
2057 1093 2183 1119 amare

120 1143 265 1181 amant,
283 1149 305 1171 ο
326 1149 414 1172 vera
430 1136 577 1185 justitia
596 1138 722 1173 Deus?
741 1136 926 1184 numquid
947 1136 1007 1172 isti
1028 1149 1116 1172 vere

123 1203 156 1230 te
186 1197 338 1232 amant?
365 1197 585 1246 Philosophi
616 1195 749 1232 mundi
779 1195 889 1243 hujus
922 1196 1012 1232 olim
1034 1209 1115 1231 eam

120 1253 321 1290 coluerunt
347 1262 384 1290 et
405 1254 542 1290 affectu
569 1254 708 1290 amoris
722 1282 730 1298 ,
753 1262 790 1290 et
809 1254 946 1291 effectu
967 1255 1113 1304 operis,

119 1312 158 1348 in
183 1320 328 1349 tantum
349 1321 392 1349 ut
412 1313 602 1350 diceretur
621 1313 668 1350 de
687 1313 741 1350 eis
761 1312 807 1349 ab
827 1313 880 1350 eis
897 1327 904 1349 :

274 1440 415 1473 Oderunt
433 1452 561 1484 peccare
578 1441 654 1472 boni
671 1441 793 1473 virtutis
813 1452 919 1473 amore
933 1441 958 1474 3.

121 1554 192 1590 Sed
208 1555 489 1592 convincuntur
503 1555 686 1604 justitiam
704 1568 780 1591 non
799 1568 942 1592 amasse
958 1555 1117 1605 quinon

120 1622 343 1650 amaverunt
365 1623 418 1661 te,
440 1628 460 1651 a
481 1628 557 1664 quo
576 1615 659 1650 fons
679 1623 717 1650 et
734 1615 842 1664 origo
856 1643 865 1659 ,
889 1623 928 1651 et
947 1615 985 1650 in
1006 1627 1118 1663 quem

120 1672 205 1707 finis
221 1681 258 1708 et
279 1686 452 1710 recursus
470 1686 570 1710 verae
587 1673 765 1723 justitiae,
789 1682 826 1710 et
845 1674 925 1710 sinc
947 1687 1023 1723 quo
1041 1687 1120 1710 om-

121 1743 187 1767 nes
201 1730 356 1779 justitiae
378 1733 575 1769 hominum
591 1762 600 1778 ‚
622 1733 718 1769 sicut
738 1746 888 1782 pannus
909 1742 1121 1770 menstrua-

122 1798 179 1826 tae.
209 1795 292 1827 Non
325 1792 425 1828 enim
454 1791 647 1828 habebant
677 1793 787 1829 iidem
819 1806 903 1842 quae
931 1806 1001 1842 per
1028 1792 1122 1828 dile—

1183 1137 1400 1185 proximum
1423 1135 1630 1173 secundum
1657 1136 1775 1183 legem
1801 1134 1990 1172 eharitatis
2012 1151 2146 1186 puram
2175 1157 2182 1177 ;

1182 1203 1243 1240 ut,
1267 1196 1363 1232 sicut
1379 1200 1481 1233 Deus
1502 1195 1654 1231 nonnisi
1671 1207 1709 1230 se
1730 1194 1853 1243 ipsum
1875 1203 1975 1231 amat
1995 1195 2032 1232 in
2054 1198 2183 1244 nobis,

1182 1263 1219 1291 et
1235 1268 1304 1291 nos
1319 1256 1440 1292 solnm
1458 1259 1580 1292 Deum
1599 1254 1758 1290 dicimus
1776 1266 1923 1299 amare3
1941 1255 1990 1291 ita
2006 1264 2043 1292 et
2058 1260 2186 1306 proxi-

1184 1328 1285 1351 mum
1307 1315 1402 1351 sicut
1419 1328 1488 1351 nos
1505 1314 1730 1363 incipiamus
1746 1326 1892 1358 amare,
1910 1314 1946 1349 in
1964 1328 2041 1363 quo
2061 1318 2184 1354 solum

1182 1378 1304 1411 Deum
1325 1387 1492 1410 amamus
1513 1374 1609 1410 sieut
1626 1373 1663 1408 in
1686 1371 1795 1408 nobis
1816 1372 1917 1421 ipsis.

1236 1434 1298 1470 20.
1332 1433 1404 1471 Sed
1438 1432 1603 1482 utquid,
1636 1431 1824 1477 Domine,
1860 1440 1915 1468 tot
1944 1433 2087 1471 verba?
2114 1438 2186 1473 Sed

1184 1493 1285 1529 nuda
1305 1502 1380 1538 est,
1415 1493 1604 1536 Domine,
1627 1500 1664 1527 et
1690 1490 1811 1540 gelida
1833 1499 1869 1527 et
1896 1492 2024 1540 algens
2051 1495 2186 1533 misera

1184 1554 1308 1589 anima
1323 1567 1421 1598 mea,
1440 1562 1476 1589 et
1494 1552 1711 1589 desiderans
1727 1552 1889 1588 calefieri
1904 1553 2029 1589 calore
2045 1557 2186 1593 amoris

1188 1613 1254 1649 tui.
1279 1613 1370 1649 Ideo
1400 1621 1541 1649 vestem
1570 1625 1646 1647 non
1674 1610 1839 1656 habens,
1869 1613 2092 1660 panniculos
2118 1615 2187 1653 hos

1187 1672 1455 1721 undecumque
1482 1672 1660 1707 collectos
1688 1671 1872 1706 contraho
1902 1680 1939 1707 et
1965 1685 2108 1711 consuo
2139 1676 2185 1712 ad

1189 1731 1385 1781 tegendam
1414 1731 1620 1767 nuditatem
1645 1743 1787 1775 meam3
1809 1738 1846 1766 et
1874 1744 1949 1766 nnn
1975 1741 2014 1768 ut
2039 1735 2189 1784 sapiens

1188 1792 1249 1828 illa
1267 1795 1472 1841 Sareptana
1499 1791 1575 1826 duo
1594 1791 1714 1839 ligna,
1736 1789 1799 1825 sed
1821 1791 1994 1827 surculos
2012 1793 2102 1829 istos
2120 1796 2191 1831 mi·-

120 1850 282 1887 ctionem
313 1861 517 1902 operatur,
551 1853 636 1888 licet
666 1853 879 1889 affectatum
914 1852 1116 1902 quemdam
1136 1851 1163 1886 C
1186 1861 1318 1898 nutos,
1344 1851 1390 1887 dc
1414 1850 1552 1887 deserti
1570 1850 1643 1886 mei
1663 1849 1854 1894 vastitate,
1880 1849 1926 1886 de
1956 1851 2081 1888 cordis
2113 1855 2184 1890 mei

120 1920 307 1955 amorem,
332 1919 370 1947 et
389 1924 506 1960 opera
535 1911 708 1960 quaedam
731 1911 914 1949 haberent
940 1912 1119 1949 honesta-

121 1967 166 2003 tis
185 1982 193 2003 :
214 1981 297 2017 quae
317 1971 404 2019 quia
422 1985 469 2007 ex
491 1972 593 2008 fonte
612 1985 711 2008 verae
730 1972 886 2021 justitiae
907 1985 983 2008 non
1003 1972 1120 2022 prod-

119 2027 246 2074 ibant,
270 2030 395 2066 necin
426 2044 524 2067 verae
549 2031 704 2080 justitiae
725 2034 837 2068 linem
859 2032 983 2079 ibant,
1013 2041 1117 2068 tanto

120 2087 354 2137 desperatius
368 2089 565 2136 errabant,
581 2100 725 2139 quanto
744 2092 877 2127 fortius
897 2100 1003 2128 extra
1019 2092 1117 2128 viam

119 2147 333 2185 currebant.
360 2149 425 2186 Via
449 2150 572 2195 enim,
606 2154 737 2196 Pater,
759 2151 927 2188 Christus
948 2160 1034 2188 tuus
1054 2152 1119 2201 qui

119 2200 215 2242 {lixit
233 2221 241 2243 :
262 2210 343 2257 Ego
361 2223 438 2244 sum
459 2214 526 2245 υἰα
541 2238 550 2255 ,
574 2215 716 2246 veritas
733 2220 766 2246 et
784 2216 863 2246 vita
878 2211 903 2246 ³⁸.

477 2335 652 2374 CAPUT
682 2337 754 2375 IX.

225 2443 375 2474 Amorem
394 2449 536 2474 constare
554 2444 752 2476 observantia
772 2452 1011 2488 praeceptoruin.

175 2561 233 2596 19.
255 2561 401 2598 Veritas
422 2575 512 2611 ergo
536 2571 620 2608 tua,
644 2564 700 2599 vel
724 2564 798 2600 vita
820 2564 866 2600 ad
884 2578 996 2613 quam
1019 2564 1116 2608 itur,

1187 1913 1351 1962 spatiosa
1371 1911 1508 1959 colligo
1526 1911 1709 1955 vanitate,
1724 1910 1982 1959 utaliquando
1998 1912 2190 1961 ingrediar

1186 1973 1224 2009 in
1256 1971 1540 2008 tabernaculum
1574 1970 1711 2006 domus
1732 1983 1824 2005 meae
1837 1999 1846 2015 ,
1877 1979 1913 2006 et
1945 1971 2075 2008 faciam
2099 1974 2187 2010 mihi

1188 2032 1234 2068 de
1257 2032 1398 2081 pugillo
1419 2031 1570 2075 farinae,
1595 2038 1630 2065 et
1653 2029 1699 2065 de
1722 2029 1855 2078 hydria
1878 2031 1974 2075 olei,
1998 2040 2035 2067 et
2054 2046 2185 2069 come-

1185 2092 1269 2128 dam
1288 2100 1324 2127 et
1341 2091 1500 2135 moriar,
1521 2090 1579 2125 vel
1598 2103 1674 2125 non
1695 2098 1766 2125 tam
1784 2090 1858 2126 cito
1877 2091 2018 2127 moriar
2032 2099 2044 2121 7
2067 2107 2073 2127 :
2096 2094 2186 2140 imo,

1185 2151 1367 2194 Domine,
1386 2162 1462 2185 non
1482 2148 1640 2192 moriar,
1658 2147 1721 2183 scd
1738 2148 1861 2183 vivam
1880 2157 1916 2184 et
1929 2162 2078 2186 narrem
2097 2165 2184 2201 ope-

1186 2224 1224 2246 ra
1246 2210 1398 2247 Domini
1413 2207 1439 2244 8.
1475 2212 1582 2245 Stans
1614 2207 1729 2256 igitur
1761 2208 1797 2243 in
1828 2207 1943 2244 domo
1971 2210 2185 2248 solitudinis

1184 2270 1291 2319 quasi
1313 2282 1454 2317 onager
1473 2267 1688 2311 solitarius,
1712 2275 1749 2302 et
1768 2266 2021 2304 habitaculum
2044 2269 2185 2308 habens

1185 2329 1222 2364 in
1245 2337 1343 2364 terra
1363 2326 1580 2376 salsuginis,
1601 2335 1637 2362 et
1657 2325 1850 2361 attrahens
1871 2335 2026 2363 ventum
2048 2330 2186 2365 amoris

1185 2389 1257 2425 mei
1272 2395 1300 2433 ⁹,
1315 2401 1357 2423 os
1374 2400 1497 2423 meum
1515 2387 1645 2435 aperio
1660 2386 1705 2421 ad
1723 2394 1774 2431 te,
1790 2387 1971 2432 Domine,
1986 2397 2022 2423 et
2036 2390 2184 2426 attraho

1185 2449 1372 2499 spiritum.
1390 2450 1435 2483 Et
1452 2459 1750 2494 nonnunquam,
1768 2447 1930 2482 Domine
1942 2476 1950 2491 ,
1964 2449 2069 2496 quasi
2087 2449 2186 2486 elau-

1185 2510 1233 2545 sis
1247 2509 1366 2545 oculis
1387 2507 1433 2543 ad
1453 2516 1488 2543 te
1506 2507 1665 2542 inhianti
1689 2507 1803 2542 mittis
1823 2507 1912 2542 mihi
1931 2509 1965 2543 in
1989 2521 2030 2545 os
2048 2510 2186 2556 cordis,

1184 2568 1287 2619 qnod
1316 2581 1392 2604 non
1423 2567 1509 2603 licet
1544 2567 1633 2602 mihi
1667 2567 1761 2602 scire
1789 2566 1879 2614 quid
1911 2567 1968 2603 sit.
2003 2570 2183 2618 Saporem

119 2619 178 2655 Via
208 2632 277 2668 pet·
297 2633 408 2669 quam
438 2621 530 2666 itur,
555 2635 681 2658 veram
713 2632 749 2659 et
776 2624 983 2674 si1111)li‹·em
1006 2623 1117 2660 nobis
1135 2625 1167 2659 D
1187 2628 1338 2679 quidem
1369 2627 1510 2672 sentio,
1543 2625 1690 2661 dulcem
1717 2625 1829 2669 adeo,
1861 2639 2012 2662 suavem
2035 2629 2130 2665 adeo
2150 2638 2186 2665 et

119 2677 297 2714 describit
318 2679 477 2716 sormam
505 2680 643 2717 divinae
666 2690 703 2717 et
729 2695 826 2718 vcrae
844 2683 1113 2732 philosophias,

118 2737 248 2774 dicens
264 2738 310 2774 ad
329 2739 536 2789 discipulos
555 2753 642 2777 suos
663 2755 670 2776 :
695 2744 795 2777 Sicut
811 2745 952 2778 slaswic
969 2757 1026 2777 me
1040 2744 1117 2777 Ρα-

118 2805 188 2841 ter,
209 2807 245 2833 et
258 2812 323 2847 ego
339 2801 460 2835 (lilercl
478 2813 556 2836 vos.
578 2802 734 2836 Manete
748 2807 784 2836 in
801 2804 998 2838 dilectione
1015 2817 1111 2838 meu.

119 2858 157 2889 Si
169 2867 365 2906 praecepta
387 2873 469 2894 mea
489 2866 715 2896 servaveritis
730 2890 738 2904 ‚
760 2862 954 2897 numebiee's
971 2867 1007 2897 in
1022 2865 1115 2897 (lile-

119 2917 235 2948 ctione
264 2931 367 2962 mea,
399 2924 494 2954 sicut
522 2929 557 2954 et
577 2934 642 2968 ego
664 2930 857 2968 praecepta
887 2924 1013 2957 Part-(s
1040 2927 1112 2957 mei

118 2977 270 3015 servavi,
289 2984 325 3009 et
343 2991 476 3013 mauro
495 2984 532 3014 iu
551 2982 628 3026 ejus
649 2983 846 3015 dilectione
858 2985 884 3016 ⁵.
904 2985 999 3018 Ecce
1020 2982 1113 3018 dile-

119 3039 200 3068 ctus
215 3032 340 3068 dilecti
355 3063 363 3080 ,
378 3034 473 3070 sicut
488 3038 526 3073 in
544 3040 692 3074 Psalmo
708 3039 844 3086 legitur
856 3038 884 3084 ⁶,
906 3054 989 3076 eum
1006 3045 1115 3077 Pater

119 3089 239 3139 diligit
259 3091 413 3139 Filium,
434 3101 471 3129 et
490 3094 605 3131 Filius
626 3106 751 3133 manet.
773 3098 809 3133 in
831 3098 1034 3136 dilectione
1055 3104 1115 3137 [πι-

1182 2688 1483 2731 confortantem,
1515 2694 1557 2721 ut
1583 2686 1612 2720 si
1641 2686 1887 2734 perficeretur
1915 2686 1951 2721 in
1978 2700 2056 2731 me,
2091 2689 2182 2725 nihil

1183 2748 1281 2785 ultra
1296 2759 1505 2795 quaerereni
1525 2759 1531 2779 ;
1554 2745 1618 2780 sed
1635 2758 1720 2779 euni
1742 2745 1930 2793 accipiens
1945 2774 1953 2789 ,
1978 2747 2081 2782 nullo
2100 2762 2184 2783 eoi·-

1184 2807 1287 2856 poris
1316 2806 1396 2841 visu
1414 2834 1422 2849 ‚
1446 2805 1550 2839 nullo
1577 2804 1710 2839 animae
1734 2818 1843 2839 sensu
1862 2833 1869 2843 ,
1903 2806 2007 2841 nullo
2030 2808 2184 2851 spiritus

1183 2866 1378 2902 intellectu
1399 2864 1595 2900 advertere
1615 2877 1672 2898 me
1692 2864 1878 2912 permittis
1900 2865 1990 2913 quid
2009 2867 2067 2902 sit.
2090 2871 2181 2904 Cum

1183 2938 1384 2973 accepero,
1402 2934 1529 2959 tenere
1543 2933 1576 2958 et
1595 2923 1784 2958 ruminare
1801 2937 1814 2957 x
1827 2925 1908 2963 olo,
1924 2933 1957 2959 et
1977 2925 2185 2973 dijudicare

1181 2985 1262 3034 ejus
1281 2997 1453 3034 saporem
1478 2998 1483 3018 :
1511 2983 1574 3018 sed
1594 2983 1718 3018 statim
1740 2984 1882 3019 transit.
1904 2986 2078 3033 Deglutio
2100 2988 2184 3035 qni-

1183 3045 1266 3081 ‹letn
1301 3044 1411 3087 illud,
1444 3042 1629 3091 quidquid
1665 3042 1754 3078 illud
1785 3052 1835 3078 est
1856 3072 1863 3081 ,
1891 3044 1926 3079 in
1964 3058 2066 3093 spem
2100 3048 2184 3083 κίκι·

1184 3112 1334 3140 zetertue
1354 3119 1360 3139 ε
1384 3103 1448 3138 sed
1476 3102 1708 3152 operationis
1727 3102 1807 3150 ejus
1832 3103 2007 3139 xirtuteni
2028 3104 2090 3140 diu
2119 3120 2183 3141 ru-

167 3228 177 3243 ¹
197 3226 276 3254 Gen·
295 3235 369 3255 vul·
385 3243 429 3248 —
453 3233 463 3248 ²
487 3230 518 3259 S.
540 3229 752 3269 Augustinus,
779 3231 1016 3263 Confessionuni
1036 3234 1115 3265 libro
1140 3240 1197 3272 tt),
1222 3248 1288 3278 eap.
1315 3240 1355 3267 213
1373 3262 1379 3273 ‚
1401 3248 1431 3267 u.
1454 3239 1505 3267 333„
1528 3256 1570 3258 -ffi
1590 3236 1603 3257 3
1626 3237 1792 3272 lloratim,
1818 3238 2024 3278 Epistol-niun
2051 3239 2129 3268 tntu-1»
2153 3244 2179 3272 1,

119 3274 206 3316 epist.
232 3278 269 3305 10
286 3300 293 3313 ‚
319 3288 398 3308 xers.
427 3282 480 3309 52.
504 3300 546 3303 —
574 3281 587 3305 4
605 3284 696 3312 Joan.
723 3288 844 3321 x1v‚t3,

122 3325 134 3346 ⁸
150 3328 227 3358 l'sal.
246 3340 349 3364 '‘xVH.
376 3333 424 3360 17.
445 3351 461 3354 «
475 3352 481 3353 ff
497 3338 511 3354 ‘¹
532 3337 647 3365 ,len-ni.
671 3347 708 3372 ιι,
729 3339 779 3366 ἶ)ἰ.

254 3400 341 3422 Tou.
376 3401 407 3423 V.

936 3283 947 3304 f*
968 3286 1012 3316 Μ4
1037 3299 1090 3323 u,
1111 3293 1149 3325 a,
1174 3292 1226 3319 to.
1316 3288 1330 3307 ’θ

1359 3290 1556 3323 Malam-11,
1583 3294 1631 3320 tlt.
1655 3309 1690 3312 —
1714 3296 1725 3318 Τ
1746 3293 1787 3319 ΙΙΙ
1808 3293 1869 3323 tte:
1899 3302 1983 3324 xxti,
2012 3294 2123 3321 itt-1¹3,

2019 3404 2056 3426 1-
