2504 3928
288 189 362 223 (3:³5

1081 191 1317 227 GAUl-'Rlnt
1348 195 1545 229 AnnA'rls

2257 198 2332 233 <536

287 278 399 313 quam
430 263 597 300 mundo?
625 267 669 300 Et
699 264 848 300 attende
865 264 969 313 quod
994 267 1102 302 Petro
1118 266 1331 315 quidem³⁰³
1344 269 1456 314 odio,
1491 269 1554 305 sed
1579 283 1624 305 ex
1651 269 1913 306 incredulitate
1941 270 2149 307 detrectas?
2177 275 2267 309 Nam
2294 273 2330 309 id

289 324 474 360 Dominus
495 331 637 359 tautum
659 322 705 358 de
737 323 862 358 l'uturo
891 323 1085 373 respondit
1117 340 1123 360 :

289 384 387 419 enim
411 395 524 431 super
554 382 609 417 his
630 395 714 430 quse
743 382 1010 431 experiebatur
1034 385 1281 432 praesentiali-

291 449 366 485 ter,
390 440 560 476 haesitare
582 448 753 489 poterat,
782 449 845 476 aut
869 455 965 490 opus
987 441 1147 478 babebat
1170 443 1282 479 iuter-

291 512 433 547 rogare.
464 499 633 547 Denique
660 512 758 545 non,
793 499 891 546 Quid
918 499 1026 537 uobis
1051 503 1132 537 est?
1163 501 1280 548 dixit;

290 558 353 594 sed
369 586 377 602 ‚
396 560 490 606 quid
505 563 571 593 erit
592 564 598 579 ¹
616 559 630 593 Ρ

344 619 406 653 56.
431 622 489 654 An
516 630 607 653 vero
621 617 704 666 quis
725 616 874 653 dubitat
890 617 1061 654 instantis
1085 633 1164 655 esse
1185 627 1280 655 tem-

291 677 395 726 poris
437 676 604 725 centupli
643 676 933 725 promissionem
954 680 968 712 2>
1010 679 1205 715 Manil'este
1244 678 1280 714 id

291 736 444 786 quidem
475 737 554 786 ipsa
586 736 790 772 verborum
826 739 1095 786 consequentia
1128 738 1280 787 probat3

292 795 357 832 ubi
378 796 597 846 centuplum
614 797 804 845 accepturi
819 825 828 842 ,
846 805 882 832 et
896 798 1103 845 possessuri
1122 798 1283 834 dicimur

292 857 406 892 vitam
437 865 627 893 aeternam.
649 859 833 893 Creterum
856 870 901 891 ne
925 857 1008 905 quis
1030 858 1186 893 omuino
1208 858 1280 893 iin-

291 915 653 966 pudenti1·emaneat
673 914 918 951 obstinationi
940 917 1042 952 locus
1057 944 1066 960 ,
1089 917 1195 953 mitto
1216 930 1282 952 vos

293 976 339 1012 ad
369 976 610 1025 Evangelium
638 975 843 1011 secundum
876 979 1067 1022 Marcum,
1098 975 1161 1012 ubi
1188 990 1283 1025 pro-

1157 339 1280 374 neque
1298 331 1325 363 A
1346 329 1453 373 milii,
1477 330 1606 374 l'ateor,
1625 328 1840 366 credibilius
1868 338 1935 366 est.
1963 333 2080 366 Nemo
2107 331 2205 367 enim
2233 332 2332 380 peri-

1348 400 1386 422 re
1405 388 1519 435 magis
1537 397 1682 436 optaret
1702 388 1864 424 minima*
1883 387 2090 437 cujuspiam
2109 390 2333 426 consolatio-

1348 446 1403 481 nis
1435 446 1614 491 obtentu,
1641 460 1751 495 quam
1781 448 1940 483 maxima
1970 461 2053 483 cum
2082 449 2333 486 exsultatione

1347 507 1493 542 salvari.
1517 506 1586 544 Sed
1616 520 1690 543 non
1714 516 1768 543 est
1797 508 1966 543 omnium
1996 507 2107 552 lides,
2131 521 2176 545 ne
2201 522 2332 545 eorum

1348 565 1500 615 quidem
1531 567 1594 615 qui
1632 567 1782 602 nomine
1814 576 1921 603 tenus
1951 576 2036 603 sunt
2064 567 2202 604 lideles.
2230 572 2334 605 Pote-

1348 639 1424 662 ram
1449 640 1536 662 sane
1557 627 1761 662 multorum
1784 626 1890 662 vobis
1906 627 2076 675 exempla
2094 640 2332 676 proponere,

1347 687 1484 721 multos
1508 685 1717 734 producere
1737 694 1846 722 testes
1861 715 1870 731 ‚
1891 686 1954 735 qui
1986 686 2022 722 id
2051 687 2220 735 profecto
2241 687 2335 723 sicut

1347 745 1563 790 credidere,
1598 746 1649 780 sic
1687 745 1874 790 sentiunt3
1907 745 2000 781 sicut
2031 745 2252 790 audierunt,
2283 745 2335 782 sic

1347 804 1606 853 experiuntur.
1643 803 1821 840 Abundat
1852 804 2068 852 hujusmodi
2099 806 2333 849 testimoniis,

1348 864 1565 912 hujusmodi
1595 863 1823 900 carbonibus
1848 864 2082 901 desolatoriis
2098 894 2107 910 ,
2125 866 2248 902 omnis
2267 879 2337 902 na-

1349 924 1419 968 tio,
1442 923 1544 972 regio
1575 924 1697 959 omnis
1727 932 1763 959 et
1786 925 1908 960 omnis
1939 925 2080 972 lingua,
2108 924 2335 973 ubicumque

1349 991 1561 1019 sanctorum
1582 983 1822 1031 congregatio
1849 991 1916 1018 est.
1937 982 2007 1019 Sed
2031 983 2182 1032 quando
2201 984 2336 1019 liuma-

294 1036 420 1072 missio
452 1034 581 1071 eadem
603 1034 789 1083 descripta
818 1035 1049 1071 manifestius
1077 1035 1280 1070 invenitur.
1304 1038 1328 1071 B
1350 1043 1407 1078 nis
1427 1042 1554 1078 credat
1578 1042 1847 1091 experimentis
1865 1070 1874 1087 ‚
1894 1043 1956 1091 qui
1985 1043 2135 1078 Veritati
2157 1055 2233 1078 non
2253 1056 2336 1078 cre..

291 1095 354 1132 Ait
374 1095 472 1131 enim
491 1094 695 1131 Dominus:
715 1097 831 1129 Nemo
851 1103 904 1129 est
924 1100 988 1142 qni
1006 1097 1198 1142 reliquerit
1212 1108 1282 1142 pit-

291 1164 382 1191 trem
398 1184 407 1198 ‚
429 1165 496 1191 aut
524 1164 702 1197 matrem,
737 1164 802 1189 aut
819 1154 946 1200 filios,
979 1163 1044 1189 (lut
1066 1168 1186 1201 agros,
1217 1163 1284 1189 ιιιιί

289 1217 436 1250 domum
449 1223 606 1263 propter
619 1227 689 1258 me,
713 1223 748 1249 et
762 1222 919 1261 propter
932 1215 1172 1262 Evangelimn
1192 1242 1201 1257 ,
1217 1218 1282 1261 (μιί

294 1287 368 1310 non
402 1278 567 1322 aci-ipim
597 1277 731 1308 centies
758 1282 900 1308 tantum
932 1286 1028 1307 utine
1056 1277 1094 1307 ιἸι
1122 1281 1284 1320 tempore

293 1335 360 1370 hoc
377 1341 404 1370 ².
429 1337 553 1382 Atque
568 1341 609 1368 ut
629 1332 889 1368 vehementius
906 1331 1112 1367 admiretur
1127 1331 1285 1367 carnalis

294 1393 435 1437 anima,
458 1405 532 1428 non
561 1391 772 1440 percipiens
797 1403 881 1439 quae
911 1399 998 1426 sunt
1020 1390 1173 1438 spiritus
1192 1390 1282 1435 Dei,

292 1451 357 1488 sed
383 1451 577 1487 stultitiam
597 1457 776 1499 reputans
792 1477 801 1494 ,
829 1448 932 1485 addit
960 1449 1172 1497 signanter,
1205 1463 1284 1484 cum

287 1509 617 1559 persecutionibus.
650 1512 762 1546 Forte
800 1508 901 1544 enim
935 1521 1021 1544 cum
1054 1508 1218 1544 audisset
1246 1508 1285 1544 in

293 1579 463 1619 tempore
483 1569 554 1605 boc
574 1569 794 1618 centuplum
818 1568 1013 1618 promitti,
1045 1567 1285 1616 conjectaba-

294 1638 356 1665 tur
384 1629 493 1665 etiam
516 1627 562 1664 de
590 1626 862 1678 temporalibus
883 1627 1053 1664 exhiberi
1076 1642 1084 1664 :
1109 1627 1172 1664 sed
1191 1641 1285 1678 prae-

292 1689 382 1738 ripit
401 1688 502 1724 hunc
532 1687 762 1724 intellectum
785 1700 924 1723 nomen
955 1686 1125 1723 additum
1153 1700 1285 1735 perse-

292 1753 460 1784 cutionis.
487 1747 585 1795 Quid
609 1747 709 1783 enim
738 1755 895 1782 terrenae
916 1755 971 1782 est
990 1747 1261 1783 consolationis
1275 1775 1284 1792 ,

1348 1103 1401 1139 dit
1422 1103 1680 1151 promittenti?
1696 1101 1792 1138 Illud
1812 1115 1881 1150 ego
1897 1102 2156 1137 vehementius
2173 1101 2337 1137 arbitror

1347 1162 1608 1198 admirandum
1625 1191 1634 1206 ‚
1655 1161 1755 1210 quod
1785 1161 1911 1197 lideles
1942 1161 2056 1209 magis
2087 1161 2123 1196 in
2148 1161 2334 1205 maximo,

1347 1235 1459 1270 quam
1481 1222 1517 1257 in
1540 1221 1686 1257 modico
1705 1221 1918 1257 videamini.
1936 1224 2032 1257 Num
2059 1221 2091 1257 ei
2113 1221 2261 1257 difficile
2281 1229 2338 1257 est

1349 1280 1438 1316 dare
1464 1281 1682 1330 centuplum
1708 1281 1744 1316 in
1775 1281 1970 1329 praesenti,
1999 1280 2063 1329 qui
2093 1280 2249 1316 daturus
2281 1288 2337 1315 est

1349 1340 1462 1375 vitam
1484 1348 1658 1375 aeternam
1675 1340 1712 1376 in
1730 1340 1886 1376 futuro?
1906 1340 1978 1388 Qui
1995 1339 2150 1376 daturus
2164 1338 2337 1388 estquod

1352 1409 1420 1432 nec
1438 1397 1569 1433 oculus
1586 1396 1697 1441 vidit,
1728 1410 1796 1432 nec
1816 1397 1916 1432 auris
1936 1396 2097 1440 audivi-t,
2125 1409 2193 1432 nec
2217 1396 2254 1432 in
2272 1408 2338 1432 cor

1350 1453 1513 1491 hominis
1541 1455 1733 1501 ascendit,
1764 1468 1839 1491 non
1867 1454 1981 1491 modo
2004 1455 2222 1504 centuplum
2249 1454 2338 1492 dare

1350 1515 1504 1564 potest?

1605 1625 1738 1654 XLVII.
1752 1639 1796 1644 —-
1810 1624 1857 1653 De
1879 1621 1986 1653 labore
1998 1622 2082 1653 sicto.

1404 1748 1466 1784 58.
1485 1745 1555 1783 Sed
1570 1745 1782 1795 quomodo,
1802 1745 1947 1794 inquis,
1972 1753 2130 1794 possunt
2145 1744 2223 1781 haec
2238 1745 2341 1782 fieri?

292 1807 394 1857 quod
414 1820 488 1843 non
506 1806 612 1843 facile
631 1815 778 1842 terrena
802 1805 1015 1854 persecutio
1038 1805 1169 1841 tollat?
1189 1805 1288 1853 Quid
1305 1810 1332 1845 C
1351 1809 1433 1854 Qua
1461 1805 1605 1842 ratione
1629 1804 1764 1854 accipit
1790 1804 2030 1853 centuplum,
2061 1804 2124 1853 qui
2153 1804 2243 1840 nihil
2269 1804 2338 1841 sibi

293 1877 484 1904 terrenum
517 1866 615 1902 inter
650 1865 932 1915 persecutiones
962 1865 1081 1901 sancti
1102 1873 1285 1913 martyres

293 1934 537 1977 acceperunt,
556 1925 710 1975 quando
730 1933 767 1961 et
796 1925 877 1974 ipsa
902 1938 1055 1973 quoque
1086 1923 1283 1960 beatorum

291 2000 495 2036 corporum
529 1994 628 2021 terra
656 1984 742 2021 data
766 1992 823 2021 est
854 1985 892 2020 in
922 1996 1055 2020 manus
1087 1983 1284 2019 hominum

293 2046 524 2095 impiorum?

546 2162 662 2191 XLVI.
676 2178 720 2182 —-
735 2162 782 2190 De
798 2159 1028 2190 incredulitate.

345 2283 406 2319 57.
432 2281 587 2317 Interim
618 2289 741 2316 tamen
773 2279 1040 2329 undecumque
1066 2279 1284 2328 centuplum

287 2341 361 2377 sint
377 2340 591 2389 accepturi,
621 2339 830 2376 dummodo
859 2339 905 2375 sit
926 2339 1168 2388 centuplum,
1193 2338 1282 2374 dum

290 2401 410 2437 valeat
429 2399 711 2448 centupliciter,
730 2398 995 2447 centupliciter
1013 2399 1177 2447 placeat,
1192 2410 1285 2433 con-

291 2461 455 2505 soletur,
489 2459 676 2504 delectet,
707 2467 854 2494 ametur
887 2472 895 2493 z
925 2457 1015 2506 quid
1045 2457 1196 2492 insaniae
1233 2464 1288 2493 est

292 2519 396 2569 quod
433 2527 660 2555 cunctantur
696 2518 868 2553 homines
907 2517 1119 2565 relinquere
1155 2516 1288 2565 simpla

1351 1866 1501 1915 reliquit
1519 1879 1563 1902 ex
1581 1864 1779 1901 omnibus?
1794 1868 1936 1914 Nempe
1951 1865 2020 1901 hoc
2039 1863 2210 1914 estquod
2226 1865 2339 1914 paulo

1349 1934 1436 1962 ante
1456 1925 1749 1961 commemoravi
1768 1939 1776 1960 ;
1799 1926 1924 1959 Tollite
1937 1929 2070 1972 jugum
2099 1937 2218 1959 meum
2234 1938 2344 1973 snper

1351 1999 1431 2029 vos,
1453 1993 1486 2020 et
1509 1987 1695 2019 invenietis
1727 1987 1888 2031 requiem
1909 1983 1938 2018 3.
1972 1983 2066 2019 Mira
2090 1983 2256 2029 novitas,
2276 1976 2341 2019 sed

1351 2043 1433 2092 ejus
1453 2043 1517 2092 qui
1535 2056 1634 2078 nova
1654 2042 1781 2078 omnia
1802 2042 1898 2078 facit.
1922 2046 2057 2091 Jugmn
2080 2042 2215 2078 tollens
2236 2042 2342 2079 inve-

1352 2104 1406 2140 nit
1428 2103 1618 2152 requiern3
1644 2102 1860 2151 relinquens
1878 2102 2026 2147 omnia,
2047 2102 2264 2151 centuplum
2280 2102 2342 2139 ha-

1352 2163 1428 2200 bet.
1448 2166 1613 2200 Noverat
1629 2162 1700 2198 hoc
1721 2170 1758 2198 et
1776 2162 1836 2198 ille
1855 2162 2033 2198 nimirum
2062 2161 2177 2198 homo
2202 2175 2343 2198 secun-

1352 2223 1441 2259 dum
1471 2236 1537 2258 cor
1565 2222 1655 2265 Dei,
1680 2221 1743 2270 qui
1772 2221 1805 2257 ei
1839 2220 2066 2270 loquebatur
2099 2221 2137 2257 in
2166 2222 2338 2258 Psalmo:

1351 2284 1546 2329 qumquitl
1570 2282 1737 2316 adlicere!
1769 2281 1836 2316 tibi
1870 2283 1976 2316 seiles
2011 2283 2219 2328 iniquilatis
2234 2310 2244 2325 ,
2280 2285 2345 2328 qui

1338 2343 1461 2389 fingis
1477 2339 1638 2376 laborem
1665 2344 1702 2374 ite
1717 2340 1936 2387 proeceptifl'
1955 2340 1969 2374 ?
1991 2343 2048 2376 An
2077 2352 2152 2375 non
2178 2340 2284 2375 [lctus
2304 2339 2341 2375 in

1351 2407 1541 2450 praecepto
1566 2397 1695 2442 labor,
1716 2411 1812 2433 onus
1826 2398 1926 2441 leve,
1946 2410 2058 2434 suave
2072 2397 2203 2447 jugum
2218 2427 2227 2443 ‚
2249 2411 2341 2434 crux

1354 2460 1528 2495 inuncta?
1551 2456 1671 2505 Hujus
1700 2457 1752 2493 rei
1778 2465 2051 2493 sacramentum
2078 2465 2134 2493 est
2149 2485 2158 2502 ‚
2179 2457 2283 2506 quod
2305 2457 2342 2493 in

1353 2518 1586 2555 dedicatione
1603 2517 1843 2553 ecclesiarum
1859 2516 2025 2565 depictas
2040 2517 2077 2552 in
2097 2517 2237 2565 pariete
2257 2530 2345 2553 eru-

292 2592 362 2628 pro
382 2578 594 2627 centuplis?
622 2577 697 2614 Ubi
719 2585 774 2613 est
804 2575 985 2625 cupidus,
1016 2575 1081 2611 ubi
1109 2575 1336 2614 ambitio-D
1357 2591 1417 2614 ces
1451 2576 1534 2612 oleo
1580 2584 1710 2611 sancto
1743 2575 1912 2624 pontifex
1957 2575 2053 2611 linit.
2087 2575 2145 2611 Sic
2175 2583 2213 2611 et
2254 2575 2343 2612 olim

292 2650 376 2682 sus,
403 2636 468 2673 ubi
497 2635 733 2684 conquisitor
754 2634 866 2683 hujus
889 2633 1039 2670 saeculi?
1060 2632 1158 2680 Quid
1178 2633 1223 2669 ad
1246 2634 1290 2668 li-

294 2697 377 2732 dele
413 2695 604 2744 negotium
648 2703 686 2730 et
727 2693 913 2730 nundinas
951 2692 1285 2741 quaestuosissunas

293 2756 449 2792 avaritia
480 2754 641 2803 intepuit
675 2762 712 2790 et
737 2752 969 2788 obdormivit
995 2752 1183 2787 humana?
1216 2751 1283 2787 Cui

292 2815 424 2852 Judaeo
444 2814 480 2850 id
506 2826 680 2863 negares,
707 2826 729 2849 o
750 2812 864 2849 bomo
881 2841 891 2858 ,
916 2812 980 2860 qui
1001 2812 1037 2847 in
1063 2824 1199 2846 vanum
1220 2824 1284 2846 ac-

293 2875 423 2925 cepisti
444 2887 583 2911 nomen
603 2873 754 2910 Domini
782 2872 897 2908 nostri
924 2875 1011 2908 Jesu
1043 2870 1202 2908 Christi?
1224 2870 1284 2906 cui

294 2935 474 2983 sacrilego
505 2932 594 2969 dare
619 2931 805 2982 quidquid
833 2931 971 2977 habes,
1003 2943 1072 2980 pro
1106 2930 1284 2978 centuplo

293 2993 547 3031 cunctareris?
563 2991 634 3029 Sed
649 2991 889 3028 exsecrabilis
906 2990 971 3026 tibi
987 2998 1042 3026 est
1056 3002 1187 3025 manus
1203 2992 1286 3025 Do-

293 3054 413 3098 mini,
437 3061 478 3089 ut
502 3053 642 3088 nullam
676 3052 723 3088 ab
746 3066 791 3087 eo
820 3051 1155 3087 commutationem
1185 3049 1284 3085 reci-

294 3126 406 3163 pere,
425 3125 501 3149 non
525 3112 558 3148 ei
583 3113 620 3148 in
646 3113 791 3148 ratione
812 3111 887 3147 dati
919 3111 978 3147 vel
1010 3110 1151 3158 accepti
1179 3122 1285 3145 coni-

294 3173 485 3209 munieare
506 3172 655 3221 penitus
675 3171 900 3221 acquiescas.
927 3175 984 3207 An
1017 3171 1112 3206 sorte
1139 3182 1214 3205 non
1240 3182 1286 3205 ex

347 3314 351 3326 ¹
375 3306 486 3337 Manli.
508 3316 586 3341 xix,
607 3310 666 3342 2⁸),
687 3307 737 3335 27.
772 3324 779 3325 ff
817 3310 826 3324 '
846 3306 943 3334 Marc.
958 3315 971 3332 x
987 3327 995 3341 ‚
1020 3306 1060 3333 29
1075 3327 1081 3336 ,
1101 3306 1154 3332 30.

1354 2635 1506 2685 quando
1535 2634 1694 2672 Abraliae
1714 2634 1855 2670 dietum
1876 2642 1950 2679 est,
1980 2635 2222 2681 Tollefilium
2243 2643 2342 2670 tuum

1349 2709 1456 2743 quem
1480 2696 1604 2743 ‹liligis
1622 2697 1730 2729 Isium
1743 2723 1752 2738 ‚
1773 2703 1809 2728 et
1828 2691 1963 2740 qfseres
1987 2695 2076 2728 milii
2089 2706 2169 2728 eum
2185 2697 2223 2728 in
2239 2693 2343 2729 lmlo-

1351 2764 1514 2790 camtum
1532 2753 1558 2799 ⁵,
1581 2753 1687 2789 labor
1706 2754 1810 2788 [ictus
1831 2752 1938 2788 estin
1960 2760 2165 2801 praecepto.
2184 2751 2338 2789 Oblatus

1350 2813 1532 2862 siquidem
1555 2816 1656 2849 Isaac
1676 2811 1928 2847 sanctificatus
1948 2819 2023 2857 est,
2046 2823 2119 2846 non
2141 2819 2334 2847 mactatus.

1351 2877 1395 2910 Et
1415 2881 1452 2908 tu
1472 2872 1583 2920 igitur
1611 2872 1640 2907 si
1665 2884 1794 2906 vocem
1824 2870 1975 2907 Domini
1996 2869 2157 2906 audieris
2184 2870 2284 2906 intus
2301 2870 2338 2906 in

1350 2933 1476 2969 animo
1494 2959 1503 2976 ,
1533 2939 1570 2966 et
1595 2930 1740 2966 dicatur
1761 2929 1827 2965 tibi
1854 2938 1895 2965 ut
1925 2929 2060 2965 offeras
2082 2937 2186 2965 tuum
2215 2932 2338 2974 Isaac,

1351 3000 1455 3028 tuum
1483 2990 1750 3039 quodcumque
1781 2997 1835 3025 est
1854 2988 2030 3037 gaudium
2057 2988 2228 3023 immoles
2258 2991 2338 3024 Deo

1351 3051 1644 3100 (interpretatur
1660 3048 1757 3083 enim
1778 3051 1878 3083 Isaac
1897 3046 2083 3083 Gaudium
2101 3059 2164 3082 seu
2182 3045 2337 3095 Risus);

1352 3110 1510 3146 lideliter
1530 3117 1566 3144 et
1587 3115 1803 3144 constanter
1823 3105 1947 3141 obedi.
1978 3109 2030 3141 Ne
2052 3105 2181 3141 timeas
2205 3118 2212 3140 :
2234 3105 2340 3140 nimi-

1352 3182 1435 3205 rum
1460 3167 1527 3204 etsi
1549 3180 1625 3203 rem
1647 3165 1826 3215 grandem
1856 3164 1922 3200 tibi
1950 3164 2038 3200 dicit
2067 3163 2274 3212 propheta,
2293 3162 2342 3198 fa-

1231 3299 1370 3333 3Mattl1.
1388 3312 1420 3330 xi
1435 3325 1441 3335 ,
1462 3303 1512 3330 29.
1531 3318 1562 3321 --
1587 3299 1599 3324 ·ἱ
1621 3299 1695 3330 Psal.
1713 3309 1792 3327 xciii
1806 3321 1813 3334 ,
1832 3300 1884 3327 20.
1905 3315 1943 3318 -—
1964 3295 1976 3317 ⁵
1992 3300 2071 3327 (Len.
2089 3307 2157 3326 χχιι
2172 3319 2179 3332 ,
2200 3299 2229 3326 2.
