<?xml version="1.0" encoding="UTF-8"?>
<!DOCTYPE html PUBLIC "-//W3C//DTD XHTML 1.0 Transitional//EN"
    "http://www.w3.org/TR/xhtml1/DTD/xhtml1-transitional.dtd">
<html xmlns="http://www.w3.org/1999/xhtml" xml:lang="en" lang="en">
 <head>
  <title>
</title>
<meta http-equiv="Content-Type" content="text/html;charset=utf-8" />
  <meta name='ocr-system' content='tesseract 3.04.00' />
  <meta name='ocr-capabilities' content='ocr_page ocr_carea ocr_par ocr_line ocrx_word'/>
</head>
<body>
  <div class='ocr_page' id='page_1' title='image "./operaomniapostho05bern/operaomniapostho05bern_0569.png"; bbox 0 0 2418 3949; ppageno 0'>
   <div class='ocr_carea' id='block_1_1' title="bbox 227 208 2273 254">
    <p class='ocr_par' dir='ltr' id='par_1_1' title="bbox 227 208 2273 254">
     <span class='ocr_line' id='line_1_1' title="bbox 227 208 2273 254; baseline 0.003 -6"><span class='ocrx_word' id='word_1_1' title='bbox 227 212 320 249; x_wconf 79' lang='lat'>1121</span> <span class='ocrx_word' id='word_1_2' title='bbox 1020 215 1183 251; x_wconf 67' lang='lat' dir='ltr'>smnio</span> <span class='ocrx_word' id='word_1_3' title='bbox 1212 215 1475 252; x_wconf 65' lang='lat' dir='ltr'>secuxnts.</span> <span class='ocrx_word' id='word_1_4' title='bbox 2174 208 2273 254; x_wconf 76' lang='lat'><strong>1122</strong></span> 
     </span>
    </p>
   </div>
   <div class='ocr_carea' id='block_1_2' title="bbox 219 288 2270 398">
    <p class='ocr_par' dir='ltr' id='par_1_2' title="bbox 219 288 2270 398">
     <span class='ocr_line' id='line_1_2' title="bbox 220 288 2270 341; baseline 0.003 -18"><span class='ocrx_word' id='word_1_5' title='bbox 220 288 370 337; x_wconf 87' lang='lat' dir='ltr'>pietatis</span> <span class='ocrx_word' id='word_1_6' title='bbox 386 316 394 333; x_wconf 95' lang='lat'>,</span> <span class='ocrx_word' id='word_1_7' title='bbox 424 288 689 326; x_wconf 80' lang='lat' dir='ltr'>misericordiae</span> <span class='ocrx_word' id='word_1_8' title='bbox 720 289 956 326; x_wconf 86' lang='lat' dir='ltr'>dulcedinem</span> <span class='ocrx_word' id='word_1_9' title='bbox 980 300 1110 336; x_wconf 90' lang='lat' dir='ltr'>sonat,</span> <span class='ocrx_word' id='word_1_10' title='bbox 1135 288 1264 327; x_wconf 75' lang='lat' dir='ltr'>ini-⁵⁰⁴</span> <span class='ocrx_word' id='word_1_11' title='bbox 1276 303 1354 326; x_wconf 85' lang='lat' dir='ltr'>ram</span> <span class='ocrx_word' id='word_1_12' title='bbox 1369 319 1378 336; x_wconf 92' lang='lat'>,</span> <span class='ocrx_word' id='word_1_13' title='bbox 1396 291 1658 341; x_wconf 83' lang='lat' dir='ltr'>ineloquentes</span> <span class='ocrx_word' id='word_1_14' title='bbox 1674 292 1796 329; x_wconf 78' lang='lat' dir='ltr'>reddit</span> <span class='ocrx_word' id='word_1_15' title='bbox 1812 301 1848 330; x_wconf 89' lang='lat' dir='ltr'>ct</span> <span class='ocrx_word' id='word_1_16' title='bbox 1864 302 1999 330; x_wconf 90' lang='lat' dir='ltr'>mutos.</span> <span class='ocrx_word' id='word_1_17' title='bbox 2017 294 2128 330; x_wconf 91' lang='lat' dir='ltr'>Lenit</span> <span class='ocrx_word' id='word_1_18' title='bbox 2142 301 2179 329; x_wconf 86' lang='lat' dir='ltr'>et</span> <span class='ocrx_word' id='word_1_19' title='bbox 2195 306 2270 329; x_wconf 89' lang='lat' dir='ltr'>un—</span> 
     </span>
     <span class='ocr_line' id='line_1_3' title="bbox 219 348 2270 398; baseline 0.003 -15"><span class='ocrx_word' id='word_1_20' title='bbox 219 348 458 384; x_wconf 90' lang='lat' dir='ltr'>sericordiam</span> <span class='ocrx_word' id='word_1_21' title='bbox 489 349 646 397; x_wconf 81' lang='lat' dir='ltr'>fragrat,</span> <span class='ocrx_word' id='word_1_22' title='bbox 676 358 821 386; x_wconf 89' lang='lat' dir='ltr'>eructat</span> <span class='ocrx_word' id='word_1_23' title='bbox 846 350 1055 387; x_wconf 89' lang='lat' dir='ltr'>sanitatem.</span> <span class='ocrx_word' id='word_1_24' title='bbox 1087 350 1210 388; x_wconf 89' lang='lat' dir='ltr'>Forti-</span> <span class='ocrx_word' id='word_1_25' title='bbox 1226 348 1259 382; x_wconf 93' lang='lat' dir='ltr'>A</span> <span class='ocrx_word' id='word_1_26' title='bbox 1278 349 1330 397; x_wconf 83' lang='lat' dir='ltr'>git</span> <span class='ocrx_word' id='word_1_27' title='bbox 1355 363 1363 384; x_wconf 92' lang='lat'><strong>:</strong></span> <span class='ocrx_word' id='word_1_28' title='bbox 1387 350 1474 398; x_wconf 88' lang='lat' dir='ltr'>quia</span> <span class='ocrx_word' id='word_1_29' title='bbox 1499 351 1589 386; x_wconf 86' lang='lat' dir='ltr'>nihil</span> <span class='ocrx_word' id='word_1_30' title='bbox 1614 351 1665 387; x_wconf 88' lang='lat' dir='ltr'>sic</span> <span class='ocrx_word' id='word_1_31' title='bbox 1694 360 1836 388; x_wconf 88' lang='lat' dir='ltr'>recreat</span> <span class='ocrx_word' id='word_1_32' title='bbox 1860 353 1896 388; x_wconf 93' lang='lat' dir='ltr'>in</span> <span class='ocrx_word' id='word_1_33' title='bbox 1917 352 2171 389; x_wconf 79' lang='lat' dir='ltr'>tribulatione.</span> <span class='ocrx_word' id='word_1_34' title='bbox 2193 355 2270 388; x_wconf 87' lang='lat' dir='ltr'>De·—</span> 
     </span>
    </p>
   </div>
   <div class='ocr_carea' id='block_1_3' title="bbox 207 406 1209 1045">
    <p class='ocr_par' dir='ltr' id='par_1_3' title="bbox 215 406 1209 620">
     <span class='ocr_line' id='line_1_4' title="bbox 219 406 1209 458; baseline 0.004 -17"><span class='ocrx_word' id='word_1_35' title='bbox 219 406 311 442; x_wconf 88' lang='lat' dir='ltr'>tudo</span> <span class='ocrx_word' id='word_1_36' title='bbox 325 415 363 443; x_wconf 88' lang='lat' dir='ltr'>et</span> <span class='ocrx_word' id='word_1_37' title='bbox 383 408 496 444; x_wconf 88' lang='lat' dir='ltr'>timor</span> <span class='ocrx_word' id='word_1_38' title='bbox 512 408 639 444; x_wconf 92' lang='lat' dir='ltr'>vinum</span> <span class='ocrx_word' id='word_1_39' title='bbox 659 417 765 452; x_wconf 86' lang='lat' dir='ltr'>sunt,</span> <span class='ocrx_word' id='word_1_40' title='bbox 783 408 847 445; x_wconf 90' lang='lat' dir='ltr'>sed</span> <span class='ocrx_word' id='word_1_41' title='bbox 865 409 934 444; x_wconf 91' lang='lat' dir='ltr'>hoc</span> <span class='ocrx_word' id='word_1_42' title='bbox 950 409 1040 445; x_wconf 88' lang='lat' dir='ltr'>vino</span> <span class='ocrx_word' id='word_1_43' title='bbox 1056 417 1209 458; x_wconf 87' lang='lat' dir='ltr'>potatus</span> 
     </span>
     <span class='ocr_line' id='line_1_5' title="bbox 216 467 1209 517; baseline 0.003 -16"><span class='ocrx_word' id='word_1_44' title='bbox 216 474 271 502; x_wconf 90' lang='lat' dir='ltr'>est</span> <span class='ocrx_word' id='word_1_45' title='bbox 290 475 426 515; x_wconf 91' lang='lat' dir='ltr'>potens</span> <span class='ocrx_word' id='word_1_46' title='bbox 444 468 527 511; x_wconf 91' lang='lat' dir='ltr'>ille,</span> <span class='ocrx_word' id='word_1_47' title='bbox 549 480 633 504; x_wconf 92' lang='lat' dir='ltr'>cum</span> <span class='ocrx_word' id='word_1_48' title='bbox 655 467 823 504; x_wconf 89' lang='lat' dir='ltr'>Christus</span> <span class='ocrx_word' id='word_1_49' title='bbox 842 468 878 503; x_wconf 93' lang='lat' dir='ltr'>in</span> <span class='ocrx_word' id='word_1_50' title='bbox 908 468 1040 517; x_wconf 86' lang='lat' dir='ltr'>spiritu</span> <span class='ocrx_word' id='word_1_51' title='bbox 1064 469 1209 504; x_wconf 83' lang='lat' dir='ltr'>fortitu-</span> 
     </span>
     <span class='ocr_line' id='line_1_6' title="bbox 215 523 1207 572; baseline 0.003 -13"><span class='ocrx_word' id='word_1_52' title='bbox 215 523 312 561; x_wconf 89' lang='lat' dir='ltr'>dinis</span> <span class='ocrx_word' id='word_1_53' title='bbox 339 525 535 562; x_wconf 87' lang='lat' dir='ltr'>descendit</span> <span class='ocrx_word' id='word_1_54' title='bbox 559 525 606 562; x_wconf 89' lang='lat' dir='ltr'>ad</span> <span class='ocrx_word' id='word_1_55' title='bbox 634 525 797 570; x_wconf 85' lang='lat' dir='ltr'>inferos,</span> <span class='ocrx_word' id='word_1_56' title='bbox 830 539 905 562; x_wconf 91' lang='lat' dir='ltr'>non</span> <span class='ocrx_word' id='word_1_57' title='bbox 937 526 1112 572; x_wconf 90' lang='lat' dir='ltr'>timidus,</span> <span class='ocrx_word' id='word_1_58' title='bbox 1142 526 1207 563; x_wconf 84' lang='lat' dir='ltr'>sed</span> 
     </span>
     <span class='ocr_line' id='line_1_7' title="bbox 215 583 415 620; baseline 0.01 -2"><span class='ocrx_word' id='word_1_59' title='bbox 215 583 415 620; x_wconf 89' lang='lat' dir='ltr'>timendus.</span> 
     </span>
    </p>

    <p class='ocr_par' dir='ltr' id='par_1_4' title="bbox 207 643 1203 1045">
     <span class='ocr_line' id='line_1_8' title="bbox 267 643 1201 694; baseline 0.001 -16"><span class='ocrx_word' id='word_1_60' title='bbox 267 644 300 678; x_wconf 91' lang='lat'>8.</span> <span class='ocrx_word' id='word_1_61' title='bbox 336 643 538 680; x_wconf 85' lang='lat' dir='ltr'>Videamus</span> <span class='ocrx_word' id='word_1_62' title='bbox 562 657 663 680; x_wconf 89' lang='lat' dir='ltr'>nunc</span> <span class='ocrx_word' id='word_1_63' title='bbox 687 657 804 693; x_wconf 83' lang='lat' dir='ltr'>quare</span> <span class='ocrx_word' id='word_1_64' title='bbox 834 645 918 680; x_wconf 90' lang='lat' dir='ltr'>oleo</span> <span class='ocrx_word' id='word_1_65' title='bbox 949 651 1201 694; x_wconf 77' lang='lat' dir='ltr'><strong>comparetur.</strong></span> 
     </span>
     <span class='ocr_line' id='line_1_9' title="bbox 211 701 1203 753; baseline 0.001 -16"><span class='ocrx_word' id='word_1_66' title='bbox 211 701 345 738; x_wconf 89' lang='lat' dir='ltr'>Oleum</span> <span class='ocrx_word' id='word_1_67' title='bbox 367 702 426 752; x_wconf 90' lang='lat' dir='ltr'>(si</span> <span class='ocrx_word' id='word_1_68' title='bbox 446 715 513 738; x_wconf 88' lang='lat' dir='ltr'>vos</span> <span class='ocrx_word' id='word_1_69' title='bbox 536 703 668 740; x_wconf 87' lang='lat' dir='ltr'>melius</span> <span class='ocrx_word' id='word_1_70' title='bbox 693 717 768 739; x_wconf 91' lang='lat' dir='ltr'>non</span> <span class='ocrx_word' id='word_1_71' title='bbox 793 703 966 753; x_wconf 79' lang='lat' dir='ltr'>habetis)</span> <span class='ocrx_word' id='word_1_72' title='bbox 995 704 1112 748; x_wconf 89' lang='lat' dir='ltr'>lucet,</span> <span class='ocrx_word' id='word_1_73' title='bbox 1133 715 1203 751; x_wconf 88' lang='lat' dir='ltr'>pa-</span> 
     </span>
     <span class='ocr_line' id='line_1_10' title="bbox 211 760 1203 810; baseline 0.001 -14"><span class='ocrx_word' id='word_1_74' title='bbox 211 760 303 805; x_wconf 94' lang='lat' dir='ltr'>scit,</span> <span class='ocrx_word' id='word_1_75' title='bbox 327 769 363 797; x_wconf 89' lang='lat' dir='ltr'>et</span> <span class='ocrx_word' id='word_1_76' title='bbox 386 761 502 809; x_wconf 85' lang='lat' dir='ltr'>ungit.</span> <span class='ocrx_word' id='word_1_77' title='bbox 524 761 628 797; x_wconf 83' lang='lat' dir='ltr'><strong>Idem</strong></span> <span class='ocrx_word' id='word_1_78' title='bbox 647 762 732 798; x_wconf 83' lang='lat' dir='ltr'>facit</span> <span class='ocrx_word' id='word_1_79' title='bbox 745 762 884 800; x_wconf 82' lang='lat' dir='ltr'>Christi</span> <span class='ocrx_word' id='word_1_80' title='bbox 903 775 1040 798; x_wconf 90' lang='lat' dir='ltr'>nomen</span> <span class='ocrx_word' id='word_1_81' title='bbox 1055 790 1065 807; x_wconf 96' lang='lat'>,</span> <span class='ocrx_word' id='word_1_82' title='bbox 1082 770 1119 797; x_wconf 93' lang='lat' dir='ltr'>et</span> <span class='ocrx_word' id='word_1_83' title='bbox 1134 773 1203 810; x_wconf 87' lang='lat' dir='ltr'>per</span> 
     </span>
     <span class='ocr_line' id='line_1_11' title="bbox 209 819 1199 869; baseline 0.001 -15"><span class='ocrx_word' id='word_1_84' title='bbox 209 819 335 855; x_wconf 89' lang='lat' dir='ltr'>omnia</span> <span class='ocrx_word' id='word_1_85' title='bbox 363 828 545 855; x_wconf 82' lang='lat' dir='ltr'>consonat</span> <span class='ocrx_word' id='word_1_86' title='bbox 570 821 855 869; x_wconf 81' lang='lat' dir='ltr'>comparationi.</span> <span class='ocrx_word' id='word_1_87' title='bbox 877 824 995 857; x_wconf 85' lang='lat' dir='ltr'>Lucet</span> <span class='ocrx_word' id='word_1_88' title='bbox 1015 819 1199 869; x_wconf 87' lang='lat' dir='ltr'>praedica-</span> 
     </span>
     <span class='ocr_line' id='line_1_12' title="bbox 209 878 1200 928; baseline 0 -15"><span class='ocrx_word' id='word_1_89' title='bbox 209 885 311 922; x_wconf 88' lang='lat' dir='ltr'>tum,</span> <span class='ocrx_word' id='word_1_90' title='bbox 344 878 464 926; x_wconf 90' lang='lat' dir='ltr'>pascit</span> <span class='ocrx_word' id='word_1_91' title='bbox 494 879 760 928; x_wconf 78' lang='lat' dir='ltr'>recogitatum,</span> <span class='ocrx_word' id='word_1_92' title='bbox 791 879 1007 915; x_wconf 86' lang='lat' dir='ltr'>invocatum</span> <span class='ocrx_word' id='word_1_93' title='bbox 1037 879 1129 915; x_wconf 88' lang='lat' dir='ltr'>lenit</span> <span class='ocrx_word' id='word_1_94' title='bbox 1163 886 1200 914; x_wconf 90' lang='lat' dir='ltr'>et</span> 
     </span>
     <span class='ocr_line' id='line_1_13' title="bbox 207 936 1198 986; baseline 0 -14"><span class='ocrx_word' id='word_1_95' title='bbox 207 937 323 985; x_wconf 86' lang='lat' dir='ltr'>ungit.</span> <span class='ocrx_word' id='word_1_96' title='bbox 354 936 447 972; x_wconf 85' lang='lat' dir='ltr'>Vide</span> <span class='ocrx_word' id='word_1_97' title='bbox 476 937 505 973; x_wconf 88' lang='lat' dir='ltr'>si</span> <span class='ocrx_word' id='word_1_98' title='bbox 531 950 606 973; x_wconf 91' lang='lat' dir='ltr'>non</span> <span class='ocrx_word' id='word_1_99' title='bbox 638 938 815 986; x_wconf 82' lang='lat' dir='ltr'>praeclara</span> <span class='ocrx_word' id='word_1_100' title='bbox 847 938 1045 974; x_wconf 89' lang='lat' dir='ltr'>luminaria</span> <span class='ocrx_word' id='word_1_101' title='bbox 1070 938 1198 973; x_wconf 90' lang='lat' dir='ltr'>lumen</span> 
     </span>
     <span class='ocr_line' id='line_1_14' title="bbox 207 995 1196 1045; baseline 0.001 -15"><span class='ocrx_word' id='word_1_102' title='bbox 207 995 372 1032; x_wconf 87' lang='lat' dir='ltr'>nominis</span> <span class='ocrx_word' id='word_1_103' title='bbox 401 995 512 1044; x_wconf 85' lang='lat' dir='ltr'>hujus</span> <span class='ocrx_word' id='word_1_104' title='bbox 534 1009 648 1045; x_wconf 88' lang='lat' dir='ltr'>super</span> <span class='ocrx_word' id='word_1_105' title='bbox 674 997 900 1045; x_wconf 78' lang='lat' dir='ltr'>eloquentiae</span> <span class='ocrx_word' id='word_1_106' title='bbox 929 995 1196 1035; x_wconf 84' lang='lat' dir='ltr'>candelabrum</span> 
     </span>
    </p>
   </div>
   <div class='ocr_carea' id='block_1_4' title="bbox 1265 407 2268 927">
    <p class='ocr_par' dir='ltr' id='par_1_5' title="bbox 1265 407 2268 927">
     <span class='ocr_line' id='line_1_15' title="bbox 1275 407 2268 459; baseline 0.002 -17"><span class='ocrx_word' id='word_1_107' title='bbox 1275 407 1390 456; x_wconf 88' lang='lat' dir='ltr'>nique</span> <span class='ocrx_word' id='word_1_108' title='bbox 1413 416 1449 443; x_wconf 88' lang='lat' dir='ltr'>et</span> <span class='ocrx_word' id='word_1_109' title='bbox 1474 408 1636 457; x_wconf 88' lang='lat' dir='ltr'>probare</span> <span class='ocrx_word' id='word_1_110' title='bbox 1662 410 1760 445; x_wconf 92' lang='lat' dir='ltr'>licet.</span> <span class='ocrx_word' id='word_1_111' title='bbox 1786 414 1920 446; x_wconf 74' lang='lat' dir='ltr'>ltwoca</span> <span class='ocrx_word' id='word_1_112' title='bbox 1947 425 2031 454; x_wconf 82' lang='lat' dir='ltr'>me,</span> <span class='ocrx_word' id='word_1_113' title='bbox 2054 410 2200 459; x_wconf 91' lang='lat' dir='ltr'>inquit,</span> <span class='ocrx_word' id='word_1_114' title='bbox 2230 413 2268 444; x_wconf 82' lang='lat' dir='ltr'>ia</span> 
     </span>
     <span class='ocr_line' id='line_1_16' title="bbox 1274 465 2263 516; baseline 0.003 -16"><span class='ocrx_word' id='word_1_115' title='bbox 1274 465 1537 511; x_wconf 77' lang='lat' dir='ltr'>tribulatione;</span> <span class='ocrx_word' id='word_1_116' title='bbox 1566 481 1692 504; x_wconf 82' lang='lat' dir='ltr'>eruam</span> <span class='ocrx_word' id='word_1_117' title='bbox 1717 478 1769 513; x_wconf 85' lang='lat' dir='ltr'>te,</span> <span class='ocrx_word' id='word_1_118' title='bbox 1800 479 1833 504; x_wconf 85' lang='lat' dir='ltr'>et</span> <span class='ocrx_word' id='word_1_119' title='bbox 1858 469 2125 516; x_wconf 79' lang='lat' dir='ltr'>honorificabis</span> <span class='ocrx_word' id='word_1_120' title='bbox 2150 483 2208 504; x_wconf 80' lang='lat' dir='ltr'>me</span> <span class='ocrx_word' id='word_1_121' title='bbox 2235 468 2263 504; x_wconf 81' lang='lat'>⁵.</span> 
     </span>
     <span class='ocr_line' id='line_1_17' title="bbox 1274 527 2265 573; baseline 0.002 -12"><span class='ocrx_word' id='word_1_122' title='bbox 1274 527 1355 561; x_wconf 88' lang='lat' dir='ltr'>Hoc.</span> <span class='ocrx_word' id='word_1_123' title='bbox 1371 533 1427 561; x_wconf 87' lang='lat' dir='ltr'>est</span> <span class='ocrx_word' id='word_1_124' title='bbox 1451 539 1588 562; x_wconf 87' lang='lat' dir='ltr'>nomen</span> <span class='ocrx_word' id='word_1_125' title='bbox 1603 555 1612 571; x_wconf 93' lang='lat'>‚</span> <span class='ocrx_word' id='word_1_126' title='bbox 1634 527 1706 563; x_wconf 85' lang='lat' dir='ltr'>hoc</span> <span class='ocrx_word' id='word_1_127' title='bbox 1726 536 1782 563; x_wconf 90' lang='lat' dir='ltr'>est</span> <span class='ocrx_word' id='word_1_128' title='bbox 1806 529 1930 564; x_wconf 87' lang='lat' dir='ltr'>oleum</span> <span class='ocrx_word' id='word_1_129' title='bbox 1947 557 1956 573; x_wconf 95' lang='lat'>,</span> <span class='ocrx_word' id='word_1_130' title='bbox 1976 529 2055 564; x_wconf 80' lang='lat' dir='ltr'>haec</span> <span class='ocrx_word' id='word_1_131' title='bbox 2075 529 2146 564; x_wconf 88' lang='lat' dir='ltr'>olei</span> <span class='ocrx_word' id='word_1_132' title='bbox 2165 528 2265 563; x_wconf 73' lang='lat' dir='ltr'>effu-</span> 
     </span>
     <span class='ocr_line' id='line_1_18' title="bbox 1273 582 2264 632; baseline 0 -14"><span class='ocrx_word' id='word_1_133' title='bbox 1273 582 1341 618; x_wconf 89' lang='lat' dir='ltr'>sio.</span> <span class='ocrx_word' id='word_1_134' title='bbox 1365 587 1484 619; x_wconf 88' lang='lat' dir='ltr'>Amen</span> <span class='ocrx_word' id='word_1_135' title='bbox 1503 583 1587 619; x_wconf 90' lang='lat' dir='ltr'>dico</span> <span class='ocrx_word' id='word_1_136' title='bbox 1604 584 1713 620; x_wconf 82' lang='lat' dir='ltr'>vobis</span> <span class='ocrx_word' id='word_1_137' title='bbox 1727 612 1737 628; x_wconf 94' lang='lat'>,</span> <span class='ocrx_word' id='word_1_138' title='bbox 1761 597 1836 620; x_wconf 91' lang='lat' dir='ltr'>non</span> <span class='ocrx_word' id='word_1_139' title='bbox 1856 584 2002 620; x_wconf 77' lang='lat' dir='ltr'>deliciet</span> <span class='ocrx_word' id='word_1_140' title='bbox 2019 585 2078 620; x_wconf 90' lang='lat' dir='ltr'>hic</span> <span class='ocrx_word' id='word_1_141' title='bbox 2097 584 2264 632; x_wconf 73' lang='lat' dir='ltr'>lecythus</span> 
     </span>
     <span class='ocr_line' id='line_1_19' title="bbox 1271 642 2264 692; baseline 0.001 -15"><span class='ocrx_word' id='word_1_142' title='bbox 1271 642 1359 686; x_wconf 84' lang='lat' dir='ltr'>olei,</span> <span class='ocrx_word' id='word_1_143' title='bbox 1379 655 1448 678; x_wconf 90' lang='lat' dir='ltr'>nec</span> <span class='ocrx_word' id='word_1_144' title='bbox 1463 643 1658 689; x_wconf 89' lang='lat' dir='ltr'>minuitur,</span> <span class='ocrx_word' id='word_1_145' title='bbox 1676 643 1795 679; x_wconf 88' lang='lat' dir='ltr'>donec</span> <span class='ocrx_word' id='word_1_146' title='bbox 1812 644 1976 692; x_wconf 91' lang='lat' dir='ltr'>pluviam</span> <span class='ocrx_word' id='word_1_147' title='bbox 1996 644 2264 687; x_wconf 89' lang='lat' dir='ltr'>voluntariam,</span> 
     </span>
     <span class='ocr_line' id='line_1_20' title="bbox 1269 701 2264 751; baseline 0.002 -16"><span class='ocrx_word' id='word_1_148' title='bbox 1269 713 1353 748; x_wconf 88' lang='lat' dir='ltr'>quae</span> <span class='ocrx_word' id='word_1_149' title='bbox 1373 710 1564 750; x_wconf 82' lang='lat' dir='ltr'>segregata</span> <span class='ocrx_word' id='word_1_150' title='bbox 1584 710 1639 737; x_wconf 92' lang='lat' dir='ltr'>est</span> <span class='ocrx_word' id='word_1_151' title='bbox 1659 702 1868 738; x_wconf 85' lang='lat' dir='ltr'>haereditati</span> <span class='ocrx_word' id='word_1_152' title='bbox 1889 703 1969 751; x_wconf 85' lang='lat' dir='ltr'>ejus</span> <span class='ocrx_word' id='word_1_153' title='bbox 1986 701 2014 748; x_wconf 80' lang='lat'>⁶,</span> <span class='ocrx_word' id='word_1_154' title='bbox 2032 703 2190 738; x_wconf 77' lang='lat' dir='ltr'>diffusus</span> <span class='ocrx_word' id='word_1_155' title='bbox 2206 702 2264 737; x_wconf 89' lang='lat' dir='ltr'>in-</span> 
     </span>
     <span class='ocr_line' id='line_1_21' title="bbox 1267 759 2262 804; baseline 0.001 -10"><span class='ocrx_word' id='word_1_156' title='bbox 1267 759 1402 804; x_wconf 89' lang='lat' dir='ltr'>stillet,</span> <span class='ocrx_word' id='word_1_157' title='bbox 1433 759 1554 796; x_wconf 90' lang='lat' dir='ltr'>donec</span> <span class='ocrx_word' id='word_1_158' title='bbox 1582 760 1688 796; x_wconf 90' lang='lat' dir='ltr'>faciat</span> <span class='ocrx_word' id='word_1_159' title='bbox 1719 762 1853 796; x_wconf 85' lang='lat' dir='ltr'>coelum</span> <span class='ocrx_word' id='word_1_160' title='bbox 1887 774 2028 796; x_wconf 87' lang='lat' dir='ltr'>novum</span> <span class='ocrx_word' id='word_1_161' title='bbox 2058 769 2096 797; x_wconf 89' lang='lat' dir='ltr'>et</span> <span class='ocrx_word' id='word_1_162' title='bbox 2125 769 2262 796; x_wconf 85' lang='lat' dir='ltr'>terram</span> 
     </span>
     <span class='ocr_line' id='line_1_22' title="bbox 1267 819 2264 868; baseline 0.001 -15"><span class='ocrx_word' id='word_1_163' title='bbox 1267 830 1429 863; x_wconf 79' lang='lat' dir='ltr'>novam;</span> <span class='ocrx_word' id='word_1_164' title='bbox 1462 819 1550 867; x_wconf 87' lang='lat' dir='ltr'>quia</span> <span class='ocrx_word' id='word_1_165' title='bbox 1583 820 1840 856; x_wconf 84' lang='lat' dir='ltr'>misericordia</span> <span class='ocrx_word' id='word_1_166' title='bbox 1869 819 1950 868; x_wconf 82' lang='lat' dir='ltr'>ejus</span> <span class='ocrx_word' id='word_1_167' title='bbox 1979 819 2025 856; x_wconf 90' lang='lat' dir='ltr'>ab</span> <span class='ocrx_word' id='word_1_168' title='bbox 2055 828 2195 855; x_wconf 80' lang='lat' dir='ltr'>aeterno</span> <span class='ocrx_word' id='word_1_169' title='bbox 2224 827 2264 854; x_wconf 86' lang='lat' dir='ltr'>et</span> 
     </span>
     <span class='ocr_line' id='line_1_23' title="bbox 1265 877 2261 927; baseline 0.001 -15"><span class='ocrx_word' id='word_1_170' title='bbox 1265 889 1384 925; x_wconf 90' lang='lat' dir='ltr'>usque</span> <span class='ocrx_word' id='word_1_171' title='bbox 1413 877 1451 913; x_wconf 92' lang='lat' dir='ltr'>in</span> <span class='ocrx_word' id='word_1_172' title='bbox 1480 886 1661 914; x_wconf 89' lang='lat' dir='ltr'>aeternum</span> <span class='ocrx_word' id='word_1_173' title='bbox 1688 891 1802 927; x_wconf 89' lang='lat' dir='ltr'>super</span> <span class='ocrx_word' id='word_1_174' title='bbox 1830 879 2002 914; x_wconf 88' lang='lat' dir='ltr'>timentes</span> <span class='ocrx_word' id='word_1_175' title='bbox 2021 892 2107 914; x_wconf 90' lang='lat' dir='ltr'>eum</span> <span class='ocrx_word' id='word_1_176' title='bbox 2131 885 2157 914; x_wconf 74' lang='grc'>7.</span> <span class='ocrx_word' id='word_1_177' title='bbox 2190 877 2261 915; x_wconf 89' lang='lat' dir='ltr'>Sed</span> 
     </span>
    </p>
   </div>
   <div class='ocr_carea' id='block_1_5' title="bbox 1259 934 2257 986">
    <p class='ocr_par' dir='ltr' id='par_1_6' title="bbox 1259 934 2257 986">
     <span class='ocr_line' id='line_1_24' title="bbox 1259 934 2257 986; baseline 0.001 -15"><span class='ocrx_word' id='word_1_178' title='bbox 1259 934 1337 984; x_wconf 89' lang='lat' dir='ltr'>jam</span> <span class='ocrx_word' id='word_1_179' title='bbox 1358 949 1577 985; x_wconf 76' lang='lat' dir='ltr'>surgamus,</span> <span class='ocrx_word' id='word_1_180' title='bbox 1604 946 1641 973; x_wconf 92' lang='lat' dir='ltr'>et</span> <span class='ocrx_word' id='word_1_181' title='bbox 1666 950 1922 986; x_wconf 83' lang='lat' dir='ltr'>praeparemus</span> <span class='ocrx_word' id='word_1_182' title='bbox 1945 950 2014 973; x_wconf 90' lang='lat' dir='ltr'>nos</span> <span class='ocrx_word' id='word_1_183' title='bbox 2036 938 2083 973; x_wconf 90' lang='lat' dir='ltr'>ad</span> <span class='ocrx_word' id='word_1_184' title='bbox 2117 938 2257 973; x_wconf 85' lang='lat' dir='ltr'>solem-</span> 
     </span>
    </p>
   </div>
   <div class='ocr_carea' id='block_1_6' title="bbox 1265 994 2261 1046">
    <p class='ocr_par' dir='ltr' id='par_1_7' title="bbox 1265 994 2261 1046">
     <span class='ocr_line' id='line_1_25' title="bbox 1265 994 2261 1046; baseline 0.002 -16"><span class='ocrx_word' id='word_1_185' title='bbox 1265 994 1384 1030; x_wconf 88' lang='lat' dir='ltr'>nioris</span> <span class='ocrx_word' id='word_1_186' title='bbox 1412 996 1531 1032; x_wconf 81' lang='lat' dir='ltr'>Missae</span> <span class='ocrx_word' id='word_1_187' title='bbox 1547 996 1814 1045; x_wconf 89' lang='lat' dir='ltr'>jubilationem</span> <span class='ocrx_word' id='word_1_188' title='bbox 1831 1024 1840 1040; x_wconf 94' lang='lat'>,</span> <span class='ocrx_word' id='word_1_189' title='bbox 1876 1010 1944 1032; x_wconf 88' lang='lat' dir='ltr'>nec</span> <span class='ocrx_word' id='word_1_190' title='bbox 1965 996 2144 1032; x_wconf 87' lang='lat' dir='ltr'>cordibus</span> <span class='ocrx_word' id='word_1_191' title='bbox 2172 1010 2261 1046; x_wconf 88' lang='lat' dir='ltr'>par-</span> 
     </span>
    </p>
   </div>
   <div class='ocr_carea' id='block_1_7' title="bbox 205 1053 2262 1104">
    <p class='ocr_par' dir='ltr' id='par_1_8' title="bbox 205 1053 2262 1104">
     <span class='ocr_line' id='line_1_26' title="bbox 205 1053 2262 1104; baseline 0.001 -15"><span class='ocrx_word' id='word_1_192' title='bbox 205 1061 476 1102; x_wconf 88' lang='lat' dir='ltr'>portaverunt;</span> <span class='ocrx_word' id='word_1_193' title='bbox 508 1055 538 1090; x_wconf 89' lang='lat' dir='ltr'>si</span> <span class='ocrx_word' id='word_1_194' title='bbox 569 1067 645 1090; x_wconf 93' lang='lat' dir='ltr'>non</span> <span class='ocrx_word' id='word_1_195' title='bbox 681 1055 888 1091; x_wconf 87' lang='lat' dir='ltr'>illuxerunt</span> <span class='ocrx_word' id='word_1_196' title='bbox 922 1055 1201 1091; x_wconf 86' lang='lat' dir='ltr'>coruscationes</span> <span class='ocrx_word' id='word_1_197' title='bbox 1222 1053 1248 1087; x_wconf 94' lang='lat' dir='ltr'>B</span> <span class='ocrx_word' id='word_1_198' title='bbox 1267 1062 1393 1090; x_wconf 87' lang='lat' dir='ltr'>centes</span> <span class='ocrx_word' id='word_1_199' title='bbox 1414 1067 1483 1091; x_wconf 88' lang='lat' dir='ltr'>nec</span> <span class='ocrx_word' id='word_1_200' title='bbox 1501 1055 1683 1100; x_wconf 90' lang='lat' dir='ltr'>vocibus,</span> <span class='ocrx_word' id='word_1_201' title='bbox 1704 1055 1750 1091; x_wconf 91' lang='lat' dir='ltr'>ad</span> <span class='ocrx_word' id='word_1_202' title='bbox 1776 1055 1957 1091; x_wconf 83' lang='lat' dir='ltr'>honorem</span> <span class='ocrx_word' id='word_1_203' title='bbox 1980 1056 2090 1092; x_wconf 87' lang='lat' dir='ltr'>Pueri</span> <span class='ocrx_word' id='word_1_204' title='bbox 2110 1057 2173 1104; x_wconf 91' lang='lat' dir='ltr'>qui</span> <span class='ocrx_word' id='word_1_205' title='bbox 2194 1070 2262 1092; x_wconf 88' lang='lat' dir='ltr'>na—</span> 
     </span>
    </p>
   </div>
   <div class='ocr_carea' id='block_1_8' title="bbox 200 1105 1201 1807">
    <p class='ocr_par' dir='ltr' id='par_1_9' title="bbox 200 1105 1201 1807">
     <span class='ocr_line' id='line_1_27' title="bbox 203 1105 1201 1162; baseline 0.001 -14"><span class='ocrx_word' id='word_1_206' title='bbox 203 1112 273 1148; x_wconf 88' lang='lat' dir='ltr'>Dei</span> <span class='ocrx_word' id='word_1_207' title='bbox 303 1111 386 1148; x_wconf 89' lang='lat' dir='ltr'>orbi</span> <span class='ocrx_word' id='word_1_208' title='bbox 417 1121 546 1158; x_wconf 82' lang='lat' dir='ltr'>terrae,</span> <span class='ocrx_word' id='word_1_209' title='bbox 579 1113 609 1150; x_wconf 92' lang='lat' dir='ltr'>si</span> <span class='ocrx_word' id='word_1_210' title='bbox 635 1126 710 1149; x_wconf 91' lang='lat' dir='ltr'>non</span> <span class='ocrx_word' id='word_1_211' title='bbox 739 1114 776 1149; x_wconf 91' lang='lat' dir='ltr'>in</span> <span class='ocrx_word' id='word_1_212' title='bbox 808 1105 1011 1162; x_wconf 46' lang='lat' dir='ltr'>splendore</span> <span class='ocrx_word' id='word_1_213' title='bbox 1044 1113 1201 1162; x_wconf 80' lang='lat' dir='ltr'>fulgoris</span> 
     </span>
     <span class='ocr_line' id='line_1_28' title="bbox 204 1169 1195 1218; baseline 0.002 -12"><span class='ocrx_word' id='word_1_214' title='bbox 204 1169 316 1218; x_wconf 88' lang='lat' dir='ltr'>hujus</span> <span class='ocrx_word' id='word_1_215' title='bbox 353 1179 541 1207; x_wconf 88' lang='lat' dir='ltr'>commota</span> <span class='ocrx_word' id='word_1_216' title='bbox 576 1179 632 1206; x_wconf 89' lang='lat' dir='ltr'>est</span> <span class='ocrx_word' id='word_1_217' title='bbox 660 1179 696 1206; x_wconf 91' lang='lat' dir='ltr'>et</span> <span class='ocrx_word' id='word_1_218' title='bbox 731 1172 959 1207; x_wconf 87' lang='lat' dir='ltr'>contremuit</span> <span class='ocrx_word' id='word_1_219' title='bbox 987 1178 1124 1208; x_wconf 88' lang='lat' dir='ltr'>terra¹.</span> <span class='ocrx_word' id='word_1_220' title='bbox 1147 1175 1195 1208; x_wconf 79' lang='lat' dir='ltr'>In</span> 
     </span>
     <span class='ocr_line' id='line_1_29' title="bbox 203 1229 1198 1277; baseline 0.001 -13"><span class='ocrx_word' id='word_1_221' title='bbox 203 1234 352 1264; x_wconf 77' lang='lat' dir='ltr'>nomine</span> <span class='ocrx_word' id='word_1_222' title='bbox 383 1232 470 1265; x_wconf 78' lang='lat' dir='ltr'>Jesu</span> <span class='ocrx_word' id='word_1_223' title='bbox 509 1230 642 1264; x_wconf 81' lang='lat' dir='ltr'>Christi</span> <span class='ocrx_word' id='word_1_224' title='bbox 675 1242 786 1277; x_wconf 80' lang='lat' dir='ltr'>surge</span> <span class='ocrx_word' id='word_1_225' title='bbox 822 1238 858 1264; x_wconf 81' lang='lat' dir='ltr'>et</span> <span class='ocrx_word' id='word_1_226' title='bbox 897 1229 1049 1264; x_wconf 80' lang='lat' dir='ltr'>ambula</span> <span class='ocrx_word' id='word_1_227' title='bbox 1060 1256 1071 1272; x_wconf 92' lang='lat'>,</span> <span class='ocrx_word' id='word_1_228' title='bbox 1107 1229 1198 1265; x_wconf 87' lang='lat' dir='ltr'>dicit</span> 
     </span>
     <span class='ocr_line' id='line_1_30' title="bbox 202 1288 1197 1337; baseline 0 -13"><span class='ocrx_word' id='word_1_229' title='bbox 202 1288 336 1324; x_wconf 92' lang='lat' dir='ltr'>claudo</span> <span class='ocrx_word' id='word_1_230' title='bbox 354 1288 531 1337; x_wconf 86' lang='lat' dir='ltr'>Princeps</span> <span class='ocrx_word' id='word_1_231' title='bbox 549 1288 831 1337; x_wconf 83' lang='lat' dir='ltr'>Apostolorum.</span> <span class='ocrx_word' id='word_1_232' title='bbox 848 1290 983 1324; x_wconf 89' lang='lat' dir='ltr'>Nonne</span> <span class='ocrx_word' id='word_1_233' title='bbox 1002 1288 1107 1337; x_wconf 89' lang='lat' dir='ltr'>quasi</span> <span class='ocrx_word' id='word_1_234' title='bbox 1123 1288 1197 1324; x_wconf 86' lang='lat' dir='ltr'>ful-</span> 
     </span>
     <span class='ocr_line' id='line_1_31' title="bbox 202 1347 1198 1396; baseline 0 -13"><span class='ocrx_word' id='word_1_235' title='bbox 202 1360 270 1396; x_wconf 92' lang='lat' dir='ltr'>gor</span> <span class='ocrx_word' id='word_1_236' title='bbox 291 1348 457 1384; x_wconf 79' lang='lat' dir='ltr'>exsilivit</span> <span class='ocrx_word' id='word_1_237' title='bbox 476 1347 523 1384; x_wconf 92' lang='lat' dir='ltr'>ab</span> <span class='ocrx_word' id='word_1_238' title='bbox 545 1360 610 1383; x_wconf 92' lang='lat' dir='ltr'>ore</span> <span class='ocrx_word' id='word_1_239' title='bbox 630 1347 754 1392; x_wconf 87' lang='lat' dir='ltr'>Petri,</span> <span class='ocrx_word' id='word_1_240' title='bbox 778 1361 862 1383; x_wconf 88' lang='lat' dir='ltr'>cum</span> <span class='ocrx_word' id='word_1_241' title='bbox 886 1348 1120 1383; x_wconf 89' lang='lat' dir='ltr'>nominatum</span> <span class='ocrx_word' id='word_1_242' title='bbox 1142 1355 1198 1384; x_wconf 89' lang='lat' dir='ltr'>est</span> 
     </span>
     <span class='ocr_line' id='line_1_32' title="bbox 202 1405 1195 1455; baseline -0.001 -13"><span class='ocrx_word' id='word_1_243' title='bbox 202 1418 340 1442; x_wconf 90' lang='lat' dir='ltr'>nomen</span> <span class='ocrx_word' id='word_1_244' title='bbox 362 1405 465 1455; x_wconf 88' lang='lat' dir='ltr'>quod</span> <span class='ocrx_word' id='word_1_245' title='bbox 486 1419 528 1442; x_wconf 91' lang='lat' dir='ltr'>os</span> <span class='ocrx_word' id='word_1_246' title='bbox 547 1405 701 1442; x_wconf 90' lang='lat' dir='ltr'>Domini</span> <span class='ocrx_word' id='word_1_247' title='bbox 723 1406 960 1442; x_wconf 79' lang='lat' dir='ltr'>nominavit?</span> <span class='ocrx_word' id='word_1_248' title='bbox 981 1409 1030 1441; x_wconf 84' lang='lat' dir='ltr'>Ee</span> <span class='ocrx_word' id='word_1_249' title='bbox 1050 1410 1195 1450; x_wconf 77' lang='lat' dir='ltr'>statim,</span> 
     </span>
     <span class='ocr_line' id='line_1_33' title="bbox 201 1464 1197 1513; baseline 0 -13"><span class='ocrx_word' id='word_1_250' title='bbox 201 1464 343 1513; x_wconf 85' lang='lat' dir='ltr'>inquit,</span> <span class='ocrx_word' id='word_1_251' title='bbox 365 1467 618 1500; x_wconf 81' lang='lat' dir='ltr'>consolldatoe</span> <span class='ocrx_word' id='word_1_252' title='bbox 637 1474 721 1500; x_wconf 77' lang='lat' dir='ltr'>sant</span> <span class='ocrx_word' id='word_1_253' title='bbox 738 1464 841 1500; x_wconf 78' lang='lat' dir='ltr'>bases</span> <span class='ocrx_word' id='word_1_254' title='bbox 861 1465 939 1510; x_wconf 74' lang='lat' dir='ltr'>ejus</span> <span class='ocrx_word' id='word_1_255' title='bbox 959 1474 994 1499; x_wconf 83' lang='lat' dir='ltr'>et</span> <span class='ocrx_word' id='word_1_256' title='bbox 1004 1467 1153 1512; x_wconf 72' lang='lat' dir='ltr'>planta?</span> <span class='ocrx_word' id='word_1_257' title='bbox 1171 1471 1197 1500; x_wconf 88' lang='lat'>².</span> 
     </span>
     <span class='ocr_line' id='line_1_34' title="bbox 200 1522 1199 1572; baseline 0 -13"><span class='ocrx_word' id='word_1_258' title='bbox 200 1523 435 1560; x_wconf 81' lang='lat' dir='ltr'>Vocabulum</span> <span class='ocrx_word' id='word_1_259' title='bbox 457 1527 565 1569; x_wconf 87' lang='lat' dir='ltr'>Jesu,</span> <span class='ocrx_word' id='word_1_260' title='bbox 585 1524 680 1559; x_wconf 91' lang='lat' dir='ltr'>sicut</span> <span class='ocrx_word' id='word_1_261' title='bbox 696 1524 869 1572; x_wconf 85' lang='lat' dir='ltr'>Origenis</span> <span class='ocrx_word' id='word_1_262' title='bbox 888 1523 1013 1572; x_wconf 88' lang='lat' dir='ltr'>lingua</span> <span class='ocrx_word' id='word_1_263' title='bbox 1034 1522 1199 1559; x_wconf 87' lang='lat' dir='ltr'>nobilior</span> 
     </span>
     <span class='ocr_line' id='line_1_35' title="bbox 203 1581 1197 1630; baseline -0.002 -12"><span class='ocrx_word' id='word_1_264' title='bbox 203 1581 398 1627; x_wconf 81' lang='lat' dir='ltr'>definivit,</span> <span class='ocrx_word' id='word_1_265' title='bbox 437 1581 546 1618; x_wconf 91' lang='lat' dir='ltr'>dulce</span> <span class='ocrx_word' id='word_1_266' title='bbox 577 1590 614 1618; x_wconf 89' lang='lat' dir='ltr'>et</span> <span class='ocrx_word' id='word_1_267' title='bbox 643 1582 872 1630; x_wconf 81' lang='lat' dir='ltr'>gloriosum3</span> <span class='ocrx_word' id='word_1_268' title='bbox 906 1582 1010 1617; x_wconf 90' lang='lat' dir='ltr'>omni</span> <span class='ocrx_word' id='word_1_269' title='bbox 1032 1581 1197 1624; x_wconf 19' lang='lat' dir='ltr'>&gt;adoratu</span> 
     </span>
     <span class='ocr_line' id='line_1_36' title="bbox 201 1639 1196 1690; baseline 0 -14"><span class='ocrx_word' id='word_1_270' title='bbox 201 1641 381 1690; x_wconf 88' lang='lat' dir='ltr'>cultuque</span> <span class='ocrx_word' id='word_1_271' title='bbox 402 1640 661 1689; x_wconf 84' lang='lat' dir='ltr'>dignissimum</span> <span class='ocrx_word' id='word_1_272' title='bbox 676 1669 685 1686; x_wconf 94' lang='lat'>,</span> <span class='ocrx_word' id='word_1_273' title='bbox 713 1640 816 1689; x_wconf 91' lang='lat' dir='ltr'>quod</span> <span class='ocrx_word' id='word_1_274' title='bbox 836 1653 912 1676; x_wconf 91' lang='lat' dir='ltr'>non</span> <span class='ocrx_word' id='word_1_275' title='bbox 933 1640 1037 1689; x_wconf 89' lang='lat' dir='ltr'>prius</span> <span class='ocrx_word' id='word_1_276' title='bbox 1056 1639 1103 1675; x_wconf 88' lang='lat' dir='ltr'>ab</span> <span class='ocrx_word' id='word_1_277' title='bbox 1123 1640 1196 1676; x_wconf 92' lang='lat' dir='ltr'>ho—</span> 
     </span>
     <span class='ocr_line' id='line_1_37' title="bbox 201 1698 1195 1746; baseline -0.002 -11"><span class='ocrx_word' id='word_1_278' title='bbox 201 1698 366 1736; x_wconf 89' lang='lat' dir='ltr'>minibus</span> <span class='ocrx_word' id='word_1_279' title='bbox 392 1699 518 1735; x_wconf 90' lang='lat' dir='ltr'>decuit</span> <span class='ocrx_word' id='word_1_280' title='bbox 537 1699 664 1735; x_wconf 85' lang='lat' dir='ltr'>efferri</span> <span class='ocrx_word' id='word_1_281' title='bbox 684 1699 722 1735; x_wconf 92' lang='lat' dir='ltr'>in</span> <span class='ocrx_word' id='word_1_282' title='bbox 744 1698 927 1734; x_wconf 91' lang='lat' dir='ltr'>mundum</span> <span class='ocrx_word' id='word_1_283' title='bbox 941 1727 951 1744; x_wconf 98' lang='lat'>,</span> <span class='ocrx_word' id='word_1_284' title='bbox 978 1698 1043 1734; x_wconf 90' lang='lat' dir='ltr'>sed</span> <span class='ocrx_word' id='word_1_285' title='bbox 1064 1711 1084 1734; x_wconf 90' lang='lat' dir='ltr'>a</span> <span class='ocrx_word' id='word_1_286' title='bbox 1101 1711 1195 1746; x_wconf 87' lang='lat' dir='ltr'>qua-</span> 
     </span>
     <span class='ocr_line' id='line_1_38' title="bbox 201 1758 1194 1807; baseline -0.001 -13"><span class='ocrx_word' id='word_1_287' title='bbox 201 1759 285 1795; x_wconf 90' lang='lat' dir='ltr'>dam</span> <span class='ocrx_word' id='word_1_288' title='bbox 307 1758 520 1795; x_wconf 86' lang='lat' dir='ltr'>sublimiori</span> <span class='ocrx_word' id='word_1_289' title='bbox 538 1758 868 1807; x_wconf 63' lang='lat' dir='ltr'>excellentiorique</span> <span class='ocrx_word' id='word_1_290' title='bbox 889 1766 1032 1794; x_wconf 89' lang='lat' dir='ltr'>natura.</span> <span class='ocrx_word' id='word_1_291' title='bbox 1052 1760 1194 1795; x_wconf 86' lang='lat' dir='ltr'>Omnes</span> 
     </span>
    </p>
   </div>
   <div class='ocr_carea' id='block_1_9' title="bbox 200 1817 1242 1868">
    <p class='ocr_par' dir='ltr' id='par_1_10' title="bbox 200 1817 1242 1868">
     <span class='ocr_line' id='line_1_39' title="bbox 200 1817 1242 1868; baseline -0.002 -14"><span class='ocrx_word' id='word_1_292' title='bbox 200 1819 342 1868; x_wconf 91' lang='lat' dir='ltr'>quippe</span> <span class='ocrx_word' id='word_1_293' title='bbox 371 1818 571 1868; x_wconf 85' lang='lat' dir='ltr'>Prophetae</span> <span class='ocrx_word' id='word_1_294' title='bbox 590 1831 728 1854; x_wconf 91' lang='lat' dir='ltr'>nomen</span> <span class='ocrx_word' id='word_1_295' title='bbox 746 1817 846 1854; x_wconf 92' lang='lat' dir='ltr'>istud</span> <span class='ocrx_word' id='word_1_296' title='bbox 866 1826 930 1853; x_wconf 90' lang='lat' dir='ltr'>aut</span> <span class='ocrx_word' id='word_1_297' title='bbox 951 1817 1164 1853; x_wconf 85' lang='lat' dir='ltr'>nescierunt</span> <span class='ocrx_word' id='word_1_298' title='bbox 1181 1844 1191 1862; x_wconf 95' lang='lat'>,</span> <span class='ocrx_word' id='word_1_299' title='bbox 1216 1824 1242 1859; x_wconf 86' lang='lat' dir='ltr'>C</span> 
     </span>
    </p>
   </div>
   <div class='ocr_carea' id='block_1_10' title="bbox 199 1880 1197 2572">
    <p class='ocr_par' dir='ltr' id='par_1_11' title="bbox 199 1880 1197 2572">
     <span class='ocr_line' id='line_1_40' title="bbox 199 1880 1195 1928; baseline -0.003 -12"><span class='ocrx_word' id='word_1_300' title='bbox 199 1887 265 1916; x_wconf 90' lang='lat' dir='ltr'>aut</span> <span class='ocrx_word' id='word_1_301' title='bbox 283 1880 435 1928; x_wconf 87' lang='lat' dir='ltr'>penitus</span> <span class='ocrx_word' id='word_1_302' title='bbox 456 1887 655 1915; x_wconf 88' lang='lat' dir='ltr'>tacuerunt</span> <span class='ocrx_word' id='word_1_303' title='bbox 677 1893 684 1914; x_wconf 73' lang='grc' dir='ltr'>ε</span> <span class='ocrx_word' id='word_1_304' title='bbox 709 1887 746 1914; x_wconf 89' lang='lat' dir='ltr'>et</span> <span class='ocrx_word' id='word_1_305' title='bbox 766 1886 955 1914; x_wconf 85' lang='lat' dir='ltr'>reservata</span> <span class='ocrx_word' id='word_1_306' title='bbox 971 1886 1026 1914; x_wconf 91' lang='lat' dir='ltr'>est</span> <span class='ocrx_word' id='word_1_307' title='bbox 1048 1890 1195 1926; x_wconf 70' lang='lat' dir='ltr'>praero—</span> 
     </span>
     <span class='ocr_line' id='line_1_41' title="bbox 199 1935 1195 1988; baseline -0.003 -14"><span class='ocrx_word' id='word_1_308' title='bbox 199 1938 333 1987; x_wconf 82' lang='lat' dir='ltr'>gativae</span> <span class='ocrx_word' id='word_1_309' title='bbox 353 1938 515 1988; x_wconf 84' lang='lat' dir='ltr'>dignitas</span> <span class='ocrx_word' id='word_1_310' title='bbox 534 1938 760 1986; x_wconf 82' lang='lat' dir='ltr'>archangelo</span> <span class='ocrx_word' id='word_1_311' title='bbox 778 1935 964 1980; x_wconf 87' lang='lat' dir='ltr'>Gabrieli,</span> <span class='ocrx_word' id='word_1_312' title='bbox 983 1936 1048 1985; x_wconf 89' lang='lat' dir='ltr'>qui</span> <span class='ocrx_word' id='word_1_313' title='bbox 1065 1944 1195 1972; x_wconf 90' lang='lat' dir='ltr'>sancto</span> 
     </span>
     <span class='ocr_line' id='line_1_42' title="bbox 199 1994 1195 2046; baseline -0.002 -13"><span class='ocrx_word' id='word_1_314' title='bbox 199 2010 265 2034; x_wconf 90' lang='lat' dir='ltr'>ore</span> <span class='ocrx_word' id='word_1_315' title='bbox 278 2006 413 2034; x_wconf 79' lang='lat' dir='ltr'>sanctae</span> <span class='ocrx_word' id='word_1_316' title='bbox 425 1997 568 2046; x_wconf 81' lang='lat' dir='ltr'>Virgini</span> <span class='ocrx_word' id='word_1_317' title='bbox 581 1996 673 2033; x_wconf 93' lang='lat' dir='ltr'>illud</span> <span class='ocrx_word' id='word_1_318' title='bbox 689 1997 851 2046; x_wconf 86' lang='lat' dir='ltr'>primum</span> <span class='ocrx_word' id='word_1_319' title='bbox 868 1994 1043 2032; x_wconf 75' lang='lat' dir='ltr'>evolvit3.</span> <span class='ocrx_word' id='word_1_320' title='bbox 1060 1999 1195 2032; x_wconf 72' lang='lat' dir='ltr'>Nonne</span> 
     </span>
     <span class='ocr_line' id='line_1_43' title="bbox 199 2054 1197 2104; baseline -0.004 -11"><span class='ocrx_word' id='word_1_321' title='bbox 199 2057 312 2093; x_wconf 85' lang='lat' dir='ltr'>Isaias</span> <span class='ocrx_word' id='word_1_322' title='bbox 331 2056 369 2092; x_wconf 92' lang='lat' dir='ltr'>in</span> <span class='ocrx_word' id='word_1_323' title='bbox 391 2069 544 2092; x_wconf 83' lang='lat' dir='ltr'>excessu</span> <span class='ocrx_word' id='word_1_324' title='bbox 564 2056 699 2092; x_wconf 88' lang='lat' dir='ltr'>mentis</span> <span class='ocrx_word' id='word_1_325' title='bbox 718 2063 848 2104; x_wconf 89' lang='lat' dir='ltr'>captus</span> <span class='ocrx_word' id='word_1_326' title='bbox 861 2083 870 2099; x_wconf 91' lang='lat'>‚</span> <span class='ocrx_word' id='word_1_327' title='bbox 888 2054 1017 2091; x_wconf 86' lang='lat' dir='ltr'>verbis</span> <span class='ocrx_word' id='word_1_328' title='bbox 1035 2054 1197 2090; x_wconf 89' lang='lat' dir='ltr'>archan-</span> 
     </span>
     <span class='ocr_line' id='line_1_44' title="bbox 200 2113 1196 2165; baseline -0.003 -13"><span class='ocrx_word' id='word_1_329' title='bbox 200 2116 328 2165; x_wconf 84' lang='lat' dir='ltr'>gelicis</span> <span class='ocrx_word' id='word_1_330' title='bbox 356 2116 496 2153; x_wconf 88' lang='lat' dir='ltr'>eisdem</span> <span class='ocrx_word' id='word_1_331' title='bbox 514 2127 613 2165; x_wconf 87' lang='lat' dir='ltr'>pene</span> <span class='ocrx_word' id='word_1_332' title='bbox 631 2113 784 2164; x_wconf 78' lang='lat' dir='ltr'>syllabis</span> <span class='ocrx_word' id='word_1_333' title='bbox 805 2114 991 2150; x_wconf 86' lang='lat' dir='ltr'>consentit</span> <span class='ocrx_word' id='word_1_334' title='bbox 1011 2126 1132 2162; x_wconf 90' lang='lat' dir='ltr'>usque</span> <span class='ocrx_word' id='word_1_335' title='bbox 1151 2113 1196 2149; x_wconf 92' lang='lat' dir='ltr'>ad</span> 
     </span>
     <span class='ocr_line' id='line_1_45' title="bbox 201 2174 1196 2218; baseline -0.004 -6"><span class='ocrx_word' id='word_1_336' title='bbox 201 2176 319 2212; x_wconf 87' lang='lat' dir='ltr'>sancti</span> <span class='ocrx_word' id='word_1_337' title='bbox 337 2175 502 2212; x_wconf 91' lang='lat' dir='ltr'>nominis</span> <span class='ocrx_word' id='word_1_338' title='bbox 524 2175 729 2211; x_wconf 88' lang='lat' dir='ltr'>novitatem</span> <span class='ocrx_word' id='word_1_339' title='bbox 749 2174 790 2209; x_wconf 65' lang='lat'>4?</span> <span class='ocrx_word' id='word_1_340' title='bbox 808 2174 930 2210; x_wconf 89' lang='lat' dir='ltr'>Pascit</span> <span class='ocrx_word' id='word_1_341' title='bbox 952 2185 1083 2210; x_wconf 78' lang='lat' dir='ltr'>revera</span> <span class='ocrx_word' id='word_1_342' title='bbox 1097 2201 1106 2218; x_wconf 96' lang='lat'>,</span> <span class='ocrx_word' id='word_1_343' title='bbox 1127 2185 1196 2209; x_wconf 89' lang='lat' dir='ltr'>nec</span> 
     </span>
     <span class='ocr_line' id='line_1_46' title="bbox 201 2232 1195 2284; baseline -0.004 -13"><span class='ocrx_word' id='word_1_344' title='bbox 201 2244 257 2271; x_wconf 87' lang='lat' dir='ltr'>est</span> <span class='ocrx_word' id='word_1_345' title='bbox 286 2235 428 2271; x_wconf 84' lang='lat' dir='ltr'>felicior</span> <span class='ocrx_word' id='word_1_346' title='bbox 446 2235 568 2284; x_wconf 88' lang='lat' dir='ltr'>pastio</span> <span class='ocrx_word' id='word_1_347' title='bbox 595 2235 633 2270; x_wconf 90' lang='lat' dir='ltr'>in</span> <span class='ocrx_word' id='word_1_348' title='bbox 661 2235 743 2270; x_wconf 91' lang='lat' dir='ltr'>loco</span> <span class='ocrx_word' id='word_1_349' title='bbox 770 2245 917 2282; x_wconf 85' lang='lat' dir='ltr'>pascuae</span> <span class='ocrx_word' id='word_1_350' title='bbox 940 2232 1004 2268; x_wconf 88' lang='lat' dir='ltr'>ubi</span> <span class='ocrx_word' id='word_1_351' title='bbox 1029 2244 1097 2268; x_wconf 90' lang='lat' dir='ltr'>nos</span> <span class='ocrx_word' id='word_1_352' title='bbox 1116 2235 1195 2267; x_wconf 91' lang='lat' dir='ltr'>Do—</span> 
     </span>
     <span class='ocr_line' id='line_1_47' title="bbox 201 2290 1195 2341; baseline -0.004 -11"><span class='ocrx_word' id='word_1_353' title='bbox 201 2294 325 2330; x_wconf 88' lang='lat' dir='ltr'>minus</span> <span class='ocrx_word' id='word_1_354' title='bbox 341 2294 554 2330; x_wconf 84' lang='lat' dir='ltr'>collocavit.</span> <span class='ocrx_word' id='word_1_355' title='bbox 572 2292 671 2341; x_wconf 89' lang='lat' dir='ltr'>Quid</span> <span class='ocrx_word' id='word_1_356' title='bbox 687 2306 792 2341; x_wconf 84' lang='lat' dir='ltr'>aeque</span> <span class='ocrx_word' id='word_1_357' title='bbox 813 2300 975 2328; x_wconf 89' lang='lat' dir='ltr'>mentem</span> <span class='ocrx_word' id='word_1_358' title='bbox 997 2290 1195 2339; x_wconf 81' lang='lat' dir='ltr'>cogitantis</span> 
     </span>
     <span class='ocr_line' id='line_1_48' title="bbox 201 2349 1193 2402; baseline -0.005 -14"><span class='ocrx_word' id='word_1_359' title='bbox 201 2353 439 2402; x_wconf 82' lang='lat' dir='ltr'>impinguat?</span> <span class='ocrx_word' id='word_1_360' title='bbox 463 2356 608 2390; x_wconf 76' lang='lat' dir='ltr'>Nomen</span> <span class='ocrx_word' id='word_1_361' title='bbox 637 2355 725 2388; x_wconf 88' lang='lat' dir='ltr'>Jesu</span> <span class='ocrx_word' id='word_1_362' title='bbox 752 2351 825 2387; x_wconf 90' lang='lat' dir='ltr'>mel</span> <span class='ocrx_word' id='word_1_363' title='bbox 854 2351 891 2386; x_wconf 92' lang='lat' dir='ltr'>in</span> <span class='ocrx_word' id='word_1_364' title='bbox 919 2362 1006 2394; x_wconf 84' lang='lat' dir='ltr'>ore,</span> <span class='ocrx_word' id='word_1_365' title='bbox 1036 2349 1072 2384; x_wconf 92' lang='lat' dir='ltr'>in</span> <span class='ocrx_word' id='word_1_366' title='bbox 1104 2361 1193 2384; x_wconf 85' lang='lat' dir='ltr'>aure</span> 
     </span>
     <span class='ocr_line' id='line_1_49' title="bbox 202 2408 1190 2460; baseline -0.005 -12"><span class='ocrx_word' id='word_1_367' title='bbox 202 2412 342 2456; x_wconf 90' lang='lat' dir='ltr'>melos,</span> <span class='ocrx_word' id='word_1_368' title='bbox 376 2412 413 2448; x_wconf 92' lang='lat' dir='ltr'>in</span> <span class='ocrx_word' id='word_1_369' title='bbox 435 2411 548 2448; x_wconf 85' lang='lat' dir='ltr'>corde</span> <span class='ocrx_word' id='word_1_370' title='bbox 565 2410 720 2460; x_wconf 88' lang='lat' dir='ltr'>jubilus.</span> <span class='ocrx_word' id='word_1_371' title='bbox 743 2410 875 2448; x_wconf 89' lang='lat' dir='ltr'>Omnis</span> <span class='ocrx_word' id='word_1_372' title='bbox 903 2408 1008 2445; x_wconf 87' lang='lat' dir='ltr'>cibus</span> <span class='ocrx_word' id='word_1_373' title='bbox 1030 2408 1093 2457; x_wconf 91' lang='lat' dir='ltr'>qui</span> <span class='ocrx_word' id='word_1_374' title='bbox 1115 2421 1190 2443; x_wconf 90' lang='lat' dir='ltr'>non</span> 
     </span>
     <span class='ocr_line' id='line_1_50' title="bbox 201 2467 1195 2516; baseline -0.006 -8"><span class='ocrx_word' id='word_1_375' title='bbox 201 2470 378 2508; x_wconf 88' lang='lat' dir='ltr'>conditur</span> <span class='ocrx_word' id='word_1_376' title='bbox 393 2471 466 2507; x_wconf 92' lang='lat' dir='ltr'>hoc</span> <span class='ocrx_word' id='word_1_377' title='bbox 483 2471 572 2515; x_wconf 89' lang='lat' dir='ltr'>sale,</span> <span class='ocrx_word' id='word_1_378' title='bbox 590 2471 796 2506; x_wconf 84' lang='lat' dir='ltr'>infatuatus</span> <span class='ocrx_word' id='word_1_379' title='bbox 813 2477 880 2505; x_wconf 86' lang='lat' dir='ltr'>est.</span> <span class='ocrx_word' id='word_1_380' title='bbox 902 2467 1095 2516; x_wconf 84' lang='lat' dir='ltr'>Scriptura</span> <span class='ocrx_word' id='word_1_381' title='bbox 1111 2479 1195 2515; x_wconf 90' lang='lat' dir='ltr'>quae</span> 
     </span>
     <span class='ocr_line' id='line_1_51' title="bbox 201 2526 1195 2572; baseline -0.006 -5"><span class='ocrx_word' id='word_1_382' title='bbox 201 2543 278 2567; x_wconf 90' lang='lat' dir='ltr'>non</span> <span class='ocrx_word' id='word_1_383' title='bbox 299 2530 410 2566; x_wconf 88' lang='lat' dir='ltr'>suerit</span> <span class='ocrx_word' id='word_1_384' title='bbox 426 2530 633 2567; x_wconf 86' lang='lat' dir='ltr'>interlinita</span> <span class='ocrx_word' id='word_1_385' title='bbox 652 2530 736 2566; x_wconf 92' lang='lat' dir='ltr'>oleo</span> <span class='ocrx_word' id='word_1_386' title='bbox 755 2536 865 2565; x_wconf 89' lang='lat' dir='ltr'>tantae</span> <span class='ocrx_word' id='word_1_387' title='bbox 884 2527 1096 2563; x_wconf 85' lang='lat' dir='ltr'>devotionis</span> <span class='ocrx_word' id='word_1_388' title='bbox 1111 2555 1120 2572; x_wconf 94' lang='lat'>,</span> <span class='ocrx_word' id='word_1_389' title='bbox 1135 2526 1195 2562; x_wconf 92' lang='lat' dir='ltr'>in-</span> 
     </span>
    </p>
   </div>
   <div class='ocr_carea' id='block_1_11' title="bbox 1266 1113 2259 1210">
    <p class='ocr_par' dir='ltr' id='par_1_12' title="bbox 1266 1113 2259 1210">
     <span class='ocr_line' id='line_1_52' title="bbox 1268 1113 2259 1164; baseline 0.002 -15"><span class='ocrx_word' id='word_1_390' title='bbox 1268 1122 1327 1149; x_wconf 92' lang='lat' dir='ltr'>tus</span> <span class='ocrx_word' id='word_1_391' title='bbox 1343 1122 1399 1150; x_wconf 90' lang='lat' dir='ltr'>est</span> <span class='ocrx_word' id='word_1_392' title='bbox 1412 1113 1534 1161; x_wconf 89' lang='lat' dir='ltr'>nobis,</span> <span class='ocrx_word' id='word_1_393' title='bbox 1550 1115 1615 1164; x_wconf 89' lang='lat' dir='ltr'>qui</span> <span class='ocrx_word' id='word_1_394' title='bbox 1629 1123 1685 1151; x_wconf 87' lang='lat' dir='ltr'>est</span> <span class='ocrx_word' id='word_1_395' title='bbox 1698 1118 1801 1151; x_wconf 86' lang='lat' dir='ltr'>Deus</span> <span class='ocrx_word' id='word_1_396' title='bbox 1818 1115 1854 1150; x_wconf 91' lang='lat' dir='ltr'>in</span> <span class='ocrx_word' id='word_1_397' title='bbox 1873 1116 2008 1151; x_wconf 83' lang='lat' dir='ltr'>saecula</span> <span class='ocrx_word' id='word_1_398' title='bbox 2024 1115 2259 1151; x_wconf 86' lang='lat' dir='ltr'>benedictus.</span> 
     </span>
     <span class='ocr_line' id='line_1_53' title="bbox 1266 1177 1401 1210; baseline -0.007 0"><span class='ocrx_word' id='word_1_399' title='bbox 1266 1177 1401 1210; x_wconf 87' lang='lat' dir='ltr'>Amen.</span> 
     </span>
    </p>
   </div>
   <div class='ocr_carea' id='block_1_12' title="bbox 1262 1300 2264 1311">
    <p class='ocr_par' dir='ltr' id='par_1_13' title="bbox 1262 1300 2264 1311">
     <span class='ocr_line' id='line_1_54' title="bbox 1262 1300 2264 1311; baseline -0.001 0"><span class='ocrx_word' id='word_1_400' title='bbox 1262 1300 2135 1311; x_wconf 55' lang='grc' dir='ltr'>ιιιινινιυιιιυιπςνινιιινιψινινννιψκιςιινιικνιιινννιηινιιπιςνιη</span> <span class='ocrx_word' id='word_1_401' title='bbox 2136 1301 2234 1310; x_wconf 58' lang='lat' dir='ltr'>xxxxxxx</span> <span class='ocrx_word' id='word_1_402' title='bbox 2238 1301 2264 1310; x_wconf 59' lang='grc' dir='ltr'><strong><em>Ἀ</em></strong></span> 
     </span>
    </p>
   </div>
   <div class='ocr_carea' id='block_1_13' title="bbox 1650 1408 1872 1444">
    <p class='ocr_par' dir='ltr' id='par_1_14' title="bbox 1650 1408 1872 1444">
     <span class='ocr_line' id='line_1_55' title="bbox 1650 1408 1872 1444; baseline -0.009 -1"><span class='ocrx_word' id='word_1_403' title='bbox 1650 1408 1872 1444; x_wconf 82' lang='lat' dir='ltr'>EJUSDEM</span> 
     </span>
    </p>
   </div>
   <div class='ocr_carea' id='block_1_14' title="bbox 1369 1529 2151 1579">
    <p class='ocr_par' dir='ltr' id='par_1_15' title="bbox 1369 1529 2151 1579">
     <span class='ocr_line' id='line_1_56' title="bbox 1369 1529 2151 1579; baseline -0.003 -2"><span class='ocrx_word' id='word_1_404' title='bbox 1369 1532 1434 1578; x_wconf 93' lang='lat' dir='ltr'>IN</span> <span class='ocrx_word' id='word_1_405' title='bbox 1468 1530 1867 1579; x_wconf 75' lang='lat' dir='ltr'>NATIVITATE</span> <span class='ocrx_word' id='word_1_406' title='bbox 1900 1529 2121 1576; x_wconf 81' lang='lat' dir='ltr'>DOMINI</span> <span class='ocrx_word' id='word_1_407' title='bbox 2137 1535 2151 1550; x_wconf 70' lang='lat'><em>²</em></span> 
     </span>
    </p>
   </div>
   <div class='ocr_carea' id='block_1_15' title="bbox 1663 1667 1856 1692">
    <p class='ocr_par' dir='ltr' id='par_1_16' title="bbox 1663 1667 1856 1692">
     <span class='ocr_line' id='line_1_57' title="bbox 1663 1667 1856 1692; baseline -0.016 0"><span class='ocrx_word' id='word_1_408' title='bbox 1663 1668 1788 1692; x_wconf 76' lang='lat' dir='ltr'>SERMO</span> <span class='ocrx_word' id='word_1_409' title='bbox 1813 1667 1856 1689; x_wconf 89' lang='lat'>11.</span> 
     </span>
    </p>
   </div>
   <div class='ocr_carea' id='block_1_16' title="bbox 1494 1772 2024 1816">
    <p class='ocr_par' dir='ltr' id='par_1_17' title="bbox 1494 1772 2024 1816">
     <span class='ocr_line' id='line_1_58' title="bbox 1494 1772 2024 1816; baseline -0.008 -10"><span class='ocrx_word' id='word_1_410' title='bbox 1494 1778 1542 1806; x_wconf 87' lang='lat' dir='ltr'>De</span> <span class='ocrx_word' id='word_1_411' title='bbox 1555 1774 1671 1816; x_wconf 89' lang='lat' dir='ltr'>duplici</span> <span class='ocrx_word' id='word_1_412' title='bbox 1687 1773 1800 1806; x_wconf 86' lang='lat' dir='ltr'>Christi</span> <span class='ocrx_word' id='word_1_413' title='bbox 1817 1772 2024 1814; x_wconf 81' lang='lat' dir='ltr'>generatione.</span> 
     </span>
    </p>
   </div>
   <div class='ocr_carea' id='block_1_17' title="bbox 1651 1892 1865 1906">
    <p class='ocr_par' dir='ltr' id='par_1_18' title="bbox 1651 1892 1865 1906">
     <span class='ocr_line' id='line_1_59' title="bbox 1651 1892 1865 1906; baseline 0 -2"><span class='ocrx_word' id='word_1_414' title='bbox 1651 1892 1865 1906; x_wconf 30' lang='lat' dir='ltr'>*wast*</span> 
     </span>
    </p>
   </div>
   <div class='ocr_carea' id='block_1_18' title="bbox 1260 1988 2259 2570">
    <p class='ocr_par' dir='ltr' id='par_1_19' title="bbox 1260 1988 2259 2570">
     <span class='ocr_line' id='line_1_60' title="bbox 1320 1988 2257 2037; baseline -0.002 -10"><span class='ocrx_word' id='word_1_415' title='bbox 1320 1992 1353 2028; x_wconf 93' lang='lat' dir='ltr'>l.</span> <span class='ocrx_word' id='word_1_416' title='bbox 1380 1991 1597 2036; x_wconf 84' lang='lat' dir='ltr'>Exsultate,</span> <span class='ocrx_word' id='word_1_417' title='bbox 1622 1991 1776 2034; x_wconf 89' lang='lat' dir='ltr'>fratres,</span> <span class='ocrx_word' id='word_1_418' title='bbox 1809 1989 1847 2025; x_wconf 91' lang='lat' dir='ltr'>in</span> <span class='ocrx_word' id='word_1_419' title='bbox 1873 1988 2038 2026; x_wconf 89' lang='lat' dir='ltr'>Domino</span> <span class='ocrx_word' id='word_1_420' title='bbox 2067 2000 2074 2021; x_wconf 72' lang='grc' dir='ltr'>ε</span> <span class='ocrx_word' id='word_1_421' title='bbox 2101 1989 2189 2037; x_wconf 87' lang='lat' dir='ltr'>quia</span> <span class='ocrx_word' id='word_1_422' title='bbox 2210 1989 2257 2025; x_wconf 91' lang='lat' dir='ltr'>de</span> 
     </span>
     <span class='ocr_line' id='line_1_61' title="bbox 1262 2046 2257 2095; baseline -0.004 -8"><span class='ocrx_word' id='word_1_423' title='bbox 1262 2050 1459 2087; x_wconf 89' lang='lat' dir='ltr'>Dominiea</span> <span class='ocrx_word' id='word_1_424' title='bbox 1482 2050 1545 2086; x_wconf 85' lang='lat' dir='ltr'>illa</span> <span class='ocrx_word' id='word_1_425' title='bbox 1569 2063 1693 2086; x_wconf 89' lang='lat' dir='ltr'>sermo</span> <span class='ocrx_word' id='word_1_426' title='bbox 1714 2048 1901 2092; x_wconf 83' lang='lat' dir='ltr'>succedit,</span> <span class='ocrx_word' id='word_1_427' title='bbox 1924 2060 2008 2095; x_wconf 82' lang='lat' dir='ltr'>quae</span> <span class='ocrx_word' id='word_1_428' title='bbox 2029 2046 2257 2095; x_wconf 75' lang='lat' dir='ltr'>singularem</span> 
     </span>
     <span class='ocr_line' id='line_1_62' title="bbox 1263 2106 2257 2156; baseline -0.003 -11"><span class='ocrx_word' id='word_1_429' title='bbox 1263 2110 1301 2145; x_wconf 92' lang='lat' dir='ltr'>in</span> <span class='ocrx_word' id='word_1_430' title='bbox 1322 2108 1502 2145; x_wconf 88' lang='lat' dir='ltr'>cordibus</span> <span class='ocrx_word' id='word_1_431' title='bbox 1518 2109 1653 2145; x_wconf 83' lang='lat' dir='ltr'>vestris</span> <span class='ocrx_word' id='word_1_432' title='bbox 1680 2107 1845 2143; x_wconf 72' lang='lat' dir='ltr'>vindicat</span> <span class='ocrx_word' id='word_1_433' title='bbox 1873 2106 2148 2156; x_wconf 79' lang='lat' dir='ltr'>principatum3</span> <span class='ocrx_word' id='word_1_434' title='bbox 2173 2118 2257 2154; x_wconf 87' lang='lat' dir='ltr'>quae</span> 
     </span>
     <span class='ocr_line' id='line_1_63' title="bbox 1263 2164 2258 2216; baseline -0.005 -12"><span class='ocrx_word' id='word_1_435' title='bbox 1263 2176 1318 2204; x_wconf 90' lang='lat' dir='ltr'>est</span> <span class='ocrx_word' id='word_1_436' title='bbox 1340 2168 1385 2204; x_wconf 92' lang='lat' dir='ltr'>ad</span> <span class='ocrx_word' id='word_1_437' title='bbox 1407 2167 1514 2216; x_wconf 88' lang='lat' dir='ltr'>cujus</span> <span class='ocrx_word' id='word_1_438' title='bbox 1531 2180 1670 2204; x_wconf 88' lang='lat' dir='ltr'>nomen</span> <span class='ocrx_word' id='word_1_439' title='bbox 1691 2166 1885 2203; x_wconf 88' lang='lat' dir='ltr'>humiliter</span> <span class='ocrx_word' id='word_1_440' title='bbox 1910 2164 2097 2200; x_wconf 87' lang='lat' dir='ltr'>inclinatis</span> <span class='ocrx_word' id='word_1_441' title='bbox 2112 2193 2121 2209; x_wconf 98' lang='lat'>,</span> <span class='ocrx_word' id='word_1_442' title='bbox 2150 2164 2258 2212; x_wconf 88' lang='lat' dir='ltr'>cujus</span> 
     </span>
     <span class='ocr_line' id='line_1_64' title="bbox 1263 2222 2257 2272; baseline -0.006 -9"><span class='ocrx_word' id='word_1_443' title='bbox 1263 2228 1365 2263; x_wconf 86' lang='lat' dir='ltr'>horis</span> <span class='ocrx_word' id='word_1_444' title='bbox 1382 2235 1600 2263; x_wconf 80' lang='lat' dir='ltr'>reverenter</span> <span class='ocrx_word' id='word_1_445' title='bbox 1616 2226 1785 2262; x_wconf 88' lang='lat' dir='ltr'>assistitis</span> <span class='ocrx_word' id='word_1_446' title='bbox 1802 2253 1811 2269; x_wconf 93' lang='lat'>,</span> <span class='ocrx_word' id='word_1_447' title='bbox 1831 2223 1938 2272; x_wconf 90' lang='lat' dir='ltr'>cujus</span> <span class='ocrx_word' id='word_1_448' title='bbox 1960 2223 2178 2258; x_wconf 84' lang='lat' dir='ltr'>memoriam</span> <span class='ocrx_word' id='word_1_449' title='bbox 2196 2222 2257 2270; x_wconf 87' lang='lat' dir='ltr'>ju-</span> 
     </span>
     <span class='ocr_line' id='line_1_65' title="bbox 1261 2282 2257 2335; baseline -0.008 -12"><span class='ocrx_word' id='word_1_450' title='bbox 1261 2287 1356 2335; x_wconf 87' lang='lat' dir='ltr'>giter</span> <span class='ocrx_word' id='word_1_451' title='bbox 1371 2287 1626 2335; x_wconf 84' lang='lat' dir='ltr'>frequentatis.</span> <span class='ocrx_word' id='word_1_452' title='bbox 1660 2289 1748 2321; x_wconf 80' lang='lat' dir='ltr'>Haec</span> <span class='ocrx_word' id='word_1_453' title='bbox 1774 2292 1828 2320; x_wconf 90' lang='lat' dir='ltr'>est</span> <span class='ocrx_word' id='word_1_454' title='bbox 1850 2295 1933 2331; x_wconf 87' lang='lat' dir='ltr'>quae</span> <span class='ocrx_word' id='word_1_455' title='bbox 1957 2283 2091 2317; x_wconf 79' lang='lat' dir='ltr'>vestris</span> <span class='ocrx_word' id='word_1_456' title='bbox 2111 2282 2257 2317; x_wconf 80' lang='lat' dir='ltr'>affccti—</span> 
     </span>
     <span class='ocr_line' id='line_1_66' title="bbox 1260 2340 2258 2391; baseline -0.006 -10"><span class='ocrx_word' id='word_1_457' title='bbox 1260 2345 1331 2382; x_wconf 89' lang='lat' dir='ltr'>bus</span> <span class='ocrx_word' id='word_1_458' title='bbox 1351 2347 1516 2382; x_wconf 82' lang='lat' dir='ltr'>suaviter</span> <span class='ocrx_word' id='word_1_459' title='bbox 1535 2344 1773 2387; x_wconf 85' lang='lat' dir='ltr'>indulcescit,</span> <span class='ocrx_word' id='word_1_460' title='bbox 1797 2342 1884 2391; x_wconf 87' lang='lat' dir='ltr'>quia</span> <span class='ocrx_word' id='word_1_461' title='bbox 1903 2353 2036 2388; x_wconf 85' lang='lat' dir='ltr'>magna</span> <span class='ocrx_word' id='word_1_462' title='bbox 2054 2340 2258 2376; x_wconf 85' lang='lat' dir='ltr'>multitudo</span> 
     </span>
     <span class='ocr_line' id='line_1_67' title="bbox 1260 2398 2258 2452; baseline -0.006 -12"><span class='ocrx_word' id='word_1_463' title='bbox 1260 2404 1468 2440; x_wconf 85' lang='lat' dir='ltr'>dulcedinis</span> <span class='ocrx_word' id='word_1_464' title='bbox 1488 2404 1581 2451; x_wconf 86' lang='lat' dir='ltr'>ejus.</span> <span class='ocrx_word' id='word_1_465' title='bbox 1611 2403 1774 2452; x_wconf 85' lang='lat' dir='ltr'>Spiritus</span> <span class='ocrx_word' id='word_1_466' title='bbox 1802 2401 1902 2437; x_wconf 89' lang='lat' dir='ltr'>enim</span> <span class='ocrx_word' id='word_1_467' title='bbox 1925 2398 2007 2447; x_wconf 86' lang='lat' dir='ltr'>ejus</span> <span class='ocrx_word' id='word_1_468' title='bbox 2039 2411 2153 2448; x_wconf 89' lang='lat' dir='ltr'>super</span> <span class='ocrx_word' id='word_1_469' title='bbox 2186 2399 2258 2434; x_wconf 84' lang='lat' dir='ltr'>mel</span> 
     </span>
     <span class='ocr_line' id='line_1_68' title="bbox 1261 2458 2258 2512; baseline -0.007 -13"><span class='ocrx_word' id='word_1_470' title='bbox 1261 2463 1382 2500; x_wconf 91' lang='lat' dir='ltr'>dulcis</span> <span class='ocrx_word' id='word_1_471' title='bbox 1395 2493 1404 2507; x_wconf 92' lang='lat'>,</span> <span class='ocrx_word' id='word_1_472' title='bbox 1430 2464 1467 2499; x_wconf 90' lang='lat' dir='ltr'>in</span> <span class='ocrx_word' id='word_1_473' title='bbox 1489 2476 1601 2512; x_wconf 87' lang='lat' dir='ltr'>quam</span> <span class='ocrx_word' id='word_1_474' title='bbox 1622 2462 1742 2498; x_wconf 89' lang='lat' dir='ltr'>dulcis</span> <span class='ocrx_word' id='word_1_475' title='bbox 1762 2460 1949 2497; x_wconf 84' lang='lat' dir='ltr'>Dominus</span> <span class='ocrx_word' id='word_1_476' title='bbox 1967 2471 2052 2494; x_wconf 88' lang='lat' dir='ltr'>cum</span> <span class='ocrx_word' id='word_1_477' title='bbox 2069 2458 2173 2493; x_wconf 84' lang='lat' dir='ltr'>omni</span> <span class='ocrx_word' id='word_1_478' title='bbox 2192 2471 2258 2494; x_wconf 91' lang='lat' dir='ltr'>sua</span> 
     </span>
     <span class='ocr_line' id='line_1_69' title="bbox 1261 2517 2259 2570; baseline -0.007 -12"><span class='ocrx_word' id='word_1_479' title='bbox 1261 2522 1460 2558; x_wconf 88' lang='lat' dir='ltr'>dulcedine</span> <span class='ocrx_word' id='word_1_480' title='bbox 1491 2521 1722 2570; x_wconf 85' lang='lat' dir='ltr'>supervenit.</span> <span class='ocrx_word' id='word_1_481' title='bbox 1754 2523 1846 2557; x_wconf 89' lang='lat' dir='ltr'>Cum</span> <span class='ocrx_word' id='word_1_482' title='bbox 1882 2518 1982 2555; x_wconf 87' lang='lat' dir='ltr'>enim</span> <span class='ocrx_word' id='word_1_483' title='bbox 2008 2517 2137 2553; x_wconf 76' lang='lat' dir='ltr'>fecerit</span> <span class='ocrx_word' id='word_1_484' title='bbox 2159 2520 2259 2553; x_wconf 89' lang='lat' dir='ltr'>Deus</span> 
     </span>
    </p>
   </div>
   <div class='ocr_carea' id='block_1_19' title="bbox 201 2575 2255 2638">
    <p class='ocr_par' dir='ltr' id='par_1_20' title="bbox 201 2575 2255 2638">
     <span class='ocr_line' id='line_1_70' title="bbox 201 2575 2255 2638; baseline -0.008 -12"><span class='ocrx_word' id='word_1_485' title='bbox 201 2589 321 2638; x_wconf 85' lang='lat' dir='ltr'>sipida</span> <span class='ocrx_word' id='word_1_486' title='bbox 336 2598 402 2625; x_wconf 88' lang='lat' dir='ltr'>est.</span> <span class='ocrx_word' id='word_1_487' title='bbox 425 2590 523 2626; x_wconf 90' lang='lat' dir='ltr'>Olim</span> <span class='ocrx_word' id='word_1_488' title='bbox 545 2589 636 2625; x_wconf 88' lang='lat' dir='ltr'>mihi</span> <span class='ocrx_word' id='word_1_489' title='bbox 652 2589 796 2624; x_wconf 92' lang='lat' dir='ltr'>Tullius</span> <span class='ocrx_word' id='word_1_490' title='bbox 813 2585 1070 2630; x_wconf 85' lang='lat' dir='ltr'>dulcescebat,</span> <span class='ocrx_word' id='word_1_491' title='bbox 1086 2585 1192 2621; x_wconf 87' lang='lat' dir='ltr'>blan·</span> <span class='ocrx_word' id='word_1_492' title='bbox 1210 2594 1243 2628; x_wconf 87' lang='lat' dir='ltr'>D</span> <span class='ocrx_word' id='word_1_493' title='bbox 1261 2582 1387 2617; x_wconf 83' lang='lat' dir='ltr'>onmia</span> <span class='ocrx_word' id='word_1_494' title='bbox 1405 2594 1522 2631; x_wconf 84' lang='lat' dir='ltr'>opera</span> <span class='ocrx_word' id='word_1_495' title='bbox 1544 2593 1611 2617; x_wconf 88' lang='lat' dir='ltr'>sua</span> <span class='ocrx_word' id='word_1_496' title='bbox 1631 2579 1741 2615; x_wconf 87' lang='lat' dir='ltr'>valde</span> <span class='ocrx_word' id='word_1_497' title='bbox 1766 2578 1868 2614; x_wconf 87' lang='lat' dir='ltr'>bona</span> <span class='ocrx_word' id='word_1_498' title='bbox 1881 2606 1890 2622; x_wconf 93' lang='lat'>,</span> <span class='ocrx_word' id='word_1_499' title='bbox 1909 2577 1968 2612; x_wconf 88' lang='lat' dir='ltr'>hic</span> <span class='ocrx_word' id='word_1_500' title='bbox 1990 2576 2124 2611; x_wconf 86' lang='lat' dir='ltr'>melius</span> <span class='ocrx_word' id='word_1_501' title='bbox 2147 2575 2255 2620; x_wconf 86' lang='lat' dir='ltr'>fecit,</span> 
     </span>
    </p>
   </div>
   <div class='ocr_carea' id='block_1_20' title="bbox 202 2644 1196 3109">
    <p class='ocr_par' dir='ltr' id='par_1_21' title="bbox 202 2644 1196 3109">
     <span class='ocr_line' id='line_1_71' title="bbox 202 2644 1193 2696; baseline -0.006 -11"><span class='ocrx_word' id='word_1_502' title='bbox 202 2648 375 2685; x_wconf 91' lang='lat' dir='ltr'>diebatur</span> <span class='ocrx_word' id='word_1_503' title='bbox 394 2649 568 2696; x_wconf 78' lang='lat' dir='ltr'>Virgilius</span> <span class='ocrx_word' id='word_1_504' title='bbox 581 2677 591 2693; x_wconf 96' lang='lat'>,</span> <span class='ocrx_word' id='word_1_505' title='bbox 613 2656 650 2683; x_wconf 90' lang='lat' dir='ltr'>et</span> <span class='ocrx_word' id='word_1_506' title='bbox 666 2650 827 2695; x_wconf 88' lang='lat' dir='ltr'>Syrenes</span> <span class='ocrx_word' id='word_1_507' title='bbox 847 2658 966 2694; x_wconf 90' lang='lat' dir='ltr'>usque</span> <span class='ocrx_word' id='word_1_508' title='bbox 983 2645 1020 2681; x_wconf 89' lang='lat' dir='ltr'>in</span> <span class='ocrx_word' id='word_1_509' title='bbox 1038 2644 1193 2680; x_wconf 86' lang='lat' dir='ltr'>exitium</span> 
     </span>
     <span class='ocr_line' id='line_1_72' title="bbox 203 2706 1192 2753; baseline -0.006 -9"><span class='ocrx_word' id='word_1_510' title='bbox 203 2708 349 2753; x_wconf 86' lang='lat' dir='ltr'>dulces,</span> <span class='ocrx_word' id='word_1_511' title='bbox 369 2721 491 2744; x_wconf 89' lang='lat' dir='ltr'>meum</span> <span class='ocrx_word' id='word_1_512' title='bbox 508 2709 793 2744; x_wconf 83' lang='lat' dir='ltr'>incantaverant</span> <span class='ocrx_word' id='word_1_513' title='bbox 818 2706 1065 2741; x_wconf 83' lang='lat' dir='ltr'>intellectum.</span> <span class='ocrx_word' id='word_1_514' title='bbox 1091 2707 1167 2739; x_wconf 85' lang='lat' dir='ltr'>Lex</span> <span class='ocrx_word' id='word_1_515' title='bbox 1183 2730 1192 2747; x_wconf 96' lang='lat'>,</span> 
     </span>
     <span class='ocr_line' id='line_1_73' title="bbox 203 2762 1196 2816; baseline -0.006 -13"><span class='ocrx_word' id='word_1_516' title='bbox 203 2767 401 2816; x_wconf 70' lang='lat' dir='ltr'>Prophetae</span> <span class='ocrx_word' id='word_1_517' title='bbox 416 2796 425 2812; x_wconf 89' lang='lat'>,</span> <span class='ocrx_word' id='word_1_518' title='bbox 461 2767 703 2815; x_wconf 77' lang='lat' dir='ltr'>Evangelium</span> <span class='ocrx_word' id='word_1_519' title='bbox 718 2793 727 2809; x_wconf 95' lang='lat'>‚</span> <span class='ocrx_word' id='word_1_520' title='bbox 763 2764 960 2813; x_wconf 78' lang='lat' dir='ltr'>Epistulae,</span> <span class='ocrx_word' id='word_1_521' title='bbox 999 2770 1036 2798; x_wconf 91' lang='lat' dir='ltr'>et</span> <span class='ocrx_word' id='word_1_522' title='bbox 1073 2762 1196 2798; x_wconf 92' lang='lat' dir='ltr'>omnis</span> 
     </span>
     <span class='ocr_line' id='line_1_74' title="bbox 203 2823 1195 2875; baseline -0.006 -14"><span class='ocrx_word' id='word_1_523' title='bbox 203 2826 320 2875; x_wconf 81' lang='lat' dir='ltr'>gloria</span> <span class='ocrx_word' id='word_1_524' title='bbox 352 2826 622 2862; x_wconf 85' lang='lat' dir='ltr'>sententiarum</span> <span class='ocrx_word' id='word_1_525' title='bbox 652 2824 808 2860; x_wconf 87' lang='lat' dir='ltr'>Domini</span> <span class='ocrx_word' id='word_1_526' title='bbox 837 2823 909 2858; x_wconf 88' lang='lat' dir='ltr'>mei</span> <span class='ocrx_word' id='word_1_527' title='bbox 935 2829 972 2857; x_wconf 87' lang='lat' dir='ltr'>et</span> <span class='ocrx_word' id='word_1_528' title='bbox 1001 2833 1195 2857; x_wconf 85' lang='lat' dir='ltr'>servorum</span> 
     </span>
     <span class='ocr_line' id='line_1_75' title="bbox 204 2878 1194 2934; baseline -0.007 -13"><span class='ocrx_word' id='word_1_529' title='bbox 204 2885 308 2934; x_wconf 90' lang='lat' dir='ltr'>ejus,</span> <span class='ocrx_word' id='word_1_530' title='bbox 339 2893 403 2921; x_wconf 90' lang='lat' dir='ltr'>aut</span> <span class='ocrx_word' id='word_1_531' title='bbox 424 2898 541 2934; x_wconf 83' lang='lat' dir='ltr'>parva</span> <span class='ocrx_word' id='word_1_532' title='bbox 560 2883 812 2928; x_wconf 86' lang='lat' dir='ltr'>videbantur,</span> <span class='ocrx_word' id='word_1_533' title='bbox 835 2889 899 2918; x_wconf 88' lang='lat' dir='ltr'>aut</span> <span class='ocrx_word' id='word_1_534' title='bbox 921 2881 1036 2916; x_wconf 87' lang='lat' dir='ltr'>nulla.</span> <span class='ocrx_word' id='word_1_535' title='bbox 1060 2878 1194 2916; x_wconf 72' lang='lat' dir='ltr'>Nescio</span> 
     </span>
     <span class='ocr_line' id='line_1_76' title="bbox 205 2938 1196 2993; baseline -0.008 -12"><span class='ocrx_word' id='word_1_536' title='bbox 205 2944 319 2981; x_wconf 91' lang='lat' dir='ltr'>modo</span> <span class='ocrx_word' id='word_1_537' title='bbox 355 2944 446 2993; x_wconf 89' lang='lat' dir='ltr'>quid</span> <span class='ocrx_word' id='word_1_538' title='bbox 486 2944 630 2980; x_wconf 89' lang='lat' dir='ltr'>dulcius</span> <span class='ocrx_word' id='word_1_539' title='bbox 669 2943 759 2978; x_wconf 91' lang='lat' dir='ltr'>mihi</span> <span class='ocrx_word' id='word_1_540' title='bbox 799 2943 1063 2978; x_wconf 88' lang='lat' dir='ltr'>immurmurat</span> <span class='ocrx_word' id='word_1_541' title='bbox 1100 2938 1196 2974; x_wconf 85' lang='lat' dir='ltr'>lilius</span> 
     </span>
     <span class='ocr_line' id='line_1_77' title="bbox 204 3003 1194 3051; baseline -0.01 -11"><span class='ocrx_word' id='word_1_542' title='bbox 204 3007 326 3047; x_wconf 86' lang='lat' dir='ltr'>Jesse,</span> <span class='ocrx_word' id='word_1_543' title='bbox 360 3003 424 3051; x_wconf 82' lang='lat' dir='ltr'>qui</span> <span class='ocrx_word' id='word_1_544' title='bbox 463 3004 567 3039; x_wconf 88' lang='lat' dir='ltr'>vario</span> <span class='ocrx_word' id='word_1_545' title='bbox 601 3014 818 3038; x_wconf 81' lang='lat' dir='ltr'>sermonum</span> <span class='ocrx_word' id='word_1_546' title='bbox 857 3008 894 3036; x_wconf 89' lang='lat' dir='ltr'>et</span> <span class='ocrx_word' id='word_1_547' title='bbox 925 3005 1194 3035; x_wconf 82' lang='lat' dir='ltr'>sententiarum</span> 
     </span>
     <span class='ocr_line' id='line_1_78' title="bbox 205 3059 1196 3109; baseline -0.009 -11"><span class='ocrx_word' id='word_1_548' title='bbox 205 3070 413 3106; x_wconf 89' lang='lat' dir='ltr'>concentu,</span> <span class='ocrx_word' id='word_1_549' title='bbox 433 3075 564 3098; x_wconf 85' lang='lat' dir='ltr'>onmes</span> <span class='ocrx_word' id='word_1_550' title='bbox 587 3062 671 3097; x_wconf 88' lang='lat' dir='ltr'>illos</span> <span class='ocrx_word' id='word_1_551' title='bbox 690 3073 786 3109; x_wconf 90' lang='lat' dir='ltr'>quos</span> <span class='ocrx_word' id='word_1_552' title='bbox 805 3059 961 3108; x_wconf 88' lang='lat' dir='ltr'>diligere</span> <span class='ocrx_word' id='word_1_553' title='bbox 987 3067 1196 3092; x_wconf 81' lang='lat' dir='ltr'>consueve-</span> 
     </span>
    </p>
   </div>
   <div class='ocr_carea' id='block_1_21' title="bbox 1261 2635 2258 3100">
    <p class='ocr_par' dir='ltr' id='par_1_22' title="bbox 1261 2635 2258 3100">
     <span class='ocr_line' id='line_1_79' title="bbox 1261 2635 2258 2679; baseline -0.009 -2"><span class='ocrx_word' id='word_1_554' title='bbox 1261 2653 1486 2677; x_wconf 88' lang='lat' dir='ltr'>consecrans</span> <span class='ocrx_word' id='word_1_555' title='bbox 1507 2640 1543 2676; x_wconf 88' lang='lat' dir='ltr'>in</span> <span class='ocrx_word' id='word_1_556' title='bbox 1562 2652 1605 2675; x_wconf 90' lang='lat' dir='ltr'>ea</span> <span class='ocrx_word' id='word_1_557' title='bbox 1621 2638 1692 2675; x_wconf 89' lang='lat' dir='ltr'>sibi</span> <span class='ocrx_word' id='word_1_558' title='bbox 1717 2635 1997 2674; x_wconf 86' lang='lat' dir='ltr'>reclinatorium</span> <span class='ocrx_word' id='word_1_559' title='bbox 2019 2647 2173 2670; x_wconf 86' lang='lat' dir='ltr'>aureum</span> <span class='ocrx_word' id='word_1_560' title='bbox 2188 2663 2197 2679; x_wconf 97' lang='lat'>,</span> <span class='ocrx_word' id='word_1_561' title='bbox 2217 2643 2258 2670; x_wconf 91' lang='lat' dir='ltr'>ut</span> 
     </span>
     <span class='ocr_line' id='line_1_80' title="bbox 1261 2694 2255 2748; baseline -0.008 -12"><span class='ocrx_word' id='word_1_562' title='bbox 1261 2707 1348 2748; x_wconf 88' lang='lat' dir='ltr'>post</span> <span class='ocrx_word' id='word_1_563' title='bbox 1369 2699 1553 2735; x_wconf 83' lang='lat' dir='ltr'>tumultus</span> <span class='ocrx_word' id='word_1_564' title='bbox 1575 2698 1807 2745; x_wconf 72' lang='lat' dir='ltr'>Angelorum</span> <span class='ocrx_word' id='word_1_565' title='bbox 1829 2703 1866 2730; x_wconf 87' lang='lat' dir='ltr'>ct</span> <span class='ocrx_word' id='word_1_566' title='bbox 1890 2694 2085 2729; x_wconf 86' lang='lat' dir='ltr'>hominum</span> <span class='ocrx_word' id='word_1_567' title='bbox 2101 2721 2110 2737; x_wconf 93' lang='lat'>,</span> <span class='ocrx_word' id='word_1_568' title='bbox 2137 2701 2173 2728; x_wconf 90' lang='lat' dir='ltr'>et</span> <span class='ocrx_word' id='word_1_569' title='bbox 2195 2706 2255 2728; x_wconf 82' lang='lat' dir='ltr'>re-</span> 
     </span>
     <span class='ocr_line' id='line_1_81' title="bbox 1262 2751 2255 2804; baseline -0.008 -11"><span class='ocrx_word' id='word_1_570' title='bbox 1262 2758 1441 2800; x_wconf 87' lang='lat' dir='ltr'>clinaret,</span> <span class='ocrx_word' id='word_1_571' title='bbox 1470 2766 1506 2792; x_wconf 86' lang='lat' dir='ltr'>ct</span> <span class='ocrx_word' id='word_1_572' title='bbox 1533 2757 1700 2804; x_wconf 83' lang='lat' dir='ltr'>requiem</span> <span class='ocrx_word' id='word_1_573' title='bbox 1734 2754 1931 2790; x_wconf 86' lang='lat' dir='ltr'>inveniret.</span> <span class='ocrx_word' id='word_1_574' title='bbox 1955 2756 2034 2788; x_wconf 86' lang='lat' dir='ltr'>lloc</span> <span class='ocrx_word' id='word_1_575' title='bbox 2065 2759 2118 2786; x_wconf 82' lang='lat' dir='ltr'>est</span> <span class='ocrx_word' id='word_1_576' title='bbox 2152 2751 2255 2799; x_wconf 87' lang='lat' dir='ltr'>quod</span> 
     </span>
     <span class='ocr_line' id='line_1_82' title="bbox 1264 2811 2257 2859; baseline -0.008 -6"><span class='ocrx_word' id='word_1_577' title='bbox 1264 2826 1396 2853; x_wconf 85' lang='lat' dir='ltr'>natura</span> <span class='ocrx_word' id='word_1_578' title='bbox 1434 2817 1590 2851; x_wconf 87' lang='lat' dir='ltr'>miratur</span> <span class='ocrx_word' id='word_1_579' title='bbox 1610 2843 1619 2859; x_wconf 91' lang='lat'><strong><em>‚</em></strong></span> <span class='ocrx_word' id='word_1_580' title='bbox 1659 2821 1854 2849; x_wconf 74' lang='lat' dir='ltr'>reveretur</span> <span class='ocrx_word' id='word_1_581' title='bbox 1895 2811 2069 2858; x_wconf 68' lang='lat' dir='ltr'>augelus,</span> <span class='ocrx_word' id='word_1_582' title='bbox 2107 2818 2257 2845; x_wconf 80' lang='lat' dir='ltr'>veretur</span> 
     </span>
     <span class='ocr_line' id='line_1_83' title="bbox 1262 2869 2256 2922; baseline -0.008 -11"><span class='ocrx_word' id='word_1_583' title='bbox 1262 2876 1405 2918; x_wconf 86' lang='lat' dir='ltr'>homo,</span> <span class='ocrx_word' id='word_1_584' title='bbox 1434 2882 1561 2922; x_wconf 80' lang='lat' dir='ltr'>stupet</span> <span class='ocrx_word' id='word_1_585' title='bbox 1592 2874 1747 2915; x_wconf 56' lang='lat' dir='ltr'>cadum,</span> <span class='ocrx_word' id='word_1_586' title='bbox 1773 2869 2029 2906; x_wconf 78' lang='lat' dir='ltr'>contremiscit</span> <span class='ocrx_word' id='word_1_587' title='bbox 2060 2877 2175 2910; x_wconf 84' lang='lat' dir='ltr'>terra,</span> <span class='ocrx_word' id='word_1_588' title='bbox 2198 2869 2256 2904; x_wconf 90' lang='lat' dir='ltr'>in—</span> 
     </span>
     <span class='ocr_line' id='line_1_84' title="bbox 1263 2927 2255 2978; baseline -0.01 -7"><span class='ocrx_word' id='word_1_589' title='bbox 1263 2935 1390 2970; x_wconf 82' lang='lat' dir='ltr'>fernus</span> <span class='ocrx_word' id='word_1_590' title='bbox 1409 2933 1601 2968; x_wconf 70' lang='lat' dir='ltr'>minu-ret.</span> <span class='ocrx_word' id='word_1_591' title='bbox 1628 2935 1669 2967; x_wconf 88' lang='lat' dir='ltr'>Iu</span> <span class='ocrx_word' id='word_1_592' title='bbox 1690 2930 1802 2978; x_wconf 74' lang='lat' dir='ltr'>hujus</span> <span class='ocrx_word' id='word_1_593' title='bbox 1819 2938 1925 2964; x_wconf 83' lang='lat' dir='ltr'>utero</span> <span class='ocrx_word' id='word_1_594' title='bbox 1948 2927 2119 2974; x_wconf 74' lang='lat' dir='ltr'>majestas</span> <span class='ocrx_word' id='word_1_595' title='bbox 2148 2927 2255 2962; x_wconf 58' lang='lat' dir='ltr'>&amp;Itis-</span> 
     </span>
     <span class='ocr_line' id='line_1_85' title="bbox 1262 2987 2256 3038; baseline -0.008 -9"><span class='ocrx_word' id='word_1_596' title='bbox 1262 2994 1343 3029; x_wconf 86' lang='lat' dir='ltr'>simi</span> <span class='ocrx_word' id='word_1_597' title='bbox 1361 2992 1581 3028; x_wconf 82' lang='lat' dir='ltr'>mirabiliter</span> <span class='ocrx_word' id='word_1_598' title='bbox 1606 2991 1824 3038; x_wconf 66' lang='lat' dir='ltr'>liquefacta,</span> <span class='ocrx_word' id='word_1_599' title='bbox 1845 2989 1937 3023; x_wconf 81' lang='lat' dir='ltr'>sicut</span> <span class='ocrx_word' id='word_1_600' title='bbox 1961 2987 2069 3035; x_wconf 83' lang='lat' dir='ltr'>adipe</span> <span class='ocrx_word' id='word_1_601' title='bbox 2101 2995 2137 3021; x_wconf 86' lang='lat' dir='ltr'>et</span> <span class='ocrx_word' id='word_1_602' title='bbox 2170 2987 2256 3034; x_wconf 85' lang='lat' dir='ltr'>pin-</span> 
     </span>
     <span class='ocr_line' id='line_1_86' title="bbox 1263 3045 2256 3100; baseline -0.008 -13"><span class='ocrx_word' id='word_1_603' title='bbox 1263 3051 1424 3100; x_wconf 81' lang='lat' dir='ltr'>guedine</span> <span class='ocrx_word' id='word_1_604' title='bbox 1447 3050 1605 3098; x_wconf 83' lang='lat' dir='ltr'>replevit</span> <span class='ocrx_word' id='word_1_605' title='bbox 1628 3058 1766 3093; x_wconf 85' lang='lat' dir='ltr'>terras,</span> <span class='ocrx_word' id='word_1_606' title='bbox 1795 3046 1931 3083; x_wconf 81' lang='lat' dir='ltr'>iul&#39;udit</span> <span class='ocrx_word' id='word_1_607' title='bbox 1957 3046 2089 3089; x_wconf 71' lang='lat' dir='ltr'>cri-los,</span> <span class='ocrx_word' id='word_1_608' title='bbox 2111 3045 2256 3080; x_wconf 70' lang='lat' dir='ltr'>inferna</span> 
     </span>
    </p>
   </div>
   <div class='ocr_carea' id='block_1_22' title="bbox 257 3182 2252 3237">
    <p class='ocr_par' dir='ltr' id='par_1_23' title="bbox 257 3182 2252 3237">
     <span class='ocr_line' id='line_1_87' title="bbox 257 3182 2252 3237; baseline -0.01 -6"><span class='ocrx_word' id='word_1_609' title='bbox 257 3206 266 3221; x_wconf 89' lang='lat'>¹</span> <span class='ocrx_word' id='word_1_610' title='bbox 286 3200 365 3231; x_wconf 81' lang='lat' dir='ltr'>Psal.</span> <span class='ocrx_word' id='word_1_611' title='bbox 387 3211 508 3237; x_wconf 67' lang='lat' dir='ltr'>Lxxvx,</span> <span class='ocrx_word' id='word_1_612' title='bbox 535 3203 585 3231; x_wconf 80' lang='grc'>19.</span> <span class='ocrx_word' id='word_1_613' title='bbox 605 3217 648 3222; x_wconf 92' lang='lat'>——-</span> <span class='ocrx_word' id='word_1_614' title='bbox 674 3205 686 3220; x_wconf 85' lang='lat'>²</span> <span class='ocrx_word' id='word_1_615' title='bbox 706 3202 776 3230; x_wconf 78' lang='lat' dir='ltr'>Act.</span> <span class='ocrx_word' id='word_1_616' title='bbox 792 3209 852 3234; x_wconf 84' lang='grc' dir='ltr'>ιιι,</span> <span class='ocrx_word' id='word_1_617' title='bbox 876 3202 893 3227; x_wconf 78' lang='lat'>(3</span> <span class='ocrx_word' id='word_1_618' title='bbox 909 3221 917 3234; x_wconf 85' lang='lat'>‚</span> <span class='ocrx_word' id='word_1_619' title='bbox 938 3200 968 3228; x_wconf 88' lang='lat'>7.</span> <span class='ocrx_word' id='word_1_620' title='bbox 988 3213 1031 3218; x_wconf 83' lang='lat'>—-</span> <span class='ocrx_word' id='word_1_621' title='bbox 1058 3192 1072 3215; x_wconf 82' lang='lat'><strong>3</strong></span> <span class='ocrx_word' id='word_1_622' title='bbox 1090 3198 1161 3224; x_wconf 85' lang='lat' dir='ltr'>Luc.</span> <span class='ocrx_word' id='word_1_623' title='bbox 1181 3203 1208 3227; x_wconf 80' lang='grc' dir='ltr'>ι,</span> <span class='ocrx_word' id='word_1_624' title='bbox 1227 3193 1281 3222; x_wconf 77' lang='lat'>31.</span> <span class='ocrx_word' id='word_1_625' title='bbox 1300 3207 1342 3212; x_wconf 85' lang='lat'>-—-</span> <span class='ocrx_word' id='word_1_626' title='bbox 1365 3189 1378 3215; x_wconf 59' lang='lat'><em>4</em></span> <span class='ocrx_word' id='word_1_627' title='bbox 1396 3188 1466 3219; x_wconf 70' lang='lat' dir='ltr'>lsai.</span> <span class='ocrx_word' id='word_1_628' title='bbox 1493 3199 1539 3217; x_wconf 79' lang='lat' dir='ltr'>vn</span> <span class='ocrx_word' id='word_1_629' title='bbox 1556 3213 1562 3225; x_wconf 87' lang='lat'>,</span> <span class='ocrx_word' id='word_1_630' title='bbox 1587 3190 1638 3218; x_wconf 64' lang='lat' dir='ltr'>lsi.</span> <span class='ocrx_word' id='word_1_631' title='bbox 1660 3206 1703 3211; x_wconf 85' lang='lat'>-—</span> <span class='ocrx_word' id='word_1_632' title='bbox 1730 3186 1742 3208; x_wconf 88' lang='lat'>⁵</span> <span class='ocrx_word' id='word_1_633' title='bbox 1770 3187 1848 3217; x_wconf 71' lang='lat' dir='ltr'>Psal.</span> <span class='ocrx_word' id='word_1_634' title='bbox 1871 3197 1967 3217; x_wconf 59' lang='lat' dir='ltr'>xiix.</span> <span class='ocrx_word' id='word_1_635' title='bbox 1994 3189 2043 3215; x_wconf 67' lang='lat'>15..</span> <span class='ocrx_word' id='word_1_636' title='bbox 2072 3204 2109 3206; x_wconf 55' lang='lat'><em>⁷</em></span> <span class='ocrx_word' id='word_1_637' title='bbox 2139 3182 2153 3203; x_wconf 60' lang='lat'><em>⁶</em></span> <span class='ocrx_word' id='word_1_638' title='bbox 2177 3185 2252 3214; x_wconf 54' lang='lat' dir='ltr'>Paul.</span> 
     </span>
    </p>
   </div>
   <div class='ocr_carea' id='block_1_23' title="bbox 210 3252 752 3289">
    <p class='ocr_par' dir='ltr' id='par_1_24' title="bbox 210 3252 752 3289">
     <span class='ocr_line' id='line_1_88' title="bbox 210 3252 752 3289; baseline 0 -7"><span class='ocrx_word' id='word_1_639' title='bbox 210 3263 302 3282; x_wconf 58' lang='lat' dir='ltr'>[xvir</span> <span class='ocrx_word' id='word_1_640' title='bbox 316 3276 324 3289; x_wconf 93' lang='lat'>,</span> <span class='ocrx_word' id='word_1_641' title='bbox 350 3255 402 3282; x_wconf 88' lang='lat'>10.</span> <span class='ocrx_word' id='word_1_642' title='bbox 419 3271 463 3275; x_wconf 89' lang='lat'><strong>—</strong></span> <span class='ocrx_word' id='word_1_643' title='bbox 479 3258 491 3276; x_wconf 71' lang='grc' dir='ltr'>Ἴ</span> <span class='ocrx_word' id='word_1_644' title='bbox 516 3252 597 3282; x_wconf 81' lang='lat' dir='ltr'>Psnl.</span> <span class='ocrx_word' id='word_1_645' title='bbox 613 3262 679 3287; x_wconf 77' lang='lat' dir='ltr'>cn,</span> <span class='ocrx_word' id='word_1_646' title='bbox 703 3254 752 3282; x_wconf 85' lang='grc'>17.</span> 
     </span>
    </p>
   </div>
   <div class='ocr_carea' id='block_1_24' title="bbox 255 3291 1639 3335">
    <p class='ocr_par' dir='ltr' id='par_1_25' title="bbox 255 3291 1639 3335">
     <span class='ocr_line' id='line_1_89' title="bbox 255 3291 1639 3335; baseline -0.006 -1"><span class='ocrx_word' id='word_1_647' title='bbox 255 3308 266 3320; x_wconf 87' lang='lat'>¹¹</span> <span class='ocrx_word' id='word_1_648' title='bbox 284 3308 319 3335; x_wconf 86' lang='lat' dir='ltr'>ln</span> <span class='ocrx_word' id='word_1_649' title='bbox 337 3310 420 3334; x_wconf 88' lang='lat' dir='ltr'>tomo</span> <span class='ocrx_word' id='word_1_650' title='bbox 442 3306 460 3333; x_wconf 87' lang='grc'><strong>3</strong></span> <span class='ocrx_word' id='word_1_651' title='bbox 483 3304 682 3335; x_wconf 65' lang='lat' dir='ltr'>Bibliothecae</span> <span class='ocrx_word' id='word_1_652' title='bbox 703 3301 914 3334; x_wconf 77' lang='lat' dir='ltr'>cisterciensis</span> <span class='ocrx_word' id='word_1_653' title='bbox 935 3299 1126 3335; x_wconf 78' lang='lat' dir='ltr'>inscribitur,</span> <span class='ocrx_word' id='word_1_654' title='bbox 1147 3312 1158 3323; x_wconf 74' lang='grc' dir='ltr'>«ι</span> <span class='ocrx_word' id='word_1_655' title='bbox 1184 3299 1218 3326; x_wconf 85' lang='lat' dir='ltr'>In</span> <span class='ocrx_word' id='word_1_656' title='bbox 1234 3294 1367 3325; x_wconf 61' lang='lat' dir='ltr'>adventu</span> <span class='ocrx_word' id='word_1_657' title='bbox 1387 3291 1529 3326; x_wconf 71' lang='lat' dir='ltr'>Domini.</span> <span class='ocrx_word' id='word_1_658' title='bbox 1552 3308 1562 3316; x_wconf 80' lang='lat'>··</span> <span class='ocrx_word' id='word_1_659' title='bbox 1582 3298 1639 3321; x_wconf 86' lang='lat' dir='ltr'>etc.</span> 
     </span>
    </p>
   </div>
   <div class='ocr_carea' id='block_1_25' title="bbox 365 3375 522 3396">
    <p class='ocr_par' dir='ltr' id='par_1_26' title="bbox 365 3375 522 3396">
     <span class='ocr_line' id='line_1_90' title="bbox 365 3375 522 3396; baseline 0.006 -1"><span class='ocrx_word' id='word_1_660' title='bbox 365 3375 453 3396; x_wconf 66' lang='lat' dir='ltr'>Tou.</span> <span class='ocrx_word' id='word_1_661' title='bbox 486 3375 507 3396; x_wconf 76' lang='lat' dir='ltr'>V</span> <span class='ocrx_word' id='word_1_662' title='bbox 516 3391 522 3396; x_wconf 93' lang='lat'>.</span> 
     </span>
    </p>
   </div>
  </div>
 </body>
</html>
