2504 3928
347 232 440 268 1415»

950 231 1112 265 SERMO
1143 232 1205 265 DF.
1235 233 1269 265 S.
1302 231 1513 266 MCOLAO
1546 229 1783 264 EPISCOPO.

2282 227 2378 263 1416

340 322 415 344 uou
437 316 582 356 ponunt
602 308 636 342 iu
655 307 772 342 illum.
794 309 886 341 Eece
906 313 1089 354 quantum
1111 306 1235 354 potui,
1256 306 1322 342 etsi
1336 306 1381 323 ⁷¹¹¹
1396 304 1503 340 nobis
1521 304 1674 340 credere
1695 304 1739 340 ad
1763 303 1966 352 justitiam,
1984 315 2049 339 ore
2067 303 2237 338 confiteri
2257 303 2303 339 ad
2319 315 2380 339 sa-

342 380 416 402 nun
450 375 631 413 quantum
658 365 757 400 volui
775 394 783 408 ,
819 365 865 399 de
895 365 1139 400 consessionis
1171 365 1327 401 disserui
1346 370 1374 401 Α
1397 364 1510 398 lutem
1529 391 1537 407 ,
1577 371 1613 398 et
1640 363 1677 398 in
1711 375 1749 399 se
1781 362 1959 407 credere,
1994 364 2160 411 Sponsus
2182 362 2377 405 Ecclesiae,

340 429 592 460 sacramento.
616 424 685 459 Sed
707 437 916 459 sermonem
940 423 975 458 iu
1000 423 1152 470 longum
1176 431 1327 471 protra-

340 485 486 523 ximus.
511 484 620 519 linem
652 482 827 532 loquendi
855 482 996 530 pariter
1026 481 1230 518 audiamus.
1258 485 1327 518 Det

1394 423 1506 459 Filius
1531 422 1676 465 Mariae,
1700 421 1763 469 qui
1794 430 1849 457 est
1877 424 1978 457 Deus
2006 420 2226 456 benedictus
2249 420 2285 455 in
2310 433 2380 455 sae-

1394 481 1486 516 eula.
1511 484 1641 516 Amen.

1009 753 1251 792 EJUSDEM
1282 751 1493 791 NICOLAI
1523 751 1706 790 SERMO

467 923 548 989 IN
597 922 850 990 FESTO
901 923 962 990 S.
1011 920 1334 990 NICOLAI
1380 918 1799 988 MYRENSIS
1847 912 2257 984 EPISCOPI’.

335 1244 449 1275 Homo
474 1242 624 1288 quidam
646 1239 778 1275 nobilis
800 1240 890 1276 abii!
909 1245 946 1276 in
972 1246 1155 1289 regionem
1180 1241 1431 1287 longinquam,
1454 1243 1622 1287 accipere
1641 1237 1711 1273 sibi
1731 1250 1894 1286 regnum.
1922 1235 2011 1274 Luc.
2037 1249 2120 1286 cap.
2139 1249 2221 1282 x1x,
2238 1241 2278 1279 ›²-
2309 1238 2369 1272 12.

967 1395 1704 1420 ψμνᾲ
1745 1404 1753 1408 ⁴

389 1540 416 1573 l.
435 1537 608 1573 Nicolaus
630 1536 696 1572 iste
711 1549 814 1573 meus
829 1565 837 1581 ,
858 1538 933 1573 imo
953 1547 989 1574 et
1010 1548 1155 1586 vester,
1175 1541 1314 1577 electus
1334 1545 1361 1578 B
1383 1547 1582 1589 tempestas
1599 1538 1756 1575 saeviens
1776 1545 1812 1573 et
1838 1536 2038 1573 crudelitas
2058 1538 2169 1574 maris
2185 1537 2368 1587 navigan-

329 1595 374 1631 ab
409 1605 540 1639 utero,
566 1604 717 1632 sanctus
747 1610 768 1632 a
794 1610 936 1645 puero,
965 1597 1149 1646 juvenum
1177 1600 1315 1648 gloria,

326 1668 456 1690 senum
479 1654 712 1698 reverentia,
736 1655 971 1691 sacerdotum
994 1656 1138 1702 bonor,
1159 1659 1316 1707 pontifi-

325 1726 409 1748 cum
426 1712 620 1761 splendor,
641 1722 868 1750 conventum
886 1723 1056 1752 nostrum
1074 1729 1138 1753 sua
1153 1717 1316 1754 laetificat

324 1773 536 1807 festivitate.
556 1772 624 1808 liic
644 1780 697 1807 cst
713 1773 887 1809 Nic-olaus
901 1803 910 1819 ,
931 1773 1037 1822 cujus
1055 1776 1232 1812 miracula
1248 1790 1317 1826 per

326 1839 442 1867 totam
474 1831 603 1866 mundi
625 1831 859 1869 latitudinem
888 1833 1180 1881 diffunduntur3
1204 1849 1315 1885 quem

325 1890 453 1925 laudat
473 1889 574 1925 orbis
602 1898 709 1926 tarrae
725 1919 734 1935 ,
765 1900 801 1927 ct
834 1893 898 1940 qui
921 1892 1088 1930 habitant
1108 1895 1146 1930 in
1168 1907 1224 1931 eo.
1246 1899 1316 1931 Tot

325 1950 423 1984 enim
442 1958 478 1986 et
505 1957 604 1985 tanta
629 1949 808 1986 miracula
834 1953 1098 1999 cumulantur,
1124 1963 1164 1990 ut
1183 1967 1314 1992 omnes

327 2009 574 2044 litteratorum
597 2009 750 2057 argutiae
780 2010 842 2046 vix
862 2011 907 2046 ad
934 2011 1172 2049 scribendum
1203 2015 1315 2051 suffi-

325 2068 446 2112 ciant,
475 2080 543 2103 nos
571 2067 616 2103 ad
654 2068 867 2116 legendum.
898 2073 942 2106 Et
971 2071 1057 2107 licet
1088 2072 1315 2110 scholarium

323 2140 503 2163 numerus
542 2127 578 2162 in
608 2127 745 2163 incude
772 2128 956 2166 rhetorica
989 2130 1058 2166 sub
1093 2132 1315 2179 Quintiliani

324 2186 380 2221 vel
411 2186 599 2222 Ciceronis
627 2186 791 2231 malleis,
828 2189 1062 2225 tenuissimas
1099 2191 1313 2227 orationum

323 2245 480 2280 laminas
499 2245 696 2290 extendat;
719 2256 870 2295 superat
888 2256 1009 2284 tamen
1030 2250 1146 2297 gloria
1164 2251 1315 2287 Confes—

1383 1598 1482 1635 tibus
1515 1599 1770 1642 intentantur3
1792 1596 1965 1633 Nicotaus
1994 1595 2168 1633 flebiliter
2193 1605 2371 1633 exoratur

1381 1667 1421 1695 ut
1444 1658 1590 1704 audiat,
1611 1656 1830 1707 suppliciter
1852 1655 2051 1692 invocatur
2083 1664 2124 1693 ut
2150 1657 2298 1703 veniat,
2327 1665 2370 1693 ut

1381 1726 1485 1754 eruat
1515 1716 1803 1754 misericorditer
1833 1716 2070 1751 acclamatur.
2106 1715 2142 1753 Si
2177 1716 2370 1765 pulsamur

1381 1777 1649 1822 incommodis,
1675 1777 1733 1812 vel
1759 1774 1993 1811 offendiculis
2026 1775 2259 1821 indolemus,
2291 1783 2367 1811 sta-

1382 1837 1446 1872 tim
1484 1837 1602 1873 sancti
1636 1834 1868 1873 Consessoris
1899 1847 2036 1870 nomen
2077 1834 2224 1884 prosilit
2256 1836 2292 1871 in
2325 1848 2370 1872 os

1381 1904 1576 1941 nostrum3
1604 1895 1778 1932 Nicolaus
1811 1894 2086 1943 ingeminatur,
2115 1894 2366 1943 patrocinium

1379 1956 1560 2004 quaeritur
1584 1955 1739 1992 Nicolai.

1433 2014 1466 2050 2.
1500 2018 1551 2051 Ne
1572 2014 1711 2064 putetis
1729 2021 1854 2050 autem
1881 2026 1940 2049 me
1963 2012 2228 2050 declamatorie
2248 2013 2365 2062 loqui,

1378 2074 1438 2110 vel
1461 2082 1657 2110 venustate
1691 2073 1877 2109 rhetorica
1909 2072 2113 2109 verborum
2143 2085 2367 2122 exaggerare

1380 2132 1639 2183 splendorem3
1660 2145 1745 2168 cum
1766 2133 1888 2168 omnis
1907 2131 2068 2168 mundus
2085 2131 2267 2168 beneficia
2281 2144 2368 2168 sen-

1381 2193 1445 2228 tiat
1481 2192 1732 2236 Confessoris,
1769 2204 1837 2227 nec
1864 2191 1910 2227 sit
1938 2191 2003 2240 qui
2031 2190 2237 2227 abscondat
2262 2203 2300 2226 se
2320 2189 2367 2226 ab

1379 2264 1506 2287 amore
1524 2251 1616 2300 ejus.
1642 2255 1685 2287 In
1704 2251 1958 2287 testimonium
1980 2259 2066 2287 sunt
2090 2250 2366 2300 peregrinatio-

324 2303 417 2339 soris
436 2317 565 2339 vocem
597 2313 631 2340 et
661 2314 844 2350 mentem,
871 2307 1035 2356 linguam
1064 2317 1100 2344 et
1119 2310 1313 2346 conscien-
1331 2314 1356 2348 C
1378 2324 1443 2346 nes
1479 2310 1524 2346 ad
1561 2318 1730 2346 sanctum
1757 2310 1856 2345 illius
1883 2322 2021 2358 corpus
2050 2323 2071 2345 a
2097 2309 2233 2345 finibus
2260 2317 2369 2345 terrae

324 2363 424 2397 tiam.
447 2361 697 2398 Crebrescunt
719 2364 817 2399 enim
838 2366 1006 2413 quotidie
1025 2367 1227 2413 mirabilia,
1247 2381 1314 2404 nec

326 2420 523 2468 requiescit
559 2422 711 2469 spiritus
737 2424 825 2468 Dei,
860 2424 905 2459 ad
939 2426 1157 2462 memoriam
1189 2427 1314 2463 militis

326 2479 400 2522 sui,
426 2492 490 2514 sua
522 2482 740 2517 continuare
779 2483 966 2519 miracula.
1006 2484 1248 2521 Gloriticatur
1275 2486 1313 2521 in

328 2538 418 2572 mari
435 2566 444 2582 ,
466 2537 638 2574 laudatur
655 2539 690 2574 in
715 2547 811 2576 terra
835 2555 840 2575 :
866 2541 902 2576 in
934 2542 1109 2579 omnibus
1140 2544 1316 2592 periculis

326 2597 532 2631 invocatur.
556 2598 727 2646 Denique
743 2600 805 2647 qui
825 2599 1058 2637 descendunt
1076 2615 1176 2639 mare
1192 2604 1229 2640 in
1246 2618 1315 2640 na-

327 2654 458 2699 vibus,
485 2656 658 2691 facientes
691 2659 932 2706 operationes
966 2660 1003 2696 in
1037 2661 1142 2709 aquis
1168 2663 1315 2709 multis;

326 2714 396 2761 ipsi
417 2713 591 2749 viderunt
613 2728 728 2763 opera
747 2717 922 2761 Domini,
942 2727 977 2754 et
997 2719 1137 2756 Nicolai
1152 2734 1221 2770 per
1237 2725 1315 2758 Do—

327 2772 467 2807 minum
489 2772 670 2809 mirabilia
689 2774 724 2809 in
754 2776 957 2823 profundo.
980 2781 1113 2814 Nonne
1129 2788 1214 2828 post
1233 2793 1317 2815 me·-

329 2831 485 2866 moriam
510 2831 672 2879 Virginis
698 2833 916 2882 singularis,
940 2844 1012 2872 tam
1035 2837 1153 2874 dulcis
1175 2839 1315 2887 pietas,

327 2890 383 2922 vel
405 2889 464 2937 pia
485 2889 645 2925 dulcedo
666 2892 703 2926 in
732 2892 908 2930 cordibus
937 2895 1101 2931 fidelium
1135 2896 1316 2934 observa-

327 2956 386 2983 tur
407 2946 435 2990 ²¹,
459 2948 550 2983 utin
574 2948 632 2983 die
662 2949 912 2988 tribulationis
933 2966 1068 2990 nomen
1097 2955 1239 2992 Nicolai
1259 2965 1315 2993 te—

327 3015 460 3042 neatur
480 3007 515 3041 in
539 3021 604 3042 or(-
620 3035 628 3051 ‚
653 3009 859 3056 requiescat
876 3011 911 3045 in
933 3012 1071 3048 corde?
1092 3014 1127 3049 Si
1145 3028 1319 3052 corusca-

1380 2378 1579 2417 susccptae,
1605 2378 1646 2404 ut
1666 2369 1865 2404 videantur
1881 2381 1965 2416 quae
1986 2382 2053 2417 per
2078 2381 2163 2404 eum
2186 2369 2275 2404 fiant
2295 2368 2368 2404 mi-

1380 2428 1516 2464 racula.
1542 2431 1623 2464 Non
1654 2428 1774 2463 solum
1803 2435 1925 2462 autem
1959 2427 2198 2471 Christianis,
2231 2426 2295 2462 sed
2332 2435 2368 2462 et

1381 2487 1537 2535 Paganis
1566 2487 1603 2521 in
1633 2494 1770 2522 tantam
1799 2485 2044 2521 reverentiam
2071 2486 2185 2521 sancti
2207 2485 2370 2523 nominis

1381 2546 1571 2582 advolavit
1590 2546 1790 2581 auctoritas
1806 2573 1815 2589 ,
1844 2553 1884 2580 ut
1913 2545 2081 2580 certatim
2109 2545 2300 2581 confluant
2321 2545 2367 2581 ad

1381 2604 1608 2640 laudandum
1641 2613 1676 2640 et
1707 2603 1992 2652 glorificandum
2026 2616 2164 2639 nomen
2200 2612 2368 2640 sanctum

1381 2663 1473 2711 ejus.
1498 2663 1690 2712 Praecipue
1707 2662 1943 2699 sacerdotum
1965 2671 2002 2698 et
2023 2663 2242 2699 clericorum
2260 2662 2369 2699 turba

1383 2731 1483 2758 tanta
1507 2723 1709 2758 devotione
1736 2722 1833 2757 eirca
1854 2721 1995 2758 cultum
2026 2721 2105 2770 ejus
2128 2722 2307 2767 afficitur,
2328 2730 2370 2758 ut

1383 2782 1421 2817 in
1444 2789 1523 2817 toto
1557 2781 1648 2817 orbe
1681 2790 1864 2817 terrarum
1893 2782 2059 2830 undique
2095 2781 2306 2818 convadant
2333 2790 2370 2817 et

1383 2849 1626 2885 concurrant,
1643 2840 1689 2876 ad
1705 2839 1989 2888 obsequendum
2005 2848 2115 2876 tantae
2129 2840 2369 2876 solemnitati.

1383 2902 1575 2935 Laetantur
1601 2899 1729 2947 pueri,
1753 2897 1914 2946 juvenes
1947 2898 2278 2947 congratulantur,
2308 2911 2371 2934 or-

1385 2966 1524 2993 nantur
1545 2958 1724 3006 virgines,
1759 2970 1865 2994 senes
1893 2957 2171 3003 exhilarantur,
2193 2966 2230 2993 et
2250 2957 2371 2994 omnis

1384 3025 1471 3053 aetas
1491 3017 1739 3065 personaliter
1754 3023 1768 3039 ‘³
1790 3016 1931 3052 alludit.
1955 3016 2221 3065 Unusquisque
2247 3025 2369 3053 autem

328 3074 449 3101 tiones
485 3066 691 3113 fulgurant,
728 3076 764 3102 et
800 3070 973 3116 procellis
1009 3071 1274 3110 detonantibus
1297 3087 1316 3110 a
1338 3074 1495 3114 Dbabet
1513 3076 1703 3110 materiam
1730 3074 1976 3123 gaudiorum,
2009 3083 2048 3110 ut
2078 3074 2231 3110 laudent
2262 3075 2370 3124 pueri

327 3124 500 3172 superuis
523 3123 685 3159 vindicta
708 3127 877 3173 procedit
897 3142 906 3172 ;
930 3129 1103 3165 Nicolaus
1130 3130 1166 3165 in
1191 3139 1317 3179 patro—

328 3196 417 3217 num
437 3183 659 3227 assuuntur,
680 3184 852 3221 Nicolaitis
873 3186 1032 3223 dulciter
1050 3189 1258 3226 invocatur.
1280 3192 1315 3228 Si

369 3301 380 3314 ⁸
399 3298 512 3328 (lunser
527 3311 595 3330 cum
612 3304 758 3332 Sermone
780 3305 814 3332 '02
831 3303 868 3334 (le
886 3304 1027 3335 Uixcrsis.
1046 3325 1060 3327 n
1077 3326 1084 3328 -

1383 3147 1541 3183 puerum
1553 3133 1787 3182 jejunantem
1801 3149 1810 3179 3
1823 3133 2002 3182 juvenes,
2015 3133 2194 3182 juvenem
2211 3133 2371 3170 liberan-

1385 3200 1456 3228 tem
1476 3207 1484 3237 ;
1506 3192 1690 3241 virgines,
1713 3192 1901 3241 virginum
1927 3192 2115 3228 infamiam
2138 3192 2371 3241 propulsan-

1107 3300 1121 3322 1,
1137 3308 1240 3345 ΑΗΜ,
1260 3308 1450 3340 ‘'brersatur.
1469 3329 1507 3333 —-
1527 3316 1538 3331 ‘
1555 3311 1638 3341 Alias
1652 3335 1658 3343 .
1672 3316 1886 3354 personanter.
