2418 3949
268 235 363 273 1417

870 241 1033 277 SERMO
1063 242 1127 276 DE
1156 241 1192 276 S.
1222 241 1432 278 NICOLAO
1460 244 1701 280 EPISCOPO.

259 322 354 361 tem;
372 327 497 361 senes,
525 315 625 352 senis
644 315 810 365 inopiam
842 317 1102 354 redimentem.
1131 314 1284 354 Juve-⁷'

2205 243 2303 280 1418

1293 315 1307 333 ⁹
1318 329 1378 354 zas
1392 345 1402 361 ‚
1420 327 1457 354 et
1475 319 1622 368 ignoras
1638 319 1697 356 cui
1718 331 1920 368 congreges
1936 331 1990 356 ea.
2009 323 2085 357 Nec
2101 319 2204 356 deest
2223 322 2303 369 ple-

258 387 324 410 nes
341 382 379 410 et
398 374 583 423 virgines,
614 387 722 411 senes
749 389 834 412 cum
857 375 1074 424 junioribus
1094 376 1248 413 laudent
1268 376 1297 408 A
1315 388 1474 425 rumque
1502 378 1670 426 potentia
1700 378 1884 423 fortioris,
1909 379 1974 427 qui
2003 378 2147 415 detecta
2175 379 2300 415 fronte

256 445 395 469 nomen
415 432 509 481 ejus.

309 492 344 527 3.
363 490 435 527 Sed
451 504 551 527 nunc
577 500 665 540 post
684 500 788 528 actus
808 491 907 541 ejus,
937 495 1154 531 Graecorum
1177 507 1246 530 ex-

256 549 477 587 cellentibus
501 550 636 599 linguis
663 552 857 602 insigniter
888 553 1121 598 diffamatos,
1153 552 1246 602 quid

255 608 392 647 audeat
412 622 536 645 sermo
565 611 819 659 pauperculus
846 611 1060 648 balbutire?
1082 615 1243 650 Verum-

256 676 378 704 tamen
403 681 450 704 ne
476 668 803 717 tergiversationes
825 670 1005 706 inducere
1025 670 1155 706 videar
1177 683 1245 706 ex-

253 727 478 772 cusatorias,
495 740 650 763 recurro
674 728 720 764 ad
748 729 998 777 evangelicam
1020 729 1241 774 lectionem,

253 793 290 821 et
308 785 411 834 quod
433 785 479 821 de
504 786 695 822 communi
721 787 870 836 accepi,
899 788 1052 837 profero
1074 787 1112 824 in
1137 800 1244 823 com-

253 856 380 880 mune.
405 844 469 880 Ait
487 845 587 881 enim
605 859 613 880 :
636 847 754 881 Homo
773 847 929 893 quidam
949 845 1081 881 nobilis
1095 844 1244 881 obiitin

253 907 442 951 regionem
461 905 700 951 longinquam
715 931 724 948 ,
745 908 913 951 accipere
941 903 1012 939 sibi
1032 917 1183 952 regnum
1211 912 1246 938 et

252 967 395 999 reverti.
416 964 467 998 Et
485 967 541 997 ait
558 968 669 997 servis
687 967 761 998 suis
783 977 793 997 :
808 964 1059 1010 Negotiamini
1075 965 1162 998 dum
1178 975 1244 998 ve-

251 1026 324 1057 m'0.
359 1024 498 1058 Secure
535 1020 758 1070 negotiabor
790 1022 1033 1071 praecipiente
1075 1021 1243 1057 Domino

252 1094 337 1117 meo
353 1109 362 1127 ,
383 1094 452 1117 nec
477 1080 619 1116 timebo
643 1080 874 1116 Psalmistam
905 1079 1092 1116 dicentem
1112 1094 1119 1115 :
1143 1081 1243 1125 Quia

251 1155 325 1177 non
341 1145 492 1190 cognovi
504 1145 791 1189 negociationem
802 1167 814 1183 ‚
834 1139 985 1174 introibo
1002 1143 1040 1174 ln
1051 1143 1243 1186 potentias

251 1203 405 1236 Domini
425 1207 449 1236 ¹.
462 1203 547 1236 Non
563 1200 663 1235 enim
679 1212 838 1248 parvum
857 1198 947 1234 mihi
965 1198 1110 1234 fiduciae
1125 1197 1242 1234 robur

251 1266 425 1308 praestat,
459 1257 562 1306 quod
593 1257 654 1293 ille
687 1270 856 1295 summus
882 1260 1095 1306 Imperator
1124 1269 1243 1305 nego-

252 1317 364 1354 tiator
386 1330 494 1355 meus
517 1317 636 1353 factus
659 1324 734 1361 est,
757 1325 794 1352 et
810 1316 1000 1364 negotium
1022 1328 1147 1352 meum
1165 1316 1244 1352 sine

251 1377 331 1413 otio
349 1377 424 1425 egit
447 1375 628 1425 quamdiu
646 1376 714 1412 suit
727 1376 765 1411 in
787 1375 895 1412 terris
908 1403 917 1420 ,
940 1384 977 1411 et
993 1376 1244 1425 pretiosarum

252 1436 433 1472 mercium
457 1436 621 1472 sarcinas
638 1444 794 1486 portans
813 1435 858 1471 ad
880 1439 1051 1479 Patrem,
1074 1435 1143 1484 ipsi
1160 1435 1246 1470 vul-

253 1493 308 1530 tui
323 1494 416 1540 Dei,
432 1502 469 1530 et
488 1494 579 1543 quid
598 1495 714 1540 emit,
731 1493 873 1543 etquid
889 1493 1069 1539 redemit,
1087 1502 1124 1530 et
1144 1493 1245 1530 unde

252 1552 430 1598 redemit,
454 1553 631 1590 ostendit.
653 1558 707 1590 Tu
726 1567 816 1603 ergo
831 1554 896 1590 illo
914 1554 1130 1603 negotioso,
1152 1554 1248 1590 otio-

251 1625 314 1649 sus
337 1625 417 1649 esse
441 1612 609 1662 disponis
625 1641 635 1658 ,
657 1621 695 1649 et
714 1613 779 1648 illo
805 1612 1001 1649 laborante
1030 1607 1246 1661 quiescere?

251 1675 337 1722 Ipse
361 1673 465 1708 venit
494 1672 678 1721 negotiari
701 1672 740 1708 in
763 1672 956 1721 regionem
976 1671 1245 1720 longinquam3

252 1739 289 1768 et
313 1740 353 1768 tu
378 1731 424 1768 ad
445 1732 616 1781 regiones
642 1732 835 1781 proximas
861 1731 1054 1768 ambulare
1075 1740 1248 1768 contem-

253 1790 335 1827 nis?
349 1791 565 1841 Aggredere
582 1799 620 1827 et
646 1791 845 1840 ingredere
872 1791 1065 1840 regionem
1083 1790 1248 1827 dissimi-

1312 436 1434 485 capiat
1450 438 1507 473 vel
1529 438 1671 486 rapiat,
1691 446 1728 473 ct
1744 450 1819 473 una
1839 438 1931 474 hora
1950 451 2154 487 pauperem
2173 446 2210 474 et
2227 438 2300 474 hu-

1311 495 1436 531 milem
1466 504 1501 531 te
1527 496 1635 532 saciat
1650 525 1659 541 ,
1691 509 1801 545 quem
1835 496 1987 532 divitem
2026 505 2063 532 et
2099 496 2299 533 sublimem

1311 553 1420 602 longa
1443 562 1530 591 aetas
1550 563 1788 603 provexerat.
1807 555 1887 591 Filii
1916 555 2110 591 hominum
2125 584 2134 601 ,
2156 568 2297 604 usque-

1310 624 1386 660 quo
1403 612 1505 661 gravi
1534 613 1671 650 corde?
1692 613 1824 661 utquid
1846 613 1997 661 diligitis
2018 614 2239 658 vanitatem,
2261 622 2298 649 et

1310 671 1476 718 quaeritis
1496 672 1732 707 mendacium
1751 678 1762 692 ²
1777 673 1791 707 Ρ
1806 672 1903 708 Audi
1925 680 1959 707 et
1976 671 2141 708 breviter
2157 673 2203 709 de
2224 672 2297 708 ho-

1310 729 1479 766 noribus.
1504 734 1644 766 Ducem
1665 738 1700 767 te
1724 732 1970 776 constituere3
1994 740 2029 768 et
2050 731 2134 768 data
2155 741 2210 768 est
2232 731 2299 768 tibi

1310 788 1465 825 facultas
1484 798 1525 824 ut
1545 789 1657 825 miser
1676 790 1743 834 sis,
1764 798 1800 825 et
1831 790 1991 838 amplius
2011 803 2088 825 non
2112 790 2292 839 quiescas.

1311 847 1531 884 Cumulatur
1573 847 1728 883 materia
1766 847 2058 884 sollicitudinum
2079 876 2089 893 ‚
2127 857 2164 884 et
2198 849 2297 884 inter

1310 918 1496 942 aerumnas
1531 919 1596 942 cor
1629 907 1753 954 ipsum
1790 906 2012 952 exedentes,
2050 920 2199 943 necesse
2241 916 2297 943 est

1309 965 1454 1001 vultum
1482 965 1639 1002 induere
1662 965 1899 1013 gaudiorum.
1934 969 2131 1015 Nunquam
2164 966 2202 1002 in
2224 966 2296 1002 lio-

1309 1037 1401 1060 nore
1417 1025 1497 1061 sine
1511 1024 1641 1060 dolore
1655 1052 1664 1068 ,
1684 1025 1720 1060 in
1739 1025 1956 1073 praelatione
1973 1026 2052 1061 sine
2071 1025 2297 1070 turbatione,

1262 1077 1345 1118 Bin
1375 1083 1603 1120 sublimitate
1623 1084 1702 1120 sine
1734 1085 1899 1119 vanitate
1929 1085 2012 1132 quis
2042 1098 2121 1121 esse
2158 1094 2294 1134 potest.

1306 1143 1450 1187 Miseri,
1469 1141 1577 1190 juxta
1598 1142 1865 1191 philosophum
1887 1143 2098 1179 mercedem
2125 1144 2298 1179 miseria—

1308 1214 1390 1237 rum
1413 1214 1600 1246 amamus,
1622 1209 1658 1237 et
1679 1202 1777 1250 ipsas
1793 1214 2043 1237 exsecramur.
2063 1206 2205 1250 Regum
2228 1216 2298 1238 no-

1309 1261 1366 1297 bis
1401 1261 1546 1297 animos
1587 1260 1803 1305 induimus,
1839 1269 1875 1296 et
1899 1261 2083 1309 quidquid
2120 1261 2228 1296 nobis
2251 1275 2297 1298 ex

1309 1321 1505 1357 voluntate
1530 1333 1605 1356 non
1633 1319 1857 1368 respondet,
1884 1321 2006 1355 statim
2027 1329 2159 1356 evocat
2178 1321 2295 1357 iram:

1311 1392 1380 1416 nec
1395 1379 1606 1415 communis
1637 1374 1864 1426 recogitatur
1889 1378 2113 1414 humanitas.
2144 1382 2189 1415 iit
2213 1388 2301 1416 tanc

1310 1447 1367 1475 est
1388 1439 1526 1475 vermis
1559 1437 1740 1474 arrodens
1772 1437 1836 1486 qui
1868 1437 2133 1473 conscientiam
2161 1438 2302 1487 jugiter

1312 1506 1504 1546 torqueat,
1534 1497 1647 1533 timor
1675 1497 1855 1545 potentiae
1889 1497 2107 1545 superioris.
2136 1500 2223 1534 Haec
2243 1509 2298 1535 est

1308 1555 1514 1605 justissima
1548 1556 1627 1600 lex,
1668 1564 1709 1591 ut
1739 1555 1791 1590 sic
1830 1555 1934 1591 vivas
1974 1568 2058 1591 cum
2096 1556 2274 1593 inferiore
2289 1586 2298 1602 ,

1312 1615 1632 1665 quemadmodum
1663 1614 1895 1663 superiorem
1927 1614 1980 1650 vis
2008 1614 2135 1650 vivere
2165 1624 2299 1652 tecum.

1312 1674 1411 1712 Audi
1432 1683 1468 1710 et
1490 1674 1536 1710 de
1557 1674 1687 1723 gloria.
1714 1673 1749 1710 Si
1769 1674 1904 1722 quaeris
1926 1673 2103 1721 gloriam,
2126 1675 2304 1712 omnibus

1313 1733 1464 1770 invidiae
1490 1734 1633 1770 semina
1657 1732 1862 1782 praebuisti.
1896 1732 2051 1768 Inflatus
2069 1745 2129 1777 es,
2155 1742 2191 1769 et
2211 1747 2306 1769 ven·-

1315 1793 1478 1830 tilatorio
1496 1793 1631 1842 plenus
1647 1792 1780 1841 spiritu
1799 1791 2069 1840 disrumperis,
2091 1804 2160 1827 nec
2178 1801 2303 1829 atten-

251 1849 446 1896 litudinis,
486 1850 662 1887 videlicet
694 1850 877 1887 mundum
918 1850 1060 1896 istum3
1095 1857 1132 1885 et
1164 1849 1251 1885 vide
1271 1851 1297 1887 C
1317 1851 1374 1888 dis
1401 1860 1494 1901 quot
1530 1859 1565 1887 te
1595 1859 1823 1899 sequantur,
1853 1849 1915 1886 sed
1953 1858 2046 1898 quot
2078 1851 2302 1899 praecedant.

253 1921 367 1958 quam
389 1910 604 1959 frequentes
624 1909 675 1945 ibi
703 1910 884 1946 nundinae
900 1939 909 1956 ‚
927 1917 1076 1958 quantae
1096 1907 1148 1945 ibi
1168 1922 1249 1957 ger-

253 1968 400 2004 minent
416 1977 454 2005 et
470 1969 726 2018 regerminent
739 1970 934 2005 vanitates.
958 1972 1115 2005 Prorsus
1134 1967 1247 2004 dissi-

254 2028 477 2065 militudinis
489 2058 498 2075 ,
516 2030 604 2078 quia
620 2030 811 2079 regionem
827 2028 1083 2066 similitudinis
1097 2056 1106 2073 ,
1120 2027 1186 2064 ubi
1202 2027 1249 2064 ad

253 2087 536 2123 similitudinem
567 2088 636 2124 Dei
670 2088 755 2124 facti
790 2100 919 2125 sumus
940 2116 948 2132 ,
980 2087 1146 2124 amisisse
1181 2100 1249 2123 nos

253 2154 412 2182 constat.
435 2146 628 2195 Numquid
657 2160 733 2183 non
763 2160 896 2196 magna
917 2144 1182 2183 dissimilitudo
1203 2145 1248 2181 de

254 2205 429 2254 paradiso
449 2205 495 2242 ad
515 2205 706 2242 infernum
718 2235 727 2252 ‚
748 2206 795 2243 de
810 2207 943 2257 angelo
959 2205 1004 2242 ad
1016 2204 1245 2254 jumentum,

254 2264 301 2301 de
322 2268 403 2302 Deo
429 2266 475 2302 ad
491 2265 711 2302 diabolum?

308 2324 344 2361 4.
363 2325 466 2361 Vade
497 2338 565 2374 per
582 2325 749 2361 forenses
771 2325 972 2371 tumultus,
991 2333 1028 2360 et
1053 2324 1140 2360 hinc
1160 2323 1247 2360 inde

253 2383 487 2421 decertantes
517 2385 788 2434 circumspice;
817 2393 854 2421 et
884 2393 1067 2434 quantum
1088 2383 1247 2432 colligo,

252 2443 290 2479 in
311 2442 431 2480 tribus
451 2444 570 2480 causis
587 2452 693 2480 vacat
710 2444 834 2480 omnis
854 2445 1030 2493 voluptas
1052 2458 1058 2479 :
1078 2443 1139 2479 alii
1155 2442 1249 2478 divi-

255 2501 333 2548 tiis,
348 2502 408 2538 alii
423 2502 633 2539 honoribus
646 2531 655 2548 ,
673 2503 734 2539 alii
753 2502 881 2552 gloriae
902 2503 1129 2538 innituntur.
1150 2504 1247 2538 Cur-

253 2560 304 2596 ris
324 2560 371 2596 ad
385 2561 529 2597 Indiam
544 2589 553 2606 ,
574 2561 803 2610 AEtliiopiani
821 2561 978 2606 circuis,
1006 2560 1140 2597 transis
1166 2573 1247 2596 ma-

1315 1911 1656 1959 Conglomerantur
1685 1922 1816 1946 omnes
1839 1909 1885 1944 ad
1917 1908 2189 1945 detrabendum
2215 1911 2303 1956 tibi,

1315 1970 1361 2006 ad
1377 1969 1676 2006 maledicendum
1700 1969 1846 2017 linguas
1870 1975 2028 2012 acuunt3
2050 1976 2085 2003 et
2111 1969 2305 2016 argutissi-

1315 2041 1398 2064 mus
1416 2041 1455 2065 es
1470 2056 1480 2074 ,
1505 2029 1533 2064 si
1551 2029 1607 2063 vel
1635 2040 1786 2063 manum
1820 2026 1876 2062 vel
1907 2026 2069 2074 linguam
2091 2027 2305 2064 invidorum

1315 2087 1435 2136 possis
1452 2087 1623 2123 evadere.
1653 2090 1745 2122 Ecce
1767 2085 1867 2121 unde
1895 2086 2081 2134 gloriosus
2101 2098 2180 2122 esse
2200 2088 2306 2123 vole-

1314 2145 1401 2191 bas,
1424 2146 1606 2195 inglorius
1639 2158 1719 2182 esse
1748 2144 1994 2180 convinceris.
2023 2145 2174 2181 Nullum
2204 2147 2303 2183 enim

1313 2204 1585 2242 inexorabilius
1602 2204 1842 2254 persequitur
1873 2203 2074 2239 multitudo
2093 2232 2102 2248 ,
2128 2217 2239 2252 quam
2261 2206 2307 2241 il-

1312 2264 1389 2300 luni
1411 2264 1475 2313 qui
1495 2263 1566 2300 sibi
1585 2262 1835 2299 multitudinis
1861 2271 2008 2310 arrogat
2037 2263 2304 2312 principatum.

1313 2328 1434 2373 Junge
1455 2323 1513 2359 his
1532 2322 1651 2359 tribus
1669 2322 1875 2372 potentiam
1895 2329 1931 2356 et
1948 2321 2200 2370 voluptatem,
2223 2337 2306 2370 qua:

1313 2392 1350 2420 et
1370 2384 1450 2432 ipsa
1471 2383 1574 2419 tenui
1595 2391 1632 2418 et
1649 2381 1909 2431 perfunctorio
1929 2380 2064 2429 gaudio
2082 2382 2306 2430 rapiuntur3

1313 2451 1350 2479 et
1370 2441 1514 2478 videbis
1541 2442 1629 2490 quia
1646 2441 1754 2490 eopia
1771 2452 1915 2489 pauper
1932 2447 2010 2483 est,
2029 2439 2152 2476 honor
2181 2440 2307 2476 liumi-

1313 2503 1379 2547 lis,
1407 2501 1490 2538 vilis
1510 2501 1648 2550 gratia,
1672 2499 1840 2550 potentia
1871 2497 2023 2542 debilis,
2056 2506 2092 2533 et
2122 2498 2308 2535 laboriosa

1314 2562 1488 2610 voluptas
1505 2575 1511 2596 :
1528 2569 1581 2605 ut,
1603 2559 1713 2608 juxta
1727 2558 1966 2607 Apostolum,
1989 2570 2139 2593 omnem
2166 2559 2308 2595 intelle·

255 2619 308 2655 ria
324 2647 333 2663 ,
353 2627 389 2655 et
407 2619 519 2655 alium
543 2618 672 2655 orbem
698 2619 764 2655 tibi
790 2620 912 2667 aperis
947 2619 1159 2667 navigando
1174 2647 1184 2664 ,
1206 2626 1247 2654 ut
1267 2624 1299 2657 D
1313 2628 1414 2656 etum
1439 2619 1476 2654 in
1494 2618 1628 2654 clu-isti
1654 2617 1877 2664 obsequium
1899 2615 2147 2662 redigamus3.
2172 2618 2308 2665 Relege

253 2678 402 2714 divitias
423 2691 638 2727 congreges.
667 2679 778 2727 Fugis
813 2678 996 2726 patriam,
1025 2677 1177 2725 ignoras
1207 2676 1247 2711 fi-

255 2736 345 2780 lios,
369 2736 558 2772 divelleris
571 2735 617 2772 ab
632 2749 773 2780 uxore,
795 2744 831 2772 et
851 2736 1021 2771 omnium
1044 2735 1247 2771 necessitu-

255 2795 387 2831 dinum
405 2794 564 2842 oblitus,
583 2796 720 2844 quaeris
738 2804 779 2831 ut
799 2795 990 2844 aequiraS,
1016 2793 1178 2842 acquiris
1209 2801 1249 2828 ut

255 2853 414 2903 perdas,
434 2854 560 2903 perdis
581 2863 621 2890 ut
640 2854 780 2891 doleas.
802 2853 983 2891 Aseendis
1001 2861 1148 2889 montes
1164 2852 1249 2887 nive

255 2911 449 2958 obsessos,
468 2922 505 2949 et
520 2912 740 2949 horribilem
761 2926 890 2950 eorum
913 2911 1149 2948 altitudinem
1167 2920 1248 2946 tan-

255 2984 367 3020 quam
389 2972 499 3021 plana
515 2986 675 3022 quaeque
691 2971 941 3022 perambulas.
962 2971 1106 3008 Faciem
1125 2970 1248 3018 abyssi

256 3031 403 3067 latentis
425 3045 500 3067 nou
523 3040 694 3080 reputas,
711 3032 901 3068 latronum
917 3030 1082 3079 gladios,
1117 3038 1152 3065 et
1174 3030 1250 3065 vias

255 3090 476 3126 insidiarum
498 3091 603 3139 quasi
627 3091 757 3140 planas
789 3091 1016 3140 pertransis,
1035 3088 1250 3136 oblitusque

257 3149 500 3185 humanitatis
518 3158 588 3186 tua:
605 3178 613 3194 ,
635 3164 702 3185 nec
722 3151 979 3186 fulminantem
1000 3149 1081 3183 eti-li
1105 3149 1249 3191 taciem,

257 3223 325 3245 nec
346 3218 456 3245 cestus
474 3210 532 3245 vel
559 3210 696 3258 frigora
725 3210 846 3258 magui
870 3208 1002 3258 pendis
1034 3221 1041 3242 :
1068 3207 1254 3243 thesauri-

308 3350 314 3364 ¹
338 3344 517 3381 l‘sal.1,xx‚
543 3348 594 3375 Ιῦ.
613 3364 649 3367 —
672 3344 888 3380 ²1‘>nl.1v‚:3.
920 3361 944 3365 -<
967 3341 976 3363 ³
1001 3345 1026 3373 ll
1046 3344 1118 3373 Cor.
1148 3354 1165 3371 x
1181 3367 1187 3379 ,
1211 3349 1239 3372 ξι.

1313 2677 1516 2713 maximum
1560 2675 1666 2710 illum
1708 2674 1907 2710 latinorum
1944 2672 2256 2720 pbilosophorum
2278 2682 2307 2717 ³,

1312 2744 1349 2771 et
1372 2736 1409 2771 in
1431 2735 1529 2770 illius
1559 2732 1683 2769 verbis
1714 2744 1833 2767 meam
1866 2730 2034 2766 invenies
2070 2732 2305 2768 sententiam.

1314 2797 1520 2832 Contemne
1554 2793 1666 2840 igitur
1704 2791 1781 2826 llaec
1817 2789 1943 2824 ‹mmia
1982 2788 2307 2836 e‹›ut‹·mptibilia;

1315 2863 1352 2890 et
1372 2854 1417 2889 de
1439 2853 1494 2888 liis
1516 2850 1691 2887 omnibus
1711 2852 1764 2887 sae
1780 2849 1961 2885 sarcinam
1990 2857 2088 2883 tuam
2106 2876 2114 2892 ‚
2137 2857 2306 2884 coutem-

1314 2921 1420 2962 ptum
1443 2911 1585 2947 mundi.

1368 2973 1403 3007 5.
1428 2974 1589 3006 Decursa
1609 2969 1721 3017 igitur
1742 2968 1808 3002 bac
1826 2966 1999 3014 regione,
2023 2973 2078 3007 et,
2102 2965 2203 3013 quod
2228 2979 2308 3014 pre-

1317 3029 1445 3066 tiosius
1459 3037 1538 3074 est,
1560 3027 1646 3063 inde
1669 3025 1836 3062 sublatus
1852 3053 1860 3066 ‚
1886 3025 1998 3060 [rami
2019 3024 2064 3059 ad
2083 3025 2282 3060 §infundam
2296 3054 2304 3065 .

1317 3102 1400 3139 quse
1424 3097 1479 3124 est
1510 3087 1705 3137 paradisus
1733 3085 1948 3121 claustralis.
1984 3087 2076 3118 vor·-
2106 3084 2306 3119 claustrum

1319 3157 1370 3185 est
1393 3147 1599 3197 paradisus.
1626 3147 1693 3182 Hie
1714 3153 1816 3195 prata
1842 3143 2000 3178 virentia
2021 3143 2311 3190 scripturarum,

1322 3207 1580 3259 praeterllueus
1615 3208 1861 3252 ὶ.ις.·),ἰιι;ιι·ιιιιι
1892 3201 2084 3238 undositas
2101 3229 2109 3245 ,
2134 3215 2244 3250 quam
2268 3203 2313 3238 dc

1669 3344 1681 3357 ·’
1703 3339 1858 3367 Sem-catu.
