2418 3949
84 249 132 283 65
797 248 845 282 IN
875 247 1077 283 CANTICA
1095 272 1103 288 ‚
1135 247 1297 283 SERMO
1326 249 1423 283 vul.
2085 254 2134 286 (36

1117 320 1126 337 ¹
1143 333 1321 358 succensa
1346 323 1531 371 igniculo,
1552 331 1751 373 utramque
1789 332 1980 372 naturam,
2014 325 2052 362 id
2081 336 2135 362 est

83 403 107 412 „
112 403 377 412 ===================
377 409 379 411 .
383 400 1048 412 ==============================================
1052 400 1079 409 u
1096 382 1125 415 A
1145 379 1345 416 humanam
1367 389 1404 417 et
1424 382 1608 429 divinam,
1622 383 1804 433 integram
1830 384 1967 421 fatetur
1980 386 2017 422 in
2035 386 2137 423 Chri<

304 579 310 585 ,
347 521 598 578 SERMO
651 521 808 577 VIII.

85 667 250 698 Paululam
271 679 338 698 cum
358 668 596 711 pertransissem
627 679 698 703 eos,
729 666 831 696 inveni
854 677 941 710 quem
972 665 1077 709 diligit

268 721 374 752 anima
390 732 472 752 mea.
492 721 611 752 Cantic.
630 732 697 762 cap.
718 732 778 758 ιιι,
798 717 836 756 js,
858 722 888 750 4.

474 847 687 861 -ῶοοοῦ-

141 975 172 1011 1.
193 974 433 1011 Pertransisti
449 1001 459 1018 ,
487 987 511 1010 o
538 985 677 1024 sponsa
703 973 878 1019 Domini,
902 972 1077 1009 custodes

84 1042 185 1080 tuos,
215 1043 411 1070 consortes
436 1042 473 1070 et
492 1033 695 1083 participes
725 1046 813 1070 suos
841 1047 848 1069 :
884 1041 1077 1068 consortes

1141 447 1199 475 sto
1221 440 1381 476 Ecclesia
1401 439 1497 488 ejuS,
1529 449 1566 476 et
1591 442 1687 478 sicut
1707 443 1921 491 evangeliea
1943 445 2077 482 mulier
2096 447 2132 483 in

1141 499 1228 535 satis
1258 499 1376 535 tribus
1404 499 1578 539 humanae
1608 501 1754 548 farinae,
1781 501 1918 539 divinae
1943 504 2136 554 sapientiae

1141 557 1368 595 fermentum
1389 559 1562 595 recondit
1580 558 1605 596 3.

1197 618 1230 656 2.
1248 619 1318 657 Sed
1335 619 1451 668 quid?
1468 619 1660 669 indigebat
1680 621 1852 658 rationali
1873 622 2008 671 spiritu
2025 626 2134 663 Chri-

1141 686 1232 723 stus,
1251 678 1415 715 Verbum
1432 679 1512 728 ipse
1531 680 1650 715 Patris
1669 687 1705 714 et
1722 680 1903 729 sapientia
1920 690 1957 718 et
1972 685 2136 722 veritas?

1142 740 1216 773 Nec
1241 736 1344 785 quod
1376 737 1509 772 lateret
1535 737 1659 785 ipsum
1692 737 1833 786 aliquid
1863 752 1941 776 esse
1965 750 2134 790 poterat,

1143 795 1205 832 sed
1227 796 1306 845 ipse
1329 795 1516 831 illuminat
1539 808 1691 831 omnem
1712 796 1903 833 hominem
1922 801 2133 840 venientem

1143 855 1179 890 in
1200 854 1300 890 hunc
1317 853 1535 891 mundum&
1557 857 1639 901 Qua
1656 866 1745 902 ergo
1766 860 2029 904 consequentia
2052 874 2134 897 ere—

1143 922 1204 950 ato
1233 922 1270 949 et
1297 913 1508 949 illuminato
1539 912 1725 962 indigeret
1764 914 1892 950 lumen
1925 929 2055 955 creans
2098 931 2134 958 et

1142 973 1386 1009 illuminans?
1411 973 1519 1009 Nulla
1542 972 1668 1021 plane.
1691 972 1759 1009 Ille
1785 985 1861 1008 non
1889 974 2050 1024 indiget,
2071 981 2135 1016 sed

1143 1046 1225 1069 mea
1254 1040 1309 1068 est
1346 1032 1426 1068 haec
1455 1032 1675 1081 indigentia.
1711 1031 1822 1069 Ratio
1856 1032 1933 1069 haec
1960 1044 2016 1072 est
2046 1051 2137 1081 mem

83 1101 247 1138 naturae,
270 1093 473 1143 participes
496 1092 636 1142 gratiae.
655 1092 894 1128 Pertransisti
912 1092 1016 1137 illos,
1041 1100 1078 1127 et
1096 1093 1123 1127 B
1143 1093 1338 1137 caecitatis,
1367 1105 1445 1128 non
1474 1091 1653 1128 claritatis
1670 1091 1770 1127 illius
1788 1106 1795 1127 ε
1819 1104 1896 1128 non
1914 1100 2138 1135 assumentis

83 1153 284 1202 pervenisti
316 1153 362 1189 ad
394 1154 593 1190 Dilectum.
617 1151 757 1200 Quidni
775 1152 858 1188 illos
885 1160 1081 1200 pertrans—

82 1224 162 1258 eas,
182 1212 246 1261 qui
272 1221 309 1249 et
323 1212 394 1262 ipsi
413 1212 689 1262 pertransirent
708 1210 815 1259 quasi
835 1210 982 1254 fumus,
1010 1209 1081 1245 nisi

84 1271 121 1308 in
148 1271 286 1308 dilecto
312 1285 381 1308 suo
410 1273 573 1308 starent?
602 1270 784 1307 Invenisti
805 1270 1012 1314 Dilectum,
1041 1276 1078 1304 et

82 1330 256 1368 invenisti
272 1332 376 1368 illum
392 1339 547 1367 unctum
565 1331 649 1366 oleo
664 1329 816 1379 spiritus
830 1342 908 1379 pra?
925 1341 1072 1364 consor·

84 1389 183 1426 tibus
214 1391 302 1427 suis.
328 1390 566 1440 Perpendisti
587 1390 625 1426 in
647 1390 713 1425 illo
745 1389 927 1425 virtutum
954 1388 1076 1438 privi-

83 1449 176 1498 legia
207 1450 380 1500 quaedam
412 1450 449 1486 in
484 1449 670 1486 consimili
713 1457 859 1485 natura.
894 1448 1076 1484 Invenisti

82 1517 248 1546 sanctam
282 1509 364 1559 ejus
405 1511 568 1546 animam
599 1508 770 1558 quaedam
804 1507 942 1544 habere
977 1508 1078 1544 dona

82 1569 334 1618 singulariter,
348 1569 520 1619 quaedam
532 1569 770 1606 excellenter.
785 1568 876 1604 Ideo
889 1575 1078 1617 pertrans-

82 1627 143 1664 isti
175 1628 276 1675 illos‚
311 1629 398 1678 quia
429 1628 532 1665 illum
561 1627 782 1677 praetulisti3
814 1635 851 1662 et
882 1627 1076 1675 paululum

82 1687 329 1736 pertransisse
358 1696 393 1724 te
416 1687 530 1733 (licis,
553 1688 640 1736 quia
660 1685 914 1722 consideratio
947 1693 1009 1722 tua
1037 1685 1074 1721 in

82 1745 151 1782 hac
170 1746 389 1796 proelatione
411 1746 580 1782 nondum
604 1745 755 1781 recessit
774 1758 793 1780 a
811 1744 959 1793 generis
975 1743 1077 1793 ejus-

82 1804 166 1842 dcm
189 1807 470 1843 communione.
493 1805 565 1844 Sed
586 1805 772 1854 numquid
792 1805 851 1840 hic
871 1803 1078 1841 subsistes?

1145 1151 1280 1197 Verbi,
1305 1151 1369 1188 sed
1397 1151 1580 1200 assumpti
1606 1150 1774 1201 spiritus.
1800 1153 1879 1200 Ego
1898 1152 2109 1203 indigebam
2125 1187 2134 1201 ‚

1147 1219 1188 1247 ut
1210 1220 1246 1247 et
1266 1211 1344 1248 haec
1364 1220 1508 1248 naturae
1534 1223 1626 1247 meae
1646 1224 1733 1261 pars
1750 1210 1876 1247 Verbo
1898 1213 2082 1261 uniretur,
2103 1227 2138 1253 et

1143 1270 1196 1306 sic
1215 1270 1424 1307 clarificatae
1451 1271 1489 1306 in
1514 1273 1594 1306 Deo
1617 1270 1803 1319 portionis
1832 1271 1965 1309 merita
1988 1274 2025 1310 in
2049 1276 2137 1312 uni-

1144 1344 1272 1367 versos
1303 1344 1372 1381 per
1403 1330 1514 1366 fidem
1550 1330 1766 1366 refluerent.
1798 1333 1937 1368 Omnes
1962 1345 2031 1370 nos
2057 1348 2138 1372 me-

1142 1390 1269 1427 diante
1300 1389 1610 1426 consubstantiali
1644 1396 1776 1425 nostro
1812 1390 2064 1430 reformamur
2102 1395 2138 1432 in

1143 1450 1305 1494 Christo,
1322 1449 1543 1486 accedentes
1561 1461 1630 1498 per
1646 1448 1757 1484 fidem
1771 1448 1818 1484 ad
1839 1450 1974 1498 ipsum.
1993 1454 2038 1488 Et
2054 1452 2140 1489 ideo

1144 1517 1264 1545 totum
1286 1507 1490 1557 oportebat
1516 1507 1679 1553 assumi,
1708 1515 1747 1543 ut
1766 1508 1884 1556 gratia
1915 1509 2138 1547 refundere-

1145 1577 1204 1605 tur
1222 1569 1258 1605 in
1277 1577 1418 1614 totum,
1440 1568 1528 1618 quia
1551 1567 1744 1617 corruptio
1766 1568 2058 1607 fermentaverat
2079 1580 2140 1607 to-

1145 1637 1236 1665 tum.
1262 1632 1414 1665 Manent
1433 1640 1523 1676 ergo
1542 1626 1580 1662 in
1611 1639 1686 1662 una
1716 1638 1877 1675 persona
1908 1636 2049 1666 naturae
2075 1644 2139 1678 ge—

1144 1688 1268 1732 minae,
1292 1688 1387 1723 sicut
1402 1687 1572 1734 integrae,
1591 1685 1643 1721 sic
1663 1693 1700 1721 et
1718 1685 1980 1735 impermixtae.
2002 1688 2139 1725 Divina

1143 1748 1242 1783 enim
1264 1744 1562 1781 inconvertibilis
1579 1752 1614 1780 et
1628 1744 1948 1781 incommutabilis
1967 1755 2023 1783 est
2044 1761 2051 1782 :
2071 1761 2140 1783 nec

1144 1814 1267 1856 potest
1298 1804 1468 1841 converti
1498 1804 1535 1840 in
1560 1803 1689 1849 aliam,
1712 1803 1838 1839 necin
1859 1818 1897 1840 se
1915 1805 2002 1841 sinit
2027 1807 2138 1843 aliam

81 1867 124 1901 In
141 1865 320 1902 ulteriora
350 1874 388 1902 et
419 1865 555 1902 altiora
582 1878 628 1901 ex
659 1864 730 1900 hoc
758 1863 874 1912 gradu
905 1862 1076 1912 urgenda
1096 1869 1122 1904 C
1142 1866 1326 1903 converti.
1342 1868 1425 1901 Non
1443 1864 1541 1899 valet
1553 1863 1591 1899 in
1606 1863 1714 1899 aliam
1730 1876 1777 1898 ex
1793 1876 1831 1899 se
1845 1863 2016 1901 deficere.
2030 1866 2138 1902 Defe-

82 1932 137 1960 est
155 1925 354 1974 profectiO,
374 1924 663 1974 pertingendum
679 1924 717 1959 in
735 1924 860 1959 finem.
887 1923 1076 1972 Sapientia

82 1983 182 2020 enim
205 1984 353 2033 attingit
375 1998 396 2020 a
421 1985 494 2021 fine
517 1985 554 2020 in
577 1985 689 2019 linem
711 1982 923 2031 ¹.Deniq11e
943 1991 980 2018 et
1000 1981 1077 2018 hae-

83 2043 233 2090 reticus‚
250 2052 292 2079 ut
307 2043 542 2093 superiorem
565 2043 702 2079 dilecto
720 2051 786 2078 tuo
806 2041 963 2091 gradum
988 2055 1077 2077 con-

83 2102 201 2147 ferat,
236 2102 338 2139 hunc
370 2103 478 2139 tollit.
504 2106 664 2139 Tantum
687 2114 838 2138 carnem
858 2100 986 2137 Verbo
1012 2115 1077 2137 co-

80 2161 185 2210 pulat
213 2161 251 2197 in
274 2161 446 2207 Christo,
473 2161 635 2198 animam
661 2169 771 2209 negat
795 2173 802 2194 ε
831 2168 896 2196 aut
924 2160 953 2196 si
983 2160 1077 2196 hanc

81 2234 158 2257 non
179 2220 291 2257 audet
306 2220 487 2271 (propter
503 2220 657 2257 evidens
676 2219 794 2269 ipsius
815 2219 950 2256 Christi
969 2219 1075 2255 testi-

83 2280 253 2317 monium
281 2280 438 2317 dicentis
465 2295 472 2317 :

81 2353 217 2384 meam,
240 2342 308 2376 sed
321 2353 386 2387 ego
405 2353 505 2388 pono
526 2353 621 2383 eam,
641 2348 677 2374 et
696 2343 823 2374 iterum
842 2351 944 2373 sumo
960 2337 1076 2388 eam),

81 2400 242 2435 animam
259 2399 533 2435 sensificantem
554 2398 684 2444 donat,
702 2397 767 2434 sed
789 2396 1076 2433 ratiocinantem

83 2459 180 2495 tollit
199 2458 385 2508 spiritum.
404 2457 577 2494 Correxit
605 2457 640 2493 in
663 2465 770 2506 parte
794 2469 963 2492 errorem
979 2484 988 2500 ‚
1012 2455 1077 2492 sed

82 2531 159 2554 non
180 2518 304 2567 potuit
324 2517 474 2566 longius
493 2516 539 2553 ab
556 2516 743 2566 sEgyptiis
764 2515 938 2552 recedere
969 2523 1075 2551 tene-

81 2576 171 2613 bris.
194 2580 276 2614 Non
299 2576 424 2626 potuit
450 2575 564 2612 tridui
590 2576 661 2611 iter
680 2576 878 2611 conficere.
901 2575 1076 2610 Ecclesia:

499 2282 617 2315 Nemo
647 2283 739 2315 tollit
768 2294 791 2314 a
822 2293 880 2315 me
910 2283 1075 2315 anitmim

1143 1934 1222 1962 ctus
1236 1924 1418 1973 siquidem
1438 1923 1490 1959 illi
1509 1923 1603 1958 foret
1617 1922 1740 1958 omnis
1757 1923 1914 1959 mutatio
1934 1937 1941 1958 :
1964 1937 2033 1961 nec
2051 1939 2135 1961 ma-

1143 1985 1196 2034 gis
1217 1985 1253 2020 in
1272 1984 1370 2019 illam
1391 1983 1461 2019 alia
1478 1983 1661 2031 prolicere
1678 1990 1813 2031 potest.
1830 1986 1912 2019 Non
1928 1993 2139 2021 commuta—

1144 2057 1204 2089 re,
1222 2042 1286 2079 sed
1311 2041 1590 2078 communicare
1611 2040 1713 2076 illam
1738 2053 1956 2089 possumus,
1975 2044 2140 2080 utendoa

1143 2111 1255 2147 certe,
1275 2114 1350 2137 non
1371 2099 1580 2137 existendo.

1197 2163 1231 2198 3.
1255 2165 1381 2198 Manet
1404 2161 1531 2209 itaque
1556 2160 1701 2195 naturis
1721 2159 1799 2196 istis
1821 2172 1886 2196 sua
1907 2160 2043 2210 cuique
2066 2170 2138 2198 tam

1143 2220 1338 2269 integritas
1356 2232 1468 2268 quam
1488 2219 1712 2267 proprietas.
1731 2221 2018 2268 Consequenter
2031 2221 2140 2257 etiam

1144 2287 1401 2329 competentes
1416 2279 1474 2314 his
1499 2277 1877 2326 comprehensiones,
1905 2287 1941 2314 et
1965 2280 2141 2324 affectus,

1144 2348 1180 2376 et
1195 2339 1551 2388 contemplationes,
1568 2346 1605 2373 et
1625 2337 1878 2374 beatitudines
1894 2339 2143 2388 impermixta»

1144 2407 1252 2444 sunt,
1283 2406 1319 2434 et
1336 2398 1521 2433 distinetae
1537 2425 1546 2442 ,
1571 2404 1608 2432 et
1630 2396 1866 2442 differentes,
1902 2406 1938 2433 ct
1968 2411 2144 2436 numera-

1143 2455 1237 2493 biles
1258 2456 1337 2493 sine
1359 2468 1518 2492 numero
1535 2468 1721 2504 personae.
1744 2458 1836 2492 Nam
1859 2456 1942 2504 quis
1962 2467 2143 2494 assereret

1143 2516 1394 2553 beatissimam
1425 2515 1560 2553 Christi
1594 2515 1755 2550 animam
1785 2523 1849 2551 aut
1875 2516 1966 2552 nihil
2002 2518 2141 2554 sentire

1143 2577 1294 2626 penitus
1315 2575 1525 2611 dulcedinis
1547 2584 1584 2611 et
1616 2574 1742 2623 gaudii
1763 2590 1772 2620 3
1799 2584 1863 2611 aut
1888 2577 2023 2613 iterum
2039 2606 2048 2622 ,
2070 2591 2140 2626 gu-

82 2636 173 2672 fides
190 2635 460 2672 humanitatem
483 2648 552 2671 nec
571 2635 687 2671 solam
706 2634 900 2670 constituit
918 2634 953 2669 in
972 2633 1074 2669 Chri·
1092 2642 1125 2675 D
1141 2644 1237 2672 stum
1251 2635 1423 2671 intimum
1440 2634 1490 2670 illi
1503 2633 1719 2683 permittere
1729 2635 1923 2671 suavitatis
1934 2638 2140 2687 etsaporis',

82 2703 139 2731 sto
151 2723 160 2739 ,
187 2707 255 2730 nec
272 2694 480 2731 dimidiam.
495 2698 706 2742 Utramque
722 2702 895 2729 naturam
916 2693 1077 2729 collocat

81 2754 119 2790 in
137 2754 297 2791 Clu-isto,
316 2757 361 2790 Et
377 2754 464 2802 quia
481 2753 607 2789 divina
625 2754 783 2802 simplex
804 2761 858 2789 est
878 2761 914 2788 et
939 2752 1075 2788 distin-

81 2814 206 2850 etione
221 2827 370 2858 carens,
394 2814 430 2848 in
448 2813 600 2850 homine
619 2813 802 2862 triplicem
820 2813 941 2858 illam,
961 2826 1075 2862 quam

82 2873 190 2921 ponit
207 2873 430 2922 Apostolus,
453 2872 730 2909 distinctionem
751 2873 887 2909 fatetur
909 2886 916 2906 z
939 2872 974 2908 id
996 2881 1073 2916 est,

78 2933 266 2980 integrum
301 2945 463 2981 corpus,
497 2940 534 2967 et
564 2932 748 2977 animam,
782 2940 817 2967 et
851 2931 1023 2980 spiritum
1047 2938 1073 2968 ².

82 2991 258 3040 Alioquin
280 3004 356 3027 non
373 2991 563 3027 hominem
578 3020 587 3036 ,
610 3003 721 3040 quem
744 2991 1016 3026 reformaturus
1038 2991 1075 3026 in

82 3063 120 3086 se
137 3051 275 3095 fuerat,
297 3050 470 3099 suscepit.
490 3051 661 3099 Denique
678 3059 715 3086 et
736 3050 928 3086 rationalis
942 3051 1076 3086 anima:

84 3122 170 3159 pars
184 3109 355 3146 humanae
375 3109 534 3159 indiguit
549 3109 764 3146 mediatoris
779 3109 946 3146 remedio
965 3125 972 3146 :
990 3110 1076 3159 quia

84 3169 303 3217 ignorantiae
334 3169 474 3205 fuscata
508 3168 661 3213 nubilo,
692 3177 727 3204 et
761 3169 1077 3217 eoneupiseentiw.

136 3301 142 3315 ¹
160 3297 230 3337 Sap.
246 3307 306 3325 rut
321 3320 328 3332 ‚
354 3300 380 3327 1.
401 3316 437 3319 ⁷-
462 3300 498 3327 ²1
518 3295 628 3327 'l'hess.
651 3308 681 3336 v,
700 3298 754 3327 ‘2:3.

135 3360 146 3374 ·'¹
165 3354 379 3395 l'roJi-uemlo.

244 3426 335 3452 iou,
366 3426 398 3448 v.

783 3315 814 3317 ⁴-
833 3293 1117 3330 ³1.u‹·.x111,·›.t.

1142 2703 1178 2731 ct
1213 2694 1454 2731 beatitudiuis
1482 2694 1581 2730 illius
1603 2707 1675 2742 qua
1698 2693 1910 2731 beatissima
1933 2697 2140 2745 perfruitur

1141 2754 1325 2790 Trinitas?
1349 2752 1501 2802 Majoris
1517 2753 1700 2802 siquidem
1726 2763 1779 2789 est
1807 2755 2038 2792 excellentiae
2059 2770 2138 2793 esse

1143 2814 1235 2849 illud
1252 2814 1364 2849 vitale
1382 2812 1525 2848 bonum
1547 2826 1659 2861 quam
1683 2813 1923 2862 participale,
1950 2815 2138 2864 longeque

1142 2873 1358 2922 expressior
1380 2880 1435 2908 est
1464 2872 1696 2921 experientia
1731 2880 1766 2908 et
1791 2872 1995 2909 domestica
2022 2876 2138 2924 magis

1142 2932 1179 2968 in
1191 2933 1350 2969 essentia
1375 2944 1487 2980 quam
1513 2931 1549 2966 in
1584 2944 1652 2967 usu
1672 2931 1800 2980 ipsius.
1832 2935 1919 2968 Esse
1944 2933 2073 2982 utique
2101 2935 2138 2969 id

1144 2992 1266 3040 ipsum
1280 2991 1332 3027 uti
1352 2999 1420 3031 est,
1436 3003 1510 3026 uon
1527 2998 1649 3026 tamen
1668 2992 1961 3027 ususessentiam
1981 2993 2138 3029 confert.

1142 3051 1343 3099 Quomodo
1365 3064 1454 3099 ergo
1483 3050 1644 3086 essentia
1672 3051 1920 3099 perfruitione
1950 3052 2027 3087 sola
2061 3065 2136 3087 non

1143 3111 1284 3159 potior,
1318 3110 1404 3157 quia
1444 3109 1676 3158 proximior?
1708 3110 1852 3146 Deinde
1893 3111 1977 3146 lieet
2013 3112 2136 3155 anima

1144 3170 1222 3205 ha‘e
1243 3170 1278 3204 iu
1302 3173 1319 3205 Σ
1334 3168 1426 3204 erbo
1442 3169 1568 3204 omnia
1588 3168 1683 3204 videt
1697 3198 1705 3213 ‚
1723 3178 1757 3205 et
1774 3170 1895 3218 ipsum
1912 3169 2074 3206 Verbum
2100 3171 2134 3204 in

1200 3296 1211 3321 -ἱ
1229 3298 1319 3326 Joan.
1338 3308 1366 3333 1,
1387 3299 1418 3324 (J.
