<?xml version="1.0" encoding="UTF-8"?>
<!DOCTYPE html PUBLIC "-//W3C//DTD XHTML 1.0 Transitional//EN"
    "http://www.w3.org/TR/xhtml1/DTD/xhtml1-transitional.dtd">
<html xmlns="http://www.w3.org/1999/xhtml" xml:lang="en" lang="en">
 <head>
  <title>
</title>
<meta http-equiv="Content-Type" content="text/html;charset=utf-8" />
  <meta name='ocr-system' content='tesseract 3.04.00' />
  <meta name='ocr-capabilities' content='ocr_page ocr_carea ocr_par ocr_line ocrx_word'/>
</head>
<body>
  <div class='ocr_page' id='page_1' title='image "./operaomniapostho05bern_0479.png"; bbox 0 0 2418 3949; ppageno 0'>
   <div class='ocr_carea' id='block_1_1' title="bbox 135 212 204 249">
    <p class='ocr_par' dir='ltr' id='par_1_1' title="bbox 135 212 204 249">
     <span class='ocr_line' id='line_1_1' title="bbox 135 212 204 249; baseline 0 -1"><span class='ocrx_word' id='word_1_1' title='bbox 135 212 204 249; x_wconf 81' lang='lat'>941</span> 
     </span>
    </p>
   </div>
   <div class='ocr_carea' id='block_1_2' title="bbox 135 290 1119 342">
    <p class='ocr_par' dir='ltr' id='par_1_2' title="bbox 135 290 1119 342">
     <span class='ocr_line' id='line_1_2' title="bbox 135 290 1119 342; baseline 0.004 -16"><span class='ocrx_word' id='word_1_2' title='bbox 135 298 207 326; x_wconf 87' lang='lat' dir='ltr'>tate</span> <span class='ocrx_word' id='word_1_3' title='bbox 233 290 291 326; x_wconf 88' lang='lat' dir='ltr'>vel</span> <span class='ocrx_word' id='word_1_4' title='bbox 323 290 522 336; x_wconf 85' lang='lat' dir='ltr'>charitate,</span> <span class='ocrx_word' id='word_1_5' title='bbox 550 292 609 327; x_wconf 87' lang='lat' dir='ltr'>vel</span> <span class='ocrx_word' id='word_1_6' title='bbox 640 290 855 328; x_wconf 85' lang='lat' dir='ltr'>obedientia</span> <span class='ocrx_word' id='word_1_7' title='bbox 885 293 982 330; x_wconf 89' lang='lat' dir='ltr'>forte</span> <span class='ocrx_word' id='word_1_8' title='bbox 1009 293 1119 342; x_wconf 86' lang='lat' dir='ltr'>juxta</span> 
     </span>
    </p>
   </div>
   <div class='ocr_carea' id='block_1_3' title="bbox 883 218 1425 255">
    <p class='ocr_par' dir='ltr' id='par_1_3' title="bbox 883 218 1425 255">
     <span class='ocr_line' id='line_1_3' title="bbox 883 218 1425 255; baseline 0.002 -4"><span class='ocrx_word' id='word_1_9' title='bbox 883 218 947 252; x_wconf 88' lang='lat' dir='ltr'>DE</span> <span class='ocrx_word' id='word_1_10' title='bbox 976 219 1206 254; x_wconf 75' lang='lat' dir='ltr'><strong>PASSIONE</strong></span> <span class='ocrx_word' id='word_1_11' title='bbox 1234 219 1425 255; x_wconf 63' lang='lat' dir='ltr'>DOMINI.</span> 
     </span>
    </p>
   </div>
   <div class='ocr_carea' id='block_1_4' title="bbox 2100 217 2226 256">
    <p class='ocr_par' dir='ltr' id='par_1_4' title="bbox 2100 217 2226 256">
     <span class='ocr_line' id='line_1_4' title="bbox 2100 217 2226 256; baseline -0.008 0"><span class='ocrx_word' id='word_1_12' title='bbox 2100 221 2177 256; x_wconf 65' lang='lat'>932</span> <span class='ocrx_word' id='word_1_13' title='bbox 2223 217 2226 219; x_wconf 70' lang='grc'><strong>’</strong></span> 
     </span>
    </p>
   </div>
   <div class='ocr_carea' id='block_1_5' title="bbox 1187 295 2175 346">
    <p class='ocr_par' dir='ltr' id='par_1_5' title="bbox 1187 295 2175 346">
     <span class='ocr_line' id='line_1_5' title="bbox 1187 295 2175 346; baseline 0.004 -16"><span class='ocrx_word' id='word_1_14' title='bbox 1187 295 1306 331; x_wconf 82' lang='lat' dir='ltr'>nescis</span> <span class='ocrx_word' id='word_1_15' title='bbox 1344 304 1470 332; x_wconf 91' lang='lat' dir='ltr'>utrum</span> <span class='ocrx_word' id='word_1_16' title='bbox 1505 297 1680 346; x_wconf 80' lang='lat' dir='ltr'>exemplo</span> <span class='ocrx_word' id='word_1_17' title='bbox 1715 297 1888 334; x_wconf 79' lang='lat' dir='ltr'>Latronis</span> <span class='ocrx_word' id='word_1_18' title='bbox 1923 297 1968 333; x_wconf 86' lang='lat' dir='ltr'>ad</span> <span class='ocrx_word' id='word_1_19' title='bbox 2003 298 2175 334; x_wconf 88' lang='lat' dir='ltr'>ultimum</span> 
     </span>
    </p>
   </div>
   <div class='ocr_carea' id='block_1_6' title="bbox 132 351 2179 405">
    <p class='ocr_par' dir='ltr' id='par_1_6' title="bbox 132 351 2179 405">
     <span class='ocr_line' id='line_1_6' title="bbox 132 351 2179 405; baseline 0.003 -19"><span class='ocrx_word' id='word_1_20' title='bbox 132 362 321 386; x_wconf 89' lang='lat' dir='ltr'>summum</span> <span class='ocrx_word' id='word_1_21' title='bbox 341 351 498 399; x_wconf 89' lang='lat' dir='ltr'>gradum</span> <span class='ocrx_word' id='word_1_22' title='bbox 517 351 706 388; x_wconf 78' lang='lat' dir='ltr'>ascendit?</span> <span class='ocrx_word' id='word_1_23' title='bbox 722 351 838 398; x_wconf 85' lang='lat' dir='ltr'><strong>Quid,</strong></span> <span class='ocrx_word' id='word_1_24' title='bbox 856 352 886 388; x_wconf 93' lang='lat' dir='ltr'>si</span> <span class='ocrx_word' id='word_1_25' title='bbox 903 353 985 398; x_wconf 92' lang='lat' dir='ltr'>ille,</span> <span class='ocrx_word' id='word_1_26' title='bbox 1008 353 1068 390; x_wconf 92' lang='lat' dir='ltr'>cui</span> <span class='ocrx_word' id='word_1_27' title='bbox 1087 361 1121 390; x_wconf 90' lang='lat' dir='ltr'>te</span> <span class='ocrx_word' id='word_1_28' title='bbox 1139 352 1168 386; x_wconf 86' lang='lat' dir='ltr'><strong>A</strong></span> <span class='ocrx_word' id='word_1_29' title='bbox 1187 361 1442 398; x_wconf 88' lang='lat' dir='ltr'>convertatur,</span> <span class='ocrx_word' id='word_1_30' title='bbox 1461 354 1556 391; x_wconf 89' lang='lat' dir='ltr'>sicut</span> <span class='ocrx_word' id='word_1_31' title='bbox 1572 355 1752 405; x_wconf 91' lang='lat' dir='ltr'>scriptum</span> <span class='ocrx_word' id='word_1_32' title='bbox 1772 364 1827 392; x_wconf 92' lang='lat' dir='ltr'>est</span> <span class='ocrx_word' id='word_1_33' title='bbox 1848 370 1855 390; x_wconf 96' lang='lat'><strong>:</strong></span> <span class='ocrx_word' id='word_1_34' title='bbox 1877 360 2020 393; x_wconf 79' lang='lat' dir='ltr'><em>Beatus</em></span> <span class='ocrx_word' id='word_1_35' title='bbox 2041 362 2102 393; x_wconf 78' lang='lat' dir='ltr'>vir</span> <span class='ocrx_word' id='word_1_36' title='bbox 2121 363 2179 393; x_wconf 81' lang='lat' dir='ltr'>cui</span> 
     </span>
    </p>
   </div>
   <div class='ocr_carea' id='block_1_7' title="bbox 131 408 1122 758">
    <p class='ocr_par' dir='ltr' id='par_1_7' title="bbox 131 408 1122 758">
     <span class='ocr_line' id='line_1_7' title="bbox 132 408 1120 462; baseline 0.004 -18"><span class='ocrx_word' id='word_1_37' title='bbox 132 408 246 445; x_wconf 89' lang='lat' dir='ltr'>audes</span> <span class='ocrx_word' id='word_1_38' title='bbox 268 410 465 458; x_wconf 78' lang='lat' dir='ltr'>praeferre,</span> <span class='ocrx_word' id='word_1_39' title='bbox 494 410 540 447; x_wconf 88' lang='lat' dir='ltr'>ad</span> <span class='ocrx_word' id='word_1_40' title='bbox 571 419 711 448; x_wconf 82' lang='lat' dir='ltr'>tantam</span> <span class='ocrx_word' id='word_1_41' title='bbox 738 411 1008 461; x_wconf 80' lang='lat' dir='ltr'><strong>perfectionem</strong></span> <span class='ocrx_word' id='word_1_42' title='bbox 1030 425 1120 462; x_wconf 88' lang='lat' dir='ltr'>per-</span> 
     </span>
     <span class='ocr_line' id='line_1_8' title="bbox 131 469 1122 517; baseline 0.005 -14"><span class='ocrx_word' id='word_1_43' title='bbox 131 469 252 515; x_wconf 80' lang='lat' dir='ltr'>venit,</span> <span class='ocrx_word' id='word_1_44' title='bbox 272 477 316 505; x_wconf 90' lang='lat' dir='ltr'>ut</span> <span class='ocrx_word' id='word_1_45' title='bbox 332 482 407 505; x_wconf 89' lang='lat' dir='ltr'>non</span> <span class='ocrx_word' id='word_1_46' title='bbox 437 469 601 516; x_wconf 89' lang='lat' dir='ltr'>dubitet,</span> <span class='ocrx_word' id='word_1_47' title='bbox 619 471 695 507; x_wconf 92' lang='lat' dir='ltr'>imo</span> <span class='ocrx_word' id='word_1_48' title='bbox 712 474 792 508; x_wconf 90' lang='lat' dir='ltr'>Deo</span> <span class='ocrx_word' id='word_1_49' title='bbox 810 479 923 517; x_wconf 89' lang='lat' dir='ltr'>teste,</span> <span class='ocrx_word' id='word_1_50' title='bbox 941 472 998 507; x_wconf 90' lang='lat' dir='ltr'>cui</span> <span class='ocrx_word' id='word_1_51' title='bbox 1029 485 1122 508; x_wconf 89' lang='lat' dir='ltr'>con-</span> 
     </span>
     <span class='ocr_line' id='line_1_9' title="bbox 132 528 1121 581; baseline 0.003 -17"><span class='ocrx_word' id='word_1_52' title='bbox 132 528 284 565; x_wconf 87' lang='lat' dir='ltr'>scientia</span> <span class='ocrx_word' id='word_1_53' title='bbox 319 529 436 578; x_wconf 86' lang='lat' dir='ltr'>ipsius</span> <span class='ocrx_word' id='word_1_54' title='bbox 472 538 561 566; x_wconf 88' lang='lat' dir='ltr'>nota</span> <span class='ocrx_word' id='word_1_55' title='bbox 591 538 669 574; x_wconf 84' lang='lat' dir='ltr'>est,</span> <span class='ocrx_word' id='word_1_56' title='bbox 711 538 787 567; x_wconf 88' lang='lat' dir='ltr'>tota</span> <span class='ocrx_word' id='word_1_57' title='bbox 825 538 949 566; x_wconf 90' lang='lat' dir='ltr'>mente</span> <span class='ocrx_word' id='word_1_58' title='bbox 988 530 1121 581; x_wconf 89' lang='lat' dir='ltr'>flagret</span> 
     </span>
     <span class='ocr_line' id='line_1_10' title="bbox 133 588 1120 639; baseline 0.003 -16"><span class='ocrx_word' id='word_1_59' title='bbox 133 588 284 624; x_wconf 84' lang='lat' dir='ltr'>calicem</span> <span class='ocrx_word' id='word_1_60' title='bbox 312 589 494 638; x_wconf 84' lang='lat' dir='ltr'>passionis</span> <span class='ocrx_word' id='word_1_61' title='bbox 520 602 590 639; x_wconf 90' lang='lat' dir='ltr'>pro</span> <span class='ocrx_word' id='word_1_62' title='bbox 618 590 784 626; x_wconf 91' lang='lat' dir='ltr'>Domino</span> <span class='ocrx_word' id='word_1_63' title='bbox 809 589 1032 626; x_wconf 79' lang='lat' dir='ltr'>exhaurire?</span> <span class='ocrx_word' id='word_1_64' title='bbox 1048 589 1120 627; x_wconf 88' lang='lat' dir='ltr'>Sed</span> 
     </span>
     <span class='ocr_line' id='line_1_11' title="bbox 131 646 1120 698; baseline 0.003 -15"><span class='ocrx_word' id='word_1_65' title='bbox 131 646 192 683; x_wconf 86' lang='lat' dir='ltr'>hic</span> <span class='ocrx_word' id='word_1_66' title='bbox 212 648 377 685; x_wconf 81' lang='lat' dir='ltr'>fortassis</span> <span class='ocrx_word' id='word_1_67' title='bbox 403 648 514 694; x_wconf 90' lang='lat' dir='ltr'>dicis,</span> <span class='ocrx_word' id='word_1_68' title='bbox 538 649 627 698; x_wconf 88' lang='lat' dir='ltr'>quia</span> <span class='ocrx_word' id='word_1_69' title='bbox 654 658 691 685; x_wconf 92' lang='lat' dir='ltr'>et</span> <span class='ocrx_word' id='word_1_70' title='bbox 717 658 780 686; x_wconf 89' lang='lat' dir='ltr'>tua</span> <span class='ocrx_word' id='word_1_71' title='bbox 810 650 1038 686; x_wconf 88' lang='lat' dir='ltr'>conscientia</span> <span class='ocrx_word' id='word_1_72' title='bbox 1065 658 1120 686; x_wconf 88' lang='lat' dir='ltr'>te-</span> 
     </span>
     <span class='ocr_line' id='line_1_12' title="bbox 132 708 1120 758; baseline 0.002 -15"><span class='ocrx_word' id='word_1_73' title='bbox 132 715 267 753; x_wconf 86' lang='lat' dir='ltr'>stante,</span> <span class='ocrx_word' id='word_1_74' title='bbox 282 716 434 757; x_wconf 87' lang='lat' dir='ltr'>paratus</span> <span class='ocrx_word' id='word_1_75' title='bbox 447 708 495 744; x_wconf 91' lang='lat' dir='ltr'>sis</span> <span class='ocrx_word' id='word_1_76' title='bbox 510 708 558 744; x_wconf 90' lang='lat' dir='ltr'>ad</span> <span class='ocrx_word' id='word_1_77' title='bbox 577 708 813 745; x_wconf 83' lang='lat' dir='ltr'>tolerandum</span> <span class='ocrx_word' id='word_1_78' title='bbox 826 708 1050 758; x_wconf 86' lang='lat' dir='ltr'>passionem.</span> <span class='ocrx_word' id='word_1_79' title='bbox 1062 708 1120 746; x_wconf 88' lang='lat' dir='ltr'>Ad</span> 
     </span>
    </p>
   </div>
   <div class='ocr_carea' id='block_1_8' title="bbox 131 767 1147 818">
    <p class='ocr_par' dir='ltr' id='par_1_8' title="bbox 131 767 1147 818">
     <span class='ocr_line' id='line_1_13' title="bbox 131 767 1147 818; baseline 0.003 -16"><span class='ocrx_word' id='word_1_80' title='bbox 131 767 236 815; x_wconf 87' lang='lat' dir='ltr'>quod</span> <span class='ocrx_word' id='word_1_81' title='bbox 263 767 558 816; x_wconf 82' lang='lat' dir='ltr'>respondemus,</span> <span class='ocrx_word' id='word_1_82' title='bbox 589 767 692 816; x_wconf 90' lang='lat' dir='ltr'>quod</span> <span class='ocrx_word' id='word_1_83' title='bbox 722 781 799 804; x_wconf 91' lang='lat' dir='ltr'>non</span> <span class='ocrx_word' id='word_1_84' title='bbox 830 769 877 805; x_wconf 93' lang='lat' dir='ltr'>sit</span> <span class='ocrx_word' id='word_1_85' title='bbox 907 769 1120 818; x_wconf 88' lang='lat' dir='ltr'>quisquam,</span> <span class='ocrx_word' id='word_1_86' title='bbox 1144 800 1147 801; x_wconf 15' lang='grc' dir='ltr'><em>γ</em></span> 
     </span>
    </p>
   </div>
   <div class='ocr_carea' id='block_1_9' title="bbox 131 826 1124 1056">
    <p class='ocr_par' dir='ltr' id='par_1_9' title="bbox 131 826 1124 1056">
     <span class='ocr_line' id='line_1_14' title="bbox 131 826 1122 875; baseline 0.004 -13"><span class='ocrx_word' id='word_1_87' title='bbox 131 826 196 875; x_wconf 89' lang='lat' dir='ltr'>qui</span> <span class='ocrx_word' id='word_1_88' title='bbox 225 826 338 875; x_wconf 86' lang='lat' dir='ltr'>hujus</span> <span class='ocrx_word' id='word_1_89' title='bbox 362 827 511 864; x_wconf 84' lang='lat' dir='ltr'>virtutis</span> <span class='ocrx_word' id='word_1_90' title='bbox 538 828 787 864; x_wconf 84' lang='lat' dir='ltr'>constantiam</span> <span class='ocrx_word' id='word_1_91' title='bbox 812 829 850 865; x_wconf 90' lang='lat' dir='ltr'>in</span> <span class='ocrx_word' id='word_1_92' title='bbox 875 842 913 865; x_wconf 91' lang='lat' dir='ltr'>se</span> <span class='ocrx_word' id='word_1_93' title='bbox 939 830 1122 866; x_wconf 80' lang='lat' dir='ltr'>veraciter</span> 
     </span>
     <span class='ocr_line' id='line_1_15' title="bbox 131 885 1122 938; baseline 0.006 -18"><span class='ocrx_word' id='word_1_94' title='bbox 131 885 250 934; x_wconf 89' lang='lat' dir='ltr'>possit</span> <span class='ocrx_word' id='word_1_95' title='bbox 269 898 488 935; x_wconf 84' lang='lat' dir='ltr'>agnoscere,</span> <span class='ocrx_word' id='word_1_96' title='bbox 510 887 580 923; x_wconf 85' lang='lat' dir='ltr'>nisi</span> <span class='ocrx_word' id='word_1_97' title='bbox 600 900 640 923; x_wconf 88' lang='lat' dir='ltr'>re</span> <span class='ocrx_word' id='word_1_98' title='bbox 659 887 738 936; x_wconf 91' lang='lat' dir='ltr'>ipsa</span> <span class='ocrx_word' id='word_1_99' title='bbox 759 896 871 937; x_wconf 89' lang='lat' dir='ltr'>atque</span> <span class='ocrx_word' id='word_1_100' title='bbox 891 889 1122 938; x_wconf 80' lang='lat' dir='ltr'>experientia</span> 
     </span>
     <span class='ocr_line' id='line_1_16' title="bbox 131 943 1123 997; baseline 0.005 -17"><span class='ocrx_word' id='word_1_101' title='bbox 131 943 297 981; x_wconf 81' lang='lat' dir='ltr'>doctrice</span> <span class='ocrx_word' id='word_1_102' title='bbox 317 945 500 982; x_wconf 87' lang='lat' dir='ltr'>didicerit.</span> <span class='ocrx_word' id='word_1_103' title='bbox 522 949 692 994; x_wconf 89' lang='lat' dir='ltr'>Quantos</span> <span class='ocrx_word' id='word_1_104' title='bbox 718 948 818 984; x_wconf 90' lang='lat' dir='ltr'>enim</span> <span class='ocrx_word' id='word_1_105' title='bbox 846 956 956 997; x_wconf 89' lang='lat' dir='ltr'>putas</span> <span class='ocrx_word' id='word_1_106' title='bbox 975 949 1013 985; x_wconf 91' lang='lat' dir='ltr'>in</span> <span class='ocrx_word' id='word_1_107' title='bbox 1042 957 1123 986; x_wconf 88' lang='lat' dir='ltr'>tor-</span> 
     </span>
     <span class='ocr_line' id='line_1_17' title="bbox 131 1003 1124 1056; baseline 0.004 -17"><span class='ocrx_word' id='word_1_108' title='bbox 131 1011 345 1040; x_wconf 87' lang='lat' dir='ltr'>mentorum</span> <span class='ocrx_word' id='word_1_109' title='bbox 366 1003 568 1041; x_wconf 82' lang='lat' dir='ltr'>acerbitate</span> <span class='ocrx_word' id='word_1_110' title='bbox 586 1005 778 1051; x_wconf 85' lang='lat' dir='ltr'>defecisse,</span> <span class='ocrx_word' id='word_1_111' title='bbox 798 1006 863 1055; x_wconf 85' lang='lat' dir='ltr'>qui</span> <span class='ocrx_word' id='word_1_112' title='bbox 883 1019 921 1043; x_wconf 89' lang='lat' dir='ltr'>se</span> <span class='ocrx_word' id='word_1_113' title='bbox 939 1006 1124 1056; x_wconf 88' lang='lat' dir='ltr'>putabant</span> 
     </span>
    </p>
   </div>
   <div class='ocr_carea' id='block_1_10' title="bbox 1182 416 2184 1051">
    <p class='ocr_par' dir='ltr' id='par_1_10' title="bbox 1182 416 2184 1051">
     <span class='ocr_line' id='line_1_18' title="bbox 1186 416 2179 464; baseline 0.006 -17"><span class='ocrx_word' id='word_1_114' title='bbox 1186 426 1259 448; x_wconf 78' lang='lat' dir='ltr'>non</span> <span class='ocrx_word' id='word_1_115' title='bbox 1289 417 1486 460; x_wconf 78' lang='lat' dir='ltr'>imputavit</span> <span class='ocrx_word' id='word_1_116' title='bbox 1515 417 1696 450; x_wconf 77' lang='lat' dir='ltr'>Dominus</span> <span class='ocrx_word' id='word_1_117' title='bbox 1723 424 1917 463; x_wconf 75' lang='lat' dir='ltr'>peccalum</span> <span class='ocrx_word' id='word_1_118' title='bbox 1931 421 1956 452; x_wconf 88' lang='lat'>².</span> <span class='ocrx_word' id='word_1_119' title='bbox 1991 417 2103 464; x_wconf 86' lang='lat' dir='ltr'>Quod</span> <span class='ocrx_word' id='word_1_120' title='bbox 2133 416 2179 452; x_wconf 78' lang='lat' dir='ltr'>(le</span> 
     </span>
     <span class='ocr_line' id='line_1_19' title="bbox 1185 472 2179 524; baseline 0.005 -17"><span class='ocrx_word' id='word_1_121' title='bbox 1185 472 1257 509; x_wconf 93' lang='lat' dir='ltr'>illis</span> <span class='ocrx_word' id='word_1_122' title='bbox 1276 473 1527 509; x_wconf 89' lang='lat' dir='ltr'>communiter</span> <span class='ocrx_word' id='word_1_123' title='bbox 1548 474 1744 523; x_wconf 84' lang='lat' dir='ltr'>accipitur,</span> <span class='ocrx_word' id='word_1_124' title='bbox 1766 475 1830 524; x_wconf 91' lang='lat' dir='ltr'>qui</span> <span class='ocrx_word' id='word_1_125' title='bbox 1850 484 1935 524; x_wconf 90' lang='lat' dir='ltr'>post</span> <span class='ocrx_word' id='word_1_126' title='bbox 1956 477 2094 513; x_wconf 85' lang='lat' dir='ltr'>scelera</span> <span class='ocrx_word' id='word_1_127' title='bbox 2113 489 2179 513; x_wconf 89' lang='lat' dir='ltr'>sua</span> 
     </span>
     <span class='ocr_line' id='line_1_20' title="bbox 1185 531 2180 584; baseline 0.006 -18"><span class='ocrx_word' id='word_1_128' title='bbox 1185 531 1232 567; x_wconf 89' lang='lat' dir='ltr'>ad</span> <span class='ocrx_word' id='word_1_129' title='bbox 1252 531 1459 567; x_wconf 91' lang='lat' dir='ltr'>Dominum</span> <span class='ocrx_word' id='word_1_130' title='bbox 1476 545 1495 568; x_wconf 89' lang='lat' dir='ltr'>a</span> <span class='ocrx_word' id='word_1_131' title='bbox 1512 533 1677 569; x_wconf 90' lang='lat' dir='ltr'>Domino</span> <span class='ocrx_word' id='word_1_132' title='bbox 1695 543 1981 581; x_wconf 78' lang='lat' dir='ltr'>convertuntur,</span> <span class='ocrx_word' id='word_1_133' title='bbox 2003 536 2068 584; x_wconf 88' lang='lat' dir='ltr'>qui</span> <span class='ocrx_word' id='word_1_134' title='bbox 2089 550 2180 572; x_wconf 76' lang='lat' dir='ltr'>con-</span> 
     </span>
     <span class='ocr_line' id='line_1_21' title="bbox 1187 589 2178 646; baseline 0.007 -21"><span class='ocrx_word' id='word_1_135' title='bbox 1187 589 1325 626; x_wconf 89' lang='lat' dir='ltr'>siderat</span> <span class='ocrx_word' id='word_1_136' title='bbox 1344 591 1463 639; x_wconf 84' lang='lat' dir='ltr'>qualis</span> <span class='ocrx_word' id='word_1_137' title='bbox 1482 592 1565 640; x_wconf 89' lang='lat' dir='ltr'>quis</span> <span class='ocrx_word' id='word_1_138' title='bbox 1584 594 1779 630; x_wconf 90' lang='lat' dir='ltr'>moriatur.</span> <span class='ocrx_word' id='word_1_139' title='bbox 1800 595 1951 631; x_wconf 63' lang='lat' dir='ltr'>Nullum</span> <span class='ocrx_word' id='word_1_140' title='bbox 1973 609 2062 646; x_wconf 86' lang='lat' dir='ltr'>ergo</span> <span class='ocrx_word' id='word_1_141' title='bbox 2084 604 2119 632; x_wconf 88' lang='lat' dir='ltr'>et</span> <span class='ocrx_word' id='word_1_142' title='bbox 2140 604 2178 632; x_wconf 88' lang='lat' dir='ltr'>tu</span> 
     </span>
     <span class='ocr_line' id='line_1_22' title="bbox 1182 647 2179 703; baseline 0.007 -19"><span class='ocrx_word' id='word_1_143' title='bbox 1182 647 1353 697; x_wconf 87' lang='lat' dir='ltr'>judicare</span> <span class='ocrx_word' id='word_1_144' title='bbox 1370 662 1574 698; x_wconf 76' lang='lat' dir='ltr'>praesumas</span> <span class='ocrx_word' id='word_1_145' title='bbox 1592 665 1601 687; x_wconf 89' lang='lat'>:</span> <span class='ocrx_word' id='word_1_146' title='bbox 1620 664 1689 688; x_wconf 90' lang='lat' dir='ltr'>nec</span> <span class='ocrx_word' id='word_1_147' title='bbox 1708 661 1755 696; x_wconf 91' lang='lat' dir='ltr'>te,</span> <span class='ocrx_word' id='word_1_148' title='bbox 1779 653 1864 689; x_wconf 91' lang='lat' dir='ltr'>licet</span> <span class='ocrx_word' id='word_1_149' title='bbox 1884 655 2085 703; x_wconf 89' lang='lat' dir='ltr'>optimum,</span> <span class='ocrx_word' id='word_1_150' title='bbox 2105 656 2179 691; x_wconf 90' lang='lat' dir='ltr'>cui-</span> 
     </span>
     <span class='ocr_line' id='line_1_23' title="bbox 1185 709 2179 763; baseline 0.006 -19"><span class='ocrx_word' id='word_1_151' title='bbox 1185 721 1298 758; x_wconf 88' lang='lat' dir='ltr'>quam</span> <span class='ocrx_word' id='word_1_152' title='bbox 1319 709 1447 754; x_wconf 85' lang='lat' dir='ltr'>alteri,</span> <span class='ocrx_word' id='word_1_153' title='bbox 1470 711 1642 758; x_wconf 77' lang='lat' dir='ltr'>quamvis</span> <span class='ocrx_word' id='word_1_154' title='bbox 1662 712 1846 760; x_wconf 87' lang='lat' dir='ltr'>pessimo,</span> <span class='ocrx_word' id='word_1_155' title='bbox 1869 714 2065 762; x_wconf 68' lang='lat' dir='ltr'>przeferas3</span> <span class='ocrx_word' id='word_1_156' title='bbox 2092 715 2179 763; x_wconf 83' lang='lat' dir='ltr'>quia</span> 
     </span>
     <span class='ocr_line' id='line_1_24' title="bbox 1187 768 2178 823; baseline 0.007 -20"><span class='ocrx_word' id='word_1_157' title='bbox 1187 776 1273 804; x_wconf 87' lang='lat' dir='ltr'>tuus</span> <span class='ocrx_word' id='word_1_158' title='bbox 1293 776 1330 804; x_wconf 92' lang='lat' dir='ltr'>et</span> <span class='ocrx_word' id='word_1_159' title='bbox 1349 768 1448 805; x_wconf 90' lang='lat' dir='ltr'>illius</span> <span class='ocrx_word' id='word_1_160' title='bbox 1467 769 1587 818; x_wconf 87' lang='lat' dir='ltr'>qualis</span> <span class='ocrx_word' id='word_1_161' title='bbox 1618 770 1765 807; x_wconf 90' lang='lat' dir='ltr'>futurus</span> <span class='ocrx_word' id='word_1_162' title='bbox 1786 772 1831 807; x_wconf 92' lang='lat' dir='ltr'>sit</span> <span class='ocrx_word' id='word_1_163' title='bbox 1851 773 1972 809; x_wconf 80' lang='lat' dir='ltr'>exitus</span> <span class='ocrx_word' id='word_1_164' title='bbox 1986 801 1996 818; x_wconf 93' lang='lat'><strong><em>‚</em></strong></span> <span class='ocrx_word' id='word_1_165' title='bbox 2016 774 2178 823; x_wconf 86' lang='lat' dir='ltr'>ignoras.</span> 
     </span>
     <span class='ocr_line' id='line_1_25' title="bbox 1187 827 2180 878; baseline 0.006 -15"><span class='ocrx_word' id='word_1_166' title='bbox 1187 827 1245 864; x_wconf 88' lang='lat' dir='ltr'>Ad</span> <span class='ocrx_word' id='word_1_167' title='bbox 1263 835 1398 863; x_wconf 87' lang='lat' dir='ltr'>terram</span> <span class='ocrx_word' id='word_1_168' title='bbox 1416 828 1529 876; x_wconf 88' lang='lat' dir='ltr'>igitur</span> <span class='ocrx_word' id='word_1_169' title='bbox 1543 842 1628 865; x_wconf 92' lang='lat' dir='ltr'>cum</span> <span class='ocrx_word' id='word_1_170' title='bbox 1645 829 1711 865; x_wconf 89' lang='lat' dir='ltr'>lilii</span> <span class='ocrx_word' id='word_1_171' title='bbox 1726 830 1818 866; x_wconf 81' lang='lat' dir='ltr'>flore</span> <span class='ocrx_word' id='word_1_172' title='bbox 1836 831 2039 878; x_wconf 82' lang='lat' dir='ltr'>inclinare3</span> <span class='ocrx_word' id='word_1_173' title='bbox 2057 833 2093 868; x_wconf 89' lang='lat' dir='ltr'>id</span> <span class='ocrx_word' id='word_1_174' title='bbox 2112 842 2180 876; x_wconf 84' lang='lat' dir='ltr'>est,</span> 
     </span>
     <span class='ocr_line' id='line_1_26' title="bbox 1187 885 2180 938; baseline 0.005 -16"><span class='ocrx_word' id='word_1_175' title='bbox 1187 885 1386 923; x_wconf 89' lang='lat' dir='ltr'>considera</span> <span class='ocrx_word' id='word_1_176' title='bbox 1403 886 1638 936; x_wconf 85' lang='lat' dir='ltr'>fragilitatem</span> <span class='ocrx_word' id='word_1_177' title='bbox 1661 896 1776 933; x_wconf 90' lang='lat' dir='ltr'>tuam,</span> <span class='ocrx_word' id='word_1_178' title='bbox 1794 889 1830 924; x_wconf 90' lang='lat' dir='ltr'>in</span> <span class='ocrx_word' id='word_1_179' title='bbox 1853 897 1900 934; x_wconf 86' lang='lat' dir='ltr'>te,</span> <span class='ocrx_word' id='word_1_180' title='bbox 1920 890 2007 938; x_wconf 88' lang='lat' dir='ltr'>quia</span> <span class='ocrx_word' id='word_1_181' title='bbox 2028 899 2127 927; x_wconf 85' lang='lat' dir='ltr'>terra</span> <span class='ocrx_word' id='word_1_182' title='bbox 2144 900 2180 927; x_wconf 81' lang='lat' dir='ltr'>ct</span> 
     </span>
     <span class='ocr_line' id='line_1_27' title="bbox 1188 945 2182 996; baseline 0.005 -15"><span class='ocrx_word' id='word_1_183' title='bbox 1188 945 1283 982; x_wconf 89' lang='lat' dir='ltr'>cinis</span> <span class='ocrx_word' id='word_1_184' title='bbox 1302 958 1340 982; x_wconf 91' lang='lat' dir='ltr'>es</span> <span class='ocrx_word' id='word_1_185' title='bbox 1360 960 1367 981; x_wconf 93' lang='lat'>:</span> <span class='ocrx_word' id='word_1_186' title='bbox 1385 954 1421 982; x_wconf 90' lang='lat' dir='ltr'>et</span> <span class='ocrx_word' id='word_1_187' title='bbox 1436 954 1579 995; x_wconf 92' lang='lat' dir='ltr'>quanto</span> <span class='ocrx_word' id='word_1_188' title='bbox 1601 946 1722 996; x_wconf 87' lang='lat' dir='ltr'>major</span> <span class='ocrx_word' id='word_1_189' title='bbox 1741 961 1793 992; x_wconf 85' lang='lat' dir='ltr'>es,</span> <span class='ocrx_word' id='word_1_190' title='bbox 1813 948 1967 985; x_wconf 88' lang='lat' dir='ltr'>humilia</span> <span class='ocrx_word' id='word_1_191' title='bbox 1986 958 2019 985; x_wconf 89' lang='lat' dir='ltr'>te</span> <span class='ocrx_word' id='word_1_192' title='bbox 2040 950 2076 985; x_wconf 93' lang='lat' dir='ltr'>in</span> <span class='ocrx_word' id='word_1_193' title='bbox 2100 964 2182 986; x_wconf 94' lang='lat' dir='ltr'>om-</span> 
     </span>
     <span class='ocr_line' id='line_1_28' title="bbox 1188 1004 2184 1051; baseline 0.003 -11"><span class='ocrx_word' id='word_1_194' title='bbox 1188 1004 1301 1041; x_wconf 90' lang='lat' dir='ltr'>nibus</span> <span class='ocrx_word' id='word_1_195' title='bbox 1314 1033 1323 1051; x_wconf 92' lang='lat'>,</span> <span class='ocrx_word' id='word_1_196' title='bbox 1362 1005 1485 1042; x_wconf 87' lang='lat' dir='ltr'>carnis</span> <span class='ocrx_word' id='word_1_197' title='bbox 1520 1005 1742 1042; x_wconf 87' lang='lat' dir='ltr'>munditiam</span> <span class='ocrx_word' id='word_1_198' title='bbox 1782 1007 1920 1043; x_wconf 82' lang='lat' dir='ltr'>virtute</span> <span class='ocrx_word' id='word_1_199' title='bbox 1964 1008 2184 1045; x_wconf 70' lang='lat' dir='ltr'>humilitatis</span> 
     </span>
    </p>
   </div>
   <div class='ocr_carea' id='block_1_11' title="bbox 130 1064 1383 1115">
    <p class='ocr_par' dir='ltr' id='par_1_11' title="bbox 130 1064 1383 1115">
     <span class='ocr_line' id='line_1_29' title="bbox 130 1064 1383 1115; baseline 0.001 -15"><span class='ocrx_word' id='word_1_200' title='bbox 130 1076 250 1113; x_wconf 90' lang='lat' dir='ltr'>usque</span> <span class='ocrx_word' id='word_1_201' title='bbox 271 1064 317 1101; x_wconf 89' lang='lat' dir='ltr'>ad</span> <span class='ocrx_word' id='word_1_202' title='bbox 333 1073 492 1102; x_wconf 90' lang='lat' dir='ltr'>mortem</span> <span class='ocrx_word' id='word_1_203' title='bbox 519 1066 666 1102; x_wconf 89' lang='lat' dir='ltr'>fortiter</span> <span class='ocrx_word' id='word_1_204' title='bbox 681 1069 1017 1115; x_wconf 79' lang='lat' dir='ltr'>perseveraturos?</span> <span class='ocrx_word' id='word_1_205' title='bbox 1036 1071 1120 1105; x_wconf 91' lang='lat' dir='ltr'>Non</span> <span class='ocrx_word' id='word_1_206' title='bbox 1141 1067 1169 1100; x_wconf 94' lang='lat' dir='ltr'>B</span> <span class='ocrx_word' id='word_1_207' title='bbox 1186 1064 1383 1101; x_wconf 88' lang='lat' dir='ltr'>inclinans.</span> 
     </span>
    </p>
   </div>
   <div class='ocr_carea' id='block_1_12' title="bbox 129 1124 1127 1830">
    <p class='ocr_par' dir='ltr' id='par_1_12' title="bbox 129 1124 1127 1830">
     <span class='ocr_line' id='line_1_30' title="bbox 130 1124 1119 1176; baseline 0.003 -16"><span class='ocrx_word' id='word_1_208' title='bbox 130 1136 221 1174; x_wconf 85' lang='lat' dir='ltr'>ergo</span> <span class='ocrx_word' id='word_1_209' title='bbox 239 1132 275 1161; x_wconf 91' lang='lat' dir='ltr'>te</span> <span class='ocrx_word' id='word_1_210' title='bbox 291 1124 415 1174; x_wconf 89' lang='lat' dir='ltr'>ipsum</span> <span class='ocrx_word' id='word_1_211' title='bbox 431 1124 593 1174; x_wconf 90' lang='lat' dir='ltr'>judices,</span> <span class='ocrx_word' id='word_1_212' title='bbox 613 1126 678 1175; x_wconf 90' lang='lat' dir='ltr'>qui</span> <span class='ocrx_word' id='word_1_213' title='bbox 708 1135 742 1162; x_wconf 90' lang='lat' dir='ltr'>te</span> <span class='ocrx_word' id='word_1_214' title='bbox 768 1126 891 1176; x_wconf 88' lang='lat' dir='ltr'>ipsum</span> <span class='ocrx_word' id='word_1_215' title='bbox 909 1140 985 1163; x_wconf 91' lang='lat' dir='ltr'>non</span> <span class='ocrx_word' id='word_1_216' title='bbox 1006 1140 1119 1176; x_wconf 87' lang='lat' dir='ltr'>agno-</span> 
     </span>
     <span class='ocr_line' id='line_1_31' title="bbox 131 1184 1118 1234; baseline 0.003 -14"><span class='ocrx_word' id='word_1_217' title='bbox 131 1184 202 1220; x_wconf 88' lang='lat' dir='ltr'>scis</span> <span class='ocrx_word' id='word_1_218' title='bbox 223 1196 230 1218; x_wconf 94' lang='lat'><strong>:</strong></span> <span class='ocrx_word' id='word_1_219' title='bbox 253 1197 338 1220; x_wconf 92' lang='lat' dir='ltr'>cum</span> <span class='ocrx_word' id='word_1_220' title='bbox 354 1185 646 1234; x_wconf 90' lang='lat' dir='ltr'>perfectissimus</span> <span class='ocrx_word' id='word_1_221' title='bbox 660 1187 832 1223; x_wconf 88' lang='lat' dir='ltr'>omnium</span> <span class='ocrx_word' id='word_1_222' title='bbox 846 1186 984 1223; x_wconf 87' lang='lat' dir='ltr'>Paulus</span> <span class='ocrx_word' id='word_1_223' title='bbox 1001 1186 1118 1233; x_wconf 89' lang='lat' dir='ltr'>dicat,</span> 
     </span>
     <span class='ocr_line' id='line_1_32' title="bbox 132 1244 1120 1294; baseline 0.004 -16"><span class='ocrx_word' id='word_1_224' title='bbox 132 1244 205 1279; x_wconf 85' lang='lat' dir='ltr'>Sed</span> <span class='ocrx_word' id='word_1_225' title='bbox 218 1257 336 1292; x_wconf 80' lang='lat' dir='ltr'>neque</span> <span class='ocrx_word' id='word_1_226' title='bbox 347 1258 406 1279; x_wconf 86' lang='lat' dir='ltr'>me</span> <span class='ocrx_word' id='word_1_227' title='bbox 422 1249 541 1293; x_wconf 82' lang='lat' dir='ltr'>ipsum</span> <span class='ocrx_word' id='word_1_228' title='bbox 552 1247 686 1292; x_wconf 80' lang='lat' dir='ltr'>sudico</span> <span class='ocrx_word' id='word_1_229' title='bbox 696 1260 709 1290; x_wconf 89' lang='lat'><em>;</em></span> <span class='ocrx_word' id='word_1_230' title='bbox 725 1251 790 1294; x_wconf 83' lang='lat' dir='ltr'>qui</span> <span class='ocrx_word' id='word_1_231' title='bbox 805 1255 929 1282; x_wconf 76' lang='lat' dir='ltr'>(actem</span> <span class='ocrx_word' id='word_1_232' title='bbox 946 1259 1003 1281; x_wconf 85' lang='lat' dir='ltr'>me</span> <span class='ocrx_word' id='word_1_233' title='bbox 1013 1248 1120 1292; x_wconf 79' lang='lat' dir='ltr'>jucli-</span> 
     </span>
     <span class='ocr_line' id='line_1_33' title="bbox 130 1305 1122 1355; baseline 0.006 -18"><span class='ocrx_word' id='word_1_234' title='bbox 130 1311 210 1347; x_wconf 83' lang='lat' dir='ltr'>cat,</span> <span class='ocrx_word' id='word_1_235' title='bbox 240 1305 421 1339; x_wconf 82' lang='lat' dir='ltr'>Dominus</span> <span class='ocrx_word' id='word_1_236' title='bbox 446 1313 511 1340; x_wconf 86' lang='lat' dir='ltr'>est.</span> <span class='ocrx_word' id='word_1_237' title='bbox 542 1305 643 1341; x_wconf 91' lang='lat' dir='ltr'>Alios</span> <span class='ocrx_word' id='word_1_238' title='bbox 672 1305 822 1355; x_wconf 88' lang='lat' dir='ltr'>quidem</span> <span class='ocrx_word' id='word_1_239' title='bbox 848 1306 968 1342; x_wconf 90' lang='lat' dir='ltr'>multo</span> <span class='ocrx_word' id='word_1_240' title='bbox 997 1306 1122 1342; x_wconf 90' lang='lat' dir='ltr'>minus</span> 
     </span>
     <span class='ocr_line' id='line_1_34' title="bbox 130 1360 1122 1415; baseline 0.005 -17"><span class='ocrx_word' id='word_1_241' title='bbox 130 1360 245 1398; x_wconf 84' lang='lat' dir='ltr'>debes</span> <span class='ocrx_word' id='word_1_242' title='bbox 258 1361 450 1412; x_wconf 86' lang='lat' dir='ltr'>judicare,</span> <span class='ocrx_word' id='word_1_243' title='bbox 472 1373 631 1414; x_wconf 90' lang='lat' dir='ltr'>propter</span> <span class='ocrx_word' id='word_1_244' title='bbox 650 1365 723 1402; x_wconf 87' lang='lat' dir='ltr'>hoc</span> <span class='ocrx_word' id='word_1_245' title='bbox 743 1365 847 1415; x_wconf 90' lang='lat' dir='ltr'>quod</span> <span class='ocrx_word' id='word_1_246' title='bbox 867 1365 1005 1402; x_wconf 84' lang='lat' dir='ltr'>ibidem</span> <span class='ocrx_word' id='word_1_247' title='bbox 1028 1366 1122 1403; x_wconf 88' lang='lat' dir='ltr'>sub-</span> 
     </span>
     <span class='ocr_line' id='line_1_35' title="bbox 131 1421 1123 1474; baseline 0.004 -17"><span class='ocrx_word' id='word_1_248' title='bbox 131 1421 232 1458; x_wconf 89' lang='lat' dir='ltr'>ditur</span> <span class='ocrx_word' id='word_1_249' title='bbox 251 1436 258 1458; x_wconf 74' lang='grc' dir='ltr'>ε</span> <span class='ocrx_word' id='word_1_250' title='bbox 280 1424 403 1459; x_wconf 81' lang='lat' dir='ltr'>Nolite</span> <span class='ocrx_word' id='word_1_251' title='bbox 421 1428 548 1472; x_wconf 77' lang='lat' dir='ltr'>itaque</span> <span class='ocrx_word' id='word_1_252' title='bbox 565 1434 652 1460; x_wconf 80' lang='lat' dir='ltr'>ante</span> <span class='ocrx_word' id='word_1_253' title='bbox 669 1435 814 1474; x_wconf 79' lang='lat' dir='ltr'>tempus</span> <span class='ocrx_word' id='word_1_254' title='bbox 825 1428 1013 1472; x_wconf 78' lang='lat' dir='ltr'>J&#39;udicare,</span> <span class='ocrx_word' id='word_1_255' title='bbox 1031 1441 1123 1474; x_wconf 81' lang='lat' dir='ltr'>quo-</span> 
     </span>
     <span class='ocr_line' id='line_1_36' title="bbox 131 1483 1127 1532; baseline 0.005 -17"><span class='ocrx_word' id='word_1_256' title='bbox 131 1483 297 1529; x_wconf 78' lang='lat' dir='ltr'>adusque</span> <span class='ocrx_word' id='word_1_257' title='bbox 330 1487 460 1518; x_wconf 79' lang='lat' dir='ltr'>veniat</span> <span class='ocrx_word' id='word_1_258' title='bbox 494 1486 671 1519; x_wconf 72' lang='lat' dir='ltr'>Dominus</span> <span class='ocrx_word' id='word_1_259' title='bbox 684 1512 694 1527; x_wconf 93' lang='lat'>,</span> <span class='ocrx_word' id='word_1_260' title='bbox 732 1489 798 1532; x_wconf 83' lang='lat' dir='ltr'>qui</span> <span class='ocrx_word' id='word_1_261' title='bbox 833 1493 869 1519; x_wconf 78' lang='lat' dir='ltr'>ec</span> <span class='ocrx_word' id='word_1_262' title='bbox 901 1485 1127 1521; x_wconf 78' lang='lat' dir='ltr'>illuminabit</span> 
     </span>
     <span class='ocr_line' id='line_1_37' title="bbox 132 1539 1124 1590; baseline 0.004 -15"><span class='ocrx_word' id='word_1_263' title='bbox 132 1539 348 1577; x_wconf 66' lang='lat' dir='ltr'>abscondita</span> <span class='ocrx_word' id='word_1_264' title='bbox 377 1543 628 1589; x_wconf 82' lang='lat' dir='ltr'>tenebrarum,</span> <span class='ocrx_word' id='word_1_265' title='bbox 649 1553 687 1579; x_wconf 77' lang='lat' dir='ltr'>et</span> <span class='ocrx_word' id='word_1_266' title='bbox 718 1542 975 1590; x_wconf 57' lang='lat' dir='ltr'>&#39;manifestabit</span> <span class='ocrx_word' id='word_1_267' title='bbox 1004 1549 1124 1579; x_wconf 78' lang='lat' dir='ltr'>cousi-</span> 
     </span>
     <span class='ocr_line' id='line_1_38' title="bbox 134 1601 1125 1640; baseline 0.005 -5"><span class='ocrx_word' id='word_1_268' title='bbox 134 1602 187 1635; x_wconf 84' lang='lat' dir='ltr'>Iia</span> <span class='ocrx_word' id='word_1_269' title='bbox 206 1603 370 1638; x_wconf 83' lang='lat' dir='ltr'>cordium</span> <span class='ocrx_word' id='word_1_270' title='bbox 388 1609 410 1639; x_wconf 93' lang='lat'>¹.</span> <span class='ocrx_word' id='word_1_271' title='bbox 432 1601 506 1640; x_wconf 70' lang='lat' dir='ltr'>Ijbi</span> <span class='ocrx_word' id='word_1_272' title='bbox 527 1603 606 1639; x_wconf 92' lang='lat' dir='ltr'>sine</span> <span class='ocrx_word' id='word_1_273' title='bbox 633 1602 750 1639; x_wconf 90' lang='lat' dir='ltr'>dubio</span> <span class='ocrx_word' id='word_1_274' title='bbox 778 1604 885 1640; x_wconf 91' lang='lat' dir='ltr'>multi</span> <span class='ocrx_word' id='word_1_275' title='bbox 903 1604 965 1639; x_wconf 92' lang='lat' dir='ltr'>alii</span> <span class='ocrx_word' id='word_1_276' title='bbox 994 1612 1125 1640; x_wconf 86' lang='lat' dir='ltr'>contra</span> 
     </span>
     <span class='ocr_line' id='line_1_39' title="bbox 132 1660 1124 1712; baseline 0.004 -16"><span class='ocrx_word' id='word_1_277' title='bbox 132 1660 351 1708; x_wconf 87' lang='lat' dir='ltr'>opinionem</span> <span class='ocrx_word' id='word_1_278' title='bbox 387 1662 582 1699; x_wconf 89' lang='lat' dir='ltr'>hominum</span> <span class='ocrx_word' id='word_1_279' title='bbox 597 1692 606 1708; x_wconf 93' lang='lat'>,</span> <span class='ocrx_word' id='word_1_280' title='bbox 635 1663 779 1712; x_wconf 86' lang='lat' dir='ltr'>judicio</span> <span class='ocrx_word' id='word_1_281' title='bbox 805 1663 959 1700; x_wconf 89' lang='lat' dir='ltr'>Domini</span> <span class='ocrx_word' id='word_1_282' title='bbox 991 1672 1124 1700; x_wconf 89' lang='lat' dir='ltr'>cuncta</span> 
     </span>
     <span class='ocr_line' id='line_1_40' title="bbox 134 1718 1125 1772; baseline 0.005 -18"><span class='ocrx_word' id='word_1_283' title='bbox 134 1718 295 1757; x_wconf 90' lang='lat' dir='ltr'>videntis</span> <span class='ocrx_word' id='word_1_284' title='bbox 334 1730 629 1771; x_wconf 68' lang='lat' dir='ltr'>praeponentur,</span> <span class='ocrx_word' id='word_1_285' title='bbox 667 1731 704 1758; x_wconf 89' lang='lat' dir='ltr'>et</span> <span class='ocrx_word' id='word_1_286' title='bbox 735 1730 1017 1772; x_wconf 88' lang='lat' dir='ltr'>postponentur</span> <span class='ocrx_word' id='word_1_287' title='bbox 1046 1723 1125 1772; x_wconf 54' lang='lat' dir='ltr'>‘qui</span> 
     </span>
     <span class='ocr_line' id='line_1_41' title="bbox 129 1780 1124 1830; baseline 0.003 -15"><span class='ocrx_word' id='word_1_288' title='bbox 129 1780 379 1828; x_wconf 73' lang='lat' dir='ltr'>praeponendi</span> <span class='ocrx_word' id='word_1_289' title='bbox 399 1780 490 1817; x_wconf 90' lang='lat' dir='ltr'>salso</span> <span class='ocrx_word' id='word_1_290' title='bbox 511 1780 755 1830; x_wconf 87' lang='lat' dir='ltr'>putabantur.</span> <span class='ocrx_word' id='word_1_291' title='bbox 775 1784 839 1818; x_wconf 91' lang='lat' dir='ltr'>Est</span> <span class='ocrx_word' id='word_1_292' title='bbox 859 1789 983 1817; x_wconf 88' lang='lat' dir='ltr'>autem</span> <span class='ocrx_word' id='word_1_293' title='bbox 1002 1781 1124 1818; x_wconf 84' lang='lat' dir='ltr'>adhuc</span> 
     </span>
    </p>
   </div>
   <div class='ocr_carea' id='block_1_13' title="bbox 1187 1124 2187 1830">
    <p class='ocr_par' dir='ltr' id='par_1_13' title="bbox 1187 1124 2187 1830">
     <span class='ocr_line' id='line_1_42' title="bbox 1242 1124 2181 1176; baseline 0.003 -16"><span class='ocrx_word' id='word_1_294' title='bbox 1242 1125 1324 1161; x_wconf 89' lang='lat'>103.</span> <span class='ocrx_word' id='word_1_295' title='bbox 1346 1124 1443 1172; x_wconf 89' lang='lat' dir='ltr'>Quid</span> <span class='ocrx_word' id='word_1_296' title='bbox 1460 1133 1583 1161; x_wconf 88' lang='lat' dir='ltr'>autem</span> <span class='ocrx_word' id='word_1_297' title='bbox 1603 1125 1734 1161; x_wconf 80' lang='lat' dir='ltr'>vanius</span> <span class='ocrx_word' id='word_1_298' title='bbox 1754 1127 1838 1171; x_wconf 88' lang='lat' dir='ltr'>illis,</span> <span class='ocrx_word' id='word_1_299' title='bbox 1859 1127 1923 1175; x_wconf 92' lang='lat' dir='ltr'>qui</span> <span class='ocrx_word' id='word_1_300' title='bbox 1940 1140 1978 1163; x_wconf 87' lang='lat' dir='ltr'>se</span> <span class='ocrx_word' id='word_1_301' title='bbox 2000 1127 2181 1176; x_wconf 84' lang='lat' dir='ltr'>putabant</span> 
     </span>
     <span class='ocr_line' id='line_1_43' title="bbox 1187 1183 2182 1236; baseline 0.003 -16"><span class='ocrx_word' id='word_1_302' title='bbox 1187 1183 1326 1220; x_wconf 87' lang='lat' dir='ltr'>habere</span> <span class='ocrx_word' id='word_1_303' title='bbox 1352 1183 1456 1232; x_wconf 89' lang='lat' dir='ltr'>quod</span> <span class='ocrx_word' id='word_1_304' title='bbox 1482 1197 1558 1220; x_wconf 87' lang='lat' dir='ltr'>non</span> <span class='ocrx_word' id='word_1_305' title='bbox 1579 1183 1746 1222; x_wconf 83' lang='lat' dir='ltr'>habent?</span> <span class='ocrx_word' id='word_1_306' title='bbox 1765 1185 1837 1223; x_wconf 88' lang='lat' dir='ltr'>Sed</span> <span class='ocrx_word' id='word_1_307' title='bbox 1864 1193 1965 1222; x_wconf 85' lang='lat' dir='ltr'>certe</span> <span class='ocrx_word' id='word_1_308' title='bbox 1986 1186 2054 1223; x_wconf 85' lang='lat' dir='ltr'>liac</span> <span class='ocrx_word' id='word_1_309' title='bbox 2079 1196 2182 1236; x_wconf 84' lang='lat' dir='ltr'>peste</span> 
     </span>
     <span class='ocr_line' id='line_1_44' title="bbox 1189 1242 2185 1293; baseline 0.004 -15"><span class='ocrx_word' id='word_1_310' title='bbox 1189 1243 1359 1279; x_wconf 91' lang='lat' dir='ltr'>omnium</span> <span class='ocrx_word' id='word_1_311' title='bbox 1380 1242 1576 1279; x_wconf 89' lang='lat' dir='ltr'>hominum</span> <span class='ocrx_word' id='word_1_312' title='bbox 1594 1255 1713 1292; x_wconf 85' lang='lat' dir='ltr'>genus</span> <span class='ocrx_word' id='word_1_313' title='bbox 1736 1244 1813 1280; x_wconf 88' lang='lat' dir='ltr'>fere</span> <span class='ocrx_word' id='word_1_314' title='bbox 1837 1243 1997 1281; x_wconf 83' lang='lat' dir='ltr'>laborat.</span> <span class='ocrx_word' id='word_1_315' title='bbox 2018 1246 2110 1293; x_wconf 88' lang='lat' dir='ltr'>Quis</span> <span class='ocrx_word' id='word_1_316' title='bbox 2131 1255 2185 1282; x_wconf 83' lang='lat' dir='ltr'>est</span> 
     </span>
     <span class='ocr_line' id='line_1_45' title="bbox 1188 1301 2186 1352; baseline 0.004 -15"><span class='ocrx_word' id='word_1_317' title='bbox 1188 1302 1288 1338; x_wconf 89' lang='lat' dir='ltr'>enim</span> <span class='ocrx_word' id='word_1_318' title='bbox 1309 1302 1373 1351; x_wconf 91' lang='lat' dir='ltr'>qui</span> <span class='ocrx_word' id='word_1_319' title='bbox 1391 1314 1430 1338; x_wconf 87' lang='lat' dir='ltr'>se</span> <span class='ocrx_word' id='word_1_320' title='bbox 1453 1301 1576 1351; x_wconf 91' lang='lat' dir='ltr'>ipsum</span> <span class='ocrx_word' id='word_1_321' title='bbox 1603 1303 1768 1351; x_wconf 83' lang='lat' dir='ltr'>perfecte</span> <span class='ocrx_word' id='word_1_322' title='bbox 1797 1313 2016 1352; x_wconf 73' lang='lat' dir='ltr'>eognoscat,</span> <span class='ocrx_word' id='word_1_323' title='bbox 2036 1305 2106 1340; x_wconf 90' lang='lat' dir='ltr'>nisi</span> <span class='ocrx_word' id='word_1_324' title='bbox 2127 1306 2186 1341; x_wconf 85' lang='lat' dir='ltr'>cui</span> 
     </span>
     <span class='ocr_line' id='line_1_46' title="bbox 1190 1360 2186 1413; baseline 0.003 -16"><span class='ocrx_word' id='word_1_325' title='bbox 1190 1360 1317 1397; x_wconf 87' lang='lat' dir='ltr'>datum</span> <span class='ocrx_word' id='word_1_326' title='bbox 1344 1369 1399 1397; x_wconf 89' lang='lat' dir='ltr'>est</span> <span class='ocrx_word' id='word_1_327' title='bbox 1424 1374 1445 1397; x_wconf 85' lang='lat' dir='ltr'>a</span> <span class='ocrx_word' id='word_1_328' title='bbox 1472 1364 1580 1397; x_wconf 85' lang='lat' dir='ltr'>Patre</span> <span class='ocrx_word' id='word_1_329' title='bbox 1607 1362 1808 1408; x_wconf 89' lang='lat' dir='ltr'>luminum,</span> <span class='ocrx_word' id='word_1_330' title='bbox 1836 1376 1857 1398; x_wconf 85' lang='lat' dir='ltr'>a</span> <span class='ocrx_word' id='word_1_331' title='bbox 1884 1361 1969 1399; x_wconf 86' lang='lat' dir='ltr'>luce</span> <span class='ocrx_word' id='word_1_332' title='bbox 1993 1377 2081 1400; x_wconf 85' lang='lat' dir='ltr'>vera</span> <span class='ocrx_word' id='word_1_333' title='bbox 2103 1377 2186 1413; x_wconf 72' lang='lat' dir='ltr'>qua¹</span> 
     </span>
     <span class='ocr_line' id='line_1_47' title="bbox 1189 1421 2186 1468; baseline 0.005 -12"><span class='ocrx_word' id='word_1_334' title='bbox 1189 1421 1377 1457; x_wconf 87' lang='lat' dir='ltr'>illuminat</span> <span class='ocrx_word' id='word_1_335' title='bbox 1393 1434 1544 1457; x_wconf 91' lang='lat' dir='ltr'>omnem</span> <span class='ocrx_word' id='word_1_336' title='bbox 1566 1421 1785 1458; x_wconf 84' lang='lat' dir='ltr'>hominem?</span> <span class='ocrx_word' id='word_1_337' title='bbox 1801 1425 1830 1458; x_wconf 90' lang='grc' dir='ltr'><strong>Ε</strong></span> <span class='ocrx_word' id='word_1_338' title='bbox 1850 1423 1945 1459; x_wconf 78' lang='lat' dir='ltr'>coelo</span> <span class='ocrx_word' id='word_1_339' title='bbox 1960 1424 2075 1468; x_wconf 74' lang='lat' dir='ltr'>venit,</span> <span class='ocrx_word' id='word_1_340' title='bbox 2091 1432 2186 1461; x_wconf 63' lang='grc' dir='ltr'><strong>Γ-ιὼῦι.</strong></span> 
     </span>
     <span class='ocr_line' id='line_1_48' title="bbox 1191 1480 2186 1531; baseline -0.001 -13"><span class='ocrx_word' id='word_1_341' title='bbox 1191 1487 1328 1523; x_wconf 63' lang='grc' dir='ltr'>σεαυτὸν,</span> <span class='ocrx_word' id='word_1_342' title='bbox 1348 1480 1387 1516; x_wconf 91' lang='lat' dir='ltr'>id</span> <span class='ocrx_word' id='word_1_343' title='bbox 1408 1489 1483 1526; x_wconf 92' lang='lat' dir='ltr'>est,</span> <span class='ocrx_word' id='word_1_344' title='bbox 1501 1483 1622 1517; x_wconf 88' lang='lat' dir='ltr'>Nosce</span> <span class='ocrx_word' id='word_1_345' title='bbox 1644 1490 1679 1518; x_wconf 92' lang='lat' dir='ltr'>te</span> <span class='ocrx_word' id='word_1_346' title='bbox 1696 1482 1831 1531; x_wconf 87' lang='lat' dir='ltr'>ipsum.</span> <span class='ocrx_word' id='word_1_347' title='bbox 1858 1486 1950 1519; x_wconf 79' lang='lat' dir='ltr'>Nam</span> <span class='ocrx_word' id='word_1_348' title='bbox 1970 1484 2007 1519; x_wconf 89' lang='lat' dir='ltr'>in</span> <span class='ocrx_word' id='word_1_349' title='bbox 2030 1485 2186 1520; x_wconf 58' lang='lat' dir='ltr'>Cantica</span> 
     </span>
     <span class='ocr_line' id='line_1_49' title="bbox 1191 1541 2185 1594; baseline 0.003 -17"><span class='ocrx_word' id='word_1_350' title='bbox 1191 1541 1424 1577; x_wconf 88' lang='lat' dir='ltr'>canticorum</span> <span class='ocrx_word' id='word_1_351' title='bbox 1440 1541 1520 1591; x_wconf 89' lang='lat' dir='ltr'>ipsa</span> <span class='ocrx_word' id='word_1_352' title='bbox 1535 1554 1673 1591; x_wconf 84' lang='lat' dir='ltr'>sponsa</span> <span class='ocrx_word' id='word_1_353' title='bbox 1691 1555 1773 1591; x_wconf 87' lang='lat' dir='ltr'>quae</span> <span class='ocrx_word' id='word_1_354' title='bbox 1789 1542 1835 1579; x_wconf 88' lang='lat' dir='ltr'>ad</span> <span class='ocrx_word' id='word_1_355' title='bbox 1851 1544 2046 1592; x_wconf 78' lang='lat' dir='ltr'>amplexus</span> <span class='ocrx_word' id='word_1_356' title='bbox 2058 1545 2185 1594; x_wconf 78' lang='lat' dir='ltr'>sponsi</span> 
     </span>
     <span class='ocr_line' id='line_1_50' title="bbox 1191 1599 2187 1652; baseline 0.002 -16"><span class='ocrx_word' id='word_1_357' title='bbox 1191 1599 1409 1644; x_wconf 83' lang='lat' dir='ltr'>anhelabat,</span> <span class='ocrx_word' id='word_1_358' title='bbox 1450 1614 1534 1649; x_wconf 80' lang='lat' dir='ltr'>quae</span> <span class='ocrx_word' id='word_1_359' title='bbox 1572 1610 1737 1638; x_wconf 87' lang='lat' dir='ltr'>senserat</span> <span class='ocrx_word' id='word_1_360' title='bbox 1770 1611 2050 1652; x_wconf 84' lang='lat' dir='ltr'>unguentorum</span> <span class='ocrx_word' id='word_1_361' title='bbox 2088 1604 2187 1640; x_wconf 73' lang='lat' dir='ltr'>illius</span> 
     </span>
     <span class='ocr_line' id='line_1_51' title="bbox 1193 1659 2187 1712; baseline 0.002 -17"><span class='ocrx_word' id='word_1_362' title='bbox 1193 1660 1454 1708; x_wconf 82' lang='lat' dir='ltr'>fragrantiam,</span> <span class='ocrx_word' id='word_1_363' title='bbox 1489 1659 1535 1695; x_wconf 91' lang='lat' dir='ltr'>de</span> <span class='ocrx_word' id='word_1_364' title='bbox 1565 1660 1778 1709; x_wconf 79' lang='lat' dir='ltr'>ignorantia</span> <span class='ocrx_word' id='word_1_365' title='bbox 1810 1663 1867 1698; x_wconf 92' lang='lat' dir='ltr'>sui</span> <span class='ocrx_word' id='word_1_366' title='bbox 1903 1663 2187 1712; x_wconf 74' lang='lat' dir='ltr'>quodammodo</span> 
     </span>
     <span class='ocr_line' id='line_1_52' title="bbox 1192 1719 2185 1771; baseline 0.002 -15"><span class='ocrx_word' id='word_1_367' title='bbox 1192 1720 1419 1769; x_wconf 89' lang='lat' dir='ltr'>reprehensa</span> <span class='ocrx_word' id='word_1_368' title='bbox 1441 1728 1514 1764; x_wconf 86' lang='lat' dir='ltr'>est,</span> <span class='ocrx_word' id='word_1_369' title='bbox 1538 1719 1685 1756; x_wconf 89' lang='lat' dir='ltr'>dicente</span> <span class='ocrx_word' id='word_1_370' title='bbox 1711 1733 1852 1770; x_wconf 87' lang='lat' dir='ltr'>sponso</span> <span class='ocrx_word' id='word_1_371' title='bbox 1873 1735 1879 1756; x_wconf 94' lang='lat'><strong>:</strong></span> <span class='ocrx_word' id='word_1_372' title='bbox 1900 1724 1939 1756; x_wconf 82' lang='lat' dir='ltr'>Si</span> <span class='ocrx_word' id='word_1_373' title='bbox 1968 1727 2117 1771; x_wconf 64' lang='lat' dir='ltr'>ignoras</span> <span class='ocrx_word' id='word_1_374' title='bbox 2138 1733 2185 1763; x_wconf 71' lang='lat' dir='ltr'>tv,</span> 
     </span>
     <span class='ocr_line' id='line_1_53' title="bbox 1191 1780 2182 1830; baseline 0.004 -16"><span class='ocrx_word' id='word_1_375' title='bbox 1191 1794 1212 1813; x_wconf 89' lang='lat'><em>0</em></span> <span class='ocrx_word' id='word_1_376' title='bbox 1224 1780 1476 1828; x_wconf 76' lang='lat' dir='ltr'>pulclzerrinm</span> <span class='ocrx_word' id='word_1_377' title='bbox 1503 1784 1600 1814; x_wconf 80' lang='lat' dir='ltr'>inter</span> <span class='ocrx_word' id='word_1_378' title='bbox 1625 1783 1815 1825; x_wconf 68' lang='lat' dir='ltr'>nudiores,</span> <span class='ocrx_word' id='word_1_379' title='bbox 1840 1784 2013 1830; x_wconf 73' lang='lat' dir='ltr'>egredere</span> <span class='ocrx_word' id='word_1_380' title='bbox 2034 1797 2056 1818; x_wconf 79' lang='lat' dir='ltr'><em>a</em></span> <span class='ocrx_word' id='word_1_381' title='bbox 2086 1783 2182 1819; x_wconf 67' lang='lat' dir='ltr'>me3.</span> 
     </span>
    </p>
   </div>
   <div class='ocr_carea' id='block_1_14' title="bbox 130 1838 2187 1892">
    <p class='ocr_par' dir='ltr' id='par_1_14' title="bbox 130 1838 2187 1892">
     <span class='ocr_line' id='line_1_54' title="bbox 130 1838 2187 1892; baseline -0.001 -19"><span class='ocrx_word' id='word_1_382' title='bbox 130 1838 225 1874; x_wconf 86' lang='lat' dir='ltr'>ratio</span> <span class='ocrx_word' id='word_1_383' title='bbox 255 1839 396 1885; x_wconf 85' lang='lat' dir='ltr'>valida,</span> <span class='ocrx_word' id='word_1_384' title='bbox 425 1853 510 1890; x_wconf 86' lang='lat' dir='ltr'>quae</span> <span class='ocrx_word' id='word_1_385' title='bbox 541 1839 588 1876; x_wconf 91' lang='lat' dir='ltr'>ab</span> <span class='ocrx_word' id='word_1_386' title='bbox 619 1841 687 1877; x_wconf 88' lang='lat' dir='ltr'>hac</span> <span class='ocrx_word' id='word_1_387' title='bbox 717 1841 841 1890; x_wconf 90' lang='lat' dir='ltr'>specie</span> <span class='ocrx_word' id='word_1_388' title='bbox 868 1839 1059 1888; x_wconf 89' lang='lat' dir='ltr'>jactantiae</span> <span class='ocrx_word' id='word_1_389' title='bbox 1089 1850 1123 1877; x_wconf 90' lang='lat' dir='ltr'>te</span> <span class='ocrx_word' id='word_1_390' title='bbox 1141 1847 1167 1882; x_wconf 88' lang='lat' dir='ltr'>C</span> <span class='ocrx_word' id='word_1_391' title='bbox 1191 1839 1284 1876; x_wconf 82' lang='lat' dir='ltr'>Vide</span> <span class='ocrx_word' id='word_1_392' title='bbox 1304 1852 1393 1889; x_wconf 87' lang='lat' dir='ltr'>ergo</span> <span class='ocrx_word' id='word_1_393' title='bbox 1414 1847 1596 1887; x_wconf 86' lang='lat' dir='ltr'>quantum</span> <span class='ocrx_word' id='word_1_394' title='bbox 1620 1841 1758 1876; x_wconf 89' lang='lat' dir='ltr'>malum</span> <span class='ocrx_word' id='word_1_395' title='bbox 1782 1841 1829 1877; x_wconf 91' lang='lat' dir='ltr'>sit</span> <span class='ocrx_word' id='word_1_396' title='bbox 1848 1842 1991 1890; x_wconf 73' lang='lat' dir='ltr'>quaevis</span> <span class='ocrx_word' id='word_1_397' title='bbox 2011 1843 2187 1892; x_wconf 81' lang='lat' dir='ltr'>ignoran.</span> 
     </span>
    </p>
   </div>
   <div class='ocr_carea' id='block_1_15' title="bbox 127 1899 1123 3260">
    <p class='ocr_par' dir='ltr' id='par_1_15' title="bbox 130 1899 1122 2068">
     <span class='ocr_line' id='line_1_55' title="bbox 130 1899 1120 1948; baseline 0.005 -15"><span class='ocrx_word' id='word_1_398' title='bbox 130 1906 273 1934; x_wconf 86' lang='lat' dir='ltr'>avocet.</span> <span class='ocrx_word' id='word_1_399' title='bbox 295 1902 351 1936; x_wconf 87' lang='lat' dir='ltr'>Ita</span> <span class='ocrx_word' id='word_1_400' title='bbox 371 1900 470 1936; x_wconf 87' lang='lat' dir='ltr'>enim</span> <span class='ocrx_word' id='word_1_401' title='bbox 492 1899 642 1936; x_wconf 86' lang='lat' dir='ltr'>habeto.</span> <span class='ocrx_word' id='word_1_402' title='bbox 665 1903 754 1937; x_wconf 90' lang='lat' dir='ltr'>Esto</span> <span class='ocrx_word' id='word_1_403' title='bbox 771 1900 866 1937; x_wconf 88' lang='lat' dir='ltr'>alius</span> <span class='ocrx_word' id='word_1_404' title='bbox 883 1900 956 1936; x_wconf 90' lang='lat' dir='ltr'>alio</span> <span class='ocrx_word' id='word_1_405' title='bbox 969 1899 1120 1948; x_wconf 84' lang='lat' dir='ltr'>justior,</span> 
     </span>
     <span class='ocr_line' id='line_1_56' title="bbox 130 1957 1122 2006; baseline 0.003 -13"><span class='ocrx_word' id='word_1_406' title='bbox 130 1957 225 1994; x_wconf 87' lang='lat' dir='ltr'>alius</span> <span class='ocrx_word' id='word_1_407' title='bbox 244 1959 318 1996; x_wconf 88' lang='lat' dir='ltr'>alio</span> <span class='ocrx_word' id='word_1_408' title='bbox 335 1960 500 1996; x_wconf 89' lang='lat' dir='ltr'>sanctior</span> <span class='ocrx_word' id='word_1_409' title='bbox 518 1961 582 2006; x_wconf 79' lang='lat' dir='ltr'>sit3</span> <span class='ocrx_word' id='word_1_410' title='bbox 600 1960 698 1997; x_wconf 86' lang='lat' dir='ltr'>idem</span> <span class='ocrx_word' id='word_1_411' title='bbox 718 1968 840 1997; x_wconf 89' lang='lat' dir='ltr'>tamen</span> <span class='ocrx_word' id='word_1_412' title='bbox 862 1960 979 1996; x_wconf 87' lang='lat' dir='ltr'>nescit</span> <span class='ocrx_word' id='word_1_413' title='bbox 997 1969 1122 1997; x_wconf 89' lang='lat' dir='ltr'>utrum</span> 
     </span>
     <span class='ocr_line' id='line_1_57' title="bbox 131 2016 669 2068; baseline 0.007 -16"><span class='ocrx_word' id='word_1_414' title='bbox 131 2016 220 2054; x_wconf 92' lang='lat' dir='ltr'>odio</span> <span class='ocrx_word' id='word_1_415' title='bbox 240 2031 287 2054; x_wconf 88' lang='lat' dir='ltr'>an</span> <span class='ocrx_word' id='word_1_416' title='bbox 307 2032 436 2056; x_wconf 86' lang='lat' dir='ltr'>amore</span> <span class='ocrx_word' id='word_1_417' title='bbox 456 2019 591 2068; x_wconf 86' lang='lat' dir='ltr'>dignus</span> <span class='ocrx_word' id='word_1_418' title='bbox 612 2020 669 2056; x_wconf 91' lang='lat' dir='ltr'>sit.</span> 
     </span>
    </p>

    <p class='ocr_par' dir='ltr' id='par_1_16' title="bbox 127 2077 1123 3260">
     <span class='ocr_line' id='line_1_58' title="bbox 187 2077 1122 2130; baseline 0.002 -16"><span class='ocrx_word' id='word_1_419' title='bbox 187 2077 272 2114; x_wconf 80' lang='lat'>102.</span> <span class='ocrx_word' id='word_1_420' title='bbox 305 2079 401 2116; x_wconf 90' lang='lat' dir='ltr'>Hinc</span> <span class='ocrx_word' id='word_1_421' title='bbox 432 2092 536 2116; x_wconf 86' lang='lat' dir='ltr'>suam</span> <span class='ocrx_word' id='word_1_422' title='bbox 566 2088 729 2116; x_wconf 87' lang='lat' dir='ltr'>mentem</span> <span class='ocrx_word' id='word_1_423' title='bbox 760 2089 959 2116; x_wconf 85' lang='lat' dir='ltr'>exerceant</span> <span class='ocrx_word' id='word_1_424' title='bbox 991 2081 1122 2130; x_wconf 89' lang='lat' dir='ltr'>optimi</span> 
     </span>
     <span class='ocr_line' id='line_1_59' title="bbox 130 2137 1122 2189; baseline 0.004 -17"><span class='ocrx_word' id='word_1_425' title='bbox 130 2137 284 2186; x_wconf 87' lang='lat' dir='ltr'>quique,</span> <span class='ocrx_word' id='word_1_426' title='bbox 305 2147 341 2175; x_wconf 84' lang='lat' dir='ltr'>et</span> <span class='ocrx_word' id='word_1_427' title='bbox 360 2139 406 2175; x_wconf 88' lang='lat' dir='ltr'>ad</span> <span class='ocrx_word' id='word_1_428' title='bbox 426 2140 642 2189; x_wconf 85' lang='lat' dir='ltr'>exemplum</span> <span class='ocrx_word' id='word_1_429' title='bbox 667 2140 732 2176; x_wconf 91' lang='lat' dir='ltr'>lilii</span> <span class='ocrx_word' id='word_1_430' title='bbox 755 2139 888 2175; x_wconf 90' lang='lat' dir='ltr'>timore</span> <span class='ocrx_word' id='word_1_431' title='bbox 912 2148 947 2175; x_wconf 86' lang='lat' dir='ltr'>et</span> <span class='ocrx_word' id='word_1_432' title='bbox 968 2140 1122 2176; x_wconf 86' lang='lat' dir='ltr'>humili-</span> 
     </span>
     <span class='ocr_line' id='line_1_60' title="bbox 131 2199 1123 2245; baseline 0.003 -12"><span class='ocrx_word' id='word_1_433' title='bbox 131 2205 205 2233; x_wconf 86' lang='lat' dir='ltr'>tate</span> <span class='ocrx_word' id='word_1_434' title='bbox 232 2199 349 2235; x_wconf 87' lang='lat' dir='ltr'>coacti</span> <span class='ocrx_word' id='word_1_435' title='bbox 380 2199 666 2236; x_wconf 86' lang='lat' dir='ltr'>inclinabuntur</span> <span class='ocrx_word' id='word_1_436' title='bbox 694 2199 740 2236; x_wconf 88' lang='lat' dir='ltr'>ad</span> <span class='ocrx_word' id='word_1_437' title='bbox 765 2208 925 2245; x_wconf 89' lang='lat' dir='ltr'>terram;</span> <span class='ocrx_word' id='word_1_438' title='bbox 948 2213 1031 2236; x_wconf 87' lang='lat' dir='ltr'>cum</span> <span class='ocrx_word' id='word_1_439' title='bbox 1057 2201 1123 2237; x_wconf 82' lang='lat' dir='ltr'>lia-</span> 
     </span>
     <span class='ocr_line' id='line_1_61' title="bbox 129 2255 1122 2309; baseline 0.004 -17"><span class='ocrx_word' id='word_1_440' title='bbox 129 2255 282 2294; x_wconf 87' lang='lat' dir='ltr'>buerint</span> <span class='ocrx_word' id='word_1_441' title='bbox 299 2259 334 2295; x_wconf 91' lang='lat' dir='ltr'>in</span> <span class='ocrx_word' id='word_1_442' title='bbox 359 2268 505 2305; x_wconf 89' lang='lat' dir='ltr'>mente,</span> <span class='ocrx_word' id='word_1_443' title='bbox 526 2260 629 2309; x_wconf 88' lang='lat' dir='ltr'>quod</span> <span class='ocrx_word' id='word_1_444' title='bbox 650 2260 821 2296; x_wconf 85' lang='lat' dir='ltr'>nesciunt</span> <span class='ocrx_word' id='word_1_445' title='bbox 844 2269 968 2296; x_wconf 88' lang='lat' dir='ltr'>utrum</span> <span class='ocrx_word' id='word_1_446' title='bbox 994 2274 1122 2297; x_wconf 83' lang='lat' dir='ltr'>amore</span> 
     </span>
     <span class='ocr_line' id='line_1_62' title="bbox 129 2316 1121 2368; baseline 0.003 -16"><span class='ocrx_word' id='word_1_447' title='bbox 129 2329 175 2352; x_wconf 87' lang='lat' dir='ltr'>an</span> <span class='ocrx_word' id='word_1_448' title='bbox 194 2316 283 2353; x_wconf 91' lang='lat' dir='ltr'>odio</span> <span class='ocrx_word' id='word_1_449' title='bbox 300 2317 374 2353; x_wconf 89' lang='lat' dir='ltr'>sint</span> <span class='ocrx_word' id='word_1_450' title='bbox 390 2318 506 2367; x_wconf 83' lang='lat' dir='ltr'>digni.</span> <span class='ocrx_word' id='word_1_451' title='bbox 524 2322 569 2355; x_wconf 88' lang='lat' dir='ltr'>Et</span> <span class='ocrx_word' id='word_1_452' title='bbox 585 2331 672 2354; x_wconf 79' lang='lat' dir='ltr'>vere</span> <span class='ocrx_word' id='word_1_453' title='bbox 689 2319 874 2363; x_wconf 89' lang='lat' dir='ltr'>nesciunt,</span> <span class='ocrx_word' id='word_1_454' title='bbox 892 2327 927 2355; x_wconf 86' lang='lat' dir='ltr'>et</span> <span class='ocrx_word' id='word_1_455' title='bbox 946 2319 1121 2368; x_wconf 85' lang='lat' dir='ltr'>ignorant</span> 
     </span>
     <span class='ocr_line' id='line_1_63' title="bbox 128 2375 1116 2427; baseline 0.003 -16"><span class='ocrx_word' id='word_1_456' title='bbox 128 2375 219 2424; x_wconf 89' lang='lat' dir='ltr'>quid</span> <span class='ocrx_word' id='word_1_457' title='bbox 240 2386 517 2426; x_wconf 79' lang='lat' dir='ltr'>superventura</span> <span class='ocrx_word' id='word_1_458' title='bbox 546 2378 667 2427; x_wconf 86' lang='lat' dir='ltr'>pariat</span> <span class='ocrx_word' id='word_1_459' title='bbox 687 2377 784 2423; x_wconf 82' lang='lat' dir='ltr'>dies,</span> <span class='ocrx_word' id='word_1_460' title='bbox 806 2377 882 2414; x_wconf 93' lang='lat' dir='ltr'>imo</span> <span class='ocrx_word' id='word_1_461' title='bbox 907 2391 974 2414; x_wconf 87' lang='lat' dir='ltr'>nec</span> <span class='ocrx_word' id='word_1_462' title='bbox 996 2379 1087 2415; x_wconf 84' lang='lat' dir='ltr'>liora</span> <span class='ocrx_word' id='word_1_463' title='bbox 1110 2395 1116 2415; x_wconf 89' lang='lat'>:</span> 
     </span>
     <span class='ocr_line' id='line_1_64' title="bbox 127 2437 1119 2487; baseline 0.003 -16"><span class='ocrx_word' id='word_1_464' title='bbox 127 2444 270 2485; x_wconf 89' lang='lat' dir='ltr'>quanto</span> <span class='ocrx_word' id='word_1_465' title='bbox 289 2437 412 2474; x_wconf 89' lang='lat' dir='ltr'>minus</span> <span class='ocrx_word' id='word_1_466' title='bbox 431 2438 565 2483; x_wconf 85' lang='lat' dir='ltr'>sciunt,</span> <span class='ocrx_word' id='word_1_467' title='bbox 582 2438 702 2487; x_wconf 87' lang='lat' dir='ltr'>qualis</span> <span class='ocrx_word' id='word_1_468' title='bbox 720 2451 850 2474; x_wconf 88' lang='lat' dir='ltr'>eorum</span> <span class='ocrx_word' id='word_1_469' title='bbox 871 2438 954 2474; x_wconf 88' lang='lat' dir='ltr'>finis</span> <span class='ocrx_word' id='word_1_470' title='bbox 971 2439 1119 2476; x_wconf 80' lang='lat' dir='ltr'>futurus</span> 
     </span>
     <span class='ocr_line' id='line_1_65' title="bbox 128 2495 1119 2546; baseline 0.004 -15"><span class='ocrx_word' id='word_1_471' title='bbox 128 2495 194 2540; x_wconf 91' lang='lat' dir='ltr'>sit,</span> <span class='ocrx_word' id='word_1_472' title='bbox 216 2496 273 2532; x_wconf 82' lang='lat' dir='ltr'>vel</span> <span class='ocrx_word' id='word_1_473' title='bbox 297 2509 428 2533; x_wconf 84' lang='lat' dir='ltr'>eorum</span> <span class='ocrx_word' id='word_1_474' title='bbox 455 2497 519 2546; x_wconf 87' lang='lat' dir='ltr'>qui</span> <span class='ocrx_word' id='word_1_475' title='bbox 547 2497 660 2534; x_wconf 90' lang='lat' dir='ltr'>modo</span> <span class='ocrx_word' id='word_1_476' title='bbox 687 2498 774 2534; x_wconf 85' lang='lat' dir='ltr'>mali</span> <span class='ocrx_word' id='word_1_477' title='bbox 798 2500 908 2534; x_wconf 76' lang='lat' dir='ltr'>sunt?</span> <span class='ocrx_word' id='word_1_478' title='bbox 927 2498 964 2535; x_wconf 88' lang='lat' dir='ltr'>Si</span> <span class='ocrx_word' id='word_1_479' title='bbox 984 2499 1119 2536; x_wconf 87' lang='lat' dir='ltr'>Judam</span> 
     </span>
     <span class='ocr_line' id='line_1_66' title="bbox 129 2553 1119 2606; baseline 0.004 -17"><span class='ocrx_word' id='word_1_480' title='bbox 129 2553 364 2601; x_wconf 81' lang='lat' dir='ltr'>proditorem</span> <span class='ocrx_word' id='word_1_481' title='bbox 379 2555 548 2601; x_wconf 68' lang='lat' dir='ltr'>vidisses,</span> <span class='ocrx_word' id='word_1_482' title='bbox 565 2568 647 2592; x_wconf 90' lang='lat' dir='ltr'>cum</span> <span class='ocrx_word' id='word_1_483' title='bbox 667 2555 789 2592; x_wconf 79' lang='lat' dir='ltr'>adhuc</span> <span class='ocrx_word' id='word_1_484' title='bbox 805 2565 884 2592; x_wconf 84' lang='lat' dir='ltr'>erat</span> <span class='ocrx_word' id='word_1_485' title='bbox 899 2556 1119 2606; x_wconf 88' lang='lat' dir='ltr'>discipulus,</span> 
     </span>
     <span class='ocr_line' id='line_1_67' title="bbox 129 2612 1120 2667; baseline 0.005 -19"><span class='ocrx_word' id='word_1_486' title='bbox 129 2620 166 2648; x_wconf 89' lang='lat' dir='ltr'>et</span> <span class='ocrx_word' id='word_1_487' title='bbox 185 2612 284 2649; x_wconf 88' lang='lat' dir='ltr'>inter</span> <span class='ocrx_word' id='word_1_488' title='bbox 302 2626 486 2658; x_wconf 89' lang='lat' dir='ltr'>summos,</span> <span class='ocrx_word' id='word_1_489' title='bbox 505 2614 713 2662; x_wconf 73' lang='lat' dir='ltr'>ejicientem</span> <span class='ocrx_word' id='word_1_490' title='bbox 736 2616 771 2651; x_wconf 91' lang='lat' dir='ltr'>in</span> <span class='ocrx_word' id='word_1_491' title='bbox 794 2616 947 2652; x_wconf 89' lang='lat' dir='ltr'>nomine</span> <span class='ocrx_word' id='word_1_492' title='bbox 968 2616 1120 2667; x_wconf 83' lang='lat' dir='ltr'>benigni</span> 
     </span>
     <span class='ocr_line' id='line_1_68' title="bbox 129 2672 1120 2725; baseline 0.005 -18"><span class='ocrx_word' id='word_1_493' title='bbox 129 2676 218 2708; x_wconf 88' lang='lat' dir='ltr'>Jesu</span> <span class='ocrx_word' id='word_1_494' title='bbox 252 2672 436 2709; x_wconf 64' lang='lat' dir='ltr'>daemonia</span> <span class='ocrx_word' id='word_1_495' title='bbox 451 2702 459 2717; x_wconf 92' lang='lat'>,</span> <span class='ocrx_word' id='word_1_496' title='bbox 494 2673 725 2722; x_wconf 86' lang='lat' dir='ltr'>vidissesque</span> <span class='ocrx_word' id='word_1_497' title='bbox 757 2678 957 2711; x_wconf 77' lang='lat' dir='ltr'>Latronem</span> <span class='ocrx_word' id='word_1_498' title='bbox 991 2685 1120 2725; x_wconf 86' lang='lat' dir='ltr'>postea</span> 
     </span>
     <span class='ocr_line' id='line_1_69' title="bbox 129 2731 1120 2781; baseline 0.003 -13"><span class='ocrx_word' id='word_1_499' title='bbox 129 2744 214 2768; x_wconf 90' lang='lat' dir='ltr'>cum</span> <span class='ocrx_word' id='word_1_500' title='bbox 239 2731 386 2768; x_wconf 81' lang='lat' dir='ltr'>Christo</span> <span class='ocrx_word' id='word_1_501' title='bbox 407 2732 623 2768; x_wconf 79' lang='lat' dir='ltr'>crucifixum</span> <span class='ocrx_word' id='word_1_502' title='bbox 640 2761 648 2776; x_wconf 96' lang='lat'>‚</span> <span class='ocrx_word' id='word_1_503' title='bbox 672 2733 734 2781; x_wconf 86' lang='lat' dir='ltr'>qui</span> <span class='ocrx_word' id='word_1_504' title='bbox 756 2742 910 2770; x_wconf 87' lang='lat' dir='ltr'>eatenus</span> <span class='ocrx_word' id='word_1_505' title='bbox 928 2734 1120 2771; x_wconf 84' lang='lat' dir='ltr'>institisset</span> 
     </span>
     <span class='ocr_line' id='line_1_70' title="bbox 132 2791 1120 2842; baseline 0.003 -15"><span class='ocrx_word' id='word_1_506' title='bbox 132 2791 337 2828; x_wconf 85' lang='lat' dir='ltr'>latrociniis</span> <span class='ocrx_word' id='word_1_507' title='bbox 357 2800 394 2827; x_wconf 90' lang='lat' dir='ltr'>et</span> <span class='ocrx_word' id='word_1_508' title='bbox 416 2792 644 2837; x_wconf 81' lang='lat' dir='ltr'>homicidiis,</span> <span class='ocrx_word' id='word_1_509' title='bbox 667 2805 742 2828; x_wconf 90' lang='lat' dir='ltr'>uon</span> <span class='ocrx_word' id='word_1_510' title='bbox 765 2792 916 2837; x_wconf 83' lang='lat' dir='ltr'>dubito,</span> <span class='ocrx_word' id='word_1_511' title='bbox 937 2794 1027 2842; x_wconf 90' lang='lat' dir='ltr'>quin</span> <span class='ocrx_word' id='word_1_512' title='bbox 1050 2797 1120 2830; x_wconf 87' lang='lat' dir='ltr'>La-</span> 
     </span>
     <span class='ocr_line' id='line_1_71' title="bbox 130 2851 1121 2900; baseline 0.003 -14"><span class='ocrx_word' id='word_1_513' title='bbox 130 2852 228 2887; x_wconf 84' lang='lat' dir='ltr'>troni</span> <span class='ocrx_word' id='word_1_514' title='bbox 251 2851 483 2900; x_wconf 87' lang='lat' dir='ltr'>Discipulum</span> <span class='ocrx_word' id='word_1_515' title='bbox 509 2852 735 2900; x_wconf 79' lang='lat' dir='ltr'>praetulisses</span> <span class='ocrx_word' id='word_1_516' title='bbox 757 2865 764 2888; x_wconf 90' lang='lat'><strong>:</strong></span> <span class='ocrx_word' id='word_1_517' title='bbox 787 2860 823 2888; x_wconf 89' lang='lat' dir='ltr'>et</span> <span class='ocrx_word' id='word_1_518' title='bbox 845 2860 965 2888; x_wconf 85' lang='lat' dir='ltr'>tamen</span> <span class='ocrx_word' id='word_1_519' title='bbox 991 2867 1121 2889; x_wconf 87' lang='lat' dir='ltr'>omnes</span> 
     </span>
     <span class='ocr_line' id='line_1_72' title="bbox 130 2911 1119 2963; baseline 0.003 -16"><span class='ocrx_word' id='word_1_520' title='bbox 130 2911 286 2956; x_wconf 88' lang='lat' dir='ltr'>scimus,</span> <span class='ocrx_word' id='word_1_521' title='bbox 311 2912 382 2947; x_wconf 85' lang='lat' dir='ltr'>utri</span> <span class='ocrx_word' id='word_1_522' title='bbox 405 2912 497 2947; x_wconf 88' lang='lat' dir='ltr'>alter</span> <span class='ocrx_word' id='word_1_523' title='bbox 519 2912 554 2947; x_wconf 91' lang='lat' dir='ltr'>in</span> <span class='ocrx_word' id='word_1_524' title='bbox 578 2913 649 2948; x_wconf 85' lang='lat' dir='ltr'>line</span> <span class='ocrx_word' id='word_1_525' title='bbox 671 2913 846 2961; x_wconf 81' lang='lat' dir='ltr'>praelatus</span> <span class='ocrx_word' id='word_1_526' title='bbox 868 2913 927 2949; x_wconf 87' lang='lat' dir='ltr'>sit.</span> <span class='ocrx_word' id='word_1_527' title='bbox 954 2916 1007 2950; x_wconf 91' lang='lat' dir='ltr'>Tu</span> <span class='ocrx_word' id='word_1_528' title='bbox 1029 2927 1119 2963; x_wconf 88' lang='lat' dir='ltr'>ergo</span> 
     </span>
     <span class='ocr_line' id='line_1_73' title="bbox 130 2969 1118 3022; baseline 0.003 -16"><span class='ocrx_word' id='word_1_529' title='bbox 130 2970 158 3006; x_wconf 90' lang='lat' dir='ltr'>si</span> <span class='ocrx_word' id='word_1_530' title='bbox 182 2971 292 3006; x_wconf 89' lang='lat' dir='ltr'>etiam</span> <span class='ocrx_word' id='word_1_531' title='bbox 309 2970 355 3007; x_wconf 87' lang='lat' dir='ltr'>ad</span> <span class='ocrx_word' id='word_1_532' title='bbox 377 2978 514 3006; x_wconf 88' lang='lat' dir='ltr'>tantam</span> <span class='ocrx_word' id='word_1_533' title='bbox 532 2969 608 3019; x_wconf 88' lang='lat' dir='ltr'>jam</span> <span class='ocrx_word' id='word_1_534' title='bbox 630 2971 715 3007; x_wconf 80' lang='lat' dir='ltr'>vitae</span> <span class='ocrx_word' id='word_1_535' title='bbox 737 2972 1006 3020; x_wconf 81' lang='lat' dir='ltr'>perfectionem</span> <span class='ocrx_word' id='word_1_536' title='bbox 1030 2986 1118 3022; x_wconf 85' lang='lat' dir='ltr'>per-</span> 
     </span>
     <span class='ocr_line' id='line_1_74' title="bbox 131 3030 1119 3080; baseline 0.005 -16"><span class='ocrx_word' id='word_1_537' title='bbox 131 3030 288 3076; x_wconf 77' lang='lat' dir='ltr'>venisti,</span> <span class='ocrx_word' id='word_1_538' title='bbox 311 3039 351 3066; x_wconf 87' lang='lat' dir='ltr'>ut</span> <span class='ocrx_word' id='word_1_539' title='bbox 381 3031 560 3068; x_wconf 85' lang='lat' dir='ltr'>miracula</span> <span class='ocrx_word' id='word_1_540' title='bbox 582 3031 773 3080; x_wconf 75' lang='lat' dir='ltr'>opereris,</span> <span class='ocrx_word' id='word_1_541' title='bbox 794 3032 895 3078; x_wconf 87' lang='lat' dir='ltr'>time,</span> <span class='ocrx_word' id='word_1_542' title='bbox 920 3046 966 3069; x_wconf 87' lang='lat' dir='ltr'>nc</span> <span class='ocrx_word' id='word_1_543' title='bbox 984 3033 1029 3069; x_wconf 84' lang='lat' dir='ltr'>ad</span> <span class='ocrx_word' id='word_1_544' title='bbox 1052 3047 1119 3069; x_wconf 79' lang='lat' dir='ltr'>ex—</span> 
     </span>
     <span class='ocr_line' id='line_1_75' title="bbox 131 3091 1117 3141; baseline 0.003 -16"><span class='ocrx_word' id='word_1_545' title='bbox 131 3099 290 3127; x_wconf 86' lang='lat' dir='ltr'>tremum</span> <span class='ocrx_word' id='word_1_546' title='bbox 306 3104 390 3127; x_wconf 87' lang='lat' dir='ltr'>cum</span> <span class='ocrx_word' id='word_1_547' title='bbox 407 3091 490 3140; x_wconf 86' lang='lat' dir='ltr'>ipso</span> <span class='ocrx_word' id='word_1_548' title='bbox 503 3091 599 3128; x_wconf 82' lang='lat' dir='ltr'>Juda</span> <span class='ocrx_word' id='word_1_549' title='bbox 613 3091 907 3140; x_wconf 81' lang='lat' dir='ltr'>depreliemlaris</span> <span class='ocrx_word' id='word_1_550' title='bbox 922 3092 1117 3141; x_wconf 81' lang='lat' dir='ltr'>reprobus.</span> 
     </span>
     <span class='ocr_line' id='line_1_76' title="bbox 131 3148 1121 3200; baseline 0.003 -15"><span class='ocrx_word' id='word_1_551' title='bbox 131 3148 166 3185; x_wconf 83' lang='lat' dir='ltr'>Si</span> <span class='ocrx_word' id='word_1_552' title='bbox 199 3162 289 3185; x_wconf 81' lang='lat' dir='ltr'>vero</span> <span class='ocrx_word' id='word_1_553' title='bbox 322 3149 435 3185; x_wconf 82' lang='lat' dir='ltr'>alium</span> <span class='ocrx_word' id='word_1_554' title='bbox 472 3163 699 3199; x_wconf 86' lang='lat' dir='ltr'>quemquam</span> <span class='ocrx_word' id='word_1_555' title='bbox 735 3150 904 3200; x_wconf 84' lang='lat' dir='ltr'>pessimis</span> <span class='ocrx_word' id='word_1_556' title='bbox 941 3151 1121 3199; x_wconf 82' lang='lat' dir='ltr'>operibus</span> 
     </span>
     <span class='ocr_line' id='line_1_77' title="bbox 132 3207 1120 3260; baseline 0.005 -18"><span class='ocrx_word' id='word_1_557' title='bbox 132 3207 258 3244; x_wconf 74' lang='lat' dir='ltr'>videas</span> <span class='ocrx_word' id='word_1_558' title='bbox 285 3208 543 3255; x_wconf 70' lang='lat' dir='ltr'>insudantem,</span> <span class='ocrx_word' id='word_1_559' title='bbox 576 3223 620 3246; x_wconf 88' lang='lat' dir='ltr'>ne</span> <span class='ocrx_word' id='word_1_560' title='bbox 651 3218 684 3246; x_wconf 83' lang='lat' dir='ltr'>te</span> <span class='ocrx_word' id='word_1_561' title='bbox 719 3210 767 3246; x_wconf 89' lang='lat' dir='ltr'>illi</span> <span class='ocrx_word' id='word_1_562' title='bbox 802 3210 976 3259; x_wconf 69' lang='lat' dir='ltr'>praeferas</span> <span class='ocrx_word' id='word_1_563' title='bbox 990 3239 997 3248; x_wconf 93' lang='lat'>.</span> <span class='ocrx_word' id='word_1_564' title='bbox 1035 3211 1120 3260; x_wconf 87' lang='lat' dir='ltr'>quia</span> 
     </span>
    </p>
   </div>
   <div class='ocr_carea' id='block_1_16' title="bbox 183 3335 819 3367">
    <p class='ocr_par' dir='ltr' id='par_1_17' title="bbox 183 3335 819 3367">
     <span class='ocr_line' id='line_1_78' title="bbox 183 3335 819 3367; baseline 0.002 -5"><span class='ocrx_word' id='word_1_565' title='bbox 183 3339 188 3353; x_wconf 89' lang='lat'><strong>¹</strong></span> <span class='ocrx_word' id='word_1_566' title='bbox 214 3335 459 3367; x_wconf 66' lang='grc' dir='ltr'>111υκ,ιν,.“ἷ.’).</span> <span class='ocrx_word' id='word_1_567' title='bbox 543 3336 638 3366; x_wconf 75' lang='lat' dir='ltr'>&#39;t&#39;snl</span> <span class='ocrx_word' id='word_1_568' title='bbox 669 3341 819 3367; x_wconf 72' lang='lat' dir='ltr'>xxx1.&#39;⁹.</span> 
     </span>
    </p>
   </div>
   <div class='ocr_carea' id='block_1_17' title="bbox 904 3335 1152 3368">
    <p class='ocr_par' dir='ltr' id='par_1_18' title="bbox 904 3335 1152 3368">
     <span class='ocr_line' id='line_1_79' title="bbox 904 3335 1152 3368; baseline 0.004 -3"><span class='ocrx_word' id='word_1_569' title='bbox 904 3335 1036 3366; x_wconf 59' lang='lat' dir='ltr'>‘sauls</span> <span class='ocrx_word' id='word_1_570' title='bbox 1073 3349 1101 3368; x_wconf 83' lang='grc' dir='ltr'>ι,</span> <span class='ocrx_word' id='word_1_571' title='bbox 1125 3340 1152 3366; x_wconf 66' lang='grc' dir='ltr'>ἶ.</span> 
     </span>
    </p>
   </div>
   <div class='ocr_carea' id='block_1_18' title="bbox 1188 1898 2187 2367">
    <p class='ocr_par' dir='ltr' id='par_1_19' title="bbox 1188 1898 2187 2367">
     <span class='ocr_line' id='line_1_80' title="bbox 1191 1898 2187 1952; baseline 0.003 -18"><span class='ocrx_word' id='word_1_572' title='bbox 1191 1898 1238 1935; x_wconf 87' lang='lat' dir='ltr'>tia</span> <span class='ocrx_word' id='word_1_573' title='bbox 1263 1898 1338 1943; x_wconf 91' lang='lat' dir='ltr'>sui,</span> <span class='ocrx_word' id='word_1_574' title='bbox 1364 1907 1521 1948; x_wconf 88' lang='lat' dir='ltr'>propter</span> <span class='ocrx_word' id='word_1_575' title='bbox 1547 1911 1658 1948; x_wconf 88' lang='lat' dir='ltr'>quam</span> <span class='ocrx_word' id='word_1_576' title='bbox 1690 1899 1737 1936; x_wconf 87' lang='lat' dir='ltr'>ab</span> <span class='ocrx_word' id='word_1_577' title='bbox 1764 1901 2019 1938; x_wconf 88' lang='lat' dir='ltr'>amantissimo</span> <span class='ocrx_word' id='word_1_578' title='bbox 2047 1916 2187 1952; x_wconf 82' lang='lat' dir='ltr'>sponso</span> 
     </span>
     <span class='ocr_line' id='line_1_81' title="bbox 1190 1958 2185 2011; baseline 0.003 -17"><span class='ocrx_word' id='word_1_579' title='bbox 1190 1966 1356 1994; x_wconf 86' lang='lat' dir='ltr'>meretur</span> <span class='ocrx_word' id='word_1_580' title='bbox 1391 1959 1534 2007; x_wconf 86' lang='lat' dir='ltr'>repelli.</span> <span class='ocrx_word' id='word_1_581' title='bbox 1571 1958 1629 1995; x_wconf 80' lang='lat' dir='ltr'>Ad</span> <span class='ocrx_word' id='word_1_582' title='bbox 1661 1960 1915 2010; x_wconf 89' lang='lat' dir='ltr'>cognitionem</span> <span class='ocrx_word' id='word_1_583' title='bbox 1948 1961 2063 2010; x_wconf 86' lang='lat' dir='ltr'>igitur</span> <span class='ocrx_word' id='word_1_584' title='bbox 2093 1975 2185 2011; x_wconf 74' lang='lat' dir='ltr'>pro-</span> 
     </span>
     <span class='ocr_line' id='line_1_82' title="bbox 1190 2017 2183 2067; baseline 0.004 -14"><span class='ocrx_word' id='word_1_585' title='bbox 1190 2018 1310 2067; x_wconf 82' lang='lat' dir='ltr'>priam</span> <span class='ocrx_word' id='word_1_586' title='bbox 1332 2017 1549 2064; x_wconf 79' lang='lat' dir='ltr'>redeamus,</span> <span class='ocrx_word' id='word_1_587' title='bbox 1572 2018 1609 2053; x_wconf 93' lang='lat' dir='ltr'>id</span> <span class='ocrx_word' id='word_1_588' title='bbox 1631 2027 1699 2064; x_wconf 85' lang='lat' dir='ltr'>est,</span> <span class='ocrx_word' id='word_1_589' title='bbox 1723 2019 1768 2055; x_wconf 88' lang='lat' dir='ltr'>ad</span> <span class='ocrx_word' id='word_1_590' title='bbox 1794 2028 1927 2056; x_wconf 86' lang='lat' dir='ltr'>terram</span> <span class='ocrx_word' id='word_1_591' title='bbox 1953 2029 2132 2065; x_wconf 81' lang='lat' dir='ltr'>nostram,</span> <span class='ocrx_word' id='word_1_592' title='bbox 2156 2023 2183 2057; x_wconf 79' lang='lat' dir='ltr'>si</span> 
     </span>
     <span class='ocr_line' id='line_1_83' title="bbox 1190 2078 2185 2129; baseline 0.003 -16"><span class='ocrx_word' id='word_1_593' title='bbox 1190 2078 1366 2114; x_wconf 74' lang='lat' dir='ltr'>volumus</span> <span class='ocrx_word' id='word_1_594' title='bbox 1395 2090 1474 2114; x_wconf 86' lang='lat' dir='ltr'>esse</span> <span class='ocrx_word' id='word_1_595' title='bbox 1498 2091 1586 2114; x_wconf 77' lang='lat' dir='ltr'>vera</span> <span class='ocrx_word' id='word_1_596' title='bbox 1613 2079 1707 2124; x_wconf 89' lang='lat' dir='ltr'>lilia,</span> <span class='ocrx_word' id='word_1_597' title='bbox 1734 2088 1770 2115; x_wconf 90' lang='lat' dir='ltr'>et</span> <span class='ocrx_word' id='word_1_598' title='bbox 1802 2079 1847 2115; x_wconf 88' lang='lat' dir='ltr'>ad</span> <span class='ocrx_word' id='word_1_599' title='bbox 1881 2081 2009 2129; x_wconf 87' lang='lat' dir='ltr'>sponsi</span> <span class='ocrx_word' id='word_1_600' title='bbox 2040 2080 2185 2117; x_wconf 81' lang='lat' dir='ltr'>admitti</span> 
     </span>
     <span class='ocr_line' id='line_1_84' title="bbox 1191 2137 2184 2189; baseline 0.004 -17"><span class='ocrx_word' id='word_1_601' title='bbox 1191 2137 1440 2186; x_wconf 78' lang='lat' dir='ltr'>praesentiam.</span> <span class='ocrx_word' id='word_1_602' title='bbox 1467 2141 1541 2174; x_wconf 65' lang='lat' dir='ltr'>Nos</span> <span class='ocrx_word' id='word_1_603' title='bbox 1571 2138 1672 2187; x_wconf 89' lang='lat' dir='ltr'>ipsos</span> <span class='ocrx_word' id='word_1_604' title='bbox 1687 2138 1829 2189; x_wconf 83' lang='lat' dir='ltr'>jugiter</span> <span class='ocrx_word' id='word_1_605' title='bbox 1867 2139 2184 2188; x_wconf 73' lang='lat' dir='ltr'>introspiciamus.</span> 
     </span>
     <span class='ocr_line' id='line_1_85' title="bbox 1190 2197 2183 2249; baseline 0.003 -16"><span class='ocrx_word' id='word_1_606' title='bbox 1190 2197 1420 2234; x_wconf 86' lang='lat' dir='ltr'>incessanter</span> <span class='ocrx_word' id='word_1_607' title='bbox 1441 2198 1643 2234; x_wconf 81' lang='lat' dir='ltr'>clamantes</span> <span class='ocrx_word' id='word_1_608' title='bbox 1671 2199 1716 2234; x_wconf 85' lang='lat' dir='ltr'>ad</span> <span class='ocrx_word' id='word_1_609' title='bbox 1751 2212 1880 2235; x_wconf 83' lang='lat' dir='ltr'>verum</span> <span class='ocrx_word' id='word_1_610' title='bbox 1911 2208 1945 2235; x_wconf 88' lang='lat' dir='ltr'>et</span> <span class='ocrx_word' id='word_1_611' title='bbox 1978 2199 2183 2249; x_wconf 82' lang='lat' dir='ltr'>benignum</span> 
     </span>
     <span class='ocr_line' id='line_1_86' title="bbox 1189 2257 2183 2308; baseline 0.001 -14"><span class='ocrx_word' id='word_1_612' title='bbox 1189 2261 1336 2302; x_wconf 87' lang='lat' dir='ltr'>Jesum;</span> <span class='ocrx_word' id='word_1_613' title='bbox 1354 2265 1395 2292; x_wconf 92' lang='lat' dir='ltr'>ut</span> <span class='ocrx_word' id='word_1_614' title='bbox 1415 2257 1550 2292; x_wconf 90' lang='lat' dir='ltr'>mentis</span> <span class='ocrx_word' id='word_1_615' title='bbox 1571 2265 1711 2293; x_wconf 82' lang='lat' dir='ltr'>nostrae</span> <span class='ocrx_word' id='word_1_616' title='bbox 1732 2258 1863 2294; x_wconf 84' lang='lat' dir='ltr'>oeulos</span> <span class='ocrx_word' id='word_1_617' title='bbox 1884 2258 1930 2294; x_wconf 91' lang='lat' dir='ltr'>ad</span> <span class='ocrx_word' id='word_1_618' title='bbox 1949 2272 2183 2308; x_wconf 61' lang='lat' dir='ltr'>cognoscen-</span> 
     </span>
     <span class='ocr_line' id='line_1_87' title="bbox 1188 2316 1937 2367; baseline 0 -14"><span class='ocrx_word' id='word_1_619' title='bbox 1188 2316 1278 2353; x_wconf 90' lang='lat' dir='ltr'>dum</span> <span class='ocrx_word' id='word_1_620' title='bbox 1303 2329 1372 2352; x_wconf 91' lang='lat' dir='ltr'>nos</span> <span class='ocrx_word' id='word_1_621' title='bbox 1395 2316 1496 2365; x_wconf 90' lang='lat' dir='ltr'>ipsos</span> <span class='ocrx_word' id='word_1_622' title='bbox 1517 2316 1730 2353; x_wconf 90' lang='lat' dir='ltr'>illuminare</span> <span class='ocrx_word' id='word_1_623' title='bbox 1751 2317 1937 2367; x_wconf 84' lang='lat' dir='ltr'>dignetur.</span> 
     </span>
    </p>
   </div>
   <div class='ocr_carea' id='block_1_19' title="bbox 1515 2455 1853 2493">
    <p class='ocr_par' dir='ltr' id='par_1_20' title="bbox 1515 2455 1853 2493">
     <span class='ocr_line' id='line_1_88' title="bbox 1515 2455 1853 2493; baseline 0 0"><span class='ocrx_word' id='word_1_624' title='bbox 1515 2455 1691 2493; x_wconf 67' lang='lat' dir='ltr'><strong>CAPL&#39;T</strong></span> <span class='ocrx_word' id='word_1_625' title='bbox 1721 2455 1853 2493; x_wconf 75' lang='lat' dir='ltr'>XXX.</span> 
     </span>
    </p>
   </div>
   <div class='ocr_carea' id='block_1_20' title="bbox 1189 2569 2186 2717">
    <p class='ocr_par' dir='ltr' id='par_1_21' title="bbox 1189 2569 2186 2717">
     <span class='ocr_line' id='line_1_89' title="bbox 1189 2569 2186 2606; baseline 0 -6"><span class='ocrx_word' id='word_1_626' title='bbox 1189 2572 1234 2600; x_wconf 91' lang='lat' dir='ltr'>De</span> <span class='ocrx_word' id='word_1_627' title='bbox 1249 2580 1378 2600; x_wconf 84' lang='lat' dir='ltr'>numero</span> <span class='ocrx_word' id='word_1_628' title='bbox 1392 2569 1535 2600; x_wconf 86' lang='lat' dir='ltr'>foliorum</span> <span class='ocrx_word' id='word_1_629' title='bbox 1557 2569 1653 2600; x_wconf 83' lang='lat' dir='ltr'>nostri</span> <span class='ocrx_word' id='word_1_630' title='bbox 1676 2569 1748 2606; x_wconf 76' lang='lat' dir='ltr'>lilii,</span> <span class='ocrx_word' id='word_1_631' title='bbox 1766 2580 1819 2599; x_wconf 85' lang='lat' dir='ltr'>seu</span> <span class='ocrx_word' id='word_1_632' title='bbox 1835 2569 1872 2599; x_wconf 80' lang='lat' dir='ltr'>de</span> <span class='ocrx_word' id='word_1_633' title='bbox 1896 2569 1993 2599; x_wconf 67' lang='lat' dir='ltr'>tribus</span> <span class='ocrx_word' id='word_1_634' title='bbox 2019 2571 2186 2600; x_wconf 61' lang='lat' dir='ltr'>ineommw</span> 
     </span>
     <span class='ocr_line' id='line_1_90' title="bbox 1236 2622 2184 2665; baseline 0.001 -12"><span class='ocrx_word' id='word_1_635' title='bbox 1236 2622 1283 2653; x_wconf 88' lang='lat' dir='ltr'>dis</span> <span class='ocrx_word' id='word_1_636' title='bbox 1304 2623 1372 2653; x_wconf 69' lang='lat' dir='ltr'>vita?</span> <span class='ocrx_word' id='word_1_637' title='bbox 1393 2624 1567 2665; x_wconf 71' lang='lat' dir='ltr'>praesentis,</span> <span class='ocrx_word' id='word_1_638' title='bbox 1586 2634 1653 2663; x_wconf 70' lang='lat' dir='ltr'>qua=</span> <span class='ocrx_word' id='word_1_639' title='bbox 1671 2622 1806 2653; x_wconf 79' lang='lat' dir='ltr'>evadunt</span> <span class='ocrx_word' id='word_1_640' title='bbox 1831 2622 1981 2663; x_wconf 72' lang='lat' dir='ltr'>xii·gint·s;</span> <span class='ocrx_word' id='word_1_641' title='bbox 2005 2630 2033 2654; x_wconf 86' lang='lat' dir='ltr'>et</span> <span class='ocrx_word' id='word_1_642' title='bbox 2058 2624 2184 2654; x_wconf 80' lang='lat' dir='ltr'>totidem</span> 
     </span>
     <span class='ocr_line' id='line_1_91' title="bbox 1234 2676 1914 2717; baseline -0.001 -11"><span class='ocrx_word' id='word_1_643' title='bbox 1234 2677 1404 2707; x_wconf 80' lang='lat' dir='ltr'>commodis</span> <span class='ocrx_word' id='word_1_644' title='bbox 1424 2676 1493 2706; x_wconf 66' lang='lat' dir='ltr'>xitae</span> <span class='ocrx_word' id='word_1_645' title='bbox 1511 2676 1621 2706; x_wconf 74' lang='lat' dir='ltr'>futura&gt;</span> <span class='ocrx_word' id='word_1_646' title='bbox 1641 2686 1708 2716; x_wconf 72' lang='lat' dir='ltr'>quae</span> <span class='ocrx_word' id='word_1_647' title='bbox 1725 2681 1914 2717; x_wconf 75' lang='lat' dir='ltr'>exspectant.</span> 
     </span>
    </p>
   </div>
   <div class='ocr_carea' id='block_1_21' title="bbox 1185 2795 2183 3264">
    <p class='ocr_par' dir='ltr' id='par_1_22' title="bbox 1185 2795 2183 3264">
     <span class='ocr_line' id='line_1_92' title="bbox 1246 2795 2183 2844; baseline -0.001 -12"><span class='ocrx_word' id='word_1_648' title='bbox 1246 2796 1327 2832; x_wconf 80' lang='lat' dir='ltr'>lOl.</span> <span class='ocrx_word' id='word_1_649' title='bbox 1352 2799 1456 2832; x_wconf 68' lang='lat' dir='ltr'>Nune</span> <span class='ocrx_word' id='word_1_650' title='bbox 1483 2795 1528 2830; x_wconf 82' lang='lat' dir='ltr'>ad</span> <span class='ocrx_word' id='word_1_651' title='bbox 1549 2808 1746 2830; x_wconf 83' lang='lat' dir='ltr'>numerum</span> <span class='ocrx_word' id='word_1_652' title='bbox 1775 2795 1949 2830; x_wconf 72' lang='lat' dir='ltr'>soliorum</span> <span class='ocrx_word' id='word_1_653' title='bbox 1977 2796 2094 2844; x_wconf 80' lang='lat' dir='ltr'>ipsius</span> <span class='ocrx_word' id='word_1_654' title='bbox 2117 2797 2183 2832; x_wconf 74' lang='lat' dir='ltr'>llu-</span> 
     </span>
     <span class='ocr_line' id='line_1_93' title="bbox 1189 2854 2182 2903; baseline 0.001 -12"><span class='ocrx_word' id='word_1_655' title='bbox 1189 2855 1238 2891; x_wconf 83' lang='lat' dir='ltr'>ris</span> <span class='ocrx_word' id='word_1_656' title='bbox 1252 2883 1261 2899; x_wconf 90' lang='lat'>,</span> <span class='ocrx_word' id='word_1_657' title='bbox 1278 2855 1541 2890; x_wconf 78' lang='lat' dir='ltr'>candidissimo</span> <span class='ocrx_word' id='word_1_658' title='bbox 1565 2855 1654 2891; x_wconf 86' lang='lat' dir='ltr'>llorc</span> <span class='ocrx_word' id='word_1_659' title='bbox 1673 2863 1802 2890; x_wconf 83' lang='lat' dir='ltr'>nostro</span> <span class='ocrx_word' id='word_1_660' title='bbox 1824 2854 1988 2903; x_wconf 76' lang='lat' dir='ltr'>benigno</span> <span class='ocrx_word' id='word_1_661' title='bbox 2005 2860 2093 2891; x_wconf 69' lang='lat' dir='ltr'>‚lesu</span> <span class='ocrx_word' id='word_1_662' title='bbox 2114 2870 2182 2892; x_wconf 69' lang='lat' dir='ltr'>nos</span> 
     </span>
     <span class='ocr_line' id='line_1_94' title="bbox 1185 2914 2181 2964; baseline 0 -15"><span class='ocrx_word' id='word_1_663' title='bbox 1185 2914 1441 2958; x_wconf 80' lang='lat' dir='ltr'>illuminante,</span> <span class='ocrx_word' id='word_1_664' title='bbox 1468 2915 1634 2950; x_wconf 84' lang='lat' dir='ltr'>animum</span> <span class='ocrx_word' id='word_1_665' title='bbox 1662 2914 1912 2950; x_wconf 68' lang='lat' dir='ltr'>intendamus.</span> <span class='ocrx_word' id='word_1_666' title='bbox 1936 2918 1975 2951; x_wconf 87' lang='lat' dir='ltr'>ln</span> <span class='ocrx_word' id='word_1_667' title='bbox 2008 2916 2181 2964; x_wconf 48' lang='lat' dir='ltr'>perfectis*</span> 
     </span>
     <span class='ocr_line' id='line_1_95' title="bbox 1187 2974 2183 3024; baseline 0.002 -15"><span class='ocrx_word' id='word_1_668' title='bbox 1187 2974 1271 3009; x_wconf 79' lang='lat' dir='ltr'>liliis</span> <span class='ocrx_word' id='word_1_669' title='bbox 1288 2974 1367 3023; x_wconf 77' lang='lat' dir='ltr'>ipse</span> <span class='ocrx_word' id='word_1_670' title='bbox 1382 2974 1562 3010; x_wconf 75' lang='lat' dir='ltr'>candidus</span> <span class='ocrx_word' id='word_1_671' title='bbox 1581 2974 1648 3010; x_wconf 85' lang='lat' dir='ltr'>llos</span> <span class='ocrx_word' id='word_1_672' title='bbox 1666 2975 1869 3024; x_wconf 88' lang='lat' dir='ltr'>plurimum</span> <span class='ocrx_word' id='word_1_673' title='bbox 1893 2988 1956 3009; x_wconf 70' lang='lat' dir='ltr'>sex</span> <span class='ocrx_word' id='word_1_674' title='bbox 1976 2976 2073 3011; x_wconf 79' lang='lat' dir='ltr'>foliis</span> <span class='ocrx_word' id='word_1_675' title='bbox 2091 2990 2183 3011; x_wconf 84' lang='lat' dir='ltr'>con-</span> 
     </span>
     <span class='ocr_line' id='line_1_96' title="bbox 1186 3034 2181 3084; baseline 0.001 -15"><span class='ocrx_word' id='word_1_676' title='bbox 1186 3042 1276 3077; x_wconf 81' lang='lat' dir='ltr'>stat,</span> <span class='ocrx_word' id='word_1_677' title='bbox 1300 3046 1367 3082; x_wconf 86' lang='lat' dir='ltr'>per</span> <span class='ocrx_word' id='word_1_678' title='bbox 1387 3046 1470 3082; x_wconf 66' lang='lat' dir='ltr'>quse</span> <span class='ocrx_word' id='word_1_679' title='bbox 1497 3047 1559 3069; x_wconf 68' lang='lat' dir='ltr'>sex</span> <span class='ocrx_word' id='word_1_680' title='bbox 1587 3047 1715 3070; x_wconf 76' lang='lat' dir='ltr'>causus</span> <span class='ocrx_word' id='word_1_681' title='bbox 1743 3034 2004 3084; x_wconf 80' lang='lat' dir='ltr'>intelligimus,</span> <span class='ocrx_word' id='word_1_682' title='bbox 2026 3049 2110 3083; x_wconf 62' lang='lat' dir='ltr'>qua*</span> <span class='ocrx_word' id='word_1_683' title='bbox 2136 3037 2181 3071; x_wconf 69' lang='lat' dir='ltr'>ml</span> 
     </span>
     <span class='ocr_line' id='line_1_97' title="bbox 1188 3093 2180 3143; baseline 0.003 -15"><span class='ocrx_word' id='word_1_684' title='bbox 1188 3093 1411 3142; x_wconf 72' lang='lat' dir='ltr'>virginitatis</span> <span class='ocrx_word' id='word_1_685' title='bbox 1430 3094 1650 3130; x_wconf 80' lang='lat' dir='ltr'>munditiam</span> <span class='ocrx_word' id='word_1_686' title='bbox 1671 3093 1809 3130; x_wconf 84' lang='lat' dir='ltr'>debent</span> <span class='ocrx_word' id='word_1_687' title='bbox 1827 3094 1974 3130; x_wconf 75' lang='lat' dir='ltr'>animus</span> <span class='ocrx_word' id='word_1_688' title='bbox 1992 3095 2180 3143; x_wconf 70' lang='lat' dir='ltr'>virginum</span> 
     </span>
     <span class='ocr_line' id='line_1_98' title="bbox 1188 3153 2182 3204; baseline 0 -17"><span class='ocrx_word' id='word_1_689' title='bbox 1188 3153 1339 3188; x_wconf 79' lang='lat' dir='ltr'>inritare</span> <span class='ocrx_word' id='word_1_690' title='bbox 1353 3183 1361 3199; x_wconf 87' lang='lat'>,</span> <span class='ocrx_word' id='word_1_691' title='bbox 1383 3167 1542 3202; x_wconf 86' lang='lat' dir='ltr'>quarum</span> <span class='ocrx_word' id='word_1_692' title='bbox 1565 3163 1638 3190; x_wconf 77' lang='lat' dir='ltr'>tres</span> <span class='ocrx_word' id='word_1_693' title='bbox 1653 3154 1698 3190; x_wconf 83' lang='lat' dir='ltr'>ad</span> <span class='ocrx_word' id='word_1_694' title='bbox 1722 3155 1833 3190; x_wconf 69' lang='lat' dir='ltr'>vitam</span> <span class='ocrx_word' id='word_1_695' title='bbox 1851 3163 2070 3204; x_wconf 71' lang='lat' dir='ltr'>pra‘seutem</span> <span class='ocrx_word' id='word_1_696' title='bbox 2087 3183 2094 3194; x_wconf 82' lang='lat'>.</span> <span class='ocrx_word' id='word_1_697' title='bbox 2111 3164 2182 3190; x_wconf 50' lang='lat' dir='ltr'>tiss</span> 
     </span>
     <span class='ocr_line' id='line_1_99' title="bbox 1187 3212 2182 3264; baseline 0.004 -17"><span class='ocrx_word' id='word_1_698' title='bbox 1187 3212 1233 3247; x_wconf 84' lang='lat' dir='ltr'>ad</span> <span class='ocrx_word' id='word_1_699' title='bbox 1261 3214 1420 3250; x_wconf 82' lang='lat' dir='ltr'>futuram</span> <span class='ocrx_word' id='word_1_700' title='bbox 1444 3215 1644 3264; x_wconf 75' lang='lat' dir='ltr'>pertinent.</span> <span class='ocrx_word' id='word_1_701' title='bbox 1669 3215 1752 3251; x_wconf 77' lang='lat' dir='ltr'>Tria</span> <span class='ocrx_word' id='word_1_702' title='bbox 1780 3223 1864 3251; x_wconf 60' lang='lat' dir='ltr'>sunt</span> <span class='ocrx_word' id='word_1_703' title='bbox 1890 3215 2124 3250; x_wconf 65' lang='lat' dir='ltr'>incanum-h</span> <span class='ocrx_word' id='word_1_704' title='bbox 2147 3215 2182 3251; x_wconf 88' lang='lat' dir='ltr'>iu</span> 
     </span>
    </p>
   </div>
  </div>
 </body>
</html>
