2504 3928
376 214 471 251 1:323
938 214 985 247 IN
1016 212 1352 248 Assutxtr'rlomz
1381 213 1419 246 ιι.
1452 211 1642 254 ΜΑῐιιΛε,
1673 211 1847 247 stzmuo.
2316 214 2408 252 1342

360 292 427 327 vit.
450 294 613 326 Joannes
633 287 806 335 angelus,
826 286 889 322 sed
911 287 1008 323 inter
1029 287 1190 336 Angelos
1216 288 1411 324 electus'ffl'
1425 284 1618 322 clamantis
1640 285 1676 320 in
1704 285 1870 331 deserto,
1898 285 1984 334 quia
2011 298 2135 335 praeco
2163 287 2294 333 Verbi,
2326 290 2412 339 quia

359 359 412 384 est
428 378 436 391 ,
455 349 645 384 Salvatore.
667 354 880 390 attestante,
901 347 963 394 qui
987 345 1075 381 dicit
1101 360 1107 381 :
1134 349 1228 381 lii-ce
1251 351 1355 382 mitto
1378 348 1407 380 A
1424 344 1565 382 Judicis
1586 356 1806 393 praecursor.
1828 344 1924 381 Illud
1946 358 2097 394 quoque
2118 346 2309 395 relinquo,
2327 349 2413 398 quia

363 411 535 455 angelum
562 420 704 448 mcum,
724 410 785 452 qai
795 404 1033 452 pra’parabit
1058 409 1160 439 viam
1187 403 1355 451 (nitefa—

363 473 456 502 virm
486 471 645 500 nie'am'.
669 469 832 501 ,loannes
861 464 1072 512 apostolus,
1095 463 1159 499 sed
1187 472 1223 499 et
1254 467 1358 513 Apo-

366 525 547 561 stolorum
579 524 722 573 primus
742 530 778 557 et
808 522 1002 571 princeps,
1035 522 1098 570 qui
1125 522 1267 571 primus
1292 522 1361 558 suit

365 584 479 619 liomo
508 583 640 618 missus
669 596 689 617 a
717 585 809 617 Deo.
838 585 1003 617 Joaunes
1031 581 1276 629 evangelista,
1296 580 1360 617 sed

363 652 399 679 et
428 643 617 691 Evangelii
643 642 786 691 primus
814 641 974 684 incisor,
995 641 1201 689 praedieans
1232 645 1359 677 Evan-

365 701 502 748 gelium
537 700 654 749 regni.
685 703 853 735 Joannes
881 699 1006 746 virgo,
1027 699 1103 734 imo
1136 699 1360 749 virginitatis

363 761 506 807 insigne
543 759 759 808 speculum,
791 757 981 807 pudicitiae
1014 758 1160 802 titulus,
1183 759 1359 795 eastitatis

363 819 595 868 exemplum.
615 822 784 855 Joannes
805 826 960 865 martyr,
983 816 1047 853 sed
1069 825 1273 866 martyrum
1298 819 1357 854 lu-

365 891 467 923 men,
488 879 584 914 inter
605 877 837 913 nativitatem
863 884 1098 925 mortemque
1118 877 1251 914 Christi
1275 890 1361 913 con-

364 938 580 974 stantissimi
605 937 724 973 forma
747 936 932 985 martyrii.
963 940 1150 973 Praetereo
1175 937 1263 985 quia
1287 949 1361 973 vox

1425 417 1542 451 usque
1576 403 1621 438 ad
1655 407 1838 439 Joanncm
1879 408 1955 441 Lex
1990 413 2026 440 et
2059 405 2277 454 Proplietae,
2309 409 2412 456 quod

1423 466 1586 499 Joaunes
1609 463 1687 511 ipse
1707 471 1762 498 cst
1782 463 1878 499 Elias
1891 492 1899 508 ,
1922 464 2024 513 quod
2047 465 2197 501 lucerna
2216 466 2262 501 sit
2279 467 2415 504 ardens

1425 531 1463 558 ct
1499 523 1653 567 lucens;
1686 522 1788 570 quod
1823 523 1963 560 amicus
1999 524 2044 559 sit
2081 526 2234 573 sponsi,
2267 538 2414 575 sponsae

1427 590 1671 631 praeparator.
1702 582 1858 618 Silentio
1890 591 2039 619 transeo
2070 584 2170 632 quod
2203 585 2254 621 sic
2277 598 2412 622 novem

1426 640 1622 678 ordinibus
1644 642 1873 691 Angelorum
1902 643 2062 679 insertus
2079 652 2152 689 est,
2176 652 2217 680 ut
2233 645 2344 680 etiam
2368 644 2414 681 ad

1425 701 1618 749 Seraphim
1638 701 1780 749 apicem
1803 702 2057 738 transferatur.
2077 706 2214 739 Verum
2233 703 2302 739 hoc
2319 703 2413 741 adeo

1427 759 1601 796 laboriosi
1623 760 1747 809 operis
1766 768 1843 805 cst,
1866 769 1906 796 ut
1928 773 2057 797 sensus
2078 762 2194 798 nostri
2216 771 2415 812 paupertas

1426 832 1502 854 non
1520 820 1690 856 sufficiat.
1711 820 1904 856 Sufficiant
1923 820 2002 856 liaec
2022 821 2068 856 ad
2088 834 2252 870 praesens
2269 835 2352 871 quae
2370 822 2417 858 de

1424 878 1580 914 Joannis
1615 878 1723 914 laude
1750 878 1847 914 dicta
1876 887 1963 915 sunt
1995 879 2041 916 ad
2073 881 2228 929 gloriam
2256 881 2414 918 Redem-

1426 938 1564 987 ptoris‚
1584 938 1648 987 qui
1669 947 1724 974 est
1743 937 1964 975 benedictus
1983 939 2021 975 in
2043 940 2188 976 saecula.
2210 944 2345 978 Amen.

482 1225 564 1290 IN
615 1220 1187 1290 ASSUMPTIONE
1242 1217 1529 1286 BEATAE
1579 1217 1864 1287 MARIAE
1914 1221 2300 1305 VtRGtNIS,

1269 1400 1529 1448 SERMO.

1363 1548 1394 1557 s·—

421 1700 492 1738 Hic
518 1712 667 1745 sermo,
696 1695 861 1735 antehac
887 1696 1052 1746 quintus
1076 1696 1177 1732 inter
1204 1693 1391 1732 Bernardi
1421 1693 1627 1733 Sermones
1646 1694 1694 1733 de
1725 1695 2000 1747 Assumptione
2025 1697 2200 1748 Deiparae
2224 1697 2418 1751 Virginis,

369 1767 408 1803 iu
434 1765 539 1803 hunc
559 1763 690 1801 locuni
723 1760 955 1812 rejiciendus
982 1761 1087 1799 visus
1119 1768 1193 1806 est;
1223 1768 1359 1812 utpote
1389 1760 1458 1811 qui
1486 1760 1525 1797 in
1549 1762 1824 1812 manuscriptis
1851 1775 1929 1800 non
1956 1770 2078 1800 exstat
2104 1764 2206 1802 inter
2230 1765 2421 1816 genuinos

373 1830 492 1866 sancti
514 1828 640 1866 Patris
660 1826 868 1864 Sermones
887 1841 896 1862 :
919 1826 970 1863 sic
984 1837 1078 1863 vero
1097 1824 1136 1861 in
1157 1823 1328 1862 editione
1344 1824 1596 1876 Lugdunensi
1617 1825 1708 1862 anni
1730 1825 1844 1873 1514,
1861 1827 1901 1862 in
1918 1840 1997 1876 qua
2011 1834 2143 1865 tamen
2160 1828 2261 1867 inter
2274 1826 2420 1866 nothos

369 1893 500 1931 denuo
521 1893 726 1943 repetitur.
750 1890 932 1929 Tertium
951 1887 1141 1927 Bernardi
1160 1888 1209 1926 de
1230 1888 1406 1927 Ecclesiae
1427 1888 1678 1928 Dedicatione
1698 1902 1918 1928 sermonem
1938 1889 2018 1929 fere
2040 1891 2232 1930 imitatur.

415 2187 450 2214 In
473 2182 676 2223 Evangelium
699 2183 810 2218 Lucre,
839 2179 971 2210 Intravit
989 2182 1080 2209 Jesus
1099 2179 1132 2209 in
1156 2177 1314 2224 quoddam

559 2234 744 2271 castellum,
765 2241 826 2265 etc.
849 2236 925 2276 Cap.
948 2245 991 2272 x,
1008 2232 1047 2270 ἦ.
1063 2235 1178 2265 38-42.

428 2363 457 2396 1.
483 2359 593 2407 Quod
619 2359 804 2395 Dominus
830 2371 872 2393 ac
902 2358 1073 2394 Salvator
1096 2366 1224 2393 noster
1252 2358 1365 2393 semel

369 2420 455 2456 etin
474 2432 550 2455 uno
573 2419 657 2453 loco
674 2417 873 2453 visibiliter
892 2425 980 2452 tunc
999 2417 1176 2465 temporis
1194 2417 1366 2464 dignatus

371 2488 426 2515 cst
447 2477 616 2528 operari3
633 2477 704 2512 lioc
722 2476 833 2512 etiam
851 2489 953 2512 nunc
974 2475 1113 2524 ubique
1130 2484 1311 2511 terrarum
1327 2476 1365 2511 in

370 2537 547 2573 cordibus
564 2537 768 2572 electorum
788 2544 966 2584 operatur
982 2534 1153 2584 quotidie
1173 2534 1367 2571 invisibili-

371 2607 439 2633 ter.
464 2600 554 2633 Ecce
577 2596 676 2631 enim
703 2595 906 2644 Evangelio
928 2595 1106 2643 loquente
1129 2594 1363 2639 audivimus,

369 2656 471 2705 quod
501 2661 536 2690 iu
570 2656 756 2702 quoddam
789 2657 979 2689 castellnm
1010 2658 1161 2689 intravit
1183 2656 1310 2697 lesus,
1332 2663 1367 2688 et

371 2719 503 2752 mulier
519 2716 695 2762 quiedam
719 2714 871 2748 stlarclia
891 2717 1040 2749 nomine
1062 2717 1208 2760 excepit
1228 2715 1332 2748 illum
1354 2728 1365 2748 .·

370 2784 406 2811 ct
430 2774 584 2823 reliqua.
615 2772 724 2820 Quod
748 2781 803 2809 cst
823 2780 946 2808 autem
969 2771 1038 2807 lioc
1062 2771 1275 2816 casu-llum,
1297 2771 1366 2807 nisi

371 2848 436 2871 cor
453 2835 658 2870 humanum
670 2861 678 2877 ,
693 2832 793 2881 quod
810 2832 914 2881 prius
930 2845 1042 2880 quam
1062 2831 1247 2867 Dominus
1260 2830 1306 2866 ad
1324 2831 1367 2866 il-

370 2894 433 2929 lud
456 2894 598 2937 veniat,
621 2892 836 2941 cupiditatis
862 2893 958 2927 [ossa
980 2891 1156 2935 vallatur,
1183 2903 1368 2939 muroque

1220 2042 1500 2065 ''00009—

1380 2182 1408 2216 B
1425 2187 1463 2215 et
1477 2179 1590 2230 hujus
1607 2179 1746 2217 castelli
1764 2179 1896 2215 incolae
1914 2177 2055 2214 victum
2074 2177 2231 2226 liabent,
2244 2180 2421 2231 volupta-

1434 2249 1507 2277 tem
1532 2240 1721 2290 eorporiS,
1743 2248 1779 2275 et
1802 2238 1926 2276 saeculi
1950 2237 2173 2285 vanitatem,
2199 2239 2336 2288 quibus
2355 2254 2424 2290 pa-

1433 2309 1601 2337 scuntur.
1615 2299 1764 2337 Habent
1781 2308 1816 2335 et
1833 2312 1907 2348 qua
1926 2306 2121 2345 teguntur,
2140 2299 2283 2348 proprii
2301 2300 2424 2337 cordis

1433 2359 1626 2403 duritiam3
1646 2367 1686 2394 ut
1705 2357 1810 2393 verbi
1836 2356 1905 2393 Dei
1931 2356 2070 2404 sagittis
2097 2357 2315 2405 potentibus
2338 2359 2421 2403 vix,

1432 2426 1495 2454 aut
1523 2430 1715 2466 nunquam
1743 2415 1932 2465 penetrari
1961 2415 2119 2450 valeant.
2140 2417 2306 2452 Accincti
2336 2426 2424 2454 sunt

1432 2477 1566 2522 armis,
1595 2476 1751 2513 carnalis
1780 2474 1919 2511 scilicet
1950 2473 2140 2522 sapientiae
2170 2477 2421 2523 argumentis,

1432 2536 1568 2586 quibus
1581 2544 1711 2573 contra
1727 2535 1852 2571 hostes
1870 2540 2092 2582 repugnant.
2112 2533 2222 2570 Unde
2241 2535 2421 2584 scriptum

1432 2604 1486 2632 est
1504 2611 1511 2633 ε
1532 2598 1626 2631 Filii
1644 2595 1749 2640 liujus
1764 2595 1896 2629 saeculi
1903 2593 2162 2640 prudentiores
2165 2593 2262 2638 filiis
2281 2596 2371 2630 lucis
2387 2599 2423 2630 in

1430 2659 1672 2704 generatione
1690 2667 1760 2689 sua
1784 2662 1870 2688 sunt
1887 2658 1914 2689 ².

1485 2716 1517 2751 2.
1542 2719 1588 2752 At
1611 2726 1702 2750 vero
1729 2713 1876 2751 Clu-isto
1896 2713 2070 2749 visitante
2094 2720 2132 2749 et
2155 2712 2339 2758 intrante,
2359 2726 2424 2749 ca-

1432 2775 1579 2811 stellum
1610 2773 1679 2809 hoc
1703 2772 1898 2818 evertitur,
1923 2780 1959 2808 et
1986 2784 2056 2821 pro
2085 2784 2129 2808 eo
2156 2784 2297 2808 novum
2323 2771 2424 2808 aliud

1433 2833 1630 2883 pulchrum
1647 2846 1689 2868 ac
1704 2832 1897 2881 spirituale
1913 2831 2157 2877 construitur,
2172 2831 2423 2880 impleturque

1433 2892 1534 2941 quod
1553 2892 1690 2928 dicitur
1708 2906 1714 2926 :
1736 2892 1775 2926 Sc·
1796 2905 1870 2938 qua
1893 2895 1931 2926 ite
1960 2891 2097 2926 Cleria‘to
2123 2903 2213 2925 ηονα
2233 2899 2422 2934 creatura,

369 2951 632 2989 obstinationis
649 2951 846 2993 clauditur,
867 2959 978 3000 atque
998 2951 1033 2986 in
1050 2949 1219 2986 interiori
1238 2950 1365 2986 latitu—
1388 2955 1415 2990 C
1434 2961 1559 2987 vetera
1580 2954 1830 2993 transier1mt;
1849 2959 1885 2985 et
1899 2948 2096 2997 eccefacta
2111 2957 2195 2984 sunt
2213 2952 2336 2983 omnia
2356 2962 2425 2983 no-

370 3013 456 3048 dine
477 3025 563 3055 sua,
587 3010 812 3058 Babylonica
837 3018 939 3045 turre
958 3010 1133 3058 erigitur?
1155 3009 1240 3045 Tria
1267 3018 1366 3046 certe

370 3072 406 3106 iu
425 3071 527 3107 omni
546 3070 689 3118 oppido
705 3078 790 3105 sunt
806 3070 965 3105 maxime
982 3068 1188 3105 necessaria
1204 3083 1210 3104 :
1228 3069 1367 3105 victua—

370 3128 436 3172 lia,
459 3126 594 3175 quibus
629 3135 902 3171 sttsteutcutur;
929 3126 1108 3169 munitio,
1131 3139 1205 3174 qua
1235 3136 1366 3174 prote—

371 3196 524 3236 gantur,
540 3199 655 3230 arma,
668 3186 804 3234 quibus
821 3186 990 3222 hostibus
1003 3187 1185 3222 resistant.
1204 3187 1260 3222 Sic
1277 3200 1366 3236 ergo

425 3308 431 3322 ¹
457 3301 568 3332 Mauh.
588 3313 641 3339 xi,
662 3305 756 3333 tO.-—
779 3307 789 3322 ²
810 3305 882 3332 Luc.
901 3312 974 3338 xvi,
999 3304 1027 3331 8.
1047 3318 1088 3323 -
1111 3299 1123 3323 3
1146 3303 1175 3331 11
1191 3302 1261 3332 Cor.
1279 3312 1309 3337 v,
1336 3302 1383 3331 17.

1432 3008 1508 3046 011³.
1532 3009 1681 3047 Sublata
1709 3009 1851 3058 quippe
1872 3009 2096 3058 cupiditate,
2115 3007 2341 3057 expanditur
2367 3007 2425 3043 in-

1432 3082 1523 3118 gens
1542 3069 1645 3105 sinus
1668 3068 1840 3104 desiderii
1854 3084 1863 3114 3
1878 3076 1917 3104 ut
1938 3067 1983 3103 ad
2001 3067 2080 3116 ejus
2098 3067 2300 3103 adventum
2326 3066 2425 3102 mul-

1434 3136 1472 3164 to
1492 3128 1606 3177 magis
1623 3127 1769 3164 anhelet
1795 3140 1899 3164 mens
1919 3126 1964 3162 ad
1981 3127 2162 3171 coelestia,
2185 3138 2296 3174 quam
2319 3125 2424 3174 prius

1435 3187 1593 3224 terrenis
1614 3185 1846 3223 incubuerat.
1869 3190 1950 3223 Jam
1977 3186 2132 3235 ponitur
2153 3197 2280 3221 murus
2300 3185 2422 3221 conti-
