2418 3949
669 118 903 154 EPISTOLA
931 118 998 152 AD
1027 118 1246 153 FRATRES
1276 119 1340 152 DE
1370 120 1650 154 MONTE-DEI.

1125 190 1175 209 22⁷

133 115 208 151 469
2117 120 2192 155 470

132 193 409 242 formatumque
426 192 612 242 quidquid
630 193 724 229 illud
741 201 797 230 est
815 192 1028 230 intellectus
1049 192 1115 229 ad·
1188 193 1235 230 ad
1254 207 1364 231 usum
1382 196 1468 232 vitae
1487 196 1598 244 hujus
1625 211 1632 232 :
1660 197 1721 246 pia
1735 225 1744 241 ,
1765 197 1932 234 efficaces
1956 196 2002 233 ad
2024 197 2189 233 fructum

131 249 237 286 hibet
255 250 344 287 aciei
363 251 580 300 cogitantis,
595 260 632 288 et
648 252 700 288 sic
720 252 913 302 peragitur
929 251 1123 301 negotium
1139 251 1172 284 A
1190 254 1369 303 Spiritus,
1393 263 1430 291 et
1460 256 1507 291 ad
1536 256 1736 292 fruendum
1757 260 1850 293 Deo.
1878 258 2034 292 Fructus
2062 264 2187 292 autem

130 309 382 359 cogitationis.
1190 314 1348 360 Spiritus
1375 323 1479 358 sunt,
1509 315 1604 351 sicut
1632 316 1837 365 Apostolus
1866 315 1972 361 dicit,
2004 315 2184 358 charitas,

1183 385 1285 420 paz,
1307 375 1487 420 gaudium
1503 401 1513 417 ,
1540 379 1746 422 patientia,
1775 378 2056 423 longanimitas,
2079 374 2187 409 bom·-

482 435 658 473 CAPUT
687 436 765 474 111.

188 542 326 574 Tertium
341 548 456 574 statum
469 542 541 573 vitae
556 541 704 583 religiosae
715 566 724 581 ,
742 542 774 573 id
789 548 835 574 est
848 541 1038 585 spiritualem
1054 567 1061 579 ,

556 596 700 638 explicat.

183 721 242 758 14.
262 723 355 758 Cum
369 733 461 756 vero
479 719 525 756 de
538 720 595 756 his
608 733 691 768 quae
709 719 756 756 de
770 724 850 758 Deo
866 721 924 757 vel
937 721 984 757 ad
997 725 1117 758 Deum

131 788 220 817 sunt
238 779 441 828 cogitatur,
466 786 505 814 et
527 778 704 814 voluntas
723 792 768 815 eo
787 779 938 828 proficit
953 788 995 816 ut
1015 793 1121 816 amor

126 840 209 886 fiat3
232 838 417 876 continuo
434 850 502 887 per
521 837 619 873 viam
636 837 775 874 amoris
796 838 961 874 infundit
979 851 1018 875 se
1033 839 1119 888 Spi-

125 899 220 935 ritus
239 905 388 938 sanctus
402 925 412 941 ,
431 896 584 945 spiritus
603 895 689 931 vitae
705 909 714 940 ;
731 904 768 931 et
786 897 913 932 omnia
935 897 1118 944 vivificat,

1189 441 1258 475 las,
1269 432 1490 479 benignitus,
1504 437 1760 478 mansuetum),
1771 435 1879 478 fides,
1894 436 2089 477 modestitr,
2101 447 2186 469 con-

1187 494 1357 535 tinentia,
1367 495 1514 526 castitas
1526 498 1548 527 ¹.
1561 495 1606 528 Et
1619 492 1655 527 in
1669 493 1771 528 omni
1787 506 1922 542 genere
1932 493 2183 543 cogitationis,

1187 549 1316 585 omnia
1329 562 1574 598 quaecumque
1593 550 1772 599 cogitanti
1791 560 2013 596 occurrunt,
2031 551 2184 588 consor—

1187 616 1338 644 mantur
1349 609 1547 644 intentioni
1560 610 1779 654 voluntatis,
1791 612 1968 658 agentein
1983 611 2186 647 eismiseri-

1187 668 1314 704 cordia
1326 667 1514 716 etjudicio
1526 669 1611 712 Dei,
1622 677 1664 704 ut
1675 668 1800 717 justus
1809 669 2033 717 justificetur
2044 671 2179 715 adhuc,

1185 727 1293 776 etqui
1308 727 1345 763 in
1361 726 1536 763 sordibus
1549 736 1603 763 est
1625 728 1814 765 sordescat
1831 728 1951 765 adhuc
1964 736 1989 765 ².
2006 730 2096 766 Ideo
2116 731 2184 766 bo-

1185 786 1278 828 mini
1303 788 1423 822 Deum
1441 799 1565 822 amare
1578 787 1741 831 volenti,
1756 782 1900 835 veljam
1912 787 2049 823 amanti
2068 816 2077 831 ,
2094 801 2184 825 suus

1187 859 1336 895 semper
1362 845 1618 882 consulendus
1640 854 1695 882 est
1731 846 1896 891 animus,
1934 847 2183 883 examinanda

1185 905 1427 951 conscientia,
1441 906 1531 955 quid
1544 907 1591 942 sit
1606 905 1708 954 quod
1725 906 1763 942 in
1786 914 1906 942 totum
1924 907 2025 950 vult,
2043 915 2079 943 et
2094 921 2182 957 pro-

125 956 311 1005 adjuvans
327 969 393 992 seu
412 957 450 991 in
475 955 647 991 oratione
660 982 670 999 2
702 968 767 991 5θῦ
785 955 824 990 in
845 955 1091 993 meditatione
1108 985 1118 1002 ‚
1142 964 1168 997 B
1190 972 1274 1012 pter
1291 963 1394 1012 quod
1412 965 1516 1000 vult:
1535 964 1721 1013 quidquid
1737 964 1839 1001 aliud
1855 965 2097 1015 vultspiritus
2119 967 2180 1002 vel

124 1030 189 1054 seu
212 1017 250 1053 in
276 1024 436 1053 tractatu
455 1015 711 1051 infirmitatem
727 1014 938 1064 cogitantis.
963 1019 1009 1051 Et
1027 1030 1119 1052 con-

123 1077 230 1114 tinuo
246 1075 427 1113 memoria
446 1075 605 1111 efficitur
624 1075 807 1124 sapientia
819 1103 829 1120 ,
847 1088 931 1110 cum
952 1076 1118 1113 suaviter

122 1138 156 1173 ei
183 1137 335 1187 sapiunt
353 1135 455 1172 bona
482 1135 575 1181 Dei,
593 1143 631 1171 et
650 1134 753 1184 quod
773 1148 820 1171 ex
839 1135 892 1171 eis
912 1135 1116 1184 cogitatum

121 1205 178 1234 est
192 1193 436 1233 ⁴formandum
467 1196 506 1232 in
527 1196 687 1240 affectu,
720 1194 875 1231 adhibet
894 1195 1114 1233 intellectui.

120 1256 336 1293 Intellectus
354 1268 447 1292 vero
463 1255 663 1305 cogitantis
677 1283 686 1300 ,
709 1254 871 1291 efficitur
884 1255 1118 1304 contempla-

121 1316 173 1353 tio
194 1316 376 1360 amantis,
399 1324 436 1352 et
455 1315 624 1352 formans
639 1314 732 1351 illud
751 1315 789 1350 in
805 1313 985 1363 quasdam
1005 1315 1118 1364 spiri-

121 1376 231 1413 tualis
242 1404 253 1422 ,
271 1375 333 1412 vel
351 1374 487 1411 divinae
501 1374 694 1410 suavitatis
710 1373 963 1423 experientias
974 1401 984 1419 ,
1001 1374 1116 1410 afficit

120 1448 167 1471 ex
186 1435 239 1472 eis
259 1434 376 1471 aciem
393 1433 616 1484 cogitantis3
637 1433 698 1469 illa
720 1445 812 1469 vero
838 1433 1001 1468 efficitur
1019 1446 1114 1483 gau-

120 1495 224 1531 dium
244 1493 413 1531 fruentis.
443 1496 488 1530 Et
517 1501 607 1529 tunc
629 1492 676 1528 de
695 1496 775 1529 Deo
802 1491 900 1528 bene
929 1493 1115 1542 cogitatur

118 1553 326 1590 secundum
347 1552 554 1589 humanum
572 1551 727 1588 modum
744 1566 754 1597 ;
777 1552 806 1588 si
830 1559 953 1588 tamen
971 1553 1114 1601 cogita-

119 1612 172 1649 tio
192 1611 351 1649 dicenda
368 1619 443 1656 est,
467 1610 531 1647 ubi
564 1611 616 1647 nil
637 1611 738 1660 cogit
757 1623 826 1646 nec
853 1611 1023 1660 cogitur,
1047 1610 1113 1647 sed

118 1669 380 1707 tantummodo
406 1670 445 1706 in
473 1670 692 1706 memoriam
718 1669 959 1706 abundantiae
982 1671 1112 1707 suavi-

1184 1023 1285 1068 odit,
1317 1023 1504 1072 quidquid
1532 1032 1664 1060 contra
1695 1024 1788 1060 illud
1816 1037 1903 1060 caro
1935 1026 2176 1074 concupiscit.

1182 1082 1396 1120 Incidentes
1421 1083 1520 1120 enim
1550 1083 1657 1132 quasi
1674 1084 1905 1120 extrinsecus
1929 1093 1965 1119 et
1989 1083 2178 1120 deceden—

1183 1149 1237 1177 tes
1258 1141 1502 1190 cogitationes
1522 1147 1551 1186 ²,
1574 1150 1612 1177 et
1640 1142 1978 1191 praetervolitantes
2009 1142 2183 1178 volunta-

1184 1208 1237 1236 tes
1251 1228 1259 1244 ,
1284 1199 1422 1249 quibus
1442 1200 1558 1237 modo
1577 1201 1678 1247 vult,
1699 1201 1814 1237 modo
1830 1214 1905 1237 non
1923 1201 2024 1247 vult,
2041 1215 2180 1250 nequa-

1183 1272 1294 1308 quam
1321 1260 1420 1296 inter
1447 1261 1680 1306 voluntates,
1709 1261 1774 1298 sed
1796 1274 1893 1310 pene
1919 1261 2018 1297 inter
2041 1262 2180 1298 otiosas

1184 1318 1410 1368 deputanda?
1453 1328 1540 1356 sunt
1573 1321 1830 1370 cogitationes.
1872 1323 1964 1356 Nam
2003 1321 2072 1356 etsi
2105 1321 2178 1357 ali—

1184 1377 1335 1427 quando
1367 1378 1463 1414 fiunt
1491 1391 1610 1427 usque
1640 1379 1687 1415 ad
1725 1378 2009 1415 delectationem
2041 1380 2176 1425 animi,

1180 1438 1255 1474 cito
1279 1446 1401 1474 tamen
1427 1438 1515 1474 inde
1538 1451 1576 1474 se
1601 1439 1742 1475 excutit
1767 1439 1914 1475 animus
1936 1452 2089 1488 compos
2106 1440 2176 1477 sui.

1181 1497 1292 1544 Quod
1310 1506 1433 1533 autem
1457 1498 1494 1533 in
1517 1506 1637 1534 totum
1656 1499 1756 1543 vult,
1784 1499 1906 1548 primo
1932 1499 2179 1536 considerau-

1180 1556 1269 1592 dum
1291 1565 1347 1592 est
1362 1557 1393 1592 ei
1416 1556 1507 1604 quid
1527 1557 1618 1593 illud
1638 1557 1683 1593 sit
1699 1557 1801 1606 quod
1819 1557 1869 1593 sic
1885 1558 1994 1603 velit3
2018 1557 2177 1605 deinde,

1180 1623 1363 1663 quantum
1384 1615 1496 1660 velit,
1518 1624 1554 1650 et
1573 1615 1768 1664 quomodo
1799 1616 1901 1651 velit.
1939 1616 1974 1653 Si
2004 1616 2107 1665 quod
2137 1617 2175 1653 in

1180 1681 1300 1710 totum
1317 1674 1420 1720 vult,
1440 1677 1538 1710 Deus
1549 1682 1624 1710 est:
1642 1673 1920 1710 discutiendum
1933 1683 1989 1710 cst
2003 1676 2035 1711 ei
2054 1679 2174 1712 Deum

117 1730 200 1767 tatis
216 1730 285 1767 Dei
303 1729 531 1774 exsultatur,
557 1729 763 1778 jubilatur,
784 1738 821 1766 et
841 1743 930 1766 vere
953 1730 1113 1767 sentitur
1133 1736 1159 1772 C
1179 1742 1361 1783 quantum
1383 1742 1419 1770 et
1438 1733 1632 1782 quomodo
1665 1734 1776 1779 velit,
1797 1742 1834 1770 et
1855 1742 1981 1770 utrum
1999 1748 2118 1783 usque
2138 1735 2177 1771 in

116 1789 164 1825 de
190 1801 236 1826 eo
256 1789 293 1826 in
320 1788 510 1834 bonitate,
533 1788 581 1825 ab
611 1802 680 1835 co,
710 1790 775 1838 qui
807 1789 845 1826 in
875 1790 1111 1839 simplicitate

115 1849 239 1886 cordis
255 1850 429 1899 quaesivit
451 1849 569 1885 illum.
591 1849 663 1887 Sed
687 1849 825 1886 modus
842 1850 900 1886 hic
922 1850 1110 1900 cogitandi

117 1908 163 1945 de
194 1913 275 1946 Deo
296 1922 372 1945 non
396 1917 452 1946 cst
479 1909 517 1945 in
547 1908 704 1946 arbitrio
733 1911 952 1959 cogitantis,
974 1910 1038 1947 sed
1073 1911 1110 1947 in

116 1969 235 2018 gratia
255 1969 454 2006 donantis:
473 1969 611 2005 scilicet
641 1983 725 2006 cum
757 1970 917 2019 Spiritus
938 1979 1108 2016 sanctus,

118 2030 182 2077 qui
204 2028 269 2065 ubi
289 2029 372 2065 vult
399 2029 539 2078 spirat,
562 2029 715 2078 quando
736 2030 838 2075 vult,
858 2038 895 2065 et
914 2030 1109 2079 quomodo

118 2088 223 2134 vult,
258 2096 295 2124 et
320 2087 457 2136 quibus
487 2089 587 2133 vult,
617 2088 655 2124 in
682 2088 753 2124 hoc
772 2089 922 2138 aspirat.
945 2089 1017 2127 Sed
1043 2090 1110 2126 ho-

118 2148 230 2185 minis
257 2156 313 2184 est
341 2146 482 2197 jugiter
515 2160 728 2197 praeparare
757 2161 841 2193 cor,
876 2149 1109 2184 voluntatem

115 2207 354 2256 expediendo
386 2207 434 2243 ab
455 2206 718 2244 affectionibus
743 2207 894 2253 alienis,
926 2208 1108 2244 rationem

116 2266 172 2302 vel
203 2265 435 2302 intellectum
467 2278 487 2302 a
516 2265 857 2311 sollicitudinibus,
888 2267 1107 2303 memoriam

113 2324 161 2361 ab
181 2325 312 2362 otiosis
336 2334 374 2362 et
393 2326 614 2376 negotiosis,
631 2339 905 2375 nonnunquam
930 2335 967 2363 et
991 2341 1011 2363 a
1039 2340 1109 2363 ne-

113 2385 280 2423 cessariis
293 2385 624 2435 occupationibus;
642 2386 735 2422 utin
750 2386 810 2422 die
823 2385 923 2423 bona
938 2387 1106 2432 Domini,

115 2445 206 2481 etin
224 2445 318 2482 hora
332 2444 559 2495 beneplaciti
580 2445 680 2494 ejus,
694 2459 778 2482 cum
798 2445 959 2482 audierit
974 2460 1106 2483 vocem

1178 1801 1437 1842 contemptum
1461 1793 1517 1829 sui
1548 1793 1682 1842 ipsius,
1717 1795 1967 1842 omniumque
1986 1807 2070 1842 quae
2091 1803 2179 1830 sunt

1179 1853 1235 1889 vel
1252 1865 1331 1889 esse
1351 1860 1532 1902 possunt3
1557 1860 1594 1888 et
1614 1852 1684 1888 hoc
1706 1866 1783 1888 non
1807 1861 1949 1888 tantum
1969 1865 2015 1889 ex
2029 1853 2174 1901 judicio

1177 1912 1333 1948 rationis
1347 1940 1356 1956 ,
1377 1911 1442 1947 sed
1458 1912 1568 1948 etiam
1581 1925 1626 1947 ex
1641 1912 1777 1948 affectu
1800 1912 1935 1947 mentis
1951 1926 1958 1947 :
1975 1911 2096 1960 ntjam
2107 1925 2176 1948 vo-

1176 1972 1298 2007 luntas
1316 1972 1400 2021 plus
1412 1984 1524 2020 quam
1543 1972 1718 2008 voluntas
1730 1972 1789 2016 sit,
1807 1980 1848 2007 ut
1865 1985 1971 2008 amor
1981 1972 2027 2008 sit
2041 2000 2050 2016 ,
2062 1972 2174 2008 utdi-

1177 2031 1286 2067 lectio
1309 2032 1375 2076 sit,
1394 2040 1435 2067 ut
1452 2032 1498 2067 sit
1514 2031 1694 2076 charitas,
1710 2032 1756 2067 sit
1784 2032 1907 2068 unitas
1927 2032 2092 2081 spiritus.
2116 2032 2174 2068 Sic

1177 2091 1275 2126 enim
1296 2090 1507 2141 diligendus
1525 2099 1580 2126 est
1596 2094 1709 2127 Deus.
1730 2094 1863 2139 Magna
1880 2091 1979 2127 enim
2001 2092 2176 2129 voluntas

1176 2149 1222 2185 ad
1240 2152 1357 2185 Deum
1375 2177 1384 2194 ,
1400 2163 1506 2186 amor
1522 2158 1596 2194 est;
1618 2150 1769 2186 dilectio
1782 2179 1791 2195 ,
1806 2149 1969 2186 adhaesio
1986 2151 2063 2187 sive
2082 2165 2176 2188 con-

1172 2207 1343 2256 junctim
1374 2209 1558 2254 charitas,
1581 2209 1720 2245 fruitio.
1749 2210 1884 2246 Unitas
1911 2222 2002 2246 vero
2022 2210 2176 2259 spiritus

1177 2281 1261 2303 cum
1274 2271 1354 2304 Deo
1372 2268 1516 2304 bomini
1528 2282 1677 2305 sursum
1693 2282 1760 2306 cor
1780 2269 1956 2315 habenti,
1979 2271 2176 2319 prolicien-

1176 2327 1221 2364 tis
1241 2327 1279 2363 in
1308 2330 1428 2364 Deum
1455 2328 1662 2365 voluntatis
1683 2337 1739 2365 cst
1771 2329 1971 2379 perfectio,
1993 2343 2076 2365 cum
2094 2329 2172 2378 jam

1174 2400 1252 2423 non
1269 2387 1509 2424 solummodo
1522 2388 1603 2424 vult
1616 2388 1719 2437 quod
1732 2392 1835 2425 Deus
1851 2389 1932 2424 vult
1947 2416 1955 2432 ,
1974 2388 2037 2425 scd
2051 2389 2102 2425 sic
2119 2398 2174 2426 est

1175 2459 1250 2483 non
1270 2455 1414 2483 tantum
1427 2447 1603 2492 affectus,
1622 2448 1736 2484 sedin
1751 2449 1886 2484 affectu
1905 2449 2111 2498 perfectus,
2134 2458 2174 2485 ut

112 2505 268 2554 spiritus
285 2505 483 2554 spirantis,
502 2518 544 2542 ea
561 2518 646 2554 quae
665 2505 930 2555 cogitationem
954 2506 1106 2551 faciunt,
1129 2512 1160 2546 D
1175 2519 1249 2542 non
1267 2506 1385 2555 possit
1400 2507 1496 2543 velle
1514 2507 1698 2556 nisiquod
1714 2508 1916 2544 Deusvult.
1937 2508 2171 2545 Vellcautcm

111 2564 294 2601 continuo
325 2563 443 2601 libere
474 2573 702 2601 concurrant
720 2564 812 2610 sibi,
835 2573 872 2602 et
892 2578 1103 2615 cooperen-

112 2632 172 2660 tur
201 2624 237 2660 in
260 2622 403 2661 bonum
421 2652 430 2669 ‚
465 2632 501 2660 et
524 2624 631 2673 quasi
653 2623 866 2672 symbolum
901 2624 1034 2660 faciant
1065 2625 1101 2660 in

109 2683 286 2733 gaudium
301 2683 498 2734 cogitantis
515 2698 522 2719 ε
543 2684 718 2720 voluntas
733 2683 948 2720 exhibendo
965 2684 1000 2719 in
1015 2696 1103 2733 gan-

111 2743 212 2780 dium
248 2744 402 2780 Domini
433 2757 565 2793 puram
599 2743 860 2790 affectionem3
899 2744 1079 2780 memoria
1093 2773 1102 2790 ,

109 2803 302 2840 materiam
318 2803 489 2849 ssdelem5
515 2803 742 2849 intellectus,
763 2803 1006 2853 experientias
1025 2817 1105 2841 sua·

107 2863 273 2899 vitatem.

166 2923 223 2960 15.
244 2922 302 2960 Sic
318 2935 407 2972 ergo
423 2922 597 2958 voluntas
618 2923 784 2972 neglecta
807 2922 893 2958 facit
909 2922 1104 2970 cogitatio—

107 2995 174 3018 nes
207 2982 362 3028 otiosas,
393 2989 431 3017 et
458 2981 628 3032 indignas
657 2985 976 3031 Deozcorrnpta,
1011 2995 1101 3030 per—

107 3053 252 3086 versas,
274 3054 358 3090 quae
377 3048 553 3090 separant
570 3054 590 3076 a
612 3044 690 3077 Deo
710 3055 716 3076 ι
736 3050 852 3086 recta,
875 3041 1102 3077 necessarias

1171 2565 1273 2613 quod
1297 2568 1395 2602 Deus
1408 2566 1511 2611 vult,
1534 2567 1604 2602 hoc
1615 2575 1668 2602 est
1685 2566 1762 2615 jam
1782 2567 1940 2603 similem
1963 2571 2043 2603 Deo
2064 2582 2144 2604 csse
2163 2583 2171 2604 :

1171 2637 1246 2660 non
1266 2638 1373 2674 posse
1388 2625 1484 2661 velle
1499 2626 1568 2662 nisi
1581 2625 1684 2674 quod
1703 2630 1804 2662 Deus
1819 2626 1919 2670 vult,
1937 2627 2008 2662 hoc
2024 2636 2078 2663 cst
2091 2627 2170 2675 jam

1169 2697 1249 2720 csse
1271 2683 1374 2732 qnod
1390 2687 1490 2720 Deus
1513 2693 1591 2728 est,
1611 2685 1671 2720 cui
1696 2686 1793 2721 velle
1814 2694 1850 2721 ct
1867 2699 1967 2729 csse,
1992 2686 2028 2722 id
2047 2687 2169 2736 ipsum

1170 2751 1239 2780 cst.
1263 2743 1373 2780 [nde
1392 2742 1488 2780 bcne
1509 2743 1666 2788 dicitur,
1691 2745 1792 2792 quod
1823 2753 1911 2781 tunc
1932 2746 2042 2795 plene
2064 2749 2171 2781 ride—

1173 2801 1290 2837 bimus
1309 2816 1388 2837 cum
1410 2806 1519 2837 sicuti
1552 2812 1623 2846 est,
1655 2817 1736 2838 cum
1759 2806 1900 2838 slmiles
1931 2809 1965 2839 ei
1992 2804 2172 2850 eritmes33

1172 2862 1244 2898 lioc
1258 2870 1335 2906 est,
1353 2862 1494 2898 crimus
1512 2862 1614 2911 quod
1636 2863 1716 2912 ipse
1734 2872 1802 2900 est.
1823 2862 1970 2910 Quibus
1988 2865 2087 2900 cnim
2110 2878 2173 2914 po-

1172 2929 1282 2958 testas
1306 2921 1391 2957 data
1415 2929 1469 2958 cst
1490 2922 1585 2958 lilios
1603 2923 1670 2958 Dei
1689 2923 1788 2968 ficri,
1811 2922 1895 2959 data
1912 2932 1967 2960 est
1984 2932 2169 2973 potestas,

1171 2994 1246 3016 non
1270 2980 1421 3030 quidem
1444 2990 1483 3017 ut
1501 2982 1575 3017 sint
1591 2985 1692 3019 Deus
1707 3011 1716 3027 ‚
1747 2983 1811 3020 sed
1833 2983 1908 3019 sint
1929 2991 2051 3020 tamen
2069 2983 2171 3032 quod

1169 3044 1271 3078 Deus
1287 3049 1341 3077 est
1356 3069 1364 3085 ,
1396 3041 1470 3077 siut
1495 3042 1612 3078 sancti
1628 3070 1637 3086 ‚
1659 3042 1774 3079 futuri
1793 3043 1905 3092 plene
1932 3041 2049 3086 beati,
2068 3041 2170 3090 quod

156 3171 163 3186 ¹
181 3165 283 3196 Galat.
301 3178 332 3203 v,
353 3169 414 3203 22,
435 3169 490 3197 23.
511 3185 552 3189 —-
577 3173 588 3188 ³
603 3170 815 3209 Apoc.xx11,
845 3171 894 3198 11.
916 3187 955 3191 —-
975 3166 987 3189 ³
1003 3171 1013 3197 1
1032 3170 1123 3199 Jotui.
1143 3179 1180 3198 ιιι
1197 3191 1204 3203 ,
1223 3171 1250 3197 2.

153 3227 164 3241 ²
192 3224 269 3255 &lias
294 3225 446 3256 omittitur
468 3227 687 3268 cogitationes.
707 3228 731 3265 ’ᾗ
