2504 3928
285 230 329 264 ³17
1043 230 1333 269 GILLEBERTI
1364 229 1563 263 ABBATIS
2276 225 2324 263 48

286 305 404 340 illuni.
444 308 582 341 Praxus
615 313 713 340 certe
749 317 899 349 sensus,
934 313 973 340 ιιι
1007 304 1107 342 dieas

1134 321 1140 341 :
1180 309 1273 342 Ecce
1293 305 1322 323 '⁰

1342 305 1428 341 mile
1451 319 1458 339 ι
1488 307 1608 349 Quam
1630 305 1761 339 dilecta
1794 303 2034 339 tabernacula
2062 312 2125 339 lua
2139 330 2150 347 ‚
2172 306 2327 340 Domine

289 363 456 399 Christus
477 364 534 399 liic
555 373 631 407 est,
653 364 726 398 imo
743 376 828 398 eece
848 362 933 398 illie.
958 363 1142 400 Pessimus
1163 377 1274 407 vero,
1295 370 1322 401 Α
1340 369 1513 399 virtutum
1532 366 1544 398 ,¹
1564 367 1784 411 concupiscit
1811 372 1846 397 et
1872 363 1996 409 defici!
2018 366 2147 397 anima
2175 375 2259 397 mea
2288 366 2327 397 in

291 423 320 457 si
341 422 439 459 dieas
468 437 474 457 :
509 426 582 458 ‚Nee
602 423 681 465 bie,
714 435 780 457 nec
801 422 885 458 illie.
914 422 1124 472 Utrobique
1144 424 1278 472 quierit

293 495 451 530 sponsa,
478 490 510 516 et
543 481 622 525 liic,
645 489 680 516 et
706 481 790 516 illie.
825 484 1002 526 Quwrmn
1031 495 1102 529 per
1125 488 1225 518 vicos
1245 492 1279 518 et

290 543 455 586 phileas,
480 553 587 585 quem
607 541 728 586 diligit
749 552 877 574 arnum
898 553 992 575 mea.
1015 543 1084 576 Per
1101 545 1202 575 vii-os
1220 540 1278 576 di-

295 597 525 632 strictionem
549 598 674 646 accipe
686 626 694 641 ‚
712 610 778 646 per
787 601 935 646 plati-tes
950 597 1278 647 dispensationem.

296 660 472 692 §eutr-'uu
496 656 531 691 iu
553 656 732 692 ministris
746 657 917 692 l·2‹·‹·t‹=sia=
934 656 1082 693 sinistre
1097 657 1282 706 interme--

297 715 397 749 teris.
436 718 643 763 Ltramque
675 716 837 751 Ecclesia
873 716 1026 764 recipit,
1056 716 1091 751 in
1122 724 1283 764 utroque

297 786 434 821 >ponsa
454 774 588 822 quaerit
604 774 802 811 Christum.
824 775 906 811 Noli
925 775 960 809 in
981 775 1098 810 altero
1117 782 1282 819 tantum3

298 832 333 866 in
359 840 521 881 utroque
548 832 734 869 Clu-istum
760 846 899 882 quaere.
919 833 1016 870 Vieis
1033 834 1171 882 plateas
1192 833 1230 869 in
1249 842 1283 869 te

299 891 380 939 ipso
400 891 599 939 conjunge.
617 892 760 939 Quavis
780 891 998 941 quomodo?
1018 892 1052 928 Si
1073 900 1107 927 te
1124 900 1285 928 coarctat

298 949 449 984 at'llietio
463 978 471 994 ‚
489 957 552 985 aut
572 950 782 985 voluntarie
799 959 993 999 suscepta,
1023 958 1084 985 aut
1102 950 1286 986 violenter

299 1009 482 1056 impacta3
512 1008 610 1043 intus
631 1009 666 1043 in
696 1008 808 1044 eorde
830 1009 966 1057 gaudio
991 1008 1144 1044 dilatare
1176 1009 1284 1058 spiri-

1343 427 1440 458 atria
1458 426 1606 458 Domini
1620 421 1645 457 ⁵.
1666 421 1811 458 Miraris
1829 433 1975 469 sponsae
1993 420 2254 457 sedulitatem?
2270 433 2329 457 or-

1344 480 1467 516 dinem
1489 493 1656 529 sequere.
1675 480 1758 516 Noli
1779 488 1812 515 te
1833 479 2114 528 prudentiorem
2129 480 2186 515 vel
2205 492 2330 529 prom-

1344 539 1504 588 ptiorem
1528 552 1664 588 sponsa
1679 551 1916 587 pra-sumere.
1940 539 2064 574 Primo
2083 551 2216 575 exerce
2235 547 2270 575 te
2291 539 2329 575 in

1347 612 1462 647 opere
1480 598 1651 642 virtuali,
1671 605 1712 633 ut
1732 597 1908 646 deinceps
1934 596 1979 632 ad
2001 597 2167 634 veritatis
2194 610 2331 647 specu-

1349 658 1520 694 latorium
1536 655 1776 692 conscendas
1788 656 1886 703 Quid
1902 655 1984 691 illac
1998 656 2203 704 ingressum
2224 669 2332 705 paras

1347 729 1418 764 qua
1435 717 1556 751 exitus
1570 717 1648 751 est?
1664 718 1755 752 Cum
1777 728 1913 764 sponsa
1934 728 2000 763 per
2014 716 2116 751 vicos
2132 714 2178 751 ad
2193 716 2333 764 plateas

1348 776 1433 811 veni
1448 803 1457 819 ,
1480 783 1516 811 et
1535 788 1618 811 eum
1642 774 1832 811 Psalmista
1853 783 1939 824 post
1961 773 2196 810 tabernacula
2212 775 2335 811 virtu-

1351 842 1428 869 tum
1463 833 1507 870 ad
1529 834 1651 882 ampla
1681 833 1846 869 veritatis
1875 833 1967 868 atria
1997 847 2004 868 ε
2037 833 2203 881 alioquin
2229 833 2334 870 ordi—

1350 905 1434 928 nem
1458 892 1486 928 si
1510 891 1719 936 convertis,
1751 891 1946 940 pervertis.
1967 893 2116 937 Quanto
2137 892 2253 940 magis
2271 905 2337 928 co-

1351 952 1533 1000 angustati
1561 959 1648 987 sunt
1664 951 1734 986 vici
1750 979 1759 995 ,
1784 958 1886 986 tanto
1908 949 2082 986 uberiora
2107 959 2144 986 et
2160 950 2337 987 liberiora

1352 1019 1438 1047 sunt
1457 1011 1558 1046 intus
1588 1011 1663 1046 otia
1693 1010 1838 1046 mentis.
1864 1009 1961 1057 Quid
1990 1010 2064 1045 otia
2093 1009 2200 1046 dico?
2221 1010 2337 1047 devo-

300 1067 406 1110 tuadi,
430 1075 465 1102 et
479 1066 556 1114 jam
578 1067 670 1103 xieis
687 1068 827 1116 plateas
846 1068 1041 1116 copulasti.
1063 1071 1195 1103 Mune
1218 1067 1283 1104 tibi
1305 1071 1330 1104 B
1353 1071 1491 1106 tionem
1509 1068 1828 1117 ‹licer‹·mjustius.
1842 1073 1952 1105 Areta
1966 1069 2129 1105 exterius
2142 1068 2338 1119 disciplina

300 1126 447 1161 xidetur
467 1134 667 1175 utrumque
699 1135 847 1171 tenere,
881 1127 944 1175 qui
977 1127 1014 1162 in
1045 1126 1284 1163 tribulatione

299 1184 490 1219 dilatatum
509 1184 577 1220 sibi
599 1185 744 1221 lzetatur
763 1192 768 1206 ¹
789 1188 802 1220 Ρ
819 1186 1022 1234 Apostolus
1043 1186 1079 1221 in
1099 1194 1202 1222 arcto
1222 1187 1285 1221 tri-

301 1243 501 1279 bulationis
535 1243 732 1292 quamdam
765 1244 998 1280 latitudinem
1036 1244 1189 1293 optabat
1214 1245 1286 1280 illis

299 1301 434 1348 quibus
454 1302 504 1337 ait
529 1316 536 1338 τ
560 1304 872 1351 ⁴S))(³g1111‹lcutes‚
896 1309 934 1338 lu
959 1304 1286 1351 trilmlaeionepa·

298 1370 428 1395 mules
448 1368 471 1395 ⁹.
495 1361 665 1410 Denique
695 1362 740 1397 ad
772 1375 875 1411 spem
906 1362 1064 1398 latitudo
1095 1363 1283 1398 retertur:

303 1419 507 1461 Hah-cutm,
539 1421 681 1469 lnquit,
701 1430 821 1456 taletas
830 1425 1112 1469 promissiones,
1145 1421 1287 1455 charis-

300 1484 409 1522 simi,
431 1481 648 1514 dilatamini
667 1489 701 1514 ct
720 1493 781 1515 vos
797 1478 823 1515 3.
854 1484 1019 1528 Angusta
1041 1488 1096 1516 est
1117 1478 1227 1516 nobis
1249 1479 1287 1515 in

303 1537 476 1586 pra-senti
504 1550 583 1579 res,
613 1550 697 1586 spes
714 1551 803 1573 vero
832 1538 917 1574 lata.
943 1543 1054 1574 Areta
1076 1537 1260 1586 possessio
1278 1565 1287 1583 ,

301 1596 529 1644 exspectatio
551 1596 701 1644 quidem
731 1597 935 1646 profusior.
966 1600 1064 1645 Ergo
1085 1596 1131 1632 ad
1161 1597 1290 1632 latitu-

302 1657 426 1691 dinem
447 1655 526 1703 spei
546 1655 688 1704 plateas
709 1656 795 1691 istas
814 1656 963 1692 referto.
988 1659 1060 1703 Spe
1083 1658 1289 1704 gaudentes

306 1715 504 1764 ntpostolus
529 1713 631 1750 dicit.
656 1714 844 1763 Propheta
864 1728 955 1751 vero
977 1729 984 1750 :
1011 1715 1142 1750 Adhuc
1167 1718 1288 1763 reple-

303 1776 434 1809 (maur
445 1777 586 1822 plateae
601 1783 677 1808 ttae
693 1775 808 1809 choris
822 1776 1022 1809 ludentium
1034 1775 1060 1810 4.
1075 1774 1186 1810 Vides
1198 1788 1291 1823 quo-

1349 1129 1510 1164 animam
1537 1128 1692 1163 interius
1715 1127 1855 1162 dilatat.
1885 1127 1969 1162 Sive
1998 1126 2228 1172 libertatem,
2259 1128 2338 1164 sive
2378 1120 2379 1123 Ἴ

1351 1188 1513 1223 laetitiam
1529 1187 1566 1223 in
1583 1187 1712 1236 plateis
1725 1186 1906 1234 intelligas
1917 1213 1926 1230 ‚
1940 1184 2004 1221 ubi
2015 1186 2216 1235 ampliores
2226 1199 2337 1235 quam

1354 1246 1391 1282 in
1412 1247 1483 1282 hoc
1502 1246 1643 1283 Ordine
1665 1254 1792 1281 nostro
1813 1245 1952 1293 plateas
1971 1245 2160 1293 reperies?
2179 1245 2251 1282 Sed
2270 1258 2340 1282 nec

1352 1306 1458 1341 facile
1480 1304 1635 1349 dixeris,
1653 1304 1717 1340 ubi
1735 1304 1808 1340 sint
1825 1304 2003 1340 arctiores
2022 1303 2115 1348 vici,
2133 1303 2197 1340 ubi
2219 1303 2340 1353 maj0r

1352 1363 1524 1408 libertas,
1547 1372 1583 1399 et
1611 1363 1657 1399 ad
1676 1376 1782 1399 usum
1801 1371 1838 1399 et
1862 1362 1907 1398 ad
1929 1363 2147 1398 exercitium
2165 1363 2315 1400 virtutis
2329 1392 2339 1409 ,

1352 1435 1463 1471 quam
1481 1423 1517 1458 in
1536 1422 1606 1458 hoc
1623 1421 1763 1458 Ordine
1780 1429 1816 1457 et
1832 1429 2021 1457 conventu
2036 1429 2177 1457 sancto.
2196 1424 2243 1458 Et
2255 1421 2341 1458 ideo

1355 1481 1474 1530 major
1495 1481 1541 1517 ad
1567 1480 1709 1517 bonum
1730 1479 1901 1524 libertas,
1933 1493 1978 1516 eo
2010 1480 2113 1528 quod
2141 1480 2188 1516 sit
2218 1481 2342 1517 minor

1356 1541 1501 1576 licentia
1521 1540 1559 1575 in
1578 1540 1729 1576 malum.
1751 1543 1834 1587 Quo
1853 1538 1973 1587 major
1993 1539 2187 1585 districtio,
2203 1553 2248 1576 eo
2264 1553 2343 1576 ma-

1351 1598 1414 1647 jor
1445 1598 1612 1634 directio.
1637 1599 1828 1635 Arctiores
1846 1599 1938 1644 vici,
1969 1598 2172 1647 ampliores
2203 1599 2344 1648 plateas

1355 1657 1535 1693 el'lieiunt.
1556 1656 1653 1704 Quid
1674 1670 1762 1705 ergo
1780 1665 1834 1693 est
1853 1670 1921 1706 per
1940 1657 2044 1693 vicos
2065 1665 2102 1693 et
2121 1657 2262 1706 plateas
2281 1661 2344 1694 Je-

1356 1729 1438 1752 sum
1464 1729 1652 1764 quaerere,
1678 1716 1750 1752 nisi
1770 1716 1841 1752 boe
1867 1729 1905 1752 se
1926 1716 2038 1752 modo
2062 1724 2099 1752 et
2121 1716 2344 1765 restringere

1357 1784 1394 1811 et
1422 1775 1625 1811 extendere
1647 1775 1693 1811 ad
1718 1775 1937 1826 capiendam
1967 1775 2013 1812 de
2037 1776 2154 1825 ipsius
2178 1775 2344 1816 illustra-

304 1834 416 1869 modo
446 1833 515 1869 sibi
542 1832 588 1868 de.
619 1845 684 1881 spe
713 1841 749 1868 ct
779 1833 910 1882 plateis
937 1833 1105 1869 sentiunt
1128 1846 1292 1869 consona
1310 1836 1336 1871 C
1359 1835 1459 1870 tione
1481 1835 1674 1870 laetitiam?

304 1893 504 1942 Apostolus
524 1900 560 1928 et
579 1892 976 1941 Pr‹›pheta?Uterque
996 1892 1094 1928 enim
1114 1892 1290 1941 gaudium

302 1960 472 1999 assignat.

358 2014 393 2045 (5.
415 2008 531 2045 Simul
550 2008 658 2044 etiam
684 2008 754 2044 boc
774 2008 1166 2057 advertendumjuxta
1185 2008 1293 2044 aliam

304 2068 604 2112 distinctionem,
630 2067 732 2115 quod
753 2067 865 2103 etiam
893 2067 930 2102 in
962 2068 1055 2103 vicis
1077 2067 1221 2104 mansio
1241 2074 1296 2103 est

304 2128 349 2163 ad
383 2127 604 2163 domesticas
640 2126 817 2163 utilitates
846 2141 854 2162 ε
888 2127 926 2162 in
962 2127 1115 2175 plateis,
1149 2125 1294 2162 feriatio

305 2186 475 2234 quaedam
493 2184 538 2221 ad
555 2184 844 2232 jucunditatem.
865 2188 907 2221 In
929 2185 1061 2233 plateis
1077 2185 1177 2221 enim
1201 2184 1293 2220 cho-

309 2260 370 2281 rus
390 2253 446 2281 est
464 2253 501 2280 et
521 2253 730 2280 conventus
753 2244 973 2280 ludentium.
1004 2248 1102 2293 Ergo
1126 2244 1293 2280 vacatio-

308 2304 364 2339 nis
386 2311 423 2339 ct
443 2303 578 2338 laetitiae
599 2316 688 2339 usus
709 2303 744 2338 in
766 2303 896 2352 plateis
917 2312 983 2339 est.
1007 2307 1121 2340 Bonae
1141 2303 1292 2352 quidem

309 2363 460 2411 plateae,
481 2362 519 2397 in
540 2361 677 2410 quibus
704 2362 814 2397 alacri
843 2362 928 2398 satis
955 2362 1117 2411 agilitate
1136 2363 1174 2398 in
1196 2362 1296 2397 leves

308 2421 636 2470 ‹ontemplationis
659 2422 772 2457 saltus
793 2421 938 2457 animus
956 2434 994 2457 se
1015 2422 1217 2471 spiritualis
1237 2433 1297 2457 ex-

308 2481 432 2529 agitat.
454 2484 495 2516 In
517 2480 648 2529 plateis
669 2493 757 2529 ergo
774 2481 906 2529 quaerit
925 2494 1062 2530 sponsa
1079 2493 1191 2529 quem
1212 2479 1295 2516 dili—

309 2540 379 2587 git,
404 2539 492 2575 dum
514 2538 725 2575 domesticis
754 2540 904 2575 evoluta
925 2540 1043 2585 curis,
1074 2539 1163 2576 dum
1193 2546 1297 2575 extra

1412 1894 1446 1929 7.
1468 1893 1531 1930 Vis
1553 1902 1594 1929 ut
1623 1902 1782 1942 utraque
1802 1895 1904 1931 intus
1932 1895 1970 1930 in
1992 1902 2118 1930 mente
2138 1894 2320 1943 assignem
2338 1922 2348 1940 ,

1358 1952 1500 2000 plateas
1529 1960 1565 1988 et
1598 1953 1729 1988 vicos?
1758 1955 1892 1989 Nonne
1924 1953 1991 1990 tibi
2019 1953 2170 1989 videtur
2191 1954 2230 1989 in
2263 1954 2348 1990 vico

1360 2011 1523 2059 quodam
1546 2020 1582 2047 et
1602 2012 1705 2047 velut
1720 2012 1756 2047 in
1774 2020 1875 2047 arcto
1895 2012 2041 2061 positus
2058 2012 2088 2048 is
2107 2011 2212 2060 cujus
2231 2024 2349 2048 vexa-

1362 2071 1611 2119 turpatientia
1623 2099 1631 2114 ‚
1647 2072 1794 2107 castitas
1808 2079 1968 2113 arcetur,
1987 2079 2252 2120 coangustatur
2265 2070 2350 2107 cha-

1362 2128 1474 2164 ritas?
1493 2129 1565 2177 Qui
1588 2129 1627 2165 in
1649 2130 1753 2165 nullo
1770 2129 1919 2166 virtutis
1938 2129 2064 2166 studio
2084 2129 2199 2165 libere
2217 2137 2254 2166 et
2269 2129 2348 2166 sine

1360 2185 1489 2223 labore
1522 2196 1712 2232 versatur,
1743 2188 1824 2223 sine
1846 2187 1974 2224 labore
2001 2196 2038 2224 et
2066 2188 2179 2224 anxio
2210 2196 2347 2224 conatu

1359 2245 1494 2290 animi,
1520 2258 1610 2282 num
1631 2245 1698 2281 tibi
1714 2246 1819 2294 quasi
1840 2247 1876 2281 in
1894 2246 1985 2282 vicis
2010 2246 2152 2282 locatus
2172 2245 2348 2283 videtur?

1361 2307 1407 2340 Et
1429 2305 1598 2353 quamvis
1620 2317 1694 2340 non
1725 2304 1803 2341 sine
1831 2304 1979 2349 labore,
2004 2318 2080 2341 non
2106 2305 2186 2341 sine
2211 2313 2349 2341 conatu

1361 2372 1535 2412 quaerunt
1552 2378 1559 2399 :
1586 2372 1709 2399 tamen
1729 2364 1838 2399 etiam
1860 2365 1923 2413 qui
1943 2364 2032 2400 tales
2050 2372 2160 2408 sunt,
2183 2364 2347 2413 quietem

1361 2422 1399 2458 in
1429 2423 1492 2458 illo
1514 2436 1624 2471 quem
1647 2422 1767 2471 diligit
1784 2423 1906 2459 anima
1926 2436 2014 2470 sua,
2032 2423 2138 2473 quasi
2154 2435 2223 2473 per
2245 2423 2349 2460 vicos

1361 2489 1548 2529 quaerunt.
1572 2485 1627 2518 De
1648 2481 1784 2530 quibus
1800 2482 1983 2531 propheta
1997 2510 2006 2528 ,
2028 2485 2204 2527 Domine,
2224 2487 2262 2518 in
2284 2495 2347 2518 tm-

1360 2545 1485 2589 gustia
1508 2545 1734 2589 (lacesserunt
1756 2551 1791 2577 te
1806 2555 1817 2576 .·
1831 2549 1868 2577 et
1881 2569 1890 2585 ,
1916 2544 1958 2577 In
1975 2545 2105 2577 semila
2116 2543 2347 2587 judiciorum

310 2598 479 2647 eorporis
497 2598 629 2633 effecta
649 2598 902 2643 mansionem,
928 2607 965 2634 et
991 2599 1145 2635 domum
1176 2607 1299 2634 terre-
1314 2604 1346 2638 D
1363 2609 1504 2635 tuorum
1518 2627 1529 2643 ,
1559 2603 1742 2644 Domine,
1777 2604 2014 2635 sustinuinms
2033 2610 2078 2635 te.
2111 2598 2284 2636 Rudibus
2311 2607 2349 2635 et

310 2667 424 2697 strezu
455 2665 636 2706 quantum
666 2657 775 2693 datur
795 2658 989 2704 deserens,
1021 2672 1132 2707 quam
1156 2657 1294 2703 libere,

311 2728 381 2754 tam
402 2718 483 2753 laete
498 2716 745 2765 contemplari
761 2716 896 2752 studet.
919 2721 959 2753 In
979 2717 1070 2754 vicis
1083 2725 1138 2754 est
1152 2717 1295 2753 mansio

310 2776 523 2812 diuturnior
548 2791 555 2811 :
578 2777 613 2811 in
636 2776 766 2825 plateis
786 2776 936 2824 quidem
957 2776 1106 2822 brevis,
1131 2776 1194 2813 sed
1215 2776 1296 2812 dul-

311 2836 400 2871 cior.
420 2839 460 2871 In
489 2835 578 2870 vicis
599 2835 779 2870 virtutum
808 2848 896 2871 usus
915 2844 970 2871 est
990 2844 1027 2871 et
1050 2835 1267 2871 exercitium
1283 2864 1292 2880 ‚

312 2907 395 2942 qum
425 2893 640 2929 necessariae
672 2892 780 2929 nobis
808 2901 913 2937 sunt,
940 2894 1027 2929 dum
1056 2894 1093 2930 in
1127 2894 1296 2942 corporis

314 2952 422 2999 liujus
442 2951 651 2987 habitaculo
669 2964 859 2987 moramur
877 2967 884 2987 z
904 2953 940 2987 in
965 2953 1096 3002 plateis
1114 2966 1222 2999 vero,
1245 2953 1298 2989 se-

314 3013 404 3048 riata
434 3011 603 3059 quaedam
640 3011 822 3046 felicitatis
856 3013 989 3048 suturze
1023 3012 1216 3062 praeludia.
1253 3015 1298 3048 lit

313 3071 397 3107 vide
412 3084 512 3106 nune
525 3069 727 3105 verborum
749 3071 894 3107 seriem.
911 3072 1036 3108 Primo
1053 3072 1160 3121 ponit
1179 3072 1295 3115 vicos,

313 3137 588 3179 consequenter
615 3129 764 3178 plateas.
795 3130 919 3167 nabes
949 3140 985 3167 et
1014 3132 1050 3168 in
1076 3132 1221 3169 Psalmo
1249 3131 1297 3166 si—

1361 2658 1510 2694 novitiis
1526 2658 1623 2694 istud
1640 2659 1775 2708 swpius
1789 2659 1932 2705 evenit,
1946 2659 2010 2708 qui
2027 2660 2149 2695 solent
2164 2660 2222 2695 vel
2237 2659 2348 2695 variis

1362 2717 1612 2762 tentamentis,
1626 2718 1683 2753 vel
1696 2718 1859 2766 quodam
1873 2717 1982 2753 taedio
1994 2717 2164 2754 laborare
2174 2746 2183 2763 ,
2194 2717 2348 2766 quando

1359 2790 1423 2813 eos
1441 2785 1505 2812 aut
1525 2777 1646 2813 carnis
1663 2777 1847 2813 desideria
1864 2785 2072 2823 coarctant,
2085 2785 2149 2813 aut
2164 2777 2346 2813 virtutum

1363 2849 1438 2872 non
1460 2836 1642 2872 exhilarat
1661 2836 1872 2873 oblectatio.
1893 2839 1939 2873 Et
1959 2836 2090 2873 beatus
2115 2836 2178 2885 qui
2196 2848 2272 2872 non
2293 2844 2349 2872 est

1362 2894 1630 2931 scandalizatus
1657 2895 1692 2930 in
1726 2895 1820 2940 istis,
1846 2895 1909 2944 qui
1937 2908 2013 2931 non
2035 2893 2253 2940 offenditur,
2283 2894 2348 2943 qui

1363 2967 1438 2989 non
1463 2954 1587 3003 perdit
1610 2958 1736 2991 Jesum
1751 2983 1759 2999 ,
1784 2954 1847 2989 sed
1869 2954 1983 3002 magis
2002 2954 2137 3002 quaerit
2156 2966 2224 3002 per
2246 2953 2347 2989 vicos

1365 3014 1473 3059 tales,
1490 3014 1553 3063 qui
1579 3014 1615 3049 in
1636 3014 1803 3062 angustia
1819 3014 1973 3062 quferit,
1995 3026 2070 3049 non
2091 3013 2187 3049 sicut
2202 3013 2248 3049 de
2263 3013 2347 3062 qui-

1364 3072 1518 3108 busdam
1540 3072 1675 3109 dicitur
1693 3088 1699 3109 :
1726 3076 1769 3108 Jn
1791 3077 1963 3120 angustia
1979 3076 2207 3120 quoesierunc
2230 3081 2283 3115 (νς
2307 3076 2346 3107 in

1365 3131 1598 3167 tribulatium·
1618 3136 1810 3167 murmuris
1830 3134 1995 3167 docmina
2011 3142 2075 3167 tua
2092 3136 2145 3168 ess
2158 3130 2186 3166 ⁶.
2210 3135 2291 3168 Imo
2310 3141 2347 3167 et

364 3257 581 3291 't’›nl.1=‚52.
609 3273 641 3277 —-
666 3258 782 3288 2Κοιιι.
804 3268 852 3286 xii
871 3281 877 3291 ,
902 3261 952 3288 12.
974 3277 1013 3280 -
1045 3257 1199 3289 ³11(10=·.
1224 3270 1278 3295 vi,
1306 3262 1355 3289 1³.
1383 3258 1706 3295 —-17,a‹»har.s111,
1732 3263 1761 3288 ζ).
1793 3277 1833 3280 -ᾉ
1864 3257 1876 3279 5
1897 3258 1972 3288 l'stil.
2002 3269 2153 3296 mxxxiii,
2182 3262 2218 3294 2,
2249 3261 2277 3288 3.
2305 3275 2342 3279 —

308 3308 322 3325 ‘'
341 3310 405 3338 lsai.
427 3320 500 3337 xxvi
515 3331 521 3342 ,
539 3311 577 3342 8.
606 3311 654 3337 113,
