2418 3949
94 158 165 195 129

792 163 841 196 ΙΝ
872 162 1097 204 CANTICA,
1129 161 1290 197 SERMO
1319 164 1422 198 XIX.

86 243 232 271 tantum
248 234 471 271 humiliavit.
488 239 583 271 Ama
597 247 686 284 ergo
706 244 745 272 tu
764 236 868 272 illum
884 236 948 285 qui
966 236 1070 286 prius
1090 235 1104 252 ⁵

2064 168 2136 204 130

1109 234 1121 252 ⁷
1143 248 1250 272 amor
1267 236 1473 284 imbibitur,
1491 247 1528 274 et
1545 240 1694 276 secretis
1710 240 1833 277 influit
1847 243 1967 278 venis.
1985 245 2131 288 Media,

85 301 124 330 et
149 293 235 343 plus
263 294 405 330 dilexit.
432 295 517 329 Non
546 294 702 343 exigunt
730 295 807 331 haec
837 303 1009 345 tempora
1033 302 1075 331 ut
1093 294 1282 344 Ainquit,
1304 297 1499 334 charitate.
1526 301 1626 335 Bene
1647 300 1789 344 media,
1816 314 1899 349 quae
1926 302 1978 338 sic
2005 303 2135 339 intima

85 352 305 401 sanguinem
337 351 525 388 effundas.
556 352 719 388 Effunde
748 353 910 389 animam
945 361 1074 398 tuam3

84 410 237 446 effunde
257 411 354 447 sicut
374 423 509 459 aquam
528 421 594 446 cor
615 418 734 446 tuum.
757 414 850 447 Nam
870 410 939 446 etsi
963 409 1077 446 tradi-

85 468 183 505 deris
214 481 352 518 corpus
388 476 493 505 tuum
524 469 577 504 ita
607 476 648 504 ut
681 468 826 514 ardeat,
855 468 1074 504 charitatem

85 540 162 564 non
192 526 354 572 habeas,
383 526 475 575 quid
502 525 569 562 tibi
599 526 821 575 proderit¹?
841 526 1013 574 Denique
1038 535 1076 562 et

85 587 220 623 ultimo
239 587 324 622 loco
344 586 450 635 quasi
471 586 591 622 finalis
616 586 784 622 omnium
805 585 969 622 clausula
990 597 1075 633 gra-

87 645 221 682 tiarum
242 645 400 694 ponitur
421 644 601 690 charitas3
620 653 657 680 et
677 643 819 689 media,
839 644 943 681 velut
961 657 1076 680 orna-

85 712 213 740 mento
246 703 438 752 quodam,
461 702 642 739 charitate
677 711 866 740 constrata
898 703 1075 740 dicuntur

83 769 241 811 propter
259 762 352 798 filias
368 761 592 798 Jerusalem.

83 886 1078 897 ιιιιιιιιιιιιιιιιιιιιιιιιιιιιιιιιιιιιιιιιιιιιιιιιιιιι

333 983 583 1040 SERMO
634 984 795 1051 XIX.

120 1099 225 1131 Media
244 1100 403 1132 charitate
419 1102 586 1133 constravit
597 1110 730 1147 propter
740 1102 830 1142 filias
848 1102 1036 1134 Jerusalem.

371 1154 490 1187 Cantic.
507 1165 576 1197 cap.
592 1166 633 1185 111
645 1179 654 1192 ,
675 1153 714 1191 ᾗ.
734 1159 787 1186 10.

473 1260 586 1274 ὴ-ςΕ-ιθῦ
592 1261 687 1274 ἰοῦ-

138 1358 170 1393 l.
189 1359 339 1394 Novum
358 1357 502 1407 aliquid
522 1358 636 1394 vultis
656 1358 807 1404 audire3
826 1358 890 1395 sed
911 1371 980 1407 ego
1002 1371 1074 1394 no-

79 1429 169 1452 vum
190 1416 281 1466 quid
300 1429 378 1453 non
397 1416 538 1463 habeo,
555 1418 625 1454 nisi
643 1427 684 1454 ut
700 1432 769 1454 vos
783 1419 942 1455 innovet
957 1426 1075 1455 amor.

80 1475 299 1512 Mandatum
331 1477 404 1513 hoc
436 1490 578 1513 novum
606 1478 655 1514 do
682 1478 791 1514 vobis
815 1492 822 1514 ε
846 1478 937 1514 nihil
968 1478 1078 1515 vobis

82 1535 231 1581 notius,
262 1544 300 1572 et
329 1536 421 1572 nihil
453 1545 509 1573 est
536 1539 686 1573 novius.
711 1541 794 1574 Non
824 1538 912 1574 estis
938 1537 975 1573 in
1007 1537 1078 1573 isto

81 1593 195 1630 rudes
211 1602 248 1630 et
263 1594 517 1631 inexercitatae
532 1597 696 1644 negotio.
712 1600 886 1633 Vestrum
902 1597 974 1633 hoc
991 1610 1080 1646 pro-

81 1653 207 1701 prium
233 1654 402 1690 officium
429 1663 495 1692 est.
523 1658 565 1691 In
595 1656 732 1692 amoris
758 1657 857 1693 enim
888 1657 1078 1706 praecipue

81 1724 220 1748 munus
244 1713 331 1749 estis
360 1713 553 1750 dedicatae.
575 1715 751 1763 Denique
772 1724 809 1751 et
828 1724 987 1765 propter
1010 1728 1078 1752 vos

1141 361 1208 390 est.
1241 354 1442 391 Plenitudo
1472 356 1562 405 legis
1590 366 1646 394 est
1674 358 1845 395 charitas.
1873 360 1964 396 Ideo
1985 361 2046 397 lex
2064 375 2134 397 va-

1141 421 1286 459 cuatur,
1304 414 1333 450 si
1350 414 1461 453 fuerit
1477 414 1653 452 destituta
1673 417 1864 454 charitate.
1883 419 2013 455 vitalis
2030 433 2135 468 quae—

1140 471 1224 507 dam
1250 486 1346 509 vena
1366 474 1456 522 legis
1477 483 1552 519 est,
1570 483 1607 510 et
1626 476 1856 525 reliquarum
1880 477 2040 515 charitas
2057 481 2134 515 vir-

1141 538 1276 567 tutum.
1294 534 1445 568 Caeterae
1465 534 1571 581 quasi
1591 534 1628 569 in
1650 543 1795 583 partem
1815 549 1853 572 se
1870 537 2103 574 contrahunt
2123 552 2130 573 ε

1139 590 1202 626 illa
1235 592 1339 627 omni
1376 592 1587 628 communis
1619 601 1675 628 est
1707 594 1852 642 gradui.
1889 596 1973 633 Sive
2008 605 2132 632 mente

1139 648 1316 694 excedas,
1340 649 1417 684 sive
1440 649 1588 685 sobrius
1615 652 1699 696 fias3
1721 651 1862 700 ubique
1883 654 2072 691 charitatis
2098 665 2135 691 et

1141 708 1372 743 necessarius
1397 716 1435 744 et
1458 707 1651 755 jucundus
1677 718 1733 745 est
1757 723 1859 747 usus.
1889 713 2131 761 Reliquarnni

1140 766 1263 802 officia
1291 766 1486 802 variantur
1514 767 1743 814 gratiarum,
1775 777 1812 804 et
1841 770 1987 807 vicibus
2019 773 2134 808 alter-

1141 834 1307 862 nantur:
1336 826 1526 862 charitatis
1554 827 1827 864 continuantur
1852 828 1939 877 jura
1969 833 2133 880 quodam

1137 885 1218 934 jugi
1243 895 1386 922 tenore.
1408 885 1494 922 Sive
1514 894 1640 922 mente
1661 887 1908 934 excedamus,
1931 893 2033 935 De03
2057 892 2133 928 sive

1144 945 1261 981 sobrii
1286 945 1421 989 simus,
1452 954 1561 994 urget
1589 958 1656 982 nos
1683 946 1842 984 charitas
1870 949 2003 985 Christi
2016 949 2041 986 3.
2060 955 2136 987 Yos

1094 1000 1122 1033 Β
1144 1017 1251 1049 vere,
1274 1005 1369 1040 sicut
1398 1003 1574 1050 arbitror,
1601 1013 1709 1053 urget
1734 1006 1894 1044 charitas
1921 1008 2067 1045 Christi.
2091 1013 2135 1046 In

1143 1064 1235 1112 quid
1254 1076 1322 1100 vos
1344 1065 1477 1111 urget?
1495 1067 1538 1100 In
1560 1077 1599 1100 se
1619 1064 1752 1113 ipsam.
1774 1066 1945 1103 Aliorum
1963 1068 2034 1104 alia
2048 1078 2135 1104 sunt

1142 1122 1284 1167 officia,
1308 1130 1476 1158 vestrum
1499 1122 1659 1171 speciale
1681 1136 1818 1160 munus
1839 1133 1893 1161 est
1919 1138 2036 1162 amor.
2060 1131 2136 1163 Im-

1141 1181 1286 1230 probus
1303 1181 1359 1217 sui
1379 1189 1608 1230 provocator
1626 1190 1683 1218 est
1699 1195 1820 1228 amor,
1843 1192 1879 1219 et
1897 1184 2044 1220 dulcem
2062 1186 2137 1233 agit

1142 1240 1181 1276 in
1215 1240 1400 1289 patientes
1434 1239 1686 1288 tyrannidem.
1720 1246 1839 1278 Amor
1871 1255 1910 1278 se
1938 1243 2061 1292 ipsum
2097 1244 2135 1279 in

1142 1307 1346 1348 provectus
1366 1311 1514 1348 semper
1534 1308 1643 1348 urget
1662 1299 1870 1337 uberiores.

1197 1359 1230 1395 2.
1258 1359 1519 1404 AEmulamini,
1545 1359 1630 1396 filiae
1656 1361 1884 1403 Jerusalem,
1914 1360 2136 1398 charismata

1145 1418 1298 1454 meliora
1311 1446 1320 1463 ‚
1340 1417 1458 1467 magis
1477 1426 1603 1453 autem
1623 1426 1664 1453 ut
1681 1419 1824 1455 ametis.
1847 1420 2051 1456 AEmulatio
2068 1432 2136 1456 vos

1142 1477 1221 1513 haec
1241 1490 1390 1526 semper
1410 1477 1570 1526 amplius
1589 1486 1733 1526 urgeat.
1749 1478 1967 1514 Mandatum
1984 1478 2055 1515 hoc
2072 1492 2136 1515 vo-

1143 1535 1200 1572 bis
1224 1548 1373 1585 semper
1391 1535 1439 1571 sit
1464 1548 1619 1572 novum.
1646 1539 1692 1572 Et
1718 1550 1860 1573 novum
1887 1546 1962 1583 est,
1995 1537 2065 1574 nisi
2099 1538 2135 1573 in

1145 1603 1270 1630 vestro
1291 1593 1538 1630 dulcis'Jesus
1557 1595 1786 1630 veteraverit
1811 1595 1959 1631 affectu.
1980 1596 2134 1632 Utinam

1145 1666 1293 1702 semper
1312 1653 1351 1688 in
1372 1652 1480 1688 vobis
1498 1652 1559 1688 ille
1578 1665 1707 1689 recens
1724 1654 1792 1698 sit,
1817 1667 1886 1690 nec
1907 1667 2013 1690 mora
2038 1663 2135 1691 tem-

1144 1712 1247 1762 poris
1264 1711 1406 1760 aliquid
1422 1711 1621 1747 imminuat
1641 1712 1781 1760 gratiae.
1796 1712 1936 1761 Utique
1950 1726 2080 1749 recens
2096 1714 2135 1749 in

80 1770 221 1808 fercula
239 1772 449 1809 Salomonis
469 1773 591 1809 media
609 1773 787 1810 charitate
808 1782 996 1811 constrata
1016 1774 1075 1810 di·
1093 1774 1120 1810 C
1140 1770 1250 1807 vobis
1269 1779 1393 1806 vester
1409 1774 1518 1806 JeSUS
1539 1778 1606 1806 est·
1626 1773 1711 1819 Ipse
1731 1783 1880 1820 semper
1900 1784 2048 1817 recens,
2068 1771 2133 1807 sed

80 1838 231 1867 cuntur.
254 1832 406 1875 Media,
419 1831 563 1881 inquit,
579 1833 762 1869 charitate
778 1837 975 1870 constravit
986 1847 1077 1881 pro·

72 1898 162 1937 pter
169 1891 282 1936 filios
299 1892 518 1927 Jerusalem.
545 1891 717 1939 Quodam
745 1892 851 1941 quasi
878 1892 1077 1941 privilegio

80 1948 140 1984 hic
161 1961 285 1985 sermo
306 1948 416 1985 vobis
437 1949 622 1999 delegavit
642 1963 750 1986 usum
771 1951 923 1987 amoris.
944 1955 1078 1988 AEmu-

80 2006 228 2051 lamini,
245 2007 331 2043 filiae
341 2008 550 2044 Jerusalem
563 2038 572 2054 ‚
586 2009 809 2046 charismata
822 2011 990 2055 meliora,
1004 2023 1078 2046 ma-

84 2065 139 2114 gis
168 2074 292 2102 autem
318 2075 360 2102 ut
385 2068 527 2103 ametis.
549 2072 667 2104 Amor
693 2070 796 2105 omni
823 2070 1078 2118 supereminet

78 2125 223 2173 gratiae:
236 2126 318 2162 etin
333 2125 550 2174 hujusmodi
564 2127 816 2177 descriptione
832 2129 978 2174 ferculi,
994 2129 1078 2165 cha-

79 2184 168 2220 ritas
202 2185 428 2233 reliquarum
467 2187 571 2234 quasi
605 2196 870 2223 ornamentum
904 2196 941 2222 et
972 2188 1077 2222 clau-

78 2242 159 2279 sula
198 2243 470 2292 superponitur
506 2243 721 2292 gratiarnm.
762 2245 893 2281 Plures
929 2245 968 2280 in
1005 2244 1078 2280 hoc

78 2301 220 2338 ferculo
243 2310 515 2338 enumerantur
542 2303 688 2350 gratiae,
707 2303 771 2339 sed
802 2303 982 2339 charitate
1012 2316 1078 2338 cu-

78 2360 272 2397 mulantur
287 2373 430 2397 omnes.
449 2361 616 2398 Charitas
632 2362 807 2399 cumulus
824 2370 898 2407 est,
915 2361 1076 2398 charitas

80 2418 379 2455 fundamentum.
398 2421 442 2454 Ia
462 2419 665 2465 charitate,
688 2420 834 2470 inquit,
858 2422 1021 2456 radteati
1043 2430 1079 2456 et

71 2477 232 2525 ιίὶιηηῑιτιί
248 2485 276 2515 ².
309 2479 378 2515 Illa
411 2479 449 2514 in
481 2479 633 2527 primis,
663 2480 725 2516 illa
753 2480 791 2516 in
821 2480 986 2523 ultimis,
1014 2479 1077 2515 illa

79 2537 117 2574 in
142 2538 283 2575 intimis
311 2553 319 2574 :

79 2596 333 2633 communicat
367 2596 654 2633 charismatibus
692 2598 835 2634 caeteris
868 2613 876 2634 :
911 2598 997 2634 ideo
1037 2598 1075 2634 in

81 2655 206 2692 medio
232 2656 442 2692 collocatur
469 2657 575 2704 quasi
597 2666 862 2693 ornamentum
883 2657 1075 2706 quoddam

80 2727 301 2759 commune,
327 2723 364 2751 ct
393 2714 507 2751 totius
533 2716 698 2752 clausula
730 2717 871 2752 ferculi.
898 2720 944 2754 Et
971 2718 1076 2753 color

80 2786 316 2824 purpureu5‚
346 2782 383 2810 et
412 2774 491 2810 auri
523 2775 645 2823 fulgor
677 2775 874 2811 ohscurior
905 2785 1023 2821 essct,
1045 2776 1075 2812 si

81 2847 158 2871 non
176 2833 357 2870 charitate
375 2833 589 2870 vestiretur.
608 2838 755 2882 Quanta
772 2834 853 2882 ejus
869 2843 923 2871 est
940 2835 1076 2883 gratia,

80 2906 165 2942 quae
205 2892 328 2942 ipsum
361 2893 692 2941 contemplationis
723 2907 855 2941 aurum
893 2895 1078 2930 exornat?

81 2955 167 3001 Ipsa
199 2950 321 2987 media
352 2960 408 2987 cst
439 2959 476 2987 et
507 2953 736 3001 reliquarum
771 2953 877 3002 quasi
912 2953 1077 2989 medulla

83 3010 300 3060 gratiarum.
329 3010 437 3047 Nulla
468 3018 540 3047 tam
566 3021 621 3048 cst
648 3013 777 3048 intima
806 3013 944 3057 virtus,
974 3013 1077 3049 nulla

83 3069 135 3105 sic
165 3068 310 3104 animos
344 3077 518 3118 penetrat
546 3079 583 3106 et
613 3071 827 3120 perfundit,
856 3080 893 3107 et
923 3085 1078 3107 arcanos

83 3129 206 3167 cordis
240 3127 371 3177 implet
403 3141 581 3166 recessus.
618 3131 713 3181 Ipsis
748 3131 862 3167 animi
903 3130 1078 3167 medullis

1142 1844 1221 1867 non
1241 1834 1343 1867 Deus
1363 1830 1521 1866 alienus.
1543 1833 1638 1866 Vere
1659 1843 1809 1875 reeens,
1832 1830 1871 1865 in
1895 1843 2009 1879 quem
2029 1843 2131 1867 sem-

1143 1903 1211 1939 per
1230 1890 1343 1926 anxio
1360 1889 1509 1925 inhiatis
1529 1902 1668 1925 amore.
1686 1890 1859 1936 Denique
1874 1889 1911 1925 id
1929 1890 2049 1925 solum
2070 1890 2134 1925 ha-

1143 1949 1238 1985 betis
1252 1949 1290 1985 in
1309 1949 1426 1992 votis,
1445 1957 1488 1984 ut
1503 1947 1611 1983 vobis
1628 1961 1777 1997 semper
1795 1948 1955 1997 amplius
1975 1949 2130 1997 placeat.

1143 2011 1335 2055 Quantum
1362 2008 1501 2056 placet,
1519 2007 1584 2055 qui
1608 2007 1695 2042 satis
1720 2007 1868 2055 placere
1889 2019 1964 2042 non
1986 2009 2135 2055 potest?

1143 2067 1253 2103 Nulla
1276 2067 1391 2115 magis
1411 2079 1478 2101 vos
1496 2066 1641 2101 ratione
1661 2066 1809 2114 placere
1826 2065 1998 2114 potestis,
2019 2078 2132 2114 quam

1144 2126 1172 2161 si
1192 2125 1301 2161 vobis
1322 2125 1465 2174 placeat
1485 2124 1578 2172 ipse.
1599 2124 1776 2160 Animum
1798 2124 1899 2167 vult,
1924 2123 2024 2158 aliud
2056 2136 2133 2158 non

1144 2184 1291 2232 quaerit.
1313 2184 1422 2220 Solus
1442 2183 1604 2225 suflicit,
1626 2183 1655 2218 si
1681 2191 1803 2218 tamen
1827 2190 1926 2218 totus
1946 2182 2134 2230 impendi-

1145 2249 1215 2277 tur.
1232 2240 1325 2277 Satis
1341 2248 1396 2275 est
1412 2252 1482 2288 pro
1497 2238 1641 2274 viribus
1657 2239 1747 2282 tuis,
1763 2238 1826 2274 sed
1844 2251 1977 2287 parum
1993 2247 2047 2274 est
2065 2252 2134 2288 pro

1144 2299 1226 2348 ejus
1244 2299 1399 2335 meritis.
1416 2299 1450 2335 Si
1474 2307 1508 2333 te
1529 2297 1598 2334 tibi
1618 2298 1809 2342 conferas,
1830 2305 1867 2332 et
1888 2305 1948 2332 tua
1971 2298 2134 2334 metiaris

1143 2372 1188 2395 ex
1207 2358 1353 2408 regula,
1379 2357 1515 2394 suflicit
1541 2370 1548 2392 :
1573 2357 1637 2393 sed
1659 2357 1689 2392 si
1709 2356 1754 2392 de
1776 2364 1831 2400 te3
1859 2356 1909 2391 nil
1931 2355 1995 2391 tibi
2019 2357 2134 2392 relin-

1143 2418 1282 2468 quitur.
1307 2418 1342 2454 Si
1370 2425 1494 2452 autem
1524 2429 1569 2451 ex
1597 2416 1714 2465 ipsius
1738 2424 1772 2452 te
1799 2416 1926 2464 regula
1952 2416 2134 2460 metiaris,

1143 2487 1179 2515 et
1200 2477 1304 2513 velut
1324 2477 1359 2512 in
1380 2476 1472 2512 libra
1493 2476 1673 2520 colloces,
1691 2474 1783 2523 quid
1805 2483 1844 2510 tu
1864 2475 2044 2510 momenti
2065 2475 2137 2510 ad—

348 2538 410 2574 illa
443 2538 616 2585 inchoat,
640 2539 702 2575 illa
729 2547 988 2584 consummat,
1014 2539 1076 2575 illa
1093 2542 1125 2575 D
1144 2548 1273 2573 versus
1289 2536 1393 2571 illum
1413 2533 1578 2571 tenebis?
1596 2535 1630 2572 Si
1653 2534 1747 2570 infra
1763 2533 1864 2568 vires
1881 2541 1961 2568 tuas
1977 2546 2083 2569 amor
2097 2547 2134 2570 se

1142 2595 1293 2633 cohibet
1320 2604 1357 2631 ct
1382 2595 1590 2639 contrahit,
1614 2594 1763 2642 iniquus
1789 2602 1843 2629 est
1872 2607 1878 2628 :
1903 2601 1938 2628 et
1972 2593 2000 2628 si
2025 2593 2133 2642 juxta

1142 2657 1241 2692 vires
1272 2663 1375 2699 tuas,
1407 2655 1578 2702 exiguus.
1610 2653 1709 2699 Quid
1742 2653 1857 2700 ergo?
1891 2665 2003 2700 supra
2036 2652 2134 2688 vires

1141 2728 1245 2752 casso
1274 2723 1308 2750 tc
1333 2713 1514 2749 extendes
1542 2714 1706 2747 conatu?
1734 2711 1895 2757 Quidni?
1924 2724 2030 2745 amor
2057 2724 2133 2746 non

1143 2774 1242 2824 capit
1269 2773 1314 2809 de
1340 2770 1639 2821 impossibilitate
1666 2768 1888 2805 remedium.
1915 2768 2023 2804 ,Nulla
2048 2769 2134 2804 satis

1145 2846 1277 2882 inagna
1304 2840 1389 2868 sunt
1411 2831 1530 2866 amori
1552 2830 1698 2874 officia,
1722 2827 1785 2863 uhi
1813 2836 1937 2863 tamen
1959 2827 2036 2876 ipse
2058 2841 2133 2864 non

1144 2893 1306 2942 intepuit
1329 2904 1448 2927 amor.
1481 2889 1683 2937 Quomodo
1709 2888 1779 2924 erit
1807 2888 1844 2923 in
1877 2900 1945 2922 suo
1977 2900 2135 2935 pareus,

1143 2952 1206 3001 qni
1229 2951 1266 2987 in
1293 2951 1415 2986 alieno
1449 2949 1567 2985 fidelis
1595 2948 1743 2984 existit?
1770 2945 1971 2993 Quomodo
2000 2946 2070 2981 erit
2099 2947 2135 2981 in

1144 3011 1277 3047 officiis
1298 3022 1532 3059 propensus,
1556 3009 1592 3044 in
1615 3022 1652 3044 se
1674 3008 1755 3056 ipso
1778 3008 1938 3055 pareus?
1960 3010 2076 3041 Amor
2099 3019 2136 3040 se

1144 3071 1226 3120 ipso
1250 3070 1339 3106 nihil
1362 3068 1544 3118 impendit
1567 3067 1764 3111 libentius,
1786 3066 1877 3102 nihil
1901 3065 2053 3101 uberius
2072 3079 2137 3112 po-

1147 3139 1227 3166 test.
1255 3134 1345 3177 Qua*-
1371 3128 1489 3177 major
1509 3127 1660 3164 ubertas
1681 3140 1791 3175 quam
1816 3125 1876 3162 ubi
1898 3126 1985 3161 nihil
2008 3124 2086 3160 deu
2103 3138 2136 3159 r⁴

135 3263 143 3277 '
163 3261 174 3288 l
196 3261 266 3288 Cor.
286 3268 347 3287 xiix
363 3282 369 3294 ,
391 3261 421 3288 3.
438 3277 475 3280 —
503 3263 513 3278 ²
533 3256 643 3297 thes.
665 3268 703 3286 iii
720 3281 726 3293 ,
748 3259 797 3288 17.
815 3274 856 3279 -——
876 3255 888 3278 3
908 3260 933 3287 ll
952 3258 1023 3286 (tor.
1038 3268 1068 3289 v.
1093 3260 1153 3293 153,
1180 3259 1228 3286 Η,

246 3329 333 3351 Tou.
366 3329 399 3351 V.
