2418 3949
190 249 291 287 1349

755 253 806 287 IN
835 252 1173 290 ASSUMPTIOM',
1200 255 1241 289 Β.
1270 256 1463 301 MARIAE,
1492 259 1670 294 SERMO.

2146 262 2247 298 1350

185 326 336 376 pientiae
364 325 559 363 desideriis
584 339 732 364 vacare.
763 331 820 364 De
842 329 923 378 ipsa
942 330 1085 380 quippe
1113 342 1174 366 sa-
1190 328 1418 368 meatorum
1452 342 1669 370 nostrorum
1698 334 1871 372 tenebras
1893 336 2121 374 invenimus.
2149 341 2242 376 Item

187 385 329 435 pientia
351 385 533 434 scriptum
558 394 615 422 est
640 401 648 422 :
675 388 727 422 Et
751 392 816 435 qui
842 392 1050 425 minoratur
1075 398 1162 425 actu
1171 416 1185 434 ‚
1202 390 1236 422 A
1254 391 1421 428 secundo
1437 404 1477 428 se
1495 394 1641 442 gravari
1657 393 1854 441 sentiebat,
1872 408 1956 431 cum
1972 395 2131 444 dicebat,
2149 399 2246 434 Con·

182 449 371 493 percipiet
388 446 530 480 illam‘.
546 447 748 494 Propterea
768 447 885 483 Maria
904 448 1024 493 sedet,
1045 449 1186 485 immo-

188 512 302 553 taque
335 511 482 548 manet,
520 515 591 539 nec
622 503 705 540 vult
735 505 1014 556 interrumpere
1046 507 1187 544 silentii

189 564 353 612 quietem
365 590 376 607 ,
393 575 441 599 ne
456 562 665 611 jucundam
685 564 833 601 amittat
855 565 1187 616 contemplationis

189 622 449 659 dulcedinem:
468 623 676 672 praesertim
693 636 778 659 cum
797 624 900 661 intus
917 626 1039 674 ipsum
1058 625 1187 662 audiat

186 685 392 721 Dominum
412 683 617 728 dicentem,
637 685 671 717 V
669 693 796 728 acate,
811 694 846 720 et
865 687 990 721 videte
1006 690 1183 734 quoniam

187 755 256 792 ego
281 755 364 778 sum
383 745 487 778 Deus
500 748 527 778 ².

241 802 280 838 8.
311 801 385 838 nic
400 814 491 838 sane
503 800 821 838 considerandum
841 810 899 839 est
913 803 982 839 tria
997 816 1080 841 esse
1096 816 1183 853 quae

185 858 403 909 impediunt
427 860 802 910 contemplationem.
835 861 1020 911 Equidem
1047 862 1183 899 animae

185 925 325 955 nostre
361 919 516 965 oculus,
550 919 799 970 intelligentia
830 929 899 957 est.
940 921 1046 958 sicut
1078 921 1181 957 enim

187 979 301 1016 oculo
319 979 493 1030 eorporis
516 979 583 1016 lux
607 992 791 1030 corporea
811 988 850 1017 et
868 988 1004 1017 ‹xaetera
1021 993 1182 1030 quaeque

187 1039 400 1089 corporalia
425 1039 604 1076 videntur
625 1054 635 1076 ε
661 1040 711 1076 ita
736 1043 858 1085 Deus,
878 1040 947 1089 qui
970 1049 1028 1078 est
1053 1040 1182 1077 lumen

1251 463 1373 486 versus
1389 464 1467 486 sum
1487 456 1524 487 in
1538 466 1710 488 oerumna
1727 467 1823 498 mea,
1846 457 1934 490 dum
1951 458 2148 506 configitur
2166 464 2246 508 spi-

1251 523 1303 544 na
1322 509 1336 534 ⁴
1356 524 1364 546 :
1381 519 1621 559 peccatorum
1640 513 1783 549 scilicet
1800 514 2027 552 recordatio,
2042 518 2170 554 Tertio
2181 531 2247 555 oc-

1251 569 1381 618 cupari
1395 581 1435 606 se
1450 571 1718 620 conqueritur,
1739 586 1824 609 cum
1841 573 1952 619 dicit,
1975 576 2072 619 Ouia
2085 582 2244 613 cinerem

1250 638 1429 678 tanquam
1453 645 1596 679 panem
1622 634 1898 670 manducabam
1916 634 1930 656 ⁵
1952 637 2144 673 :cinerem
2171 639 2243 674 sci-

1247 687 1336 724 licet
1359 690 1516 727 actionis
1546 704 1617 740 pro
1649 705 1747 742 pane
1779 696 2118 743 contemplationis.
2149 698 2244 744 Qui-

1248 759 1411 796 cumque
1441 761 1530 797 ergo
1561 751 1697 787 mentis
1723 752 1874 788 oculum
1902 753 2040 790 divinae
2067 764 2241 792 contem-

1247 805 1407 855 plationi
1427 809 1509 845 vult
1527 809 1724 847 intendere
1737 840 1746 855 ,
1767 812 1937 860 profecto
1958 826 2109 851 necesse
2129 824 2184 851 est
2202 825 2243 851 ut

1247 879 1334 902 eum
1357 867 1465 916 prius
1481 867 1528 904 ab
1547 868 1621 905 hoc
1641 869 1781 919 triplici
1806 871 2079 920 impedimento
2098 873 2246 910 studeat

1245 939 1421 976 purgare.
1457 927 1568 976 Quod
1594 929 1625 965 si
1651 930 1735 978 quis
1771 930 1892 966 facere
1912 931 2137 977 contendat,
2170 945 2244 969 no-

1245 986 1343 1022 verit
1365 995 1497 1023 contra
1518 988 1700 1037 triplicem
1728 987 1903 1025 morbum
1929 991 2065 1039 triplex
2091 1004 2247 1040 quoque

1247 1045 1329 1082 fore
1357 1045 1579 1083 remedium.
1599 1050 1692 1084 Nam
1719 1048 1865 1097 primus
1887 1049 2042 1097 quidem
2062 1063 2132 1100 per
2154 1064 2247 1087 con-

185 1098 577 1148 incircumscriptum‚
611 1107 650 1135 et
683 1098 766 1148 ejus
791 1098 996 1136 invisibilia
1030 1103 1228 1137 mcum-B
1248 1103 1474 1149 sessionem,
1512 1105 1702 1142 secundus
1735 1119 1805 1155 per
1840 1108 2076 1153 orationem,
2113 1110 2247 1146 tertius

186 1169 262 1206 que
279 1157 472 1194 intellectu
492 1157 764 1207 percipiuntur.
785 1158 976 1195 Differunt
993 1168 1119 1196 autem
1138 1159 1178 1196 in

186 1215 262 1253 hoc
279 1217 446 1254 exterior
462 1225 503 1253 et
520 1217 682 1253 interior
699 1217 832 1254 oculus
843 1245 855 1263 ‚
876 1218 981 1267 quod
1000 1218 1182 1255 exteriori

186 1276 341 1325 quidem
372 1289 559 1326 corporea
587 1277 652 1313 lux
680 1277 935 1323 extrinsecus,
963 1286 1005 1315 ut
1032 1277 1181 1324 videat,

185 1335 430 1382 admovetur3
448 1336 622 1373 interiori
643 1349 735 1373 vero
757 1338 946 1375 Creator-is
969 1338 1097 1374 lumen
1119 1338 1184 1374 in-

187 1395 392 1441 trinsecus,
420 1404 464 1432 ut
484 1395 692 1442 discernat,
714 1396 942 1433 infunditur.
969 1400 1184 1446 Utrumque

186 1467 281 1492 vero
299 1455 452 1492 oculum
475 1455 545 1492 tria
562 1463 652 1492 sunt
671 1469 756 1504 quae
772 1456 820 1492 ad
840 1456 1047 1493 videndum
1064 1458 1183 1506 impe-

188 1513 310 1550 diunt.
331 1515 501 1552 Primum
529 1527 619 1565 ergo
645 1514 693 1551 de
718 1516 897 1552 exteriori
912 1525 1025 1565 atque
1042 1515 1183 1552 visibili

188 1571 346 1610 disserat
362 1575 459 1610 ratio
473 1582 603 1610 nostra
613 1602 624 1619 ,
643 1582 686 1610 ut
698 1574 745 1611 de
761 1574 874 1612 rebus
889 1574 1101 1622 visibilibus
1114 1589 1184 1612 or-

188 1632 279 1670 dine
298 1633 520 1684 disputandi
541 1634 686 1671 facilius
700 1644 871 1685 assurgat
891 1635 938 1672 ad
960 1635 1182 1686 intelligibi-

187 1692 249 1729 lia.
268 1695 398 1730 Potest
414 1706 504 1730 sane
520 1693 620 1738 fieri,
636 1702 679 1730 ut
700 1695 763 1731 ille
782 1708 897 1732 sanus
914 1697 963 1732 sit
981 1704 1019 1732 et
1034 1704 1181 1746 pateat3

188 1750 254 1788 sed
278 1753 462 1802 quoniam
487 1753 555 1790 lux
577 1754 745 1790 exterior
765 1754 801 1791 ei
819 1754 939 1800 desit,
965 1755 1017 1791 nil
1042 1755 1181 1792 videat.

188 1813 220 1848 Ε
238 1812 431 1848 contrario
457 1813 499 1848 fit
522 1813 728 1862 aliquando
741 1843 751 1858 ‚
771 1822 815 1850 ut
841 1827 1009 1864 praesens
1028 1815 1184 1864 quidem

1243 1170 1398 1198 curatur
1426 1175 1494 1212 per
1516 1164 1695 1212 quietem.
1726 1167 1810 1201 Hoc
1841 1166 1970 1211 tertio,
1997 1167 2037 1203 id
2072 1177 2128 1205 est
2159 1182 2249 1205 cura

1246 1222 1432 1267 actionis,
1461 1231 1610 1272 poterat
1639 1223 1687 1259 ab
1714 1224 1926 1261 intentione
1954 1239 2022 1262 sua
2046 1228 2247 1277 praepediri

1246 1281 1377 1317 Maria.
1399 1281 1568 1331 Ideoque
1586 1282 1821 1319 ministrante
1836 1283 1983 1320 Martha
1995 1313 2006 1330 ‚
2025 1285 2129 1322 sedet
2146 1287 2241 1337 ipsa*

1248 1348 1452 1388 manetque
1471 1341 1611 1390 quieta.

1301 1400 1340 1436 9.
1369 1400 1439 1436 Illa
1466 1400 1582 1449 igitur
1613 1411 1890 1450 conquerente,
1919 1411 1956 1439 et
1983 1404 2054 1440 ista
2075 1413 2242 1449 tacente,

1249 1458 1444 1495 audiamus
1479 1458 1571 1508 quid
1600 1461 1787 1497 Dominus
1827 1474 1898 1511 pro
1934 1464 2052 1500 Maria
2087 1477 2247 1515 respon-

1251 1516 1361 1554 derit.
1382 1519 1560 1562 Blartlza,
1579 1520 1754 1563 stlat-ilia,
1780 1521 1919 1570 inquit,
1939 1525 2097 1558 sollicita
2121 1538 2178 1568 es,
2213 1535 2248 1561 el

1248 1577 1406 1612 turbaris
1443 1591 1531 1625 erga
1559 1581 1740 1627 plurima.
1771 1583 1868 1630 Erga
1899 1582 2061 1631 plurima
2092 1585 2246 1632 quidem

1248 1635 1411 1673 turbaris
1424 1664 1435 1682 ,
1454 1636 1544 1673 dum
1563 1645 1600 1673 et
1617 1638 1684 1674 tibi
1700 1640 1987 1686 continentiam,
2011 1650 2048 1678 et
2063 1644 2247 1692 proximis

1247 1707 1357 1744 paras
1379 1697 1610 1733 necessitatis
1628 1697 1849 1748 impensam.
1869 1702 1962 1736 Nam
1982 1709 2023 1736 ut
2040 1703 2242 1739 continen—

1250 1755 1337 1791 tiam
1352 1754 1491 1792 habeas
1504 1785 1515 1801 ,
1532 1757 1688 1794 sollicita
1700 1770 1740 1794 es
1755 1759 1911 1807 vigilare
1923 1788 1933 1804 ‚
1948 1759 2123 1809 jejunare
2136 1791 2147 1806 ‚
2166 1776 2246 1799 cor-

1248 1827 1319 1864 pus
1343 1823 1447 1852 tuum
1471 1817 1651 1866 castigare
1670 1831 1678 1853 :
1701 1826 1742 1854 ut
1762 1819 1907 1856 caeteris
1929 1829 2086 1869 praestes
2100 1851 2110 1867 ,
2127 1822 2244 1859 instas

190 1871 226 1908 ei
252 1872 320 1909 lux
348 1873 416 1919 sit3
436 1872 503 1910 sed
527 1873 624 1910 sorte
642 1875 824 1923 sanguine
842 1887 908 1911 seu
927 1875 1098 1924 quolibet
1112 1875 1185 1912 hu·
1200 1876 1228 1912 C
1248 1875 1374 1924 operi,
1399 1883 1440 1911 ut
1460 1874 1598 1913 habeas
1618 1876 1721 1913 unde
1737 1876 1879 1914 tribuas
1900 1881 2156 1918 necessitatem
2173 1896 2244 1932 pa-

189 1944 296 1969 more
321 1941 499 1970 concreto
524 1931 719 1979 turbatus,
739 1947 895 1971 cernere
914 1935 1071 1971 minime
1090 1947 1184 1985 pos-

187 1990 247 2027 sit.
264 1993 408 2028 Iterum
426 1992 523 2028 solet
537 1992 763 2042 plerumque
776 1994 1011 2043 contingere,
1026 2002 1070 2030 ut
1086 2007 1185 2031 neu-

188 2058 290 2087 trum
311 2050 410 2088 desit
436 2052 494 2097 ei,
518 2064 588 2088 nec
614 2052 705 2098 lux,
732 2065 804 2089 nec
824 2052 942 2099 salus;
966 2052 1033 2090 sed
1058 2062 1183 2090 tamen

184 2109 312 2159 aliqua
338 2111 507 2161 pulveris
535 2111 738 2161 injectione
768 2112 949 2158 laedatur,
973 2125 1051 2162 quo
1076 2113 1117 2150 fit
1140 2122 1184 2150 ut

186 2169 269 2220 ejus
294 2172 394 2208 acies
419 2171 657 2208 retundatur.
684 2175 779 2209 Sunt
804 2185 895 2222 ergo
917 2173 988 2209 tria
1006 2173 1077 2210 ista
1099 2185 1184 2222 quae

186 2228 288 2266 hunc
308 2231 460 2267 oculum
478 2230 713 2281 impediunt3
737 2230 924 2278 tenebrae,
941 2232 1081 2268 humor
1095 2245 1185 2268 con-

187 2297 336 2334 cretus,
362 2291 486 2340 pulvis
513 2290 686 2340 injectus.
710 2293 799 2328 Haec
826 2292 906 2342 ipsa
934 2301 1023 2328 sunt
1047 2293 1183 2338 etiam,

187 2347 328 2398 quibus
344 2350 504 2386 interior
525 2351 657 2387 oculus
679 2350 886 2401 impeditur
903 2366 911 2388 :
933 2352 998 2389 sed
1015 2353 1087 2389 alia
1108 2365 1183 2389 no-

187 2408 291 2445 mina
319 2410 544 2446 sortiuntur.
570 2413 664 2447 Nam
690 2410 795 2460 quod
827 2411 890 2447 hic
918 2411 1101 2458 tenebrae,
1128 2412 1183 2449 ibi

188 2476 344 2518 peccata
365 2467 558 2506 dicuntur.
584 2472 672 2520 Ipsa
690 2483 784 2507 vero
803 2480 955 2521 peccata
985 2471 1183 2508 confluunt

186 2526 227 2562 in
246 2528 486 2575 memoriam,
503 2529 609 2578 quasi
627 2529 666 2565 in
683 2530 885 2579 quamdam
906 2532 1091 2568 sentinam
1117 2546 1125 2567 :
1145 2540 1183 2568 et

187 2585 249 2623 bic
274 2595 333 2624 est
357 2588 421 2624 ille
446 2588 586 2625 humor
612 2597 823 2626 concretus.
844 2590 955 2637 Quod
977 2599 1102 2628 autem
1120 2591 1183 2628 hic

1249 1935 1366 1971 tienti.
1395 1939 1515 1972 Porro
1546 1948 1635 1985 erga
1662 1936 1743 1973 haec
1770 1938 1933 1987 plurima
1956 1939 2142 1986 turbaris,
2177 1942 2241 1979 sed

1248 2007 1367 2030 unum
1398 2003 1455 2032 est
1480 1997 1745 2034 necessarium.
1775 1998 1852 2034 Nisi
1879 1999 1979 2035 enim
2014 2013 2110 2050 opus
2138 2010 2245 2038 tuum

1249 2055 1287 2090 iu
1310 2055 1454 2092 unitate
1473 2055 1622 2100 feceris,
1641 2058 1722 2093 Deo
1744 2058 1808 2106 qui
1829 2070 1926 2094 unus
1943 2067 1999 2095 est
2013 2088 2022 2103 ,
2045 2069 2241 2110 acceptum

1248 2115 1421 2164 profecto
1452 2127 1528 2151 non
1557 2115 1640 2151 erit.
1662 2117 1853 2166 Scriptum
1878 2118 2022 2167 quippe
2046 2127 2102 2155 est
2128 2134 2135 2154 ε
2162 2121 2245 2155 Non

1248 2183 1302 2209 est
1320 2179 1385 2222 qui
1398 2173 1526 2221 saciat
1544 2173 1693 2217 bonum,
1718 2190 1792 2210 non
1816 2186 1870 2211 est
1891 2190 2003 2225 usque
2022 2179 2077 2212 ad
2090 2192 2199 2214 imum
2214 2179 2242 2215 5.

1249 2233 1348 2270 Hinc
1372 2242 1428 2270 est
1450 2234 1553 2283 quod
1572 2234 1609 2270 in
1631 2235 1695 2271 illa
1715 2235 1858 2284 piscina
1879 2235 2103 2273 movebatur
2119 2250 2216 2287 aqua
2233 2268 2243 2284 ‚

1248 2300 1286 2328 et
1314 2292 1517 2329 sanabatur
1545 2306 1642 2330 unus
1657 2300 1683 2330 7.
1706 2295 1805 2331 Hinc
1829 2304 1886 2331 est
1911 2295 2015 2344 quod
2036 2296 2165 2333 decem
2190 2298 2246 2334 le-

1248 2352 1371 2401 prosis
1391 2351 1602 2397 mundatis,
1625 2366 1721 2388 unas
1740 2367 1921 2402 regressus
1937 2364 1991 2391 est
2010 2369 2093 2391 cum
2109 2369 2246 2406 magna

1249 2425 1338 2446 voce
1370 2413 1619 2461 magnificans
1654 2415 1784 2449 Deum.
1815 2414 1883 2450 Cui
1912 2414 2024 2450 etiam
2059 2416 2245 2453 Dominus

1247 2472 1389 2508 caeteris
1404 2471 1629 2521 reprobatis,
1643 2472 1899 2509 testimonium
1914 2474 2035 2510 laudis
2047 2474 2243 2522 adscribit,

1247 2531 1375 2568 dicens
1403 2533 1565 2567 :Nonne
1580 2534 1706 2567 decem
1733 2535 1905 2568 mundati
1925 2538 2038 2570 sum?
2062 2544 2099 2570 et
2118 2550 2246 2572 nocem

1247 2591 1310 2626 ubi
1331 2593 1446 2626 sunt?
1466 2592 1551 2626 Non
1571 2600 1626 2627 est
1650 2595 1812 2627 inventus
1837 2598 1904 2640 qui
1921 2595 2070 2637 rediret,
2088 2603 2125 2629 et
2141 2597 2250 2631 daret

188 2646 314 2696 pulvis
328 2645 466 2684 dicitur
478 2676 488 2693 ,
506 2648 579 2685 hoc
597 2647 650 2684 ibi
666 2661 757 2685 cura
774 2657 1011 2686 terrenorum
1028 2660 1180 2687 actuum
1198 2653 1230 2686 D
1242 2652 1403 2698 gloriam
1429 2652 1522 2694 Dm»,
1540 2655 1614 2685 nisi
1634 2651 1694 2685 hic
1710 2654 1925 2698 alienigena
1939 2650 1968 2687 ⁸.
1987 2653 2125 2690 Paulus
2145 2668 2246 2704 quo-

189 2715 444 2757 nuncupatur.
468 2711 558 2745 Haec
581 2709 696 2758 igitur
720 2709 791 2746 tria
817 2718 906 2746 sunt
928 2722 1014 2759 quae
1034 2711 1185 2747 oculum

187 2765 446 2815 intelligentiae
470 2767 730 2814 confundunt,
756 2777 869 2818 atque
896 2782 917 2805 a
945 2771 1184 2820 contempla-

190 2825 294 2862 tione
323 2826 404 2862 veri
432 2826 586 2864 luminis
605 2828 836 2865 excludunt:
860 2827 1025 2865 tenebrae
1044 2830 1185 2868 scilicet

187 2893 446 2934 peccatorum,
460 2886 673 2923 recordatio
686 2887 908 2924 eorumdem
922 2897 1179 2938 peccatorum,

189 2956 279 2981 cura
297 2953 537 2983 terrenorum
551 2955 718 2984 actuum.
735 2948 863 2984 Primo
875 2948 940 2984 illo
954 2948 1089 2986 morbo
1105 2958 1182 2987 tur-

189 3002 319 3041 batum
350 3019 390 3042 se
424 3007 627 3058 plangebat
658 3008 863 3058 propbeta,
886 3022 970 3045 cum
1004 3009 1147 3047 diceret
1172 3026 1180 3046 :

190 3066 402 3113 Dereh'quit
432 3080 492 3102 me
518 3072 632 3103 virtus
661 3081 760 3112 mea,
777 3077 815 3104 et
841 3070 965 3104 imum
996 3072 1183 3105 oculorum

191 3137 370 3170 nieorum,
395 3135 432 3160 et
451 3131 573 3175 ipsum
592 3140 667 3162 mm
688 3136 742 3162 est
765 3141 907 3163 mecum
923 3126 951 3164 ³.
969 3129 1062 3165 Cum
1083 3129 1183 3165 enim

191 3182 273 3220 luce
290 3175 447 3232 justitia?
475 3185 736 3232 destituimur,
761 3187 811 3223 nil
832 3186 932 3223 aliud
954 3200 1066 3237 quam
1088 3201 1180 3237 pec-

1251 2722 1326 2758 que
1346 2710 1396 2745 ait
1413 2724 1420 2745 2
1447 2711 1586 2745 Omnes
1607 2712 1756 2757 quidem
1776 2720 1936 2754 currunt,
1953 2714 2022 2746 sed
2038 2726 2129 2748 unu<
2148 2728 2247 2749 acc!-

1247 2773 1307 2816 pit
1327 2767 1488 2803 bravium
1501 2775 1526 2804 ὓ.
1556 2770 1622 2805 His
1642 2769 1768 2818 itaque
1793 2778 1829 2805 et
1856 2770 1936 2806 aliis
1956 2772 2244 2821 quamplurimis

1249 2828 1524 2877 Scripturarum
1539 2828 1699 2877 eloquiis
1712 2828 1909 2877 perspicue
1920 2828 2114 2874 docemur,
2131 2845 2202 2880 qua
2210 2846 2243 2868 ui

1250 2887 1374 2922 unitas
1389 2885 1595 2936 probabilis
1612 2887 1673 2931 sit,
1689 2888 1850 2923 maxime
1866 2896 1989 2924 autem
2007 2901 2052 2924 ex
2068 2892 2243 2939 praesenti

1249 2947 1333 2983 loco
1346 2975 1356 2985 ,
1386 2946 1450 2982 ubi
1475 2947 1660 2983 Dominus
1682 2947 1732 2983 ait
1752 2962 1760 2982 :
1783 2948 1898 2981 Porro
1917 2962 2029 2983 ιιηιιηι
2047 2960 2100 2985 cst
2117 2964 2243 2985 nece<-

1248 3021 1288 3041 sa
1294 3012 1325 3041 ri
1329 3020 1349 3041 u
1356 3021 1388 3040 m
1393 3036 1401 3042 .

1307 3066 1368 3102 10.
1398 3065 1469 3103 Sed
1490 3066 1684 3102 sciendum
1707 3066 1810 3115 quod
1832 3067 1902 3103 alia
1931 3075 1985 3103 cst
2014 3069 2136 3105 unitas
2156 3082 2240 3105 san-

1249 3136 1394 3163 ctorum
1409 3155 1419 3171 ‚
1442 3140 1553 3176 quam
1572 3140 1618 3163 ex
1641 3128 1846 3176 Scripturis
1866 3127 1944 3176 jam
1963 3130 2244 3166 commendaui-

1250 3200 1334 3224 mus
1355 3202 1362 3222 :
1384 3187 1455 3222 alia
1471 3196 1525 3223 est
1547 3188 1842 3224 facinorosorum
1860 3217 1868 3226 .
1891 3202 1974 3237 quae
2004 3189 2246 3226 nihilomiuus

242 3322 251 3336 ¹
268 3317 362 3348 Eccli.
375 3329 509 3350 xxxvnr
522 3343 532 3356 .
549 3323 605 3351 25.
619 3338 663 3343 -
679 3325 692 3341 ²
708 3320 790 3352 psal.
805 3332 880 3355 xis,
899 3325 950 3352 11.
967 3339 1010 3344 —
1027 3319 1042 3342 ³
1056 3322 1135 3354 Psal.
1154 3334 1272 3353 xxxvii
1287 3347 1295 3359 ,
1322 3326 1372 3352 11.
1388 3341 1430 3344 -
1448 3329 1461 3347 ⁴
1477 3323 1555 3353 Psal.
1577 3334 1656 3353 xxxi
1670 3347 1679 3360 ,
1704 3327 1733 3353 50.
1756 3341 1797 3345 —
1819 3321 1832 3343 ⁵
1850 3323 1926 3353 l'sal.
1941 3334 1991 3354 cx.
2019 3328 2068 3353 w.
2083 3342 2104 3345 -
2142 3323 2155 3341 ‘⁷
2173 3326 2248 3354 P-u.

195 3380 282 3405 xur,
305 3373 339 3401 3.
358 3389 398 3394 —
416 3377 430 3400 7
451 3375 545 3404 Joan.
561 3385 593 3409 v,
612 3375 641 3404 4.
657 3391 697 3396 —
718 3372 731 3395 ἓ
749 3376 824 3405 Luc.
839 3378 1054 3412 xvu,15-18.
1073 3394 1116 3398 —
1137 3377 1336 3411 91c0r.11.
1357 3378 1411 3406 2³.
