2418 3949
146 245 243 281 1197

142 330 198 357 set
218 321 321 370 quod
349 320 419 358 sibi
444 320 620 371 expediat
644 320 682 357 in
709 329 905 357 aeternum.
937 324 1029 357 Nam
1055 320 1128 355 cito

794 246 858 279 DE
886 244 1060 279 'VERBIS
1093 244 1268 278 DOMtM
1297 244 1345 278 IN
1376 244 1542 279 COENA.

1137 316 1185 336 ¹:05

2095 242 2190 276 1193

1197 318 1261 367 qui
1274 320 1432 368 pauperi
1444 319 1583 355 claudit
1597 318 2026 355 misericordiaeviscera!
2041 321 2072 356 O
2084 331 2191 355 serve

142 380 270 416 veniet
293 389 441 430 tempus
464 387 501 416 et
521 379 635 424 hora,
661 378 799 428 quibus
822 377 929 415 labor
954 378 1078 414 omnis
1099 386 1135 413 et
1153 381 1182 412 A
1202 391 1385 426 nequam,
1406 379 1513 427 cujus
1532 379 1674 415 viscera
1704 378 1897 427 negligunt
1927 377 2073 427 aperire
2093 391 2191 414 mar-

144 439 318 476 universa
347 452 437 475 cura
459 437 598 475 laboris
620 437 782 474 cessabit
805 453 811 473 :
836 447 873 474 et
899 448 987 474 tunc
1013 437 1136 474 omnis

143 498 259 533 homo
280 497 485 535 secundum
506 510 615 534 suum
637 497 804 533 laborem
834 496 1043 533 mercedem
1070 496 1135 532 ha-

144 555 261 592 bebit.
286 557 403 606 Igitur
421 569 506 592 cum
528 555 620 591 nihil
643 556 690 592 sit
709 555 873 598 dulcius,
902 568 970 591 nec
995 556 1138 604 aequius

143 629 255 665 quam
288 617 472 666 respicere
502 615 541 651 in
571 615 755 652 mandatis
784 616 960 660 Domini,
992 616 1028 651 in
1059 616 1138 664 lege

144 676 278 712 Christi
299 675 469 711 meditari
486 675 605 723 elegi;
627 675 714 723 quia
732 674 821 710 mihi
841 674 982 710 bonum
1003 683 1058 710 est
1079 675 1135 710 lex

145 733 408 784 Redemptoris
432 734 506 770 mei
534 746 649 783 super
668 733 785 769 millia
809 734 891 769 auri
911 741 949 769 et
970 733 1134 782 argenti,

144 801 181 829 et
213 793 261 829 de
295 793 417 829 fructu
446 792 619 829 laborum
655 805 824 828 meorum
860 791 1014 828 cuilibet
1048 791 1137 828 dare

145 851 299 901 petenti.
321 855 377 888 Tu
395 860 520 888 autem
535 879 546 897 ,
572 851 621 887 mi
642 852 771 897 lector,
792 852 961 888 ausculta
985 851 1138 901 diligen-

145 919 226 956 ter3
247 918 285 946 et
303 910 396 959 quid
415 910 481 946 tibi
501 923 572 960 pro
591 923 651 947 me
670 911 845 960 loquatur
864 911 1051 955 Christus,
1069 908 1141 945 ob-

144 983 263 1006 serva.
277 973 364 1019 Ipse
379 978 435 1006 est
453 983 530 1019 quo
545 970 669 1006 nullus
692 969 826 1019 major,
850 970 974 1006 nullus
989 968 1141 1013 melior,

143 1042 220 1078 quo
251 1029 375 1066 nullus
405 1027 623 1079 pulchrior,
655 1030 780 1066 nullus
809 1029 980 1073 dulcior,
1020 1028 1145 1064 nullus

1202 438 1350 488 supium
1386 438 1558 487 pietatis!
1593 441 1727 474 Nonne
1762 437 1932 487 oportuit
1960 445 1994 473 te
2025 436 2194 473 misereri

1203 510 1386 534 conservo
1417 500 1507 533 tuo?
1533 498 1624 545 Quis
1655 496 1722 533 tibi
1750 496 1906 532 donavit
1929 496 2033 545 quod
2052 496 2196 533 habes?

1202 561 1336 594 Nonne
1366 557 1541 606 pauperis
1568 557 1783 593 Dominus?
1816 567 1942 592 nonne
1962 556 2139 606 pauperis
2159 564 2196 592 et

1205 618 1257 654 tui
1277 620 1432 654 Creator
1447 618 1461 652 Ξ)
1481 620 1612 653 Nonne
1633 624 1766 652 natura
1781 628 1848 652 vos
1864 615 2004 651 creavit
2017 616 2192 664 aequales‚

1203 685 1240 713 et
1260 689 1334 712 una
1356 675 1564 724 eademque
1585 674 1804 711 conditione
1823 674 1910 711 estis
1932 674 2094 710 exituri?
2122 678 2196 712 Cur

1204 747 1281 770 non
1303 741 1337 769 te
1368 740 1527 781 tangunt
1555 732 1717 768 confinia
1741 732 1876 768 sortis?
1905 733 2059 782 Suscipe
2081 734 2196 769 mise-

1204 805 1285 829 rum
1303 820 1313 836 ‚
1347 791 1521 840 recollige
1553 790 1767 827 mendicum
1799 799 1835 827 et
1856 793 2116 840 peregrinum,
2138 806 2198 830 rc-

1207 853 1275 888 lice
1296 850 1529 895 famelicum,
1556 850 1650 886 vesti
1677 850 1819 886 nudum
1834 879 1843 896 ,
1864 859 1902 887 ct
1920 851 2100 900 operibus
2125 854 2198 888 mi-

1207 910 1421 948 sericordiae
1441 909 1619 946 incumbe
1649 917 1763 959 prout
1786 917 1905 958 potes.
1930 912 2022 947 Cum
2053 924 2199 961 pauper

1208 970 1378 1021 petierit,
1413 981 1565 1006 manum
1598 968 1744 1019 aperire
1781 981 1858 1004 non
1894 968 2044 1005 differas
2078 984 2085 1005 :
2112 983 2197 1007 nam

1209 1030 1485 1078 eleemosynam
1505 1036 1605 1063 tuam
1623 1040 1707 1063 cum
1727 1039 1892 1075 paupere
1913 1027 2027 1064 fratre
2047 1029 2202 1078 suscipit

143 1088 292 1125 charior
311 1103 318 1124 :
342 1088 461 1138 gloria
476 1097 713 1134 sanctorum,
742 1088 855 1125 decus
880 1088 1109 1136 Angelorum
1125 1115 1134 1132 ,
1155 1094 1183 1127 Β
1202 1088 1379 1126 Christus.
1410 1091 1465 1123 Tu
1491 1094 1638 1131 autem,
1660 1086 1709 1121 mi
1739 1086 1871 1129 lector,
1897 1098 1943 1121 ne
1969 1099 2198 1135 pauperem,

144 1156 278 1184 auctor
296 1156 334 1184 et
359 1156 504 1184 creator
524 1156 769 1193 cunctorum,
793 1148 859 1196 qui
881 1147 931 1183 ait
950 1146 1141 1196 discipulis

145 1207 244 1252 suis,
279 1211 422 1250 Amen,
455 1220 565 1242 amen
592 1208 675 1241 dico
705 1205 836 1249 vobis,
862 1210 924 1253 qui
948 1211 1086 1254 accipit
1111 1209 1143 1240 si

143 1279 252 1313 quem
282 1270 433 1310 misero,
463 1279 521 1300 me
551 1270 686 1313 accipit
707 1277 719 1300 .·
747 1274 782 1300 ec
809 1270 872 1313 qui
895 1279 954 1300 me:
981 1270 1139 1313 accipit,

142 1331 281 1372 acc-ipre
303 1339 386 1360 eum
411 1329 476 1372 qul
503 1338 562 1360 me
588 1329 701 1360 misit.
727 1328 929 1373 Postquam
957 1324 1144 1361 Dominus

144 1391 179 1418 et
202 1383 371 1420 Salvator
390 1391 519 1420 noster
538 1396 606 1420 suo
623 1384 807 1432 exemplo
824 1383 1003 1419 docuerat
1020 1383 1143 1420 humi-

145 1442 286 1478 litatem
302 1471 312 1487 ,
335 1451 374 1478 et
401 1442 524 1478 carnis
551 1442 791 1492 passionem3
822 1443 1003 1492 supponit
1019 1443 1145 1479 hono-

146 1515 248 1548 rem,
270 1511 312 1538 ut
330 1515 395 1538 eos
415 1502 647 1546 consoletur,
673 1503 863 1538 affirmans
883 1502 985 1551 quod
1008 1502 1085 1552 ipse
1111 1511 1146 1538 et

147 1565 258 1598 Pater
269 1561 351 1610 ejus
371 1561 410 1598 in
426 1562 499 1598 illis
516 1562 710 1611 recipitur,
727 1562 792 1609 qui
814 1575 884 1611 pro
904 1562 1002 1598 illins
1018 1573 1146 1598 amore

148 1621 396 1671 recipiuntur.
422 1621 493 1657 Hic
521 1629 578 1657 est
602 1621 811 1657 notandum
841 1621 943 1670 quod
966 1622 1002 1657 in
1031 1618 1144 1658 misso

148 1694 224 1717 non
243 1681 366 1726 missi,
388 1679 454 1717 sed
475 1680 657 1716 mittentis
675 1680 879 1716 auctoritas
899 1680 1143 1716 commenda-

155 1748 228 1776 tur.
261 1740 331 1787 Qui
363 1752 454 1788 ergo
481 1739 616 1788 accipit
643 1739 818 1775 nuntium
845 1739 1009 1784 Christi,
1037 1739 1147 1776 Chri-

148 1807 246 1835 stum
265 1799 398 1849 accipit
415 1812 423 1834 :
443 1806 481 1834 et
496 1798 526 1834 si
542 1797 752 1844 Christum,
773 1806 810 1834 et
828 1801 972 1834 Patrem
992 1798 1142 1836 Christi.

1206 1159 1334 1196 quaeso
1348 1175 1358 1191 ‚
1380 1145 1603 1189 abhorreas,
1626 1143 1690 1180 sed
1713 1152 1786 1179 tam
1807 1145 1880 1180 cito
1909 1158 1994 1180 cun]
2013 1146 2117 1182 illum
2145 1149 2200 1183 vi—

1208 1206 1306 1243 deris
1319 1234 1328 1251 ,
1349 1205 1509 1242 adorare
1535 1216 1582 1239 ne
1607 1202 1770 1251 negligas
1785 1231 1794 1248 ,
1817 1203 1904 1238 licet
1924 1203 1971 1239 sit
1990 1203 2180 1241 scabiosus
2193 1235 2201 1250 ,

1208 1267 1286 1302 sive
1306 1265 1496 1315 leprosus,
1515 1270 1616 1298 veste
1634 1261 1827 1305 sordidus,
1856 1262 2023 1298 anhelitu
2053 1263 2202 1309 fetidus,

1211 1334 1333 1361 tamen
1355 1323 1517 1360 brachiis
1537 1321 1726 1358 charitatis
1747 1321 1910 1370 astringe
1924 1350 1933 1367 ,
1951 1330 1988 1357 et
2003 1322 2106 1370 quod
2127 1336 2147 1358 a
2170 1332 2204 1359 te

1212 1384 1378 1434 petierit,
1399 1381 1618 1419 charitative
1636 1380 1824 1430 impende.
1844 1384 1886 1417 In
1910 1381 2067 1417 veritate
2087 1381 2206 1419 donas

1211 1443 1380 1488 Christo,
1411 1441 1547 1490 accipit
1577 1440 1765 1484 Christus,
1795 1439 1954 1488 ipsemet
1981 1441 2102 1487 testis,
2123 1442 2203 1491 ipse

1213 1502 1360 1539 mentiri
1380 1514 1457 1537 non
1475 1508 1599 1550 potest
1613 1527 1622 1544 ,
1641 1499 1731 1535 etin
1753 1498 1813 1535 die
1828 1498 1961 1547 judicii
1984 1499 2051 1536 tibi
2073 1500 2200 1537 reddi-

1212 1572 1318 1599 turus
1338 1570 1393 1598 est
1413 1559 1625 1597 mercedem
1645 1567 1835 1595 aeternam.
1854 1559 2032 1607 Sequitur
2052 1574 2059 1595 :

1264 1623 1298 1659 3.
1322 1622 1411 1657 Cum
1431 1621 1497 1655 lm<-
1517 1622 1672 1654 (lavasset
1691 1621 1796 1654 lesus
1807 1647 1818 1662 ,
1841 1618 2007 1654 turbelas
2025 1629 2077 1655 est
2091 1625 2206 1668 spiti-

1213 1693 1249 1717 ιιι
1261 1711 1272 1727 ,
1289 1691 1324 1717 et
1338 1689 1562 1729 protestatus
1579 1688 1632 1714 est
1643 1688 1676 1714 et
1692 1681 1791 1714 ‹lia-it
1811 1693 1822 1712 .·
1841 1682 1959 1714 Amen
1971 1708 1982 1723 ,
2000 1693 2110 1715 amen
2125 1683 2208 1716 (lico

1213 1741 1318 1777 vobis
1331 1768 1342 1784 ,
1363 1743 1451 1788 quia
1478 1752 1572 1774 unus
1597 1753 1645 1774 cxc
1662 1737 1768 1774 vobis
1787 1752 1844 1773 mc
1868 1740 2000 1775 tradet.
2021 1738 2208 1776 Turbatus

1211 1804 1318 1837 Jesus
1337 1813 1381 1836 ex
1404 1807 1530 1835 nostra
1547 1798 1763 1834 infirmitate
1777 1826 1787 1842 ,
1808 1811 1882 1834 non
1900 1812 1945 1834 ex
1964 1811 2030 1834 sua
2043 1807 2210 1848 potesta-

201 1859 224 1895 2
263 1859 362 1907 Quid
389 1857 519 1903 audis,
549 1871 571 1894 o
595 1857 821 1894 christiane?
850 1858 994 1895 Veritas
1022 1859 1147 1907 loqui-
1163 1860 1190 1895 C
1213 1870 1248 1898 te
1266 1876 1273 1897 :
1292 1869 1421 1896 nostra
1440 1859 1636 1894 infirmitas
1657 1858 1693 1893 in
1714 1872 1759 1894 eo
1782 1857 1928 1893 turbata
1949 1866 2026 1902 est,
2050 1871 2125 1894 non
2143 1872 2208 1895 sua

150 1927 211 1955 tur
235 1933 241 1954 :
265 1919 408 1956 Veritas
428 1917 579 1954 mentiri
597 1930 672 1954 non
690 1925 825 1967 potest.
843 1918 905 1954 Ait
919 1918 1017 1954 euim
1037 1931 1045 1953 ε
1073 1921 1146 1964 Qui

148 1983 283 2027 accipie
298 1983 329 2013 si
342 1991 451 2026 quem
467 1981 616 2021 misero,
633 1990 691 2012 me
706 1981 851 2025 accipit.
870 1980 989 2024 Quem
1009 1977 1144 2013 mittit?

149 2039 234 2088 quis
260 2045 317 2074 est
349 2037 449 2074 enim
480 2036 671 2073 nuntius?
699 2037 807 2072 Venit
840 2049 1006 2086 pauper,
1040 2036 1144 2073 venit

152 2097 364 2142 mendicus;
386 2096 531 2132 advena
547 2103 604 2132 est
617 2103 655 2131 et
669 2095 889 2144 peregrinus
903 2110 913 2140 3
936 2108 1013 2130 non
1030 2094 1144 2131 habet

149 2156 253 2205 quod
274 2155 425 2201 vestiat,
454 2153 665 2191 nonhabet
692 2153 794 2203 quod
824 2153 1043 2199 manducet,
1067 2166 1141 2190 non

151 2215 263 2252 habet
297 2214 361 2252 ubi
395 2223 510 2264 caput
539 2214 695 2250 reclinet
735 2227 741 2248 :
777 2214 879 2249 venit
915 2213 960 2249 ad
989 2212 1143 2262 januam

151 2284 252 2312 tuam
271 2304 282 2322 ,
311 2275 359 2312 ad
385 2274 540 2311 domum
565 2282 686 2319 tuam,
711 2285 788 2309 non
822 2281 997 2322 tanquam
1031 2273 1146 2308 frater

151 2336 324 2381 fratrem,
353 2347 428 2371 non
451 2342 627 2383 tanquam
649 2345 805 2369 consors
825 2341 1059 2377 consortem,
1079 2332 1145 2368 scd

151 2403 328 2444 tanquam
354 2406 485 2432 servus
505 2393 700 2429 dominum
722 2392 816 2442 petit
836 2404 992 2441 panem,
1014 2399 1146 2440 postu-

150 2454 200 2490 lat
218 2462 357 2490 vestem
371 2481 382 2499 ,
400 2451 500 2502 apud
521 2459 556 2488 te
575 2451 712 2500 quaerit
733 2450 914 2500 hospitari
931 2463 1002 2499 pro
1017 2462 1147 2486 amore

149 2513 296 2551 Christi.
325 2512 425 2561 Quid
447 2511 514 2548 tibi
533 2511 712 2547 videtur?
739 2510 824 2559 quis
843 2518 899 2546 est
917 2510 980 2546 ille
1001 2510 1147 2546 mendi-

150 2585 232 2617 cus,
262 2572 330 2608 iste
362 2571 607 2621 peregrinus,
638 2570 704 2619 qui
732 2569 834 2619 apud
864 2577 898 2605 te
919 2583 990 2619 pro
1018 2582 1147 2606 amore

1212 1929 1376 1971 potestas
1391 1948 1400 1965 ,
1416 1921 1511 1956 sieut
1529 1927 1565 1955 et
1584 1930 1669 1954 vere
1688 1930 1793 1967 passa
1814 1933 1821 1952 τ
1843 1918 2056 1954 voluntarie
2073 1919 2209 1968 accipit

1212 1980 1480 2025 turbationem,
1497 1991 1542 2015 ne
1557 1978 1731 2026 desperet
1750 1990 1881 2013 servus
1898 1977 2117 2013 necessitate
2135 1987 2210 2014 tur-

1210 2040 1331 2077 batus.
1356 2041 1428 2087 Qui
1455 2038 1627 2075 turbatus
1656 2038 1810 2086 spiritu,
1844 2037 2025 2085 significat
2058 2046 2208 2086 pertur-

1209 2099 1356 2136 bandos
1372 2098 1583 2148 spirituales
1601 2110 1645 2132 ex
1665 2096 1857 2141 charitate,
1873 2108 1957 2131 cum
1976 2109 2112 2144 urgens
2127 2109 2210 2132 cau-

1211 2173 1263 2204 sa,
1289 2159 1430 2194 zizania
1445 2170 1465 2193 a
1483 2157 1607 2193 tritico
1623 2164 1708 2192 antt.¹
1724 2167 1879 2190 messem
1902 2155 2002 2204 cogit
2018 2168 2192 2204 separare
2203 2185 2211 2199 ‚

1213 2218 1247 2253 id
1267 2226 1344 2264 est,
1369 2225 1456 2254 ante
1477 2216 1578 2252 diem
1603 2215 1734 2264 judicii
1752 2214 1851 2263 cogit
1867 2215 2207 2250 excommunicare.

1211 2277 1283 2314 Sed
1303 2276 1510 2313 notandum
1531 2284 1586 2311 est
1610 2274 1712 2323 quod
1734 2282 1821 2309 sunt
1843 2273 1926 2309 duae
1955 2273 2209 2322 perturbatio-

1213 2350 1277 2373 nes
1297 2351 1304 2372 :
1323 2337 1463 2373 scilicet
1476 2363 1486 2380 ‚
1510 2334 1676 2372 turbatio
1699 2334 1821 2370 carnis
1835 2362 1844 2378 ,
1865 2342 1900 2369 ct
1917 2333 2083 2370 turbatio
2099 2334 2210 2383 spiri—

1213 2405 1283 2433 tus.
1307 2395 1488 2433 Turbatio
1510 2395 1633 2431 carnis
1654 2402 1710 2430 est
1735 2393 1857 2442 passio
1877 2393 1999 2429 carnis
2017 2408 2025 2429 :
2047 2393 2210 2429 turbatio

1211 2455 1366 2505 spiritus
1378 2462 1434 2491 cst
1450 2454 1574 2497 timor,
1592 2453 1760 2489 anxietas
1771 2452 1964 2488 etsimilia.
1984 2455 2066 2488 Non
2083 2466 2209 2497 carne,

1212 2514 1276 2551 sed
1297 2514 1431 2564 spiritu
1452 2512 1624 2549 turbatur
1649 2512 1836 2548 Dominus
1861 2525 1946 2548 cum
1966 2510 2135 2547 dicturus
2150 2526 2209 2547 es-

1213 2582 1285 2619 set,
1317 2575 1416 2609 Unus
1441 2586 1490 2608 ex
1518 2572 1619 2608 vobis
1640 2585 1698 2607 me
1724 2573 1845 2607 tradet
1865 2584 1969 2607 :non
2001 2571 2103 2619 quod
2124 2580 2211 2607 tunc

152 2631 289 2667 Christi
310 2639 383 2666 tam
402 2630 606 2674 humiliter,
631 2638 704 2665 tam
727 2629 945 2678 suppliciter
964 2636 1047 2665 Ot'ilt
1077 2628 1145 2664 ho-
1163 2637 1195 2670 D
1215 2634 1376 2682 primum
1399 2631 1523 2668 subito
1540 2631 1784 2681 cognoverit,
1809 2638 1846 2666 et
1867 2631 2106 2678 repentinum
2135 2644 2212 2666 ma-

154 2691 309 2740 spitari?
326 2690 460 2726 Missus
475 2688 610 2725 Christi
630 2696 708 2733 est,
730 2689 884 2723 nuntius
903 2687 1041 2724 Christi
1060 2696 1116 2723 est
1137 2701 1144 2722 :

154 2763 231 2786 non
256 2757 311 2786 est
329 2749 457 2794 solus;
477 2761 562 2784 cum
590 2748 654 2784 illo
679 2755 735 2783 est
761 2747 941 2784 Christus
971 2746 1149 2783 Gaudens

155 2809 321 2858 suscipe,
343 2816 535 2858 gratanter
562 2808 672 2844 refice
686 2835 695 2852 ‚
715 2807 815 2844 servi
831 2806 968 2843 devote
996 2819 1079 2842 cum
1099 2806 1146 2842 ti-

157 2885 261 2908 more
280 2879 317 2906 et
337 2871 548 2907 reverentia
577 2882 709 2919 magna
729 2882 736 2903 :
758 2868 944 2906 Christum
967 2868 1145 2917 suscipis,

155 2930 343 2967 Christum
366 2929 498 2966 reficis.
519 2928 651 2967 Gaude
675 2937 710 2965 ct
733 2928 880 2972 laetare,
907 2927 1009 2976 qnod
1039 2928 1148 2964 talem

157 2990 326 3026 meruisti
350 2989 488 3026 habere
513 2989 724 3026 convivam.
748 2988 851 3025 Felix
871 3000 1021 3032 mensa,
1042 2986 1151 3023 beata

159 3063 308 3095 mensa,
327 3049 364 3085 in
381 3062 455 3099 qua
468 3049 638 3087 Christus
652 3048 891 3093 convivatur,
906 3047 942 3083 in
959 3061 1033 3096 qua
1054 3051 1152 3084 Deus

161 3109 328 3145 relicitur
359 3123 367 3145 :
403 3109 535 3145 infelix
561 3121 708 3152 mensa,
731 3107 792 3143 cui
823 3106 925 3143 deest
954 3107 1034 3142 talis
1066 3119 1153 3142 con-

160 3169 256 3204 viva.
277 3171 308 3206 O
330 3181 442 3218 quam
475 3169 611 3206 misera
639 3180 786 3211 mensa,
808 3168 884 3203 imo
907 3180 1019 3215 quam
1044 3166 1154 3202 miser

161 3229 338 3265 dominus
358 3241 515 3274 mensae,
531 3229 596 3279 qui
618 3240 822 3279 pauperem
842 3227 947 3277 pellit
967 3240 985 3262 a
1009 3239 1150 3270 mensa,

217 3360 224 3375 ⁸
245 3356 336 3385 Joan.
354 3365 400 3384 xii
415 3379 423 3392 ,
443 3358 495 3386 27.

1215 2692 1289 2727 lum
1316 2704 1402 2727 eum
1428 2690 1660 2733 turbaverit;
1689 2689 1755 2725 sed
1784 2688 1965 2737 quiajam
1985 2701 2070 2724 eum
2094 2690 2211 2726 fuerat

1214 2763 1484 2800 expressurus,
1514 2758 1553 2785 ut
1584 2762 1659 2785 non
1683 2749 1834 2792 latcret;
1862 2756 1898 2783 et
1919 2748 1978 2783 ille
1993 2749 2212 2784 eratcxitu-

1215 2824 1296 2857 rus,
1319 2819 1355 2846 et
1384 2809 1536 2846 Judaeos
1559 2808 1817 2851 adducturus;
1842 2806 2106 2843 turbaviteum
2126 2821 2215 2857 pro—

1215 2871 1356 2906 ximum
1391 2868 1599 2918 periculum
1639 2866 1844 2916 proditoris
1865 2894 1874 2910 ,
1917 2867 2013 2902 sicut
2044 2868 2215 2916 superius

1215 2929 1356 2966 dictum
1374 2937 1450 2972 est,
1476 2926 1642 2963 turbavit
1660 2939 1746 2962 eum
1771 2926 1971 2962 imminens
1988 2926 2124 2974 passio,
2147 2927 2217 2963 sic-

1218 2996 1257 3024 ut
1282 2987 1436 3023 iuferius
1463 2986 1600 3022 dicitur
1622 3000 1630 3020 ;
1656 2986 1762 3020 Num·
1796 2989 1928 3020 (mima
1956 2999 2038 3020 mca
2068 2985 2215 3021 turbata

1218 3056 1290 3090 est,
1310 3056 1345 3082 cl
1362 3048 1456 3093 quid
1473 3048 1596 3080 ‹ln-nm
1614 3052 1620 3066 ¹
1641 3046 1655 3080 ?
1673 3048 1759 3081 ltu·
1774 3044 1867 3080 «lixit
1885 3045 2218 3093 appropinquante

1220 3107 1310 3141 hora
1333 3105 1528 3154 passionis.
1547 3103 1734 3141 Turbatus
1748 3112 1799 3140 cst
1823 3103 2006 3140 Dominus
2022 3108 2130 3140 ,lesus
2146 3106 2218 3153 spi-

1223 3167 1292 3201 ritu
1309 3193 1317 3206 ,
1349 3173 1383 3200 ct
1417 3173 1644 3215 protestatus
1670 3173 1724 3200 est
1749 3164 1851 3213 quod
1873 3164 2061 3199 occultum
2098 3165 2215 3199 suerat

1221 3234 1255 3261 ct
1273 3225 1363 3261 dixit
1382 3239 1387 3260 z
1408 3228 1524 3260 ,lmen
1539 3254 1546 3264 ,
1568 3239 1677 3260 annu
1700 3226 1778 3259 dico
1805 3223 1922 3266 volan,
1947 3238 2036 3271 qma
2058 3237 2144 3258 mem
2170 3239 2218 3259 cut·
