2504 3928
368 160 438 195 2¹17

366 234 495 270 vinna.
529 238 600 269 Aut
645 233 728 267 ideo
761 231 897 267 ‹licinu-
927 232 1009 267 sons
1042 233 1227 281 signatus,
1266 232 1370 283 ‹piia'

1153 159 1439 194 GlL1AEmzn'1’1
1470 159 1666 194 ABBATIS

1383 231 1577 283 '⁰sp(›usae.
1611 233 1745 270 Omnia
1774 233 1872 270 enim
1902 242 1937 270 et
1975 234 2152 284 proponit
2181 235 2332 282 utiliter,
2363 245 2399 273 et

2323 163 2398 199 ‘2²18

366 294 434 328 etsi
454 293 533 328 aliis
553 293 611 327 alii
635 293 754 327 tontes
773 299 857 326 sunt
870 319 879 335 ,
902 292 1020 327 sorori
1041 300 1076 327 et
1096 305 1242 341 sponsae
1264 306 1343 343 spe·
1363 297 1390 330 Α
1413 293 1577 342 disponit
1597 292 1769 328 suaviter.
1798 292 1886 328 Ideo
1905 293 2008 341 quasi
2028 293 2243 343 paradisum
2263 308 2398 344 quem—

368 353 469 388 cialis
491 352 572 386 sons
592 359 645 386 est
663 359 697 385 et
716 350 910 399 proprius,
928 359 964 385 et
979 350 1139 398 quadam
1160 365 1346 400 praeroga-

369 412 442 446 tiva
473 410 649 456 signatus.
685 413 809 445 Bonus
839 409 994 445 omnino
1025 410 1107 446 sons
1137 411 1346 460 sapientiae,

366 470 429 504 sed
447 469 567 504 adbuc
583 468 653 504 sub
672 468 862 515 signaculo
878 467 986 504 uobis
1003 478 1149 505 emanat
1166 484 1173 505 :
1191 470 1350 506 dulciter

365 529 478 577 sapit,
514 527 578 563 sed
615 527 783 563 noudum
823 527 985 563 dilucide
1016 528 1144 564 scitur.
1180 529 1350 577 Signatus

367 595 439 631 est,
468 595 505 622 et
524 587 670 622 clausus
690 585 759 622 sub
788 587 927 635 liguris.
948 590 989 623 In
1011 589 1233 636 Apocalypsi
1257 587 1351 624 liber

364 645 576 682 ostenditur
602 645 638 680 in
667 658 779 681 manu
806 645 967 681 sedentis
999 659 1112 695 super
1145 647 1321 683 thronum
1338 675 1347 691 ,

367 704 566 752 signaculis
594 713 734 752 septem
765 705 931 752 signatus
955 712 976 741 ¹.
1007 706 1211 754 Utriusque
1231 707 1346 751 ratio,

366 772 402 798 ct
431 763 563 808 fontis,
593 771 628 798 et
656 762 761 807 libri,
785 764 830 799 ad
859 764 1049 812 sapientia*
1076 773 1217 813 spectat
1237 765 1348 800 intel—

367 822 522 866 lectum;
554 822 618 858 sed
655 830 813 871 uterque
851 823 1014 870 signatus
1047 832 1100 859 est
1130 823 1274 871 liguris,
1312 831 1348 859 ct

367 881 631 929 aenigmatibus
657 882 862 917 involutus.
888 882 1060 929 Signatus
1087 890 1161 926 est;
1192 881 1348 930 quibus—

364 938 449 974 dam
469 939 567 975 enim
588 939 694 974 nobis
720 939 912 975 intimatur
936 939 1098 984 iudiciis,
1120 948 1155 975 ct
1181 940 1347 975 occulta-

365 998 476 1033 turin
499 998 587 1047 ipsis
606 1013 612 1033 :
631 1006 665 1033 ct
686 999 780 1034 sicut
797 999 832 1033 in
850 998 1076 1046 Apocalypsi
1103 997 1188 1034 libri
1215 999 1348 1047 signati

364 1057 453 1104 legis
479 1057 712 1105 apertiones,
741 1057 790 1092 ita
817 1065 851 1091 et
876 1057 933 1092 liic
953 1057 1084 1106 signati
1105 1057 1216 1092 fontis
1235 1057 1348 1093 emis—

362 1116 498 1151 siones.
527 1118 766 1158 Emis-simam,
804 1115 940 1163 iuquit,
961 1125 1034 1150 tute
1046 1118 1248 1163 paradisus
1268 1129 1348 1150 ma—

362 1176 478 1208 lorum
491 1179 711 1221 [muscarum
729 1188 808 1208 cum
825 1174 1226 1222 pomorumfructibus.
1251 1177 1348 1210 Fons

361 1233 428 1268 iste
456 1232 621 1280 signatus
652 1232 802 1280 quidem
837 1240 910 1276 cst,
944 1231 1008 1268 sed
1037 1233 1242 1268 exsiccatus
1271 1245 1346 1268 non

361 1299 414 1327 cst
430 1319 438 1334 ‚
456 1290 563 1338 cujus
583 1299 655 1326 tam
673 1291 843 1338 gratiosa?
864 1299 952 1326 sunt
971 1291 1198 1327 emissiones.
1219 1291 1347 1339 Signa—

364 1359 422 1386 tus
443 1359 496 1386 est
514 1351 595 1386 sons
610 1351 801 1398 sapientia¹
813 1378 821 1394 ‚
844 1350 908 1385 sed
926 1349 972 1385 ab
989 1349 1250 1385 emissionibus
1267 1350 1348 1398 ejus

360 1410 591 1457 cognoscetis
616 1421 709 1444 eam.
740 1410 836 1452 Eric,
859 1407 1101 1457 inquit,sous
1116 1418 1250 1456 pateus
1271 1410 1340 1442 da—

360 1481 439 1502 mus
466 1470 589 1502 David
613 1472 650 1501 lu
681 1466 909 1502 ablutionem
939 1471 1147 1514 peccatoris
1175 1476 1211 1502 ec
1240 1479 1342 1501 mete-

358 1536 513 1562 strualoe
538 1532 564 1562 ².
591 1527 658 1562 Ille
678 1534 798 1575 patet,
823 1526 882 1562 hic
907 1526 1099 1575 signatur:
1121 1526 1182 1562 ille
1204 1524 1341 1570 abluit,

359 1585 418 1621 hic
443 1586 548 1621 alluit
569 1599 576 1620 :
600 1585 660 1620 ille
678 1585 794 1629 lavat,
813 1584 872 1620 liic
898 1584 1014 1633 rigat:
1037 1585 1097 1620 ille
1120 1592 1255 1633 purgat
1275 1583 1341 1619 dc-

357 1644 460 1689 licta‚
481 1644 540 1680 liic
556 1643 731 1693 producit
750 1643 922 1679 delicias:
939 1643 1000 1678 ille
1018 1642 1228 1678 communis
1249 1642 1342 1677 mul-

358 1711 480 1738 torum
494 1730 503 1746 ‚
524 1702 583 1738 liic
598 1701 766 1751 specialis
783 1710 838 1737 est
852 1713 1012 1749 sponsae.
1033 1700 1087 1736 Ibi
1106 1700 1342 1737 remissiones

1413 353 1496 389 dam
1526 365 1656 388 cernas
1681 352 1719 388 in
1754 351 1834 400 ejus
1859 351 1989 389 habitu
2018 361 2054 389 et
2073 365 2187 403 opere
2208 355 2398 401 exteriori,

1413 412 1501 448 dum
1531 412 1704 447 honestas
1734 411 1854 459 pl··.cet
1886 410 1924 446 in
1951 411 2128 461 singulis,
2158 420 2195 448 et
2222 413 2335 449 series
2362 413 2400 450 in

1414 471 1579 515 collatis,
1611 478 1647 506 et
1675 469 1836 505 suavitas
1864 469 1901 504 in
1932 468 2135 518 dispositis.
2168 470 2336 507 Modeste
2363 479 2400 508 et

1415 543 1498 566 cum
1523 528 1789 577 tranquillitate
1817 527 1943 563 omnia
1972 529 2064 577 agit,
2094 536 2134 565 ut
2153 529 2341 579 virginalis
2360 530 2399 566 in

1415 602 1457 625 ca
1482 587 1716 624 verocundiae
1737 599 1811 622 non
1830 587 1990 622 violetur
2016 587 2208 623 serenitas.
2230 588 2400 637 Denique

1415 655 1451 682 et
1476 646 1634 695 paradisi
1662 645 1768 681 dotes
1791 653 2077 681 enumeraturus
2102 646 2233 695 incipit
2249 659 2269 682 a
2288 659 2401 683 vere-

1416 705 1570 748 cundia,
1597 705 1633 741 in
1660 703 1739 752 ejus
1763 703 2085 753 designationem,
2108 713 2266 754 propter
2293 705 2400 741 colo-

1414 777 1491 800 rem
1513 764 1692 809 similem,
1723 763 1858 812 punica
1891 763 1986 798 mala
2017 776 2248 812 proponens.
2272 766 2401 799 Emis-

1413 828 1534 858 ,τίθησι-
1548 832 1623 858 tuoe
1639 824 1838 869 paradisus
1855 824 2034 856 malorum
2044 826 2278 870 punicorum.
2395 831 2398 833 '

1465 882 1501 917 6.
1528 885 1653 918 Potest
1677 880 1770 916 etin
1792 880 1896 916 malis
1927 880 2073 928 punicis
2102 889 2307 929 martyrum
2338 880 2399 916 in-

1415 940 1529 990 telligi
1551 939 1746 989 patientia,
1769 952 1815 975 eo
1835 939 1937 987 quod
1954 939 2110 987 proprio
2130 939 2203 975 sint
2219 939 2400 989 sanguine

1372 997 1397 1030 Β
1415 998 1603 1035 rubricati.
1636 1002 1682 1034 Et
1706 997 1805 1033 bona
1828 997 2015 1047 pudicitiae
2043 1009 2170 1034 comes
2195 997 2397 1046 patientia,

1414 1071 1496 1107 quae
1517 1058 1552 1093 in
1576 1057 1683 1093 laude
1700 1057 1890 1105 sapientia:
1907 1055 1975 1091 sibi
1995 1063 2286 1101 connectuntur,
2305 1055 2402 1093 sicut

1415 1116 1614 1153 scribitur:
1637 1119 1830 1163 Sapientia
1856 1128 1942 1163 quoe
1971 1117 2161 1150 desursum
2190 1123 2260 1160 ese,
2276 1119 2401 1162 primo

1412 1177 1558 1223 quidem
1580 1177 1721 1223 pudica
1742 1183 1812 1218 est,
1838 1175 1972 1209 deinde
1987 1173 2149 1221 pacfica
2169 1171 2196 1210 ⁵.
2218 1173 2400 1211 Pudicitia

1413 1234 1580 1270 modeste
1598 1246 1636 1270 se
1655 1241 1691 1270 et
1705 1246 1775 1282 pro
1790 1232 1971 1281 dignitate
1996 1240 2179 1281 temperat
2197 1244 2204 1266 :
2222 1232 2400 1281 patientia

1411 1294 1567 1329 alienam
1596 1291 1869 1328 immodestiam
1897 1291 2156 1340 aequanimiter
2179 1298 2315 1340 portat.
2332 1291 2399 1327 Illa

1413 1351 1586 1399 proprios
1609 1358 1730 1385 motus
1746 1349 1941 1394 informat,
1965 1349 2043 1385 liaec
2072 1349 2215 1385 alienos
2239 1349 2399 1398 impetus

1410 1409 1592 1458 infringit.
1625 1408 1692 1444 Illa
1720 1408 1835 1444 decor
1865 1415 1939 1451 est,
1971 1407 2048 1443 liaec
2082 1407 2275 1444 fortitudo.
2306 1407 2399 1443 Ideo

1407 1467 1544 1503 dicitur
1566 1481 1573 1502 :
1599 1467 1782 1502 Fortitudo
1807 1475 1840 1501 et
1864 1467 1974 1501 decor
1997 1467 2248 1501 indumentum
2275 1469 2351 1511 ejus
2369 1464 2397 1501 ⁶.

1407 1527 1556 1569 Primo,
1577 1525 1719 1573 inquit,
1741 1527 1882 1572 pudica
1907 1533 1981 1569 est,
2001 1526 2136 1560 deinde
2149 1525 2313 1573 pacifica
2334 1538 2345 1559 .·
2362 1532 2399 1561 et

1406 1592 1491 1633 post
1509 1584 1698 1633 aliquanta
1717 1583 1910 1633 subjungit
1931 1598 1937 1619 :
1956 1586 2077 1619 Plena
2095 1582 2263 1631 operibus
2279 1584 2396 1620 bonis.

1406 1646 1550 1679 Bonum
1571 1650 1627 1679 est
1653 1642 1752 1678 enim
1774 1642 2071 1691 persecutionem
2106 1643 2200 1692 pati,
2221 1642 2285 1679 sed
2306 1655 2399 1692 pro-

1407 1711 1490 1752 pter
1510 1702 1662 1751 justitiae
1688 1702 1841 1738 fructus.
1867 1701 1956 1737 Ideo
1979 1701 2196 1738 emissiones
2213 1700 2294 1750 ejus
2319 1714 2398 1738 ma-

356 1761 465 1805 liunt,
509 1761 567 1796 liic
595 1759 824 1796 emissiones.
859 1763 901 1795 In
935 1759 1078 1808 psalmo
1111 1772 1181 1807 pro
1208 1760 1524 1798 octavaClorum
1558 1761 1784 1810 punicorum
1821 1769 1932 1806 sunt,
1969 1760 2033 1796 sed
2072 1773 2157 1797 cum
2195 1773 2395 1810 pomorum

355 1819 440 1854 vide
462 1818 654 1868 quomodo
682 1819 804 1867 primo
826 1819 960 1854 lectum
983 1818 1103 1863 lavat,
1128 1817 1264 1853 deinde
1287 1818 1339 1853 ri-

353 1886 414 1925 gat
435 1876 461 1913 ³.
481 1881 561 1914 Non
586 1877 685 1913 enim
713 1884 768 1912 est
787 1877 873 1912 satis
894 1889 913 1912 a
932 1876 1097 1912 foeditate
1117 1876 1253 1921 lavari,
1273 1876 1341 1912 nisi

351 1944 387 1971 et
409 1935 614 1971 feconditas
636 1943 811 1970 sectetur.

406 1996 441 2031 5.
469 1996 695 2029 Emissiaues
715 2002 791 2028 tuce
807 1993 1007 2041 paradisus
1029 1994 1210 2027 malorum
1225 1996 1343 2040 puni—

353 2067 488 2089 corum.
509 2057 583 2096 Ita,
602 2056 689 2089 Jesu
704 2052 826 2096 bone,
850 2051 899 2086 ita
920 2058 987 2086 est.
1006 2051 1233 2087 Emissiones
1248 2051 1341 2094 istae,

352 2112 600 2148 immissiones
617 2119 703 2147 sunt
720 2119 811 2155 tuae,
833 2109 1083 2144 immissiones
1098 2121 1166 2157 per
1179 2109 1343 2158 Angelos

351 2170 486 2207 bonos.
516 2173 598 2206 Non
618 2177 744 2218 posset
765 2169 857 2204 tales
882 2167 1052 2203 emittere
1078 2167 1227 2203 delicias
1242 2195 1251 2212 ,
1272 2167 1343 2202 nisi

353 2239 391 2265 tu
425 2229 648 2265 intrinsecus
679 2227 944 2263 delectationes
971 2237 1076 2273 aquae
1098 2226 1193 2260 vivae
1218 2225 1342 2260 immi-

352 2289 471 2323 sisses.
494 2290 685 2334 Signatum
709 2294 763 2320 est
775 2297 886 2332 super
902 2296 966 2318 nos
992 2286 1114 2318 lumen
1131 2285 1251 2318 vultus
1266 2287 1338 2325 tui,

353 2350 533 2388 Dumium
556 2346 690 2379 dedisti
721 2347 892 2378 loetitiam
923 2347 961 2377 in
990 2344 1098 2376 corde
1131 2355 1209 2376 meo
1230 2341 1258 2376 ³.
1282 2341 1341 2376 Si-

352 2413 505 2454 gnatum
545 2412 600 2439 est
636 2415 749 2452 super
781 2415 866 2447 nos,
903 2401 1004 2450 quod
1039 2401 1201 2450 desuper
1233 2399 1342 2435 nobis

352 2465 575 2513 impressum
597 2471 663 2498 cst.
684 2461 749 2498 Cui
771 2461 886 2496 divini
909 2460 1059 2496 luminis
1081 2460 1202 2508 imago
1224 2458 1335 2495 desu-

1407 1819 1600 1857 fructibus.
1622 1823 1724 1856 Bona
1744 1819 1895 1867 quidem
1918 1819 2118 1868 pudicitia3
2141 1819 2205 1855 sed
2226 1820 2255 1856 si
2275 1819 2396 1856 otiosa

1407 1891 1483 1914 non
1504 1886 1576 1923 est,
1597 1890 1672 1913 non
1693 1877 1884 1921 affectata,
1912 1890 1988 1913 non
2013 1878 2116 1922 ficta,
2146 1877 2210 1914 sed
2234 1878 2394 1914 fructum

1408 1937 1568 1972 afferens
1585 1936 1622 1972 in
1643 1936 1836 1985 patientia.
1856 1936 1923 1972 Illa
1939 1935 2109 1985 disponit
2128 1936 2307 1981 suaviter,
2328 1937 2397 1972 ista

1408 1994 1570 2044 protegit
1587 1994 1733 2030 fortiter
1751 2008 1758 2030 :
1777 1995 1839 2030 illa
1857 1994 2044 2040 niodesta3
2062 1994 2137 2030 baec
2157 1994 2393 2044 longanimis.

1408 2053 1574 2102 Ideoque
1605 2054 1661 2090 liis
1692 2052 1837 2089 duabus
1868 2066 1969 2089 nunc
1999 2061 2261 2098 annectuntur,
2292 2054 2396 2102 quasi

1408 2111 1680 2147 consummatio
1724 2119 1761 2146 et
1795 2111 1877 2147 linis
1916 2124 2094 2160 operum,
2141 2111 2283 2148 fructus
2321 2124 2395 2161 po-

1409 2182 1569 2204 morum.

1463 2228 1496 2263 7.
1522 2225 1804 2263 Transeundum
1829 2225 1906 2274 jam
1934 2234 2012 2262 erat
2031 2225 2077 2261 ad
2103 2225 2281 2262 arborum
2310 2239 2398 2262 aro-

1409 2286 1626 2321 maticorum
1647 2284 1937 2333 disputationem
1953 2313 1962 2329 ,
1987 2286 2033 2320 ad
2060 2284 2290 2321 delicatiores
2307 2298 2395 2334 spe-

1406 2345 1498 2388 cies,
1519 2343 1565 2379 ad
1585 2344 1803 2379 emissiones
1819 2343 2025 2391 cypricum
2050 2342 2187 2389 nardo3
2210 2344 2279 2380 nisi
2301 2345 2395 2381 mala

1408 2401 1542 2450 punica
1566 2401 1684 2437 odore
1703 2413 1770 2436 suo
1797 2413 1865 2437 nos
1892 2400 2014 2436 adbuc
2035 2401 2248 2447 traherent,
2277 2411 2314 2438 et
2342 2403 2395 2439 se-

1408 2460 1607 2496 stinantem
1647 2459 1691 2495 ad
1724 2459 1794 2495 alia
1825 2460 2028 2495 retinerent
2060 2472 2282 2497 sermonem.
2319 2464 2395 2498 Nos

351 2536 417 2571 per
448 2521 697 2570 imprimitur,
728 2521 826 2556 intus
856 2520 893 2555 in
925 2519 1037 2555 corde
1072 2519 1203 2554 laetitiae
1231 2517 1344 2567 spiri-
1362 2527 1394 2559 D
1412 2519 1595 2554 malorum
1617 2518 1840 2566 punicorum
1859 2517 2038 2567 parabola
2057 2519 2225 2567 respicit,
2245 2520 2310 2568 qui
2332 2532 2394 2556 re-

354 2582 461 2617 tualis
488 2581 638 2616 ubertas
657 2579 894 2628 exprimitur.
922 2578 1011 2615 Ideo
1033 2578 1203 2626 gloriosae
1227 2577 1342 2612 cmis—

351 2641 474 2676 siones
495 2641 576 2675 iiliae
597 2639 692 2688 regis
708 2638 754 2673 ab
776 2638 874 2673 intus
891 2646 990 2673 sunt.
1016 2639 1240 2672 Emis-simus
1266 2644 1340 2670 tuce

345 2702 559 2747 Juzrudt'sus.
583 2702 665 2735 Non
691 2705 777 2732 sunt
799 2697 940 2744 exiguae
961 2695 1176 2731 deliciarum
1206 2694 1341 2730 intriu-

351 2771 456 2793 secus
478 2758 612 2806 copiae,
633 2756 678 2791 de
698 2754 834 2803 quibus
858 2755 1001 2802 integer
1022 2753 1214 2802 paradisus
1230 2752 1340 2788 emit-

351 2817 452 2851 titur.
479 2819 691 2862 I'trumque
715 2812 849 2856 babes,
877 2820 914 2847 et
943 2811 1155 2860 paradisum
1186 2810 1340 2845 conclu—

350 2888 430 2909 sum
443 2903 452 2919 ‚
468 2883 499 2908 ‹·1
518 2872 729 2922 paradisum
748 2871 939 2906 emissum.
961 2871 1025 2906 Ille
1043 2878 1097 2905 est
1117 2868 1339 2917 inpuritatis

351 2933 567 2976 al'l'ectibus3
599 2932 676 2974 liic,
708 2931 742 2965 in
776 2929 920 2965 actibus
948 2929 1109 2978 pietatis.
1144 2928 1208 2964 Ille
1239 2928 1340 2964 intus

351 3000 425 3035 est,
448 2991 505 3026 liic
525 2990 571 3024 de
588 2990 650 3024 illu
668 2988 858 3037 procedit,
878 2997 913 3024 et
931 2987 1068 3037 probat
1087 2988 1206 3023 illum.
1226 2990 1339 3024 Utra-

349 3062 422 3098 que
437 3047 741 3092 delectabilisest‚
763 3047 1045 3091 etconscientia,
1058 3054 1093 3082 et
1105 3046 1338 3081 conversatio

759 3186 763 3194 '
795 3177 921 3208 Zac-liar.

398 3186 403 3199 ¹
439 3185 534 3220 Apin:
563 3192 593 3213 v,
626 3183 650 3208 1.
965 3189 1040 3214 xiii,

351 3232 364 3247 ⁰
389 3235 478 3262 l'iox.
502 3243 601 3265 xxxi,
626 3235 677 3260 72⁴».

1082 3181 1107 3207 l.
1138 3196 1175 3200 —
1211 3176 1223 3200 3
1251 3177 1327 3208 Psal.
1360 3189 1408 3210 vl.
1448 3192 1475 3207 t.

1409 2578 1556 2625 gulares
1589 2575 1821 2613 celebramus
1852 2585 2084 2622 conventus,
2112 2578 2177 2625 qui
2210 2577 2280 2614 sub
2317 2591 2394 2614 uno

1405 2636 1643 2672 continemur
1670 2635 1836 2681 Ordine,
1867 2636 1974 2685 quasi
2002 2649 2117 2684 grana
2139 2636 2209 2672 sub
2240 2637 2390 2673 cortice.

1405 2700 1524 2743 Atque
1562 2694 1703 2729 utinam
1733 2694 1810 2730 liaee
1839 2707 1954 2743 grana
1987 2695 2189 2740 imitemur,
2226 2695 2395 2732 similiter

1403 2754 1440 2788 in
1474 2753 1701 2789 coliaerentia
1728 2753 1852 2789 cordis
1874 2754 2088 2798 unanimes,
2121 2755 2216 2791 sicut
2236 2754 2271 2789 in
2297 2767 2393 2790 con-

1405 2811 1745 2859 clusionequadam
1763 2811 1925 2847 Ordinis.
1946 2815 2044 2848 Pene
2075 2812 2274 2848 indiscreta
2302 2813 2394 2848 facie

1405 2869 1516 2918 liujus
1529 2869 1599 2906 sibi
1619 2870 1703 2905 mali
1720 2883 1834 2917 grana
1856 2870 2046 2906 cobaerent
2063 2884 2071 2905 :
2094 2871 2240 2907 numeri
2263 2871 2392 2920 singu-

1405 2929 1550 2964 laritate
1579 2928 1694 2975 magis
1721 2928 1859 2963 distant
1887 2942 1998 2976 quam
2026 2930 2162 2977 specie.
2197 2929 2393 2966 Discamus

1404 2996 1440 3023 et
1458 3000 1526 3024 nos
1547 2987 1592 3023 al)
1612 2987 1768 3022 invicem
1792 3000 1949 3023 numero
1969 2987 2139 3033 differre,
2158 3001 2233 3024 non
2250 2989 2387 3024 animo.

1404 3050 1485 3083 Non
1527 3047 1695 3082 rixantur
1733 3045 1889 3082 invicem
1908 3074 1916 3090 ‚
1948 3059 2023 3082 non
2053 3055 2183 3082 contra
2215 3048 2390 3083 corticem

1513 3197 1553 3199 —-
1584 3178 1596 3202 -ἱ
1628 3177 1705 3207 l’sal.
1743 3189 1787 3213 iv,
1824 3179 1853 3206 7.
1893 3194 1934 3198 -
1976 3175 1986 3197 1»
2016 3177 2124 3208 Jacobi
2163 3189 2223 3214 ιιι,
2267 3180 2314 3208 17.
2348 3195 2390 3200 —
