2418 3949
145 217 244 254 1229

789 221 851 255 DE
880 220 1053 255 VERBIS
1082 219 1257 255 DOMINI
1287 222 1334 255 IN
1364 222 1531 257 COENA.

2080 221 2178 256 1230

142 303 196 329 est
209 298 274 342 qui
291 296 412 342 diligit
428 308 497 331 me.
519 295 590 343 Qui
609 294 720 331 habet
735 295 774 332 in
793 296 972 332 memoria
992 304 1028 331 et
1043 308 1122 332 ser·
1134 294 1179 312 ‘³²‘
1194 295 1420 332 dilectissimi
1436 296 1602 342 Domini,
1619 297 1873 342 plasmatoris,
1889 296 2153 346 Redemptoris
2165 325 2174 340 ‚

142 360 204 388 vat
220 352 259 388 in
276 352 371 398 vita3
388 353 453 402 qui
469 352 581 390 habet
598 353 787 399 faciendo,
807 363 843 391 et
860 363 982 390 servat
1000 367 1127 404 perse·
1144 357 1173 388 A
1195 355 1415 400 Salvatoris,
1439 356 1554 392 totius
1577 357 1736 405 paradisi
1753 385 1762 401 ,
1791 356 1999 393 dulcedinis
2011 385 2021 399 ‚
2043 356 2172 405 gloriae

141 412 309 448 verando
326 426 334 448 :
350 413 409 449 vel
423 413 487 462 qui
504 412 616 450 habet
629 414 668 450 in
683 414 938 460 sermonibus,
954 423 991 450 et
1006 422 1129 450 servat

142 471 180 506 in
203 471 389 515 moribus;
410 473 467 508 vel
488 471 600 509 habet
618 472 805 510 audiendo
819 503 828 519 ‚
857 483 895 511 et
926 482 1049 511 servat
1074 474 1127 509 sa—

141 530 298 576 ciendo,
317 533 380 567 ille
400 540 453 566 esc
468 536 532 579 qai
546 534 667 580 diligit
686 546 755 568 me.
786 534 894 569 Multi
921 541 1009 569 sunt
1027 533 1125 569 enim

142 589 205 638 qui
222 590 375 626 Domini
399 590 571 626 mandata
589 589 750 637 habent,
767 600 804 628 et
832 605 874 628 ea
895 592 1048 628 minime
1072 600 1125 628 te-

142 657 258 685 nent:
279 649 385 685 multi
403 648 541 685 habent
561 649 598 685 in
616 648 732 696 libro,
753 650 817 686 sed
844 663 887 686 ea
909 663 982 686 non
1002 658 1129 686 tenent

141 708 180 743 in
210 708 356 754 animo;
388 708 494 744 multi
521 708 559 744 in
587 721 700 754 voce,
728 708 791 745 sed
820 722 896 745 non
926 711 963 746 in
987 722 1125 758 opere;

142 766 251 802 multi
269 767 306 802 in
336 767 536 812 memoria,
567 767 631 803 sed
655 780 730 803 non
759 768 798 804 in
826 768 929 813 vita3
959 769 1065 804 multi
1088 769 1125 804 in

141 825 279 871 verbo,
310 826 376 863 sed
395 839 470 863 non
491 827 530 862 in
556 827 744 876 exemplo.
772 828 829 864 Illi
853 829 1023 877 profecto
1052 841 1125 864 non

139 893 227 921 sunt
241 885 289 922 de
302 885 545 923 dilectoribus
558 886 692 924 Christi
704 902 714 933 ;
728 887 787 924 isti
800 916 808 930 ,
825 888 974 936 inquam
985 915 994 932 ,
1008 887 1125 936 plagis

140 943 375 993 vapulabunt
403 945 529 982 multis
557 961 564 982 :
590 945 669 982 istis
697 946 768 982 erit
791 945 899 982 fletus
927 954 964 982 et
987 944 1126 981 stridor

139 1004 329 1051 dentium3
345 1005 459 1054 ignis,
475 1006 647 1055 sulphur,
661 1014 698 1042 et
712 1006 864 1055 spiritus
877 1005 1125 1055 procellarum

1191 423 1228 451 et
1246 414 1479 464 splendoris,
1503 415 1626 464 gaudii
1653 425 1689 452 et
1710 416 1958 465 jucunditatis
1984 431 1992 452 ε
2018 415 2173 453 audistis

1192 472 1238 509 de
1257 473 1414 522 praemio
1439 474 1555 509 vestri
1574 473 1734 521 laboris,
1754 475 1800 511 de
1821 474 1922 511 dono
1946 475 2048 524 quod
2070 474 2173 511 dabit

1191 536 1296 569 Jesus
1313 544 1435 578 meus,
1456 541 1493 568 et
1517 533 1657 569 utinam
1677 547 1801 579 meus,
1824 533 2065 570 dilectoribus
2083 534 2169 569 suis.

1194 590 1374 628 Dilectori
1396 603 1480 627 meo
1493 620 1502 636 ,
1530 592 1653 640 inquit
1666 621 1675 638 ,
1696 591 1944 639 manifestabo
1965 606 2022 628 me
2042 598 2170 641 ipsum.

1193 654 1224 687 O
1243 662 1430 686 summum
1448 650 1644 699 gaudium,
1663 664 1686 687 o
1709 653 1887 688 immensa
1910 653 2057 690 laetitia!
2078 654 2177 702 Quid

1193 709 1335 744 dulcius
1349 737 1358 753 ,
1389 708 1480 757 quid
1512 709 1711 757 gloriosius
1725 739 1734 756 ,
1765 710 1853 759 quid
1886 710 2030 748 beatius
2062 726 2174 762 quam

1191 768 1295 803 illum
1314 767 1442 803 videre
1463 767 1553 804 facie
1572 767 1618 803 ad
1639 768 1768 805 faciem
1783 798 1792 815 ,
1809 769 1914 818 cujus
1929 771 2175 820 pulchritudi-

1192 839 1277 863 nem
1298 827 1352 862 sol
1376 835 1413 862 et
1432 827 1521 862 luna
1541 828 1746 874 mirantur3
1771 842 1883 878 quem
1903 832 2018 867 sancti
2043 833 2175 882 Angeli

1191 885 1322 921 vident
1335 893 1372 920 et
1386 885 1513 921 videre
1527 885 1742 923 desiderant
1754 900 1915 937 semper,
1931 898 1967 925 et
1981 902 2172 939 nunquam

1192 945 1237 981 de
1256 945 1337 994 ejus
1365 946 1508 982 visione
1536 947 1733 993 satiantur,
1755 948 1820 997 qui
1848 957 1904 984 est
1928 948 2042 985 decor
2061 952 2143 988 coeli
2162 982 2171 997 ‚

1192 1004 1352 1041 dulcedo
1367 1005 1548 1055 paradisi,
1567 1006 1658 1042 fides
1676 1007 1881 1043 viventium
1893 1036 1901 1052 ‚
1921 1020 2003 1057 spes
2017 1010 2179 1047 morien-

140 1075 228 1112 pars
244 1077 363 1113 poenae
381 1077 513 1101 eorum
535 1078 620 1101 cum
639 1064 789 1101 diabolo
813 1073 851 1100 et
871 1065 1012 1113 angelis
1032 1062 1124 1112 ejus.
1148 1063 1175 1096 B
1194 1065 1304 1109 tium,
1319 1072 1356 1100 et
1370 1065 1468 1100 salus
1482 1065 1650 1100 omnium
1666 1068 1774 1101 Jesus
1791 1066 1977 1110 Christus,
1996 1069 2179 1106 Dominus

139 1123 210 1160 Sed
237 1122 484 1172 diligentibus*
505 1123 693 1161 Christum
724 1136 901 1172 magnum
931 1123 1000 1159 erit
1030 1135 1126 1171 gau—

139 1182 241 1218 dium
253 1210 263 1226 ‚
284 1195 461 1232 magnum
478 1183 549 1219 erit
566 1182 772 1232 tripudium
785 1211 794 1228 ,
812 1195 946 1231 magna
961 1182 1127 1218 exsulta-

141 1242 194 1277 tio
208 1269 218 1285 ,
241 1253 375 1291 magna
395 1241 580 1290 gloriatio.
599 1242 776 1290 Sequitur
791 1242 890 1277 enim
911 1256 918 1277 :
944 1243 1018 1287 Qui
1036 1243 1127 1275 (lili-

135 1304 196 1347 git
220 1311 298 1342 me,
329 1300 504 1349 diligetur
520 1314 544 1334 a
565 1301 681 1335 Patre
698 1313 777 1335 meo
795 1315 806 1335 :
822 1309 856 1335 et
882 1314 948 1348 ego
974 1301 1128 1348 dlligam

137 1371 244 1402 eum,
265 1367 300 1393 et
321 1357 567 1406 manlfestabo
585 1363 619 1395 ei
637 1373 695 1394 me
716 1364 847 1407 ipsum.
869 1359 966 1406 Quid
987 1358 1053 1394 tibi
1073 1360 1130 1394 vi—

139 1420 262 1464 detur,
278 1427 423 1456 amator
439 1419 592 1464 Christi,
611 1419 733 1455 cultor
746 1418 834 1463 Dei,
852 1418 1049 1467 despector
1066 1419 1131 1459 tui,

139 1478 187 1515 de
206 1480 364 1529 praemio
393 1479 530 1515 amoris
558 1479 638 1514 tui?
663 1478 763 1526 Quid
784 1477 851 1514 tibi
879 1477 966 1513 mali
993 1477 1131 1527 poterit

138 1552 274 1576 nocere
290 1567 299 1584 ,
320 1547 385 1576 aut
401 1538 491 1587 quid
511 1537 577 1574 tibi
594 1537 682 1574 boni
700 1538 838 1587 poterit
853 1537 981 1573 deesse
994 1566 1003 1581 ,
1021 1537 1050 1573 si
1068 1537 1129 1573 ille

139 1608 176 1635 te
202 1599 322 1648 diligit
341 1598 406 1647 qui
426 1597 472 1633 de
493 1597 608 1633 nihilo
625 1606 759 1633 cuncta
782 1597 947 1634 creavit?
968 1600 998 1634 O
1019 1597 1129 1633 nimis

139 1659 226 1695 felix
245 1666 282 1695 et
297 1658 396 1695 ultra
411 1669 525 1706 quam
543 1656 615 1692 dici
633 1664 758 1705 potest
773 1655 923 1700 heatus,
941 1669 1051 1705 quem
1068 1655 1129 1704 pie

137 1718 260 1767 diligit
292 1720 394 1754 Deus
414 1719 540 1760 Pater,
571 1724 608 1751 et
635 1716 750 1753 Filius
768 1715 850 1764 ejus
877 1729 961 1751 cum
989 1715 1128 1764 Spiritu

138 1777 275 1814 Christi
302 1785 338 1813 et
367 1775 455 1814 Dei!
485 1775 608 1823 Quid,
638 1775 813 1823 inquam,
844 1775 1007 1819 felicius,
1038 1773 1128 1823 quid

1193 1132 1321 1160 noster
1334 1125 1348 1159 Ξ)
1370 1123 1466 1159 Nihil
1490 1123 1659 1169 charius,
1683 1124 1772 1159 nihil
1794 1125 1946 1170 melius,
1968 1138 2080 1173 quam
2101 1128 2180 1177 ipse

1193 1182 1378 1220 Dominus
1395 1181 1636 1231 diligentibus
1656 1195 1706 1218 se.
1728 1186 1811 1219 Non
1827 1183 2014 1233 promittit
2027 1198 2159 1223 aurum
2171 1217 2179 1231 ,

1194 1255 1269 1278 non
1292 1250 1487 1291 argentum
1503 1270 1511 1286 ‚
1534 1255 1611 1278 non
1627 1254 1792 1290 gemmas
1805 1270 1815 1287 ,
1841 1255 1916 1278 non
1937 1243 2078 1292 lapides
2096 1258 2183 1294 pre-

1197 1303 1330 1346 tiosos,
1351 1314 1426 1337 non
1448 1301 1582 1337 coelum
1597 1330 1606 1346 ,
1630 1314 1705 1337 non
1729 1310 1888 1346 terram3
1914 1301 1977 1337 sed
1999 1315 2038 1338 se
2058 1303 2180 1352 ipsum

1196 1363 1411 1397 Creatorem
1433 1360 1601 1395 omnium
1625 1367 1662 1395 et
1689 1363 1809 1396 Deum
1831 1368 2068 1398 cunctorum.
2103 1366 2183 1400 Hoc

1197 1427 1252 1454 est
1271 1418 1467 1467 praemium
1489 1419 1648 1463 amoris,
1670 1419 1844 1454 meritum
1864 1427 1936 1455 tuae
1954 1419 2182 1468 dilectionis,

1196 1479 1259 1527 qui
1282 1479 1487 1515 Dominum
1508 1483 1635 1515 Jesum
1656 1490 1770 1527 super
1787 1478 1912 1514 omnia
1928 1478 2067 1528 diligis,
2085 1481 2182 1525 dico,

1197 1550 1272 1573 non
1294 1551 1386 1574 voce
1401 1566 1410 1582 ‚
1436 1538 1500 1574 sed
1527 1550 1666 1587 opere,
1688 1549 1762 1573 non
1790 1545 1894 1572 veste
1909 1566 1918 1581 ,
1946 1537 2009 1574 sed
2030 1548 2181 1586 mente;

1195 1610 1272 1632 non
1303 1596 1456 1642 habitu,
1478 1596 1542 1632 sed
1568 1597 1731 1642 affec1u3
1753 1609 1828 1632 non
1856 1597 1893 1632 in
1923 1597 2181 1645 simulatione,

1195 1655 1260 1691 sed
1281 1656 1319 1691 in
1349 1655 1505 1691 veritate
1525 1670 1532 1691 :
1555 1668 1593 1692 se
1621 1655 1741 1703 ipsum
1765 1654 1831 1690 tibi
1856 1655 2122 1704 manifestabit,
2145 1672 2184 1695 se

1195 1715 1316 1763 ipsum
1346 1714 1411 1750 tibi
1440 1713 1554 1750 dabit.
1583 1715 1644 1750 Vis
1675 1715 1863 1763 amplius?
1894 1716 2031 1763 quaeris
2050 1716 2184 1754 aliud?

1196 1773 1275 1808 Vile
1293 1782 1371 1818 est,
1400 1772 1584 1822 quidquid
1610 1773 1691 1808 sine
1711 1773 1792 1821 ipso
1813 1781 1879 1809 est.
1901 1773 2030 1823 Diligis
2049 1774 2153 1812 illum
2172 1778 2186 1811 .³

137 1835 302 1880 beatius,
324 1847 434 1885 quam
465 1833 512 1871 ab
542 1848 588 1871 eo
619 1834 744 1883 diligi,
774 1834 838 1883 qui
859 1842 915 1870 est
944 1834 1128 1869 Dominus
1147 1836 1174 1871 C
1194 1832 1286 1868 Vide
1303 1846 1393 1882 ergo
1412 1846 1458 1868 ne
1473 1831 1572 1868 aliud
1594 1844 1741 1880 quaeras
1757 1831 1803 1867 ab
1820 1834 1880 1877 eo,
1897 1832 1966 1867 nisi
1987 1845 2026 1868 se
2045 1833 2181 1883 ipsum.

138 1894 302 1945 paradisi
320 1909 328 1930 :
349 1894 413 1943 qui
434 1892 547 1930 habet
566 1901 788 1943 potestatem
810 1893 895 1929 vitae
915 1901 951 1928 et
971 1891 1101 1927 mortis
1116 1919 1124 1935 ‚

138 1953 317 1989 damnare
330 1960 368 1988 et
383 1952 525 1988 salvare
538 1966 547 1997 ;
567 1951 745 1987 damnare
759 1964 854 2000 quos
869 1951 968 1995 odit,
985 1950 1127 1986 salvare

138 2025 234 2061 quos
249 2010 395 2060 diligit?
411 2010 512 2048 Sicut
526 2010 625 2046 enim
641 2010 786 2046 salvare
802 2023 877 2046 non
894 2016 1017 2059 potest
1033 2021 1129 2057 quos

138 2070 240 2116 odit;
263 2070 314 2106 sic
335 2069 512 2106 damnare
530 2081 607 2105 non
635 2077 761 2118 potest
786 2081 882 2118 quos
899 2068 1031 2117 diligit.
1056 2067 1127 2105 Sed

138 2144 161 2166 o
186 2130 346 2167 Domine
366 2131 473 2174 Jesu,
504 2128 594 2177 quid
622 2128 731 2164 facies
763 2126 1007 2163 dilectoribus
1031 2127 1128 2162 tuis?

138 2189 217 2233 die,
242 2201 331 2238 rogo
343 2217 352 2233 ,
368 2187 460 2237 quid
476 2188 608 2224 facies?
625 2188 684 2224 Sic
703 2187 782 2232 dic,
800 2195 842 2224 ut
855 2186 1002 2223 audiam
1017 2201 1026 2232 3
1043 2199 1126 2222 nain

137 2257 175 2285 et
191 2261 261 2297 ego
280 2261 362 2285 sum
376 2276 386 2293 ,
403 2247 489 2284 licet
512 2255 700 2296 peccator,
721 2247 787 2296 qui
803 2245 918 2296 diligo
940 2254 974 2281 te
993 2260 999 2280 :
1025 2244 1126 2293 quod

137 2308 207 2344 erit
238 2308 435 2358 praemium
468 2315 541 2343 tuae
567 2306 799 2351 dilectionis,
821 2306 954 2354 quisve
987 2305 1130 2340 fructus

139 2367 192 2402 tui
223 2366 387 2402 amoris?
409 2365 468 2401 dic
496 2373 535 2401 et
563 2364 709 2400 laetifiea
739 2365 900 2400 animam
932 2376 1052 2399 meam
1083 2363 1129 2398 de

137 2426 305 2476 praemio.
326 2425 399 2473 Qui
420 2433 456 2461 te
475 2424 595 2473 diligit
618 2437 665 2460 ex
687 2432 766 2460 toto
789 2424 902 2459 corde
924 2436 1013 2467 suo,
1035 2422 1128 2458 illud

138 2484 312 2530 attendit,
336 2483 429 2520 illud
453 2492 643 2533 exspectat
663 2498 671 2519 ε
695 2496 764 2533 pro
791 2496 837 2519 eo
857 2483 960 2532 quod
982 2490 1125 2519 tantum

137 2543 323 2588 dissertur,
345 2543 458 2592 gemit
481 2551 518 2579 et
537 2542 766 2592 quandoque
787 2543 922 2592 plorat.
942 2541 1053 2590 Quod
1071 2550 1126 2577 est

1195 1891 1428 1941 Dedignatur
1450 1900 1581 1928 contra
1603 1900 1816 1940 petentem,
1837 1891 1867 1927 si
1888 1891 1969 1940 ipse
1988 1893 2183 1942 petitionis

1192 1964 1302 1987 causa
1332 1951 1549 2001 principalis
1579 1964 1654 1987 non
1693 1951 1834 1987 fuerit:
1862 1953 2034 1999 quamvis
2058 1956 2184 1991 omnia

1196 2009 1297 2046 bona
1317 2010 1452 2056 donet,
1479 2009 1654 2046 libentius
1672 2010 1787 2046 donat
1811 2023 1849 2046 se
1869 2011 2007 2060 ipsum.
2032 2014 2115 2049 Noli
2137 2014 2185 2049 ti-

1195 2082 1296 2106 mere
1310 2069 1356 2106 de
1374 2069 1632 2118 magnitudine
1644 2098 1653 2114 ,
1671 2069 1717 2105 de
1733 2069 1929 2105 nobilitate
1947 2070 2048 2106 doni.
2064 2073 2185 2121 Dilige

1193 2142 1279 2165 eum
1297 2142 1343 2165 ex
1360 2138 1439 2165 toto
1453 2128 1586 2172 corde,
1603 2141 1649 2164 ex
1669 2137 1745 2164 tota
1763 2137 1902 2175 mente,
1924 2138 1960 2165 et
1979 2130 2028 2165 sic
2044 2134 2184 2179 poteris

1196 2189 1242 2224 ad
1274 2201 1358 2225 eum
1390 2200 1518 2225 secure
1548 2188 1744 2233 accedere,
1771 2189 1816 2224 ad
1844 2201 1928 2224 eum
1959 2188 2122 2235 intrare,
2148 2201 2184 2227 et

1195 2249 1319 2285 dicere
1339 2249 1370 2285 ei
1393 2263 1400 2283 ε
1422 2249 1517 2284 Volo
1531 2277 1540 2294 ,
1560 2249 1742 2291 Domine,
1766 2257 1807 2284 ut
1829 2257 1866 2285 tu
1888 2249 1974 2284 mihi
1993 2251 2119 2300 portio
2135 2255 2184 2288 sis

1196 2309 1232 2344 in
1256 2317 1353 2344 terra
1373 2309 1589 2344 viventium.
1616 2311 1646 2345 Ο
1668 2308 1753 2344 felix
1775 2308 1920 2357 portio,
1942 2322 1964 2344 o
1982 2308 2088 2346 beata
2106 2311 2183 2347 hae—

1196 2367 1354 2404 reditas!
1373 2370 1404 2404 Ο
1431 2367 1593 2403 Domine
1610 2371 1697 2403 Jesu
1711 2395 1719 2411 ,
1742 2367 1826 2415 quis
1848 2367 1938 2403 mihi
1959 2367 2063 2404 dabit
2081 2379 2122 2406 ut
2146 2371 2183 2407 in

1196 2426 1350 2461 veritate
1370 2425 1494 2461 dicere
1517 2425 1655 2474 possim
1684 2439 1691 2459 ε
1716 2427 1896 2460 Dominus
1909 2439 2002 2473 pars
2022 2429 2183 2463 leoeredi-

1191 2490 1276 2520 tatis
1299 2500 1392 2521 meoe
1409 2487 1445 2520 ’ἶν’
1473 2485 1624 2523 Utinam
1649 2493 1686 2521 tu
1714 2485 1803 2521 mihi
1824 2486 1873 2521 sis
1894 2488 2089 2535 praemium
2113 2491 2183 2526 mei

1192 2545 1348 2591 laboris,
1377 2557 1519 2581 merces
1539 2557 1630 2580 meae
1659 2544 1993 2594 peregrinationis,
2027 2556 2063 2583 et
2092 2562 2183 2584 eon-

136 2601 253 2638 illud?
273 2601 332 2638 dic
358 2610 400 2637 ut
421 2602 552 2638 fratres
579 2601 733 2637 audiant
753 2610 790 2638 ct
817 2602 1048 2650 intelligant,
1067 2601 1126 2636 in·
1143 2611 1174 2644 D
1193 2605 1324 2641 solatio
1343 2605 1412 2640 mei
1432 2604 1615 2639 moeroris.
1638 2606 1668 2640 O
1688 2607 1794 2645 Jesu‚
1827 2604 1888 2651 qui
1917 2617 1955 2640 es
1974 2619 2084 2642 causa
2111 2610 2182 2644 mei

138 2662 306 2711 telligant
325 2669 362 2697 et
377 2670 571 2710 quaerant,
587 2669 758 2709 quaerant
772 2670 809 2697 et
833 2661 1048 2704 inveniant,
1067 2661 1126 2695 in—

138 2722 290 2758 veniant
317 2730 354 2757 et
382 2721 584 2771 accipiant,
608 2721 791 2770 accipiant
819 2729 857 2756 et
877 2729 1047 2764 teneant,
1076 2729 1128 2755 te—

137 2789 251 2817 neant
267 2789 304 2817 et
320 2789 466 2825 ament3
491 2788 617 2816 ament
633 2788 816 2828 quantum
838 2787 1005 2828 possunt.
1027 2778 1125 2826 Quid

135 2839 242 2877 dabis
258 2838 501 2876 dilectoribus
530 2839 622 2875 tuis?
644 2838 735 2888 quid
762 2837 1014 2874 manifestabis
1033 2838 1127 2873 illis?

136 2897 389 2945 lllamsesmbo
420 2897 474 2934 eis
496 2911 552 2932 me
579 2903 712 2945 ipsum.
750 2896 822 2934 L‘bi
850 2905 937 2932 sunt
971 2897 1034 2945 qui
1067 2909 1126 2945 ge-

138 2966 266 3003 munt,
288 2956 351 2994 ubi
371 2965 458 2993 sunt
476 2957 539 3006 qui
562 2957 690 3005 lugent
708 2969 778 3005 pro
799 2955 1003 2991 dilectione
1024 2956 1125 3004 regni

138 3017 266 3053 aeterni
281 3045 290 3061 ,
305 3030 375 3066 pro
391 3016 557 3053 absentia
573 3015 939 3053 Clu-istiPGaudeant
953 3024 988 3051 et
1006 3015 1123 3051 exsul-

139 3085 239 3121 tent,
257 3077 343 3125 quia
356 3080 463 3113 Jesus
480 3075 732 3112 manifestabit
748 3088 786 3111 se
803 3075 886 3111 illis.

188 3138 223 3173 5.
255 3136 440 3182 Audistis,
478 3136 628 3180 fratres,
659 3134 812 3171 audistis
841 3135 1029 3175 dolentes,
1060 3148 1126 3170 au-

136 3194 240 3231 distis
259 3195 430 3245 lugentes
447 3207 518 3244 pro
534 3194 720 3231 desiderio
739 3195 892 3238 Christi,
914 3207 983 3243 pro
1000 3207 1126 3229 amore

189 3322 196 3336 ¹
215 3316 293 3347 l‘sal.
312 3327 365 3351 xv.
388 3322 416 3347 ἱ).

1193 2663 1349 2707 amoris,
1374 2671 1410 2698 tu
1435 2662 1522 2697 milii
1545 2662 1594 2698 sis
1614 2674 1724 2697 eausa
1745 2662 1932 2698 sufficiens
1949 2665 2184 2711 possidenda¹

1195 2729 1307 2757 tantze.
1328 2721 1584 2770 possessionis.

1247 2782 1281 2816 G.
1304 2780 1479 2828 Sequitur
1499 2794 1505 2814 z
1532 2783 1629 2814 Dicit
1649 2784 1682 2813 ci
1696 2781 1835 2822 ludas,
1855 2793 1927 2814 min
1946 2783 2004 2815 flle-
2026 2785 2182 2819 Iscario-

1192 2850 1241 2875 tes
1258 2854 1268 2874 .·
1284 2842 1461 2882 Donum,
1483 2842 1576 2887 quid
1587 2839 1731 2886 [αι-ΜΗ]
1748 2849 1800 2873 rs!
1813 2869 1820 2881 ‚
1840 2845 1928 2886 quia
1946 2840 2047 2875 nobis
2063 2851 2180 2879 rnam-

1185 2900 1385 2947 fl'xtalmvs
1411 2912 1447 2934 es
1471 2909 1505 2934 η’
1529 2905 1646 2947 ipsum
1661 2928 1670 2942 ‚
1698 2909 1732 2933 υἱ
1752 2913 1822 2933 uon
1846 2902 2015 2936 remmio?
2044 2903 2180 2939 Audito

1193 2959 1295 3008 quod
1318 2958 1480 2995 mundns
1501 2971 1576 2994 non
1595 2958 1736 2994 videbit
1753 2972 1858 2998 (uini,
1880 2959 1944 2994 sed
1966 2961 2090 3009 potius
2111 2963 2179 3012 ipsi

1193 3016 1398 3056 videbunt:
1421 3031 1490 3066 pro
1510 3017 1687 3053 omnibus
1707 3018 1934 3065 qna’siturns
1955 3021 2088 3067 qua-rit
2112 3025 2180 3057 Ju-

1193 3077 1257 3111 das·
1280 3089 1427 3111 eausam
1450 3075 1562 3124 hujus
1584 3076 1832 3113 discretionis.
1863 3081 1949 3113 llrec
1975 3087 2029 3114 est
2056 3089 2178 3116 autem

1193 3149 1301 3171 causa
1334 3149 1378 3170 ex
1415 3136 1564 3171 Domini
1601 3135 1845 3184 responsione
1866 3165 1874 3176 ,
1911 3137 2088 3178 Dilecti02
2116 3152 2181 3188 per

1193 3207 1303 3242 quam
1324 3194 1438 3229 solam
1460 3194 1686 3230 discernitur
1705 3207 1793 3241 gens
1813 3204 1938 3231 sancta
1964 3210 1981 3231 a
2004 3210 2077 3232 non
2100 3210 2178 3233 san-
