2504 3928
341 177 416 210 <itu

341 251 411 285 niis
428 250 606 297 gloriatur
623 248 770 291 dicens,
790 250 929 282 Manus
945 260 1028 282 mea
1044 250 1189 283 excelsa
1203 254 1228 293 ¹,
1251 256 1332 286 etc..

342 318 476 358 putans
496 320 575 344 sese
594 306 734 356 aliquid
756 319 858 352 esse,
881 319 965 342 cum
980 306 1073 342 nihil
1089 306 1148 343 sit.

445 436 551 465 XXV.
569 452 601 456 -
631 437 677 465 De,
694 433 858 464 innaturali
879 444 914 464 cx
933 433 1114 475 inexplebili
1133 432 1223 464 fante.

393 548 455 585 30.
478 547 559 584 Vidi
574 559 642 595 ego
660 543 861 593 aliquando
875 544 1042 593 (luinque
1059 544 1178 589 viros,
1196 544 1328 592 quidni

342 607 579 658 phreneticos
595 605 824 642 arbitrarer?
841 605 986 640 Primus
1005 603 1187 652 siquidem
1207 602 1331 640 buccis

344 666 577 704 tumentibus
607 665 787 702 marinam
821 662 1035 700 masticabat
1067 676 1230 699 arenam.
1261 666 1330 699 Se-

343 727 490 764 cundus
516 726 721 776 sulphureo
741 733 864 760 astans
884 723 1002 768 lacui,
1023 722 1257 759 exhalantem
1282 730 1331 758 te-

349 787 542 824 terrimum
589 785 926 832 fetidissimumque
961 781 1142 832 gestiebat
1183 782 1330 818 haurire

348 859 536 897 vaporem.
560 848 674 881 Porro
700 844 828 880 tertius
854 842 993 878 fornaci
1016 840 1196 877 incubans
1213 841 1329 877 vehe-

344 915 490 943 menter
520 917 706 948 accensae,
737 902 914 938 micantes
944 901 1121 938 scintillas
1141 899 1331 936 hiantibus

342 965 514 1014 excipere
532 962 697 1000 l'aucibus
715 960 920 997 lcetabatur.
940 963 1102 1007 Quartus
1121 972 1232 1008 supra
1250 959 1331 1008 pin-

343 1024 516 1061 naculum
545 1022 674 1072 templi
703 1020 887 1065 residens,
921 1019 1071 1056 lenioris
1102 1031 1201 1054 aurae
1221 1018 1331 1067 spiri-
1352 1019 1378 1052 B

344 1093 424 1121 tum
453 1091 582 1134 aperto
612 1080 820 1118 attrahebat
851 1092 916 1116 ore
943 1087 1007 1115 :et
1043 1078 1071 1114 si
1098 1091 1174 1127 quo
1208 1077 1332 1114 niinus

344 1144 501 1181 influere
539 1142 758 1185 videretur,
789 1138 936 1175 flabello
964 1137 1034 1174 sibi
1065 1146 1220 1173 ventum
1252 1137 1332 1186 ipse

343 1203 484 1248 ciebat,
514 1216 556 1238 ac
583 1202 612 1238 si
649 1209 768 1237 totum
804 1207 969 1249 speraret
990 1210 1112 1233 aerem
1136 1196 1331 1245 deglutire.

345 1264 506 1312 Quintus
529 1274 696 1298 seorsum
719 1259 863 1309 positus
890 1257 1034 1294 ridebat
1054 1265 1230 1300 cteteros,
1255 1256 1333 1304 ipse

345 1335 495 1372 quoquc
525 1319 723 1363 ridendus,
753 1326 788 1353 et
822 1316 993 1352 maxime.
1027 1317 1202 1364 Proprias
1233 1315 1333 1350 enim

345 1395 474 1419 carnes
495 1377 704 1416 incredibili
727 1376 891 1425 quodam
917 1374 1042 1410 studio
1071 1387 1203 1422 sugere
1224 1374 1334 1410 labo—-

347 1440 471 1485 rabat;
492 1450 591 1474 nunc
608 1448 738 1472 manus
752 1463 760 1479 ‚
784 1447 883 1471 nunc.
903 1433 1111 1478 brachium,
1127 1446 1228 1469 nunc
1247 1433 1336 1469 alias

345 1507 470 1549 partes
490 1496 680 1546 applicans
703 1494 798 1530 ori-¹.
816 1493 1012 1530 Miseratus
1035 1492 1225 1537 homines,
1247 1505 1336 1528 cau-

344 1570 499 1606 samque
530 1554 688 1592 miseriae
721 1553 927 1589 sciscitatus
961 1565 981 1588 a
1011 1551 1187 1601 singulis,
1224 1564 1335 1588 unam

345 1616 522 1655 omnibus
541 1627 621 1652 esse
646 1613 813 1662 reperio,
832 1611 1096 1648 validissimam
1121 1610 1252 1659 utique
1278 1611 1334 1647 sa-

346 1691 457 1714 mem.
482 1680 586 1713 Tunc
611 1686 701 1710 vero
724 1670 1042 1708 macilentissimas
1069 1682 1199 1706 eorum
1224 1670 1335 1706 facies

346 1735 643 1784 contenmlatus,
678 1730 906 1768 recordabar
932 1729 1128 1779 prophetae
1155 1730 1337 1778 gementis

1135 175 1372 209 GAlsFlllDl
1405 174 1599 208 Alttm‘rls

1335 247 1383 265 23)ss

2305 172 2382 208 (320

1396 249 1520 284 omnia
1540 247 1763 284 obtinuisset
1782 260 1900 293 unus;
1923 247 2132 297 eodemque
2153 249 2285 297 procul
2306 248 2380 284 du—

1347 311 1375 344 A
1395 307 1456 343 bio
1484 316 1520 343 ct
1546 307 1668 356 ipsum
1686 335 1695 351 ,
1717 307 1820 356 quod
1838 306 1908 343 sibi
1930 307 2050 342 solum
2072 307 2198 343 deesse
2214 306 2379 352 videret,

1394 379 1580 402 summum
1603 367 1732 415 utique
1748 365 1888 402 bonum
1905 394 1913 410 ‚
1933 366 2117 403 desiderio
2135 367 2358 415 quaesiturus
2371 394 2380 411 ‚

1395 439 1470 474 quo
1491 434 1622 461 caetera
1643 438 1794 474 quoquc
1813 438 1962 474 semper
1978 426 2118 474 expetit
2135 439 2211 462 non
2229 425 2378 474 adepta.

1395 486 1464 521 Sed
1491 486 1686 521 innumera
1716 493 1803 520 sunt
1828 484 1931 528 haec,
1960 493 2037 521 eta
2063 485 2205 521 caeteris
2231 497 2383 533 quoque

1397 545 1536 594 pariter
1555 544 1811 593 requiruntur.
1825 544 1935 591 Quod
1960 544 2078 589 valet,
2093 544 2251 593 quisque
2273 543 2383 580 trahit

1399 605 1434 639 in
1464 612 1628 653 partem,
1651 617 1718 639 nec
1744 602 1945 652 aliquando
1966 603 2104 652 poterit
2129 603 2187 640 hic
2208 602 2385 640 circuitus

1398 664 1597 712 peragrari.
1616 664 1678 700 Vis
1692 663 1922 712 praevenire?
1939 663 2060 712 incipe
2076 663 2271 700 transilire.
2287 662 2385 699 Alio-

1396 722 1484 770 quin
1503 721 1730 771 praeripieris
1746 722 1857 757 miser
1873 722 1909 757 in
1927 721 2112 758 desiderio
2130 729 2383 765 terrenorum,

1396 789 1432 817 et
1455 795 1474 818 a
1495 794 1642 817 stunmo
1662 781 1763 817 bono
1783 794 1828 817 eo
1851 781 1997 829 longius
2015 780 2237 826 invenieris,
2255 792 2332 828 quo
2351 787 2385 815 te

1396 840 1557 889 amplius
1576 840 1722 877 dederis
1738 841 1887 877 caducis
1902 840 2013 876 rebus
2030 848 2066 876 et
2083 839 2305 877 transitoriis
2322 851 2386 887 ap-

1396 900 1577 949 petendis
1594 904 1636 937 In
1655 901 1810 942 circuitu
1827 900 2010 950 siquidem
2027 899 2212 945 ambulas;
2230 907 2265 935 et
2280 897 2385 948 quod

1397 973 1516 1009 prope
1532 968 1612 996 erat
1633 961 1668 996 in
1687 960 1800 997 eorde
1820 969 1856 997 et
1878 961 1914 996 in
1934 974 2000 996 ore
2018 969 2102 1005 tuo,
2119 960 2148 996 si
2168 959 2281 995 corde
2300 972 2385 995 cre-

1398 1019 1526 1065 dcrcs,
1549 1029 1585 1056 ct
1611 1033 1677 1057 ore
1702 1021 1956 1066 confitereri53
1979 1029 2081 1068 terga
2100 1028 2251 1056 vertens
2270 1018 2388 1054 decli-

1398 1092 1485 1124 nas,
1507 1087 1542 1115 et
1563 1080 1747 1127 elongaris
1763 1079 1810 1115 ab
1830 1092 1887 1115 eo.
1912 1079 2008 1115 Iline
2030 1086 2086 1114 est
2110 1077 2214 1127 quod
2241 1076 2386 1113 vocife-

1398 1147 1502 1175 ratur
1530 1138 1677 1184 dicens,
1700 1139 2072 1185 Convertimitei,filii
2091 1139 2278 1173 hominnm
2297 1133 2331 1180 ⁵3
2352 1143 2389 1171 et

1398 1199 1506 1243 item,
1535 1201 1738 1243 Reverterc,
1766 1208 1958 1241 revertere,
1987 1200 2214 1240 25'unamt't1'55
2234 1205 2389 1232 reverte—

1400 1271 1450 1301 re,
1472 1267 1660 1302 revertere,
1687 1268 1725 1294 ut
1751 1263 1959 1294 intueamur
1973 1267 2006 1293 te
2019 1256 2046 1293 ⁶.
2072 1257 2319 1294 Anfractuosa
2338 1254 2390 1290 si-

1399 1316 1551 1365 quidem
1583 1318 1642 1353 via
1668 1326 1741 1363 est,
1770 1326 1807 1354 et
1836 1316 2144 1354 inambulabilis:
2173 1315 2390 1364 faciliusque

1400 1376 1597 1424 pervenies
1614 1376 1748 1425 spretis
1763 1376 1957 1423 omnibus,
1975 1389 2087 1425 quam
2102 1374 2258 1425 adeptis.

1543 1504 1680 1533 xxvn.
1699 1519 1741 1524 -
1761 1505 1808 1533 De
1825 1502 2023 1534 acceleranda
2041 1502 2252 1534 conversione.

1454 1616 1515 1653 32.
1545 1618 1642 1651 Ecce
1661 1629 1727 1651 nos
1747 1617 1961 1664 reliquimus
1980 1620 2120 1659 omnia,
2142 1624 2180 1651 et
2195 1617 2308 1651 secuti
2325 1626 2390 1649 su-

1403 1687 1482 1709 mus
1503 1683 1537 1709 te
1563 1688 1575 1709 .·
1600 1676 1695 1722 quid
1723 1688 1808 1723 ergo
1836 1679 1905 1710 erit
1931 1674 2067 1710 nobis?
2086 1674 2250 1722 Dignum
2280 1672 2392 1722 plane

1403 1733 1608 1783 apostolica
1634 1733 1707 1769 fide
1735 1742 1772 1769 et
1798 1733 2000 1770 devotione
2026 1732 2198 1770 verbum.
2218 1736 2300 1769 Jam
2328 1743 2391 1767 re-

345 1796 607 1833 miserabiliter
623 1803 660 1830 et
676 1791 834 1829 dicentis
853 1804 860 1825 :
881 1793 986 1825 Amic
1003 1802 1065 1823 cor
1083 1802 1226 1832 meum,
1249 1793 1338 1836 quia
1357 1793 1384 1829 C
1402 1792 1542 1841 liquisti
1572 1792 1719 1837 omnia3
1737 1790 1813 1840 jam
1841 1792 2069 1838 Dominum,
2088 1794 2216 1836 pen-e,
2242 1797 2392 1826 secutus

347 1856 480 1892 oblitus
496 1869 575 1891 sum
593 1854 784 1889 comedere
792 1863 935 1899 panem
957 1862 1076 1884 meam
1090 1855 1115 1883 ².
1133 1848 1233 1896 Quid
1248 1862 1338 1898 pro-

346 1924 433 1953 sunt
451 1914 557 1951 vobis
577 1915 655 1950 ha‘c
667 1942 676 1958 ,
695 1911 850 1960 inquio?
867 1913 951 1946 Non
972 1917 1059 1945 sunt
1075 1909 1263 1945 naturales
1281 1908 1337 1944 ci—

346 1976 383 2013 bi
406 1991 414 2013 2
437 1975 552 2023 magis
572 1975 706 2010 famem
727 1972 805 2008 haee
827 1977 1039 2020 provocant
1061 1982 1172 2018 quam
1193 1968 1337 2004 exstin-

343 2045 474 2086 guunt.
493 2035 602 2072 Panis
624 2046 786 2082 namque
803 2031 936 2067 animae
950 2029 1094 2078 justitia
1111 2037 1184 2075 est3
1209 2037 1246 2065 et
1268 2028 1337 2065 soli

344 2095 442 2132 beati
468 2095 532 2144 qui
556 2094 728 2131 esuriunt
745 2092 872 2136 illum,
897 2089 1075 2138 quoniam
1097 2089 1166 2138 ipsi
1192 2097 1338 2126 satura-

344 2152 527 2192 bunun-³.
551 2154 733 2191 'Nimirum
760 2150 806 2187 ad
827 2149 1025 2197 imaginem
1048 2149 1115 2185 Dei
1136 2149 1232 2185 facta
1252 2149 1337 2185 ani-

345 2228 405 2252 ma
426 2213 635 2257 rationalis,
649 2210 792 2247 caeteris
809 2207 985 2244 omnibus
1004 2208 1181 2257 occupari
1200 2216 1335 2257 potest,

344 2275 483 2323 repleri
501 2272 655 2309 omnino
677 2282 752 2306 non
772 2275 906 2317 potest.
925 2269 1107 2315 Capacem
1124 2266 1214 2311 Dei,
1230 2266 1337 2314 quid—

344 2333 435 2383 quid
456 2336 536 2370 Deo
554 2331 676 2367 minus
695 2337 762 2374 cst,
781 2340 855 2363 non
878 2325 1059 2375 implebit.

539 2458 662 2488 XXVI.
682 2473 722 2477 —
743 2456 789 2484 De
806 2451 940 2483 circuitu
959 2451 1135 2492 impiorum.

1403 1863 1442 1887 cs
1467 1863 1474 1885 ε
1502 1859 1539 1887 et
1569 1864 1668 1887 nunc
1697 1850 1847 1887 demum
1870 1850 1958 1899 quid
1988 1850 2036 1886 sis
2063 1857 2308 1899 accepturus,
2333 1848 2393 1884 in-

1404 1919 1581 1959 terrogas.
1604 1914 1698 1947 Vere
1729 1911 1877 1956 Simon,
1897 1923 1985 1947 vere
2011 1909 2192 1946 obediens
2214 1909 2253 1944 in
2280 1907 2391 1944 audi-

1404 1970 1504 2007 tione
1532 1970 1653 2015 auris,
1675 1970 1754 2007 sine
1778 1971 1877 2019 pacti
1902 1969 2166 2006 conventione.
2193 1968 2251 2006 Ad
2281 1967 2394 2004 unius

1403 2029 1502 2064 enim
1521 2028 1703 2077 jussionis
1720 2042 1852 2065 vocem
1870 2032 2002 2066 Petrus
2019 2037 2055 2065 ct
2070 2028 2238 2066 Andreas
2256 2026 2394 2064 relictis

1405 2088 1581 2126 omnibus
1606 2089 1723 2125 secuti
1750 2097 1836 2125 sunt
1862 2088 2154 2138 Redemptorem
2172 2095 2200 2124 7.
2223 2086 2333 2135 Quod
2362 2086 2392 2123 si

1404 2147 1547 2184 homini
1577 2148 1716 2184 carnali
1742 2148 1897 2184 stultitia
1927 2148 2021 2184 forte
2045 2147 2219 2192 videtur,
2243 2145 2391 2190 audiat,

1407 2209 1517 2253 Quod
1533 2210 1680 2242 stultum
1702 2217 1755 2242 est
1773 2210 1855 2252 Dei,
1873 2211 2078 2255 sapientius
2093 2215 2146 2241 est
2161 2204 2369 2241 hominibus
2383 2218 2394 2238 .·

1403 2275 1439 2302 et
1455 2267 1632 2315 quoniam
1646 2269 1794 2315 placuit
1816 2269 1890 2301 Deo
1904 2280 1977 2314 per
1989 2269 2181 2301 stultitiam
2194 2265 2390 2313 proedica-

1403 2331 1513 2361 tionis
1547 2329 1689 2361 salvare
1719 2328 1926 2369 c1·ecl{·11ecs;
1956 2326 2097 2375 quippe
2127 2338 2208 2360 cum
2238 2326 2393 2359 mundns

1401 2398 1481 2419 eum
1504 2388 1540 2419 sn
1560 2388 1746 2432 sapienda
1769 2389 1917 2419 minime
1941 2386 2161 2431 cognovisset
2173 2382 2199 2418 ⁸.
2224 2385 2392 2429 Quantos

1401 2444 1499 2480 enim
1531 2444 1659 2480 mundi
1677 2444 1858 2493 sapientia
1879 2443 2076 2480 maledicta
2096 2443 2334 2492 supplantat,
2355 2450 2392 2478 et

1401 2511 1625 2552 conccptum
1645 2503 1679 2539 in
1699 2504 1750 2539 eis
1768 2504 1969 2552 exstinguit
1985 2503 2173 2552 spiritum,
2191 2515 2302 2551 quem
2323 2515 2392 2537 vo—

397 2571 458 2605 31.
488 2567 580 2605 Inde
602 2564 775 2614 estquod
798 2561 955 2599 naturali
981 2561 1133 2610 quidem
1151 2561 1335 2597 desiderio
1354 2567 1383 2600 D
1402 2563 1521 2599 luerat
1542 2562 1728 2599 Dominus
1752 2562 1993 2597 vehementer
2017 2559 2313 2602 :accendiI'NolL
2328 2559 2391 2595 in-

342 2640 530 2664 summum
547 2625 670 2673 quivis
686 2622 870 2673 probatur
883 2629 1061 2669 appetere
1078 2619 1233 2666 bonum,
1251 2622 1336 2657 nul-

343 2689 416 2723 lam
445 2686 515 2723 nisi
541 2685 678 2733 adepto
707 2696 752 2718 eo
780 2680 948 2730 requiem
976 2678 1183 2715 habiturus.
1216 2683 1336 2717 Crete-

343 2760 425 2783 rum
447 2753 573 2782 errant
595 2743 717 2779 miseri
739 2754 814 2777 non
837 2739 1071 2776 invenientes
1087 2739 1198 2783 viam,
1218 2748 1275 2784 et,
1292 2748 1334 2776 ut

342 2807 524 2855 scriptum
542 2812 597 2840 cst
609 2833 618 2849 ‚
636 2802 825 2838 ambulant
841 2802 947 2848 impii
968 2804 1005 2834 in
1024 2798 1200 2834 circuitffl
1214 2827 1223 2844 ‚
1241 2799 1330 2835 dum

342 2867 487 2902 minora
508 2876 666 2913 qumque
687 2862 785 2901 bona
813 2867 1044 2910 quaerentes,
1068 2858 1159 2894 illud
1183 2871 1332 2908 semper

337 2924 566 2967 desiderant,
592 2921 694 2971 quod
723 2920 792 2956 sibi
822 2919 979 2955 vicinius
1008 2917 1169 2954 necdum
1198 2917 1331 2954 viden-

338 2992 397 3020 tur
413 2982 550 3031 adepti.
570 2985 691 3029 Atque
709 2979 866 3023 utinam,
885 2978 914 3013 si
938 2977 1017 3014 lieri
1031 2985 1157 3027 posset
1171 3005 1180 3022 ‚
1198 2986 1330 3014 caetera

1401 2623 1505 2671 quit,
1525 2622 1803 2671 praecipitanter
1823 2634 1932 2669 agere
1945 2650 1955 2667 ,
1978 2620 2042 2656 diu
2059 2619 2277 2664 considera,
2301 2618 2390 2655 dili-

1402 2682 1548 2731 gentius
1573 2682 1728 2717 intuere.
1750 2684 1925 2729 Magnum
1942 2688 1997 2716 est
2016 2679 2117 2728 quod
2136 2678 2337 2728 proponis,
2355 2685 2392 2713 et

1401 2754 1497 2789 opus
1516 2740 1656 2776 habens
1674 2741 1789 2776 multa
1805 2739 2088 2776 deliberatione.
2107 2738 2287 2788 Experire
2301 2737 2390 2786 quid

1399 2800 1520 2849 possis
1535 2829 1543 2845 ‚
1564 2801 1701 2835 amicos
1729 2800 1903 2843 consule,
1920 2812 1965 2835 ne
1995 2808 2080 2849 post
2101 2799 2239 2835 factum
2265 2798 2389 2847 poeni-

1400 2868 1479 2895 tere
1496 2868 1702 2907 contingat.

1451 2919 1513 2954 33.
1548 2922 1634 2954 lla-c
1659 2918 1839 2967 sapientia
1865 2918 1995 2954 mundi
2017 2926 2182 2962 terrena,
2200 2916 2390 2962 animalis,

1397 2977 1611 3023 diabolica,
1651 2977 1802 3013 inimica
1839 2978 1967 3013 salutis
1980 3005 1989 3022 ‚
2026 2976 2244 3013 suffocatrix
2277 2976 2361 3012 vitae
2378 3009 2388 3026 ‚

392 3127 399 3141 ¹
419 3123 511 3151 Dent.
528 3129 625 3148 xxxix
640 3141 648 3155 ‚
666 3121 720 3148 27.
740 3135 782 3140 —-
799 3122 811 3138 ²
834 3117 912 3147 Psal.
934 3127 966 3146 cr
979 3140 986 3152 ,
1004 3120 1034 3146 5.
1055 3133 1099 3138 -—
1117 3113 1131 3137 3
1146 3115 1263 3146 Matth.
1286 3126 1318 3152 V,
1337 3119 1369 3146 6.
1387 3133 1433 3138 —
1447 3114 1460 3141 4
1480 3114 1562 3145 Psat.
1580 3125 1637 3154 xi,
1660 3118 1691 3145 9.
1710 3132 1753 3136 —
1768 3111 1781 3135 ⁵
1798 3114 1878 3144 Psal.
1896 3125 2023 3144 mxxxix
2036 3138 2043 3151 ‚
2062 3117 2091 3145 3.
2104 3132 2147 3136 —
2166 3111 2182 3135 ⁶
2197 3113 2314 3145 Cantic.
2333 3125 2365 3143 vx
2380 3138 2389 3151 ‚

345 3176 395 3203 12.
411 3190 454 3194 —-
470 3177 482 3200 7
503 3168 617 3200 Manli.
638 3180 683 3206 iv,
700 3172 752 3199 20.
770 3186 811 3190 —
833 3166 845 3188 8
867 3170 965 3198 lCor.
983 3179 1013 3204 1,
1035 3171 1074 3197 25
1092 3190 1098 3202 ‚
1121 3170 1173 3197 21.

384 3236 394 3251 ²
419 3230 536 3260 l'rimns
559 3228 609 3258 ille
625 3238 752 3264 avaros,
775 3227 851 3257 alter
874 3225 1050 3256 luxuriosos
1063 3249 1070 3261 ‚
1089 3225 1196 3255 tertius
1216 3225 1397 3262 iracundos,
1419 3231 1548 3266 quartus
1566 3225 1715 3267 superbos
1735 3230 1763 3255 ct
1786 3224 1966 3255 ambitiosos
1980 3249 1987 3261 ,
2009 3225 2136 3266 ‹piintus
2156 3223 2293 3266 denique
2317 3234 2388 3266 pro—

334 3283 414 3324 prias·
435 3292 541 3311 carnes
555 3290 664 3321 sugens
677 3303 684 3317 ,
702 3280 749 3309 vel
769 3278 889 3309 invidos
904 3302 910 3314 ,
933 3279 979 3308 xct
993 3277 1133 3308 homines
1150 3278 1205 3307 sihi
1224 3277 1297 3320 ipsis
1317 3278 1471 3319 placentes
1485 3284 1513 3309 et
1528 3278 1566 3308 de
1588 3288 1619 3308 se
1635 3283 1854 3319 praesumentcs
1868 3283 2074 3318 repra-sentat.
2101 3275 2126 3314 †
