2418 3949
191 223 263 259 537

689 226 834 261 LIBER
865 227 927 260 DE
959 226 1155 261 NATURA
1186 225 1244 259 ET
1276 227 1539 264 DIGMTATE
1567 230 1763 265 AMORIS.

189 299 442 345 ordinaverit,
465 300 570 336 facile
590 300 727 337 hahent
747 309 783 337 et
802 300 970 338 membra
991 299 1217 350 corporis,²³

2167 234 2242 268 :235

1221 299 1481 354 ⁵postponunt
1501 306 1654 342 affectus
1681 306 1916 355 profectuum
1945 319 2128 344 suorum:
2156 310 2246 358 ipsis

189 367 225 395 et
243 358 380 396 bonam
396 360 628 397 voluntatem
647 361 905 407 commodare,
921 374 1005 397 cum
1020 362 1178 410 Spiritus
1198 366 1227 397 Α
1247 375 1337 398 vero
1353 373 1577 413 perpetuum
1596 366 1842 414 praedicantes
1862 364 2060 403 sabbatum
2074 396 2083 413 ,
2104 381 2124 404 a
2143 370 2243 404 curis

189 420 307 455 sancti
327 419 472 456 arrham
495 428 532 455 et
553 421 687 469 pignus
703 421 936 470 acceperint,
958 421 1178 457 servitutem

188 478 296 514 istam
324 487 504 515 creaturae
529 488 566 516 et
594 479 851 516 membrorum
887 493 1042 516 suorum
1073 479 1181 516 brevi

190 538 425 575 transituram
439 539 476 575 in
492 538 734 589 adoptionem
751 548 787 576 et
801 539 1068 576 revelationem
1087 540 1182 575 filio-

191 608 274 631 rum
300 596 381 632 Dei.

550 728 724 766 CAPUT
753 728 826 767 IX.

190 834 457 866 Cohabitationem
481 834 640 865 hominum
669 835 900 877 religiosorum,
932 837 1026 867 veluti
1049 834 1186 866 scholam

455 888 621 929 quamdam
637 889 751 919 amoris
769 888 918 931 depingit.

242 1016 304 1053 24.
328 1015 399 1052 Sed
420 1015 615 1051 veniamus
633 1015 679 1052 ad
708 1028 788 1052 eam
816 1030 927 1065 quam
960 1016 1051 1052 dicit
1075 1018 1183 1063 Apo-

1247 423 1390 466 saeculi‚
1424 437 1444 459 a
1476 424 1739 460 necessitatum
1784 424 2035 462 anxietatibus
2079 427 2244 464 reddunt

1247 481 1403 518 alienos.
1445 483 1590 519 Coactis
1621 484 1721 519 enim
1751 483 1789 519 in
1820 483 1925 520 brevi
1960 486 2243 524 necessitatibus

1247 539 1357 589 ipsis,
1377 554 1495 590 parvo
1517 542 1671 578 vivitur.
1690 543 1821 578 vilitas
1836 543 1874 578 in
1894 543 2061 581 vestibus
2075 573 2084 590 ‚
2101 545 2244 582 sobrie-

1249 608 1302 635 tas
1319 600 1358 635 in
1381 601 1481 637 victu
1493 629 1503 643 ‚
1525 609 1561 636 et
1580 602 1724 637 caeteris
1739 603 1866 638 omnia
1884 604 2048 652 praelixae
2065 605 2154 655 legis
2168 615 2244 643 ter-

1249 658 1387 694 minata
1405 659 1605 703 limitibus,
1622 667 1663 694 ut
1685 672 1753 695 nee
1777 661 1861 708 plus
1884 661 2017 698 habeat
2037 665 2119 712 quis
2133 678 2245 714 (piam

1250 717 1337 752 licet
1354 716 1511 762 habere,
1532 726 1568 753 et
1591 718 1749 753 sufficiat
1769 720 1968 765 omnibus3
1988 735 2056 758 nec
2074 724 2157 772 plus
2178 725 2245 761 ha-

1251 774 1341 811 bere
1358 775 1491 819 libeat,
1512 777 1541 812 si
1561 775 1704 812 habent
1719 777 1822 824 quod
1845 778 1952 814 liceat
1972 780 2122 818 habere.

1305 835 1368 872 25.
1389 835 1581 884 Numquid
1599 849 1674 871 non
1696 836 1766 872 ista
1785 844 1841 872 est
1860 849 1936 873 non
1955 841 2161 885 terrestris,
2181 843 2247 878 sed

1249 894 1409 930 coelestis
1445 894 1663 944 paradisus?
1693 895 1766 931 Sed
1795 895 1834 930 in
1860 895 1930 932 ista
1955 899 2129 946 paradiso
2159 902 2247 937 solis

1248 954 1414 991 Praelatis
1440 954 1674 1004 permittitur
1704 954 1932 992 manducare
1954 957 2100 995 assidue
2130 959 2177 996 de
2196 961 2246 996 li-

1249 1027 1323 1064 gno
1345 1014 1508 1050 scientiae
1536 1014 1625 1050 boni
1652 1023 1687 1051 ct
1709 1016 1818 1060 mali;
1840 1016 1877 1052 id
1898 1025 1970 1062 est,
1994 1017 2247 1068 dispensatio—

188 1076 308 1112 stolus
326 1075 540 1111 societatem
558 1075 711 1124 spiritus
729 1081 738 1095 ¹
756 1103 766 1120 ,
793 1084 828 1111 et
850 1076 997 1113 laudem
1015 1072 1183 1122 discipli-
1203 1075 1231 1108 B
1251 1086 1316 1109 nes
1356 1073 1619 1109 administrare
1647 1073 1882 1110 discretionis
1911 1088 1918 1109 :
1939 1075 2100 1113 subditis
2133 1092 2224 1115 vero
2238 1110 2247 1124 ‚

190 1149 247 1172 nae
260 1149 269 1179 ;
284 1134 329 1171 ad
346 1134 486 1171 bonum
503 1134 595 1170 illud
611 1133 870 1183 etjucunduin
893 1132 1182 1172 cohabitationis

190 1195 361 1231 fraternae
379 1194 417 1230 in
443 1207 560 1230 unum
576 1208 586 1238 3
605 1193 671 1230 ubi
691 1194 844 1230 mandat
862 1195 1048 1231 Dominus
1066 1193 1184 1229 bene-

189 1254 391 1290 dictionem
414 1261 450 1289 et
479 1253 593 1289 vitam
620 1259 632 1274 ²
648 1281 658 1298 ‚
689 1252 735 1289 de
755 1266 831 1302 quo
849 1253 937 1289 dicit
964 1254 1149 1291 Dominus
1172 1269 1179 1290 z

188 1317 317 1351 Nolite
343 1318 480 1358 timere,
500 1316 658 1361 pusiIlus
684 1327 804 1361 gre.r;
832 1318 1012 1361 quoniam
1040 1317 1188 1362 placuit

190 1375 298 1409 Patri
329 1382 450 1408 vestro
479 1374 569 1408 dare
603 1372 704 1408 vobis
733 1386 882 1420 regnum
902 1371 928 1408 3.
965 1376 1062 1410 Laus
1095 1386 1183 1424 ergo

188 1432 302 1481 hujus
337 1432 545 1481 disciplinae
576 1430 623 1467 ab
654 1431 845 1480 Apostolis
880 1432 1039 1480 sumpsit
1071 1444 1185 1468 exor-

191 1491 318 1537 dium,
351 1492 416 1540 qui
451 1491 545 1527 sicut
572 1504 593 1527 a
613 1491 781 1527 Domino
815 1490 1039 1535 didicerant,
1070 1492 1129 1527 vel
1164 1505 1184 1529 a

191 1551 331 1600 Spiritu
349 1558 498 1594 sancto,
520 1549 626 1598 cujus
645 1550 785 1586 virtute
809 1562 931 1598 nuper
949 1563 995 1585 ex
1016 1550 1091 1586 alto
1108 1550 1185 1587 fue-

192 1619 276 1647 rant
303 1609 446 1654 induti,
469 1609 621 1645 modum
651 1609 877 1646 convivendi
899 1610 951 1645 sic
980 1608 1050 1645 sibi
1081 1610 1187 1646 insti-

194 1677 363 1714 tuerunt,
385 1677 426 1705 ut
443 1676 540 1705 esset
556 1668 808 1705 multitudinis
823 1681 888 1704 cor
906 1682 1022 1704 unum
1034 1698 1043 1714 ‚
1062 1670 1185 1705 anima

192 1741 266 1765 una
280 1757 290 1773 ‚
308 1736 345 1765 et
363 1728 488 1764 omnia
508 1729 721 1764 communia
734 1756 744 1772 ,
764 1736 801 1763 et
820 1736 943 1764 essent
958 1728 1186 1764 unanimiter

193 1801 340 1838 semper
359 1788 396 1824 in
418 1788 557 1837 templo
575 1788 604 1824 ⁴.
626 1791 731 1824 Hanc
751 1788 966 1837 apostolicae
987 1788 1186 1824 institutio-

1248 1143 1410 1179 quorum
1442 1139 1498 1167 est
1530 1130 1710 1175 obedire,
1741 1144 1818 1167 non
1841 1131 2073 1179 discernere,
2109 1137 2139 1172 si
2162 1138 2246 1186 quis

1247 1189 1342 1226 illud
1375 1189 1559 1238 tetigerit,
1594 1198 1716 1225 morte
1743 1191 1937 1227 morietur.
1969 1194 2108 1230 Omnes
2142 1198 2247 1232 omni

1250 1258 1420 1298 tempore
1451 1248 1604 1284 student
1624 1249 1701 1285 oris
1730 1250 1900 1296 silentio,
1929 1251 2090 1288 invicem
2121 1254 2246 1291 cordis

1249 1309 1460 1357 loquuntur
1487 1308 1635 1345 affectu.
1665 1307 1814 1346 Crebris
1844 1324 1976 1346 eorum
1995 1313 2058 1360 qui
2079 1324 2248 1362 praesunt

1250 1368 1584 1405 exhortationibus
1620 1369 1744 1405 oleum
1779 1369 1932 1406 additur
1961 1372 2131 1418 camino,
2163 1375 2250 1410 licet

1250 1430 1334 1478 plus
1354 1429 1424 1478 ipsi
1456 1437 1589 1465 mutuo
1620 1442 1658 1465 se
1684 1430 1850 1466 excitent
1869 1433 2059 1481 exemplo.
2094 1437 2249 1471 Honore

1251 1498 1288 1525 et
1309 1488 1495 1538 obsequio
1526 1489 1687 1526 invicem
1711 1490 1879 1526 certatim
1900 1504 1939 1527 se
1957 1494 2195 1541 praeveniunt
2214 1494 2249 1540 ⁶,

1251 1549 1456 1585 secundum
1479 1550 1702 1598 Apostolum
1719 1577 1728 1594 ,
1749 1550 1786 1586 in
1808 1553 2081 1600 provocatione
2102 1567 2141 1590 se
2162 1555 2250 1591 cha—

1252 1608 1370 1644 ritatis
1400 1608 1562 1644 invicem
1593 1618 1847 1657 provocantes
1867 1617 1899 1655 7,
1938 1611 2099 1649 invicem
2130 1615 2250 1651 susci-

1252 1668 1410 1716 pientes.
1436 1668 1587 1704 Nullum
1607 1668 1707 1704 inter
1731 1681 1769 1704 se
1796 1670 1991 1718 patiuntur
2013 1685 2094 1708 esse
2116 1674 2246 1710 solita-

1252 1727 1365 1772 rium,
1380 1741 1426 1763 ne
1441 1726 1583 1763 dicatei
1599 1728 1775 1765 Salomon
1794 1743 1801 1764 ι
1823 1730 1890 1764 Voe
1902 1729 2009 1766 solis!
2030 1732 2245 1770 Solitarium

1252 1800 1336 1824 eum
1359 1787 1563 1837 deputant,
1582 1788 1647 1836 qui
1668 1788 1705 1823 in
1723 1789 1954 1825 conscicntia
1974 1803 2041 1826 sua
2063 1804 2133 1840 per
2151 1806 2247 1828 con-

192 1849 250 1884 nis
267 1848 424 1883 formam
441 1846 594 1896 quidam
612 1847 828 1883 aemulantes
841 1876 850 1892 ‚
870 1860 947 1883 non
966 1846 1107 1884 habent
1123 1848 1188 1884 do-
1206 1850 1233 1886 C
1254 1847 1452 1883 sessionem
1473 1860 1553 1883 non
1574 1847 1654 1883 vult
1674 1846 1813 1883 habere
1830 1849 1971 1885 socium
1993 1864 2000 1886 :
2021 1851 2080 1886 vel
2102 1853 2166 1901 qui
2184 1866 2248 1888 no—

194 1920 294 1951 mos,
314 1907 372 1943 vel
395 1906 637 1951 diverticula,
656 1906 726 1942 nisi
747 1906 901 1942 domum
922 1907 1010 1948 Dei,
1031 1907 1185 1943 domum

194 1966 388 2002 orationis.
421 1966 556 2003 Omnia
589 1978 837 2014 quaecumque
866 1966 1025 2011 faciunt,
1056 1967 1094 2002 in
1121 1980 1187 2003 no-

198 2025 297 2061 minc.
315 2025 465 2061 Domini
485 2025 648 2070 saciunt3
669 2025 778 2061 simul
799 2024 1008 2062 habitantes
1025 2039 1102 2062 uno
1121 2040 1186 2062 or-

197 2085 307 2130 dine,
342 2097 417 2121 una
445 2085 526 2134 lege
556 2085 747 2130 viventes,
781 2085 871 2121 nihil
898 2085 1078 2122 habentes
1098 2100 1189 2136 pro-

197 2145 342 2193 prium,
371 2157 438 2180 nec
467 2144 546 2194 ipsa
578 2157 738 2194 corpora
765 2157 852 2189 sua,
885 2158 953 2181 nec
975 2145 1188 2182 voluntates

196 2204 235 2239 in
268 2212 450 2253 potestate
489 2216 556 2240 sua
589 2203 783 2240 habentes.
817 2204 933 2240 Simul
972 2204 1186 2251 dormiunt,

196 2262 306 2298 simul
324 2271 507 2311 surgunt;
530 2262 639 2299 simul
659 2271 785 2308 orant,
801 2263 911 2299 simul
929 2264 1113 2312 psallunt,
1136 2265 1189 2300 si-

197 2321 273 2357 mul
291 2329 327 2357 et
348 2321 490 2370 legunt.
517 2321 649 2358 Fixum
671 2329 707 2357 et
731 2320 925 2358 immobile
950 2323 1186 2372 propositum

196 2393 326 2416 eorum
342 2379 495 2416 obedire
511 2380 724 2429 praepositis
741 2381 816 2417 suis
829 2410 838 2426 ,
856 2389 891 2417 et
908 2381 1101 2431 subjacere
1118 2383 1184 2420 eis.

194 2439 272 2489 Ipsi
305 2452 395 2475 vero
416 2439 681 2489 pervigilantes
701 2453 769 2489 pro
793 2440 846 2476 eis
866 2441 973 2490 quasi
1003 2442 1186 2478 rationem

196 2498 379 2536 reddituri
413 2512 482 2549 pro
514 2498 711 2536 animabus
743 2513 896 2545 eorum,
930 2513 970 2537 re
998 2501 1080 2551 ipsa
1099 2501 1189 2551 ipsis

197 2558 424 2608 praedicant,
443 2559 545 2608 quod
566 2559 602 2595 in
629 2559 789 2595 Jeremia
807 2560 950 2609 populo
977 2561 1087 2597 Israel
1109 2563 1189 2598 Go-

197 2617 315 2654 dolias
347 2617 483 2667 legitur
509 2617 728 2667 praedicasse
755 2632 762 2654 ε

196 2676 379 2724 spomlebo
400 2677 587 2712 Clmldoeis
604 2683 666 2726 qui
682 2683 838 2713 veniunt
857 2680 910 2713 acl
927 2692 1004 2714 vos.
1028 2681 1098 2713 Vos
1119 2693 1191 2715 an-

197 2743 267 2770 tem
302 2738 461 2784 colligite:
482 2735 737 2784 frumentum,
775 2742 901 2773 vinum
937 2748 971 2773 et
1001 2741 1118 2774 oleum
1153 2744 1190 2774 [η

196 2800 299 2830 vasis
327 2800 471 2838 vestris,
508 2806 542 2831 ee
559 2797 724 2832 habitate
744 2803 780 2831 m
807 2797 953 2832 urbibus
982 2803 1112 2834 vestris
1131 2813 1191 2834 se-

197 2858 272 2889 curi
288 2853 315 2890 ⁵.
341 2854 546 2905 Risumque
567 2856 691 2892 cordis
711 2856 788 2900 sui,
819 2865 856 2893 et
885 2857 1062 2907 gaudium
1092 2861 1192 2895 Isaac

197 2914 365 2963 quotidie
394 2919 474 2952 Deo
497 2929 566 2965 pro
589 2916 641 2952 eis
665 2916 922 2962 innnolantes,
956 2918 1073 2953 lilium
1097 2917 1192 2954 libe-

199 2987 268 3018 rae,
293 2974 409 3010 lilium
429 2975 754 3024 repromissionis;
773 2985 965 3013 reservant
985 2985 1021 3013 et
1037 2991 1191 3013 conscr-

198 3042 286 3069 vant
312 3034 443 3071 Ismael
473 3035 589 3071 lilium
607 3035 822 3080 servitutis,
840 3049 923 3071 cum
947 3045 1103 3085 propter
1130 3050 1194 3072 eos

200 3093 358 3130 fructum
383 3094 575 3144 negligunt
597 3095 768 3144 spiritus,
798 3104 833 3131 ct
863 3096 1062 3132 serviendo
1093 3097 1195 3146 ipso-

200 3165 280 3188 rum
315 3153 445 3197 saluti,
483 3153 626 3190 actibus
667 3155 859 3191 servitutis
900 3169 1030 3191 corum
1067 3169 1196 3191 omncs·

1253 1905 1309 1941 vis
1329 1914 1366 1941 et
1386 1906 1560 1942 solitariis
1587 1905 1922 1942 adinventionibus
1944 1908 2019 1943 suis
2045 1909 2248 1946 conturbat

1254 1965 1468 2001 societatem
1497 1965 1666 2000 fratrum.
1692 1965 1729 2002 Si
1747 1965 1901 2013 (plaudo
1924 1979 1981 2002 res
2001 1968 2136 2016 exigit,
2157 1982 2248 2018 per-

1254 2025 1416 2061 mittitur
1434 2024 1480 2060 de
1501 2024 1614 2060 rebus
1631 2025 1764 2060 animae
1782 2025 1840 2061 vcl
1863 2027 2017 2075 corpori
2032 2030 2251 2065 necessariis

1255 2084 1342 2119 mite
1363 2084 1592 2132 colloquium
1612 2097 1620 2118 ι
1642 2084 1696 2119 sin
1717 2076 1868 2128 autem,
1895 2085 2021 2122 mitius
2040 2087 2181 2137 ubique
2202 2091 2254 2125 si-

1255 2144 1427 2179 lentium.
1466 2142 1524 2179 Ad
1561 2142 1726 2179 studium
1761 2144 1942 2180 orationis
1976 2153 2077 2182 tanta
2111 2156 2148 2183 et
2177 2157 2252 2184 tam

1255 2204 1434 2239 continua
1471 2202 1610 2251 ubique
1642 2202 1817 2248 devotio,
1859 2212 1899 2239 ut
1932 2205 2037 2242 locus
2071 2208 2254 2244 orationis

1254 2264 1397 2308 omnis,
1421 2263 1516 2299 sicut
1536 2263 1641 2298 locus
1666 2262 1802 2299 ‹lix-ina>
1832 2263 2100 2303 dominationis
2123 2281 2129 2302 :
2150 2269 2252 2317 psal-

1257 2336 1403 2359 morum
1436 2331 1509 2358 tam
1544 2322 1627 2371 pia,
1662 2330 1734 2358 tam
1769 2336 1957 2370 consona,
1996 2333 2069 2361 tam
2104 2326 2254 2364 fervens

1256 2381 1440 2427 melodia;
1471 2390 1511 2417 ut
1531 2382 1638 2425 vitae,
1663 2390 1699 2417 et
1727 2395 1896 2426 morum,
1920 2391 1956 2419 et
1985 2382 2175 2421 bonorum
2202 2387 2255 2422 as-

1257 2442 1439 2487 secutum,
1459 2454 1535 2477 non
1553 2441 1723 2486 musicae,
1738 2441 1803 2477 sed
1819 2441 2007 2479 charitatis
2020 2445 2156 2493 regulis
2172 2459 2252 2481 mc-

1256 2502 1312 2538 los
1325 2502 1577 2551 compositum
1595 2501 1758 2550 quadam
1780 2502 2025 2540 similitudine
2040 2517 2253 2542 consonan-

1257 2562 1316 2598 tiae
1345 2565 1425 2597 Deo
1454 2570 1725 2610 repraesentare
1745 2570 1781 2597 et
1802 2562 2010 2599 sacrificare
2041 2564 2255 2601 xideantur.

793 2620 874 2667 Ego
898 2633 968 2667 pro
998 2619 1103 2656 vobis
1129 2634 1187 2655 re-
1206 2621 1239 2655 D
1258 2624 1301 2657 In
1337 2619 1603 2656 communibus
1635 2620 1783 2669 pietatis
1822 2620 1974 2666 studiis,
2019 2622 2057 2658 in
2095 2625 2255 2672 quadani

1257 2680 1368 2716 etiam
1388 2680 1580 2724 vultuum,
1600 2687 1635 2715 et
1656 2692 1881 2728 corporum,
1903 2689 1938 2715 et
1957 2680 2151 2718 habituum
2173 2698 2256 2731 gra-

1260 2740 1504 2784 animia-0111,
1522 2739 1557 2775 in
1577 2752 1614 2774 sc
1634 2739 1722 2788 ipsis
1739 2738 1916 2775 bonitatis
1932 2739 2070 2776 divin-”e
2089 2742 2259 2779 videntes

1260 2798 1497 2849 praescntiani
1517 2806 1618 2833 tanto
1640 2810 1678 2833 se
1699 2797 1834 2833 affectu
1853 2799 2180 2847 complectuntur,
2205 2812 2258 2848 ut,

1260 2860 1355 2895 sicut
1379 2858 1595 2907 Seraphim,
1618 2858 1654 2893 in
1676 2871 1842 2893 aniorcm
1866 2858 1933 2894 Dei
1950 2858 2044 2895 alter
2063 2860 2191 2897 ardeat
2213 2877 2258 2898 cx

1259 2919 1377 2955 altcro
1401 2925 1437 2961 9,
1471 2931 1538 2952 ncc
1566 2917 1641 2953 ullo
1663 2917 1776 2953 modo
1798 2919 1885 2954 satis
1912 2931 1991 2955 esse
2012 2921 2130 2968 possit
2153 2922 2258 2958 desc-

1261 2977 1355 3013 rcnti
1376 2976 1644 3025 quodcumque
1665 2977 1758 3012 alter
1776 2976 1895 3012 desert
1917 2978 2036 3014 alteri.

1315 3037 1377 3073 26.
1411 3039 1496 3072 tia-c
1525 3044 1580 3071 est
1611 3036 1781 3084 specialis
1813 3037 2002 3074 charitatis
2025 3039 2174 3078 schola,
2200 3041 2258 3077 hic

1262 3095 1343 3144 ejus
1362 3095 1484 3131 studia
1503 3096 1749 3140 excoluntur,
1768 3096 2041 3145 disputationes
2056 3100 2254 3147 agitantur,

1264 3156 1470 3190 solutiones
1493 3168 1569 3190 non
1589 3156 1938 3192 ratiocinationibus
1958 3166 2122 3200 tantum,
2142 3174 2260 3207 ‹pian-

252 3283 258 3297 ¹
278 3277 410 3319 Philipp.
427 3290 464 3313 ιι,
485 3284 511 3311 1.
529 3299 569 3302 ——
587 3286 598 3301 ²
616 3281 694 3311 l‘sal,
711 3293 840 3317 cxxxii.
856 3285 886 3312 3.
915 3301 938 3303 —
960 3280 973 3301 ³
989 3286 1059 3313 Luc.
1077 3287 1264 3316 x11,‡t·’,.-—
1289 3286 1381 3312 utet.
1403 3294 1440 3314 ιι.
1468 3285 1578 3315 ‘osi-27.
1595 3290 1622 3312 ct
1641 3294 1683 3314 iv.
1702 3287 1738 3313 :32
1755 3308 1761 3315 ,
1784 3282 2128 3320 .ὶ.·ι.-Ῑ’.1αϊι“ιιι.κι,
2153 3291 2200 3316 ιι),
2237 3307 2257 3310 Ἀ

202 3331 216 3348 ‘'
230 3332 319 3359 lloni.
337 3341 396 3363 xii.
423 3335 471 3361 to.
491 3351 530 3354 ——
550 3333 674 3363 7}1‹·h=·.
694 3337 797 3368 κ,’),ἰ.
881 3334 893 3353 ⁸
911 3335 1008 3365 licrlc.
1026 3347 1071 3369 ιν,
1094 3340 1197 3365 10.st-

1222 3344 1236 3365 9
1255 3336 1324 3365 lsai*
1349 3347 1392 3369 vi,
1412 3339 1442 3364 13.
