2418 3949
228 158 302 194 565

228 246 275 270 na
295 242 332 270 et
352 233 556 284 apostolica
580 233 772 280 doctrina,
795 235 921 271 omnia
943 235 1221 271 dialecticorum

228 366 306 402 quo
327 353 470 403 impleti
491 362 578 391 sunt
597 354 768 404 Apostoli
791 362 828 390 et
853 353 1051 400 inebriati,
1077 353 1129 389 sic
1153 353 1225 388 im·-

227 412 319 462 pleti
347 421 436 450 sunt
464 412 564 449 beati
585 426 770 463 pauperes
798 414 955 464 spiritu,
977 413 1043 450 filii
1078 412 1224 461 gratiae,

228 472 294 508 filii
323 472 412 508 novi
432 473 680 517 Testamenti,
710 481 753 509 ut
784 473 1102 522 amplecterentur
1121 483 1222 507 anio-

227 544 306 568 rem
326 532 393 569 Dei
413 545 531 581 usque
551 532 598 569 ad
623 541 883 582 contemptum
907 532 987 577 501,
1009 540 1052 568 ut
1068 530 1223 568 arbitra-

227 599 358 627 rentur
386 591 513 627 omnia
542 599 720 640 tanquam
748 599 932 637 stercora,
962 599 1005 627 ut
1035 590 1222 628 Christum

226 648 500 686 lucrifacerent.
532 652 630 698 Ergo
654 649 770 686 ubera
789 663 936 700 sponsae
958 650 1113 686 meliora
1131 656 1219 685 sunt

226 707 332 744 vino.
366 712 456 746 Haec
488 716 614 744 autem
648 707 763 744 ubera
800 721 947 758 sponsae
979 708 1056 745 duo
1087 716 1175 745 sunt
1208 722 1215 742 :

226 780 344 804 unum
374 767 664 817 compassionis,
691 767 849 804 alterum
876 767 1218 818 congratulationis.

226 828 282 862 Ex
307 824 425 862 ubere
445 825 715 875 compassionis
740 826 888 875 sugitur
907 827 964 863 lac
995 827 1222 864 consolatio-

225 885 303 930 nis;
319 897 367 920 ex
381 883 498 920 ubere
513 884 846 934 congratulationis
858 886 1002 935 sugitur
1012 886 1068 922 lae
1081 886 1222 923 exhor-

225 944 392 981 tationis.
415 947 503 981 Haec
523 943 643 981 ubera
671 952 711 981 ut
731 945 888 981 meliora
908 945 983 982 sint
1002 945 1114 991 vino,
1146 946 1222 983 fra-

878 159 1230 195 COMMENTATIO
1259 158 1327 192 EX
1356 157 1631 196 BERNARDO.

2207 161 2282 197 566

1234 232 1282 250 ‘³⁶⁷
1294 233 1340 270 de
1373 234 1439 271 illo
1467 235 1624 281 dicitur,
1655 237 1725 271 Cor
1746 239 1936 271 contritum
1967 245 2000 271 et
2025 237 2255 272 humiliatam
2272 265 2282 280 ‚

227 294 340 330 solvit
364 302 597 343 argumenta.
621 294 693 331 Sed
713 302 751 331 et
770 303 895 331 musto
915 295 1076 344 Spiritus
1101 292 1218 330 sancti
1239 294 1266 326 A
1289 295 1408 337 Deus,
1440 308 1512 329 mm
1540 297 1717 342 despicies
1736 293 1751 315 ⁶
1774 309 1780 330 :

1811 294 1857 330 de
1885 295 1958 332 isto
1988 307 2101 341 vero,
2129 296 2281 340 6110νῇ1·-

1290 357 1384 388 cium
1408 356 1533 389 laudis
1553 354 1811 401 honorificabit
1827 368 1885 390 me
1907 362 1932 391 7,
1954 357 2073 405 Caput
2095 363 2217 391 antem
2237 367 2283 391 ex

1291 425 1336 449 eo
1362 414 1490 462 ungis,
1514 427 1598 449 cum
1627 413 1673 449 de
1694 414 1770 450 suis
1799 413 1909 451 donis
1928 418 2008 451 Deo
2030 415 2166 464 gratias
2193 415 2282 464 agis.

1289 472 1479 521 Siquidem
1517 482 1629 522 caput
1658 473 1793 510 Christi
1830 476 1940 510 Deus.
1971 475 2098 510 Deitas
2126 487 2216 523 ergo
2244 473 2282 509 in

1288 532 1436 570 Christo
1473 533 1662 581 tangitur,
1698 533 1846 581 quoties
1876 533 1921 568 ad
1958 533 2104 569 laudem
2136 533 2281 582 ipsius,

1289 590 1369 639 ejus
1387 591 1425 626 in
1448 590 1558 627 nobis
1579 590 1763 627 beneficia
1789 604 2041 628 memoramus
2060 607 2067 627 :
2087 592 2181 628 sicut
2204 604 2282 628 non

1289 657 1362 686 tam
1387 650 1504 686 deitas
1523 662 1635 699 quam
1661 650 1873 686 humanitas
1899 663 2047 687 necesse
2069 659 2125 688 est
2143 651 2284 700 cogite-

1286 716 1370 754 tur,
1402 722 1486 745 cum
1519 721 1596 744 non
1622 708 1704 757 ejus
1737 708 1859 753 dona,
1891 708 1956 745 sed
1981 717 2108 745 nostra
2132 718 2284 759 peccata

1286 767 1543 804 recordamur.
1575 770 1670 804 Nam
1697 768 1736 804 in
1769 768 1890 804 carnis
1909 769 2164 817 assumptione
2191 768 2284 804 duos

1286 828 1369 864 illos
1389 827 1505 878 pedes
1523 827 1570 864 ad
1590 827 1661 864 1100
1682 828 1867 877 accepisse
1890 828 2148 876 cognoscitur,
2170 827 2209 863 id
2230 836 2284 863 est

1287 887 1582 924 misericordiam
1603 895 1639 923 et
1654 886 1838 936 judicium
1854 914 1864 932 ,
1887 895 1928 922 ut
1950 897 2127 936 peccator
2152 885 2216 934 qui
2236 885 2283 921 ad

1288 955 1423 996 caput,
1447 946 1487 983 id
1516 954 1571 983 est
1594 946 1639 982 ad
1663 945 1862 990 deitatem,
1886 958 2072 982 accessum
2107 957 2184 981 non
2218 944 2285 980 ha-

225 1012 335 1054 grant
349 1004 551 1054 unguentis
567 1004 740 1054 optimi53
759 1004 848 1054 quia
868 1005 1072 1042 efficaciam
1089 1006 1128 1042 in
1147 1006 1220 1043 illis
1240 1002 1267 1036 Β
1287 1005 1421 1051 bebat,
1456 1006 1502 1042 ad
1535 1005 1652 1055 pedes
1666 1033 1675 1050 ,
1716 1005 1789 1041 hoc
1821 1013 1876 1042 est
1902 1005 1949 1041 ad
1985 1005 2256 1041 humanitatem
2273 1031 2283 1048 ,

224 1073 404 1114 operatur
425 1072 660 1115 unguentum
694 1065 879 1115 optimum
893 1093 902 1111 ,
924 1065 961 1101 id
989 1074 1066 1112 est,
1089 1079 1223 1116 super-

225 1124 425 1160 eminentis
444 1123 647 1161 charitatis.
675 1127 796 1161 Uncta
817 1124 932 1174 igitur
961 1133 1050 1161 sunt
1073 1138 1222 1175 sponsae

224 1182 364 1230 ubera,
382 1183 420 1220 id
452 1191 528 1229 est,
553 1191 653 1220 tactu
683 1183 811 1233 sponsi
840 1196 909 1233 per
927 1185 1144 1222 unctionem
1165 1186 1222 1222 le-

224 1242 373 1280 nificata
397 1257 406 1279 :
428 1242 631 1293 fragrantia
657 1242 750 1280 boni
781 1243 945 1293 exempli
976 1244 1087 1294 longe
1113 1245 1220 1294 quasi

223 1299 326 1338 bono
352 1301 472 1338 odore
503 1301 675 1347 dilatata,
695 1302 755 1338 vel
773 1315 893 1351 usque
910 1301 957 1338 ad
974 1303 1103 1352 sponsi
1124 1303 1220 1340 odo-

224 1373 304 1398 rem
336 1374 405 1410 per
439 1361 662 1398 sacrificium
692 1361 763 1411 piae
793 1361 1016 1398 intentionis
1044 1371 1080 1398 et
1102 1364 1220 1400 sancti

223 1419 397 1457 desiderii
419 1428 607 1470 promota.

276 1480 312 1516 9.
344 1482 574 1529 Fragrantia
603 1484 798 1528 unguentis
818 1484 964 1528 optimis
982 1487 1008 1517 ¹.
1030 1481 1116 1519 Tria
1135 1490 1223 1518 sunt

223 1547 417 1589 unguenta
434 1553 441 1576 :
459 1538 763 1589 compunctionis
776 1567 785 1585 ,
803 1552 847 1576 ex
863 1539 1125 1577 recordatione
1135 1554 1222 1591 pec-

224 1606 414 1644 catorum;
447 1597 688 1644 devotionis,
716 1611 764 1635 ex
796 1599 1057 1636 recordatione
1076 1599 1220 1637 benefi-

224 1657 395 1703 ciorum;
423 1658 592 1708 pietatis,
624 1670 670 1695 ex
691 1658 953 1695 recordatione
978 1659 1216 1697 miserorum.

223 1716 350 1753 Primo
367 1725 562 1766 unguntur
577 1716 692 1767 pedes
711 1718 883 1763 Domini,
906 1719 1072 1755 secundo
1090 1728 1217 1769 caput,

1288 1065 1494 1102 accederet.
1519 1065 1599 1102 Nisi
1628 1065 1729 1101 enim
1761 1077 1828 1114 pes
1854 1064 1938 1110 ille,
1971 1076 2084 1112 quem
2121 1063 2286 1100 diximus

1288 1125 1603 1171 misericordiam,
1629 1124 1677 1161 ad
1697 1124 1891 1162 hominem
1912 1131 2144 1173 assumptum
2165 1124 2285 1172 perti-

1288 1194 1417 1231 neret,
1450 1185 1588 1222 Paulus
1618 1184 1823 1235 Apostolus
1856 1183 1902 1220 de
1933 1195 1978 1219 eo
2004 1195 2080 1219 non
2113 1181 2283 1218 diceret:

1295 1247 1401 1281 Unde
1423 1244 1549 1281 debuit
1565 1257 1640 1294 per
1663 1249 1789 1280 omniu
1798 1242 1985 1292 fratribus
2005 1245 2225 1285 assimilari,
2247 1250 2284 1277 ut

1285 1304 1615 1351 nzisem'corsfieret
1630 1302 1658 1340 ⁸.
1679 1306 1726 1339 Et
1739 1303 1808 1339 nisi
1825 1301 2010 1351 judicium
2029 1313 2135 1350 aeque
2152 1299 2197 1336 ad
2216 1299 2284 1336 110-

1286 1363 1426 1400 minem
1457 1363 1688 1412 pertineret,
1719 1362 1800 1412 ipse
1827 1362 1940 1398 homo
1959 1364 2061 1397 Deus
2083 1359 2129 1396 de
2147 1371 2186 1395 se
2203 1359 2284 1408 ipso

1287 1436 1364 1459 non
1391 1422 1546 1459 dixisset
1567 1436 1574 1457 z
1594 1425 1643 1458 Ee
1666 1430 1887 1470 potestatem
1912 1422 2017 1455 dedit
2038 1423 2073 1455 ei
2093 1420 2281 1464 judicium

1277 1481 1426 1530 facere,
1451 1486 1541 1530 quia
1564 1484 1685 1518 Filius
1703 1482 1864 1517 hominis
1885 1488 1939 1515 est
1957 1486 1983 1514 9.
2000 1482 2132 1528 Itaque
2149 1477 2195 1514 ad
2216 1477 2282 1513 hos

1288 1541 1402 1591 pedes
1420 1541 1511 1587 viri,
1525 1541 1633 1590 juxta
1653 1540 1875 1591 prophetam
1893 1567 1903 1585 ,
1926 1538 2088 1575 dolentis
2102 1545 2139 1574 et
2159 1537 2282 1573 scien-

1287 1601 1334 1637 tis
1354 1600 1608 1637 infirmitatem
1634 1606 1662 1621 ¹⁰
1679 1627 1688 1645 ,
1710 1607 1886 1649 peccator
1906 1597 1982 1647 jam
2006 1597 2182 1634 accedere
2204 1608 2281 1632 non

1286 1659 1463 1696 dubitans
1479 1688 1488 1705 ,
1520 1659 1680 1695 fidenter
1709 1659 1876 1707 loquitur
1895 1672 1902 1693 :
1921 1658 2028 1692 Nunc
2055 1666 2178 1692 autem
2200 1670 2282 1691 cum

1276 1721 1421 1768 fiducia
1445 1721 1656 1755 accedimus
1677 1720 1730 1753 acl
1746 1720 1913 1754 thronum
1927 1721 2067 1765 gratioe
2086 1721 2177 1762 ejus.
2199 1717 2282 1750 Non

224 1776 335 1813 tertio
353 1785 472 1813 totum
499 1791 649 1827 corpus.
674 1781 730 1814 De
750 1778 874 1827 primo
903 1779 1029 1827 inquit
1054 1792 1061 1814 :
1086 1781 1219 1815 Maria
1239 1783 1265 1819 C
1285 1785 1382 1816 enim
1404 1779 1580 1815 habemus
1600 1779 1817 1824 Pontificem
1836 1782 1899 1826 qui
1918 1791 1990 1812 non
2015 1780 2104 1811 sciat
2126 1779 2284 1823 compati

225 1840 335 1871 unxit
344 1838 461 1883 pedes
480 1839 583 1881 Iesu,
604 1845 640 1873 et
660 1838 812 1872 extersit
825 1840 974 1885 capillis
992 1842 1080 1882 suis,
1098 1847 1133 1873 et
1153 1840 1219 1874 clo-

225 1907 303 1929 mus
323 1896 477 1942 impleta
497 1904 551 1930 est
569 1908 618 1929 (α’
639 1897 750 1930 odore
767 1899 943 1943 unguenti
964 1901 988 1931 ².
1011 1898 1066 1932 De
1084 1908 1219 1932 secun-

225 1953 274 1989 do
311 1967 318 1989 :
350 1956 488 1990 Attulit
524 1957 658 1989 mulier
690 1954 916 1990 alabastrum
945 1958 1058 1991 nardi
1085 1960 1221 2004 spicati

218 2017 387 2061 pretiosi,
408 2022 443 2048 et
455 2011 595 2060 ejsicdit
613 2027 724 2062 super
739 2023 851 2063 caput
871 2014 1111 2051 recumbentis
1121 2013 1148 2050 3.
1166 2019 1221 2052 De

226 2072 336 2109 tertio
367 2087 375 2109 ε
400 2075 532 2108 Μανία
560 2075 790 2122 Magclnlene
808 2102 820 2117 ,
854 2076 981 2110 ,Μανία
1013 2074 1146 2111 Jacobi
1187 2085 1221 2111 et

226 2134 373 2168 Salium:
394 2132 587 2177 abeuntes,
611 2143 778 2169 emerunt
806 2143 991 2179 aromata,
1014 2143 1051 2170 [ct
1070 2140 1224 2170 venien·

223 2201 276 2227 tes
295 2201 470 2239 ungerent
485 2194 608 2228 lesum
620 2192 647 2228 ⁴.
665 2195 759 2229 Nota
775 2192 946 2229 ordinem
967 2194 1157 2243 profectus
1175 2193 1220 2230 ad

225 2251 420 2300 superiora
440 2250 486 2287 ab
507 2251 770 2297 inferioribus,
796 2252 891 2289 sicut
911 2266 1024 2302 supra
1048 2253 1094 2288 (10
1121 2261 1218 2289 statu

223 2318 259 2346 et
274 2310 404 2347 osculo
417 2311 566 2347 amoris.
582 2312 754 2360 Denique
770 2312 887 2349 Maria
902 2312 1122 2362 Magdalene
1134 2325 1218 2362 qnae

223 2370 410 2419 peccatrix
424 2379 504 2406 erat
518 2398 527 2415 ,
548 2371 658 2407 unxit
676 2371 791 2421 pedes
810 2376 910 2409 Jesu.
932 2376 1006 2409 Nec
1031 2372 1219 2409 mediocre

224 2441 312 2466 sane
329 2429 402 2465 hoc
421 2438 657 2480 unguentum
680 2439 735 2468 cst
750 2459 759 2476 ‚
781 2431 827 2468 de
847 2445 923 2481 quo
937 2432 1120 2482 scriptum
1138 2442 1194 2470 051
1210 2448 1218 2469 :

225 2490 274 2524 Ee
295 2490 423 2524 domus
450 2491 602 2537 impleta
629 2499 682 2525 est
698 2504 747 2526 ex
775 2494 886 2527 odore
923 2497 1112 2540 unguenti.
1146 2496 1221 2530 Nec

1285 1838 1562 1888 infirmitatibus
1585 1842 1716 1874 nostris
1740 1844 1780 1874 ¹¹.
1802 1837 1994 1874 Peccatrix
2021 1849 2111 1886 ergo
2140 1835 2186 1872 ad
2212 1848 2282 1884 pe-

1285 1900 1367 1945 des,
1383 1898 1487 1948 justa
1505 1898 1552 1934 ad
1572 1897 1791 1947 ungendum
1812 1905 1925 1946 caput
1945 1895 2098 1932 accedit.

1343 1958 1401 1995 10.
1422 1962 1540 1995 Tanto
1554 1966 1677 1994 autem
1700 1958 1832 2007 capitis
1853 1964 2086 2005 unguentum
2103 1955 2168 1991 illo
2188 1954 2282 1999 alio,

1286 2018 1387 2067 quod
1400 2017 1560 2067 pedibus
1574 2017 1793 2067 apponitur,
1807 2016 2009 2066 pretiosius
2023 2014 2285 2052 aestimandum

1290 2085 1366 2123 est,
1388 2085 1528 2126 quanto
1551 2076 1693 2125 51100105
1727 2075 1868 2125 quibus
1891 2076 1961 2111 1100
1989 2075 2209 2119 conficitur,
2228 2074 2286 2109 his

1290 2136 1426 2185 quibus
1442 2135 1640 2171 conficitur
1657 2135 1749 2171 illud
1765 2143 1912 2171 constat
1928 2147 2007 2171 esse
2028 2134 2283 2184 pretiosiores.

1287 2199 1363 2232 Has
1384 2195 1527 2244 quippe
1549 2194 1655 2230 facile
1677 2203 1713 2230 et
1730 2193 1872 2243 absque
1885 2193 2014 2230 labore
2029 2193 2137 2243 (nam
2150 2193 2186 2228 in
2209 2205 2284 2228 no—

1287 2264 1362 2292 stra
1397 2253 1573 2304 regione)
1597 2254 1806 2304 reperimus
1827 2268 1834 2289 :
1858 2262 2074 2303 peccatores
2101 2252 2287 2301 siquidem

1285 2328 1416 2352 omnes
1437 2326 1578 2351 sumus.
1607 2317 1726 2350 Porro
1748 2314 1832 2350 illas
1851 2313 2001 2349 difficile
2019 2326 2059 2348 ac
2076 2312 2122 2348 de
2143 2312 2291 2361 longin-

1284 2388 1361 2425 quo
1373 2374 1494 2420 valde,
1508 2381 1639 2423 utpote
1650 2373 1696 2409 de
1713 2372 1888 2422 paradiso
1903 2373 1971 2409 Dei
1986 2380 2195 2421 asportatas
2210 2384 2286 2407 505-

1286 2436 1446 2486 cipimus
1467 2449 1474 2471 :
1494 2446 1608 2471 omne
1629 2433 1729 2469 enim
1760 2433 1889 2469 datum
1913 2433 2123 2482 optimum,
2142 2440 2177 2468 et
2200 2444 2286 2468 om-

1287 2509 1333 2532 ne
1351 2495 1493 2531 donum
1511 2494 1718 2544 perfectum
1739 2493 1935 2529 desursum
1958 2501 2031 2537 051,
2055 2491 2287 2528 descendens

226 2546 362 2583 mirum
376 2574 386 2592 ,
417 2560 501 2584 cum
522 2548 631 2585 etiam
652 2550 689 2585 in
709 2551 924 2589 coelestibus
951 2553 1133 2588 sentiatur
1149 2553 1220 2589 hu—
1239 2555 1271 2588 D
1288 2569 1308 2592 a
1330 2559 1436 2592 Patre
1454 2554 1639 2590 luminum
1660 2560 1702 2588 ¹².
1723 2553 1821 2600 Quid
1842 2553 2004 2601 denique
2026 2551 2286 2600 hujuscemodi

222 2605 433 2654 juscemodi
461 2608 643 2657 unguenti
679 2608 905 2660 fragrantia,
939 2612 1102 2648 Veritate
1126 2620 1222 2649 atte—

229 2673 349 2702 stante
361 2693 371 2711 ,
392 2665 479 2714 quia
495 2679 668 2717 magnum
685 2672 868 2718 gaudiam
885 2680 937 2707 esc
951 2676 1049 2707 inter
1064 2676 1223 2721 Angelos

230 2727 319 2769 Dei,
337 2737 448 2773 super
462 2739 532 2760 uno
544 2736 738 2773 peccatore
750 2735 1011 2776 poenitcntiam
1034 2740 1168 2780 agente
1193 2732 1219 2768 ⁵.

230 2787 369 2820 Verum
385 2784 660 2832 quantumlibet
678 2798 909 2837 unguentum
927 2791 999 2827 1100
1016 2791 1220 2841 pretiosum

230 2842 424 2887 videatur,
444 2851 567 2881 tamen
589 2857 845 2896 comparatum
872 2851 903 2886 01
924 2851 1026 2900 quod
1051 2852 1221 2902 appella-

231 2910 291 2938 tur
311 2902 544 2948 dovotionis,
567 2912 604 2940 01
628 2907 826 2945 conficitur
842 2922 887 2945 cx
908 2910 1124 2947 divinorum
1143 2924 1221 2947 1110-

232 2961 349 2997 moria
370 2960 635 3000 beneficiorum
651 2993 660 3010 ,
676 2979 752 3015 quo
772 2977 809 3004 et
834 2970 989 3019 ungitur
1011 2978 1123 3019 caput
1142 2973 1222 3006 Do-

234 3021 345 3067 mini,
365 3021 437 3058 rile
455 3029 490 3058 ct
513 3023 651 3061 nullius
670 3027 780 3075 pretii
808 3029 1025 3065 aestimatur.
1050 3029 1222 3077 Denique

284 3175 289 3188 ¹
311 3171 428 3201 Cantic.
453 3183 481 3206 i.
502 3176 530 3202 52.
552 3192 590 3195 —-

233 3224 246 3239 ‘¹
265 3222 342 3252 l‘sal.
365 3234 393 3258 1.,
418 3228 465 3254 tn.
484 3243 520 3246 a*
545 3232 557 3254 7
586 3225 664 3257 l‘sal.
688 3238 776 3262 xiix,
803 3231 854 3257 953.

240 3278 287 3302 1,1.
374 3281 398 3293 ''
420 3276 526 3305 ,tan-obi
550 3290 570 3313 ι,
595 3281 642 3308 17.

619 3178 629 3193 ²
658 3177 726 3204 Luc.
753 3185 809 3208 vii.
835 3177 889 3208 37.
910 3178 965 3207 238.
990 3177 1316 3208 1-1J‹1an.x11.3.--
1338 3172 1350 3193 3
1367 3175 1463 3204 Marc.
1485 3185 1552 3204 xix.
1578 3178 1606 3203 ζῖ.

950 3228 962 3247 ⁵
990 3227 1083 3257 ilrln.
1112 3239 1147 3259 ιι.
1179 3230 1226 3256 17.

1289 2621 1484 2662 unguento
1498 2611 1742 2648 excellentius
1754 2639 1763 2655 ,
1784 2610 1830 2646 de
1847 2609 1955 2657 cujus
1970 2610 2156 2645 effusione
2176 2609 2286 2644 etiam

1288 2672 1461 2722 Apostoli
1486 2683 1739 2707 murmurasse
1772 2669 1970 2713 videntur,
2001 2669 2167 2704 dicentes
2192 2683 2199 2703 ε
2226 2669 2290 2702 l't-

1287 2734 1377 2780 quid
1386 2733 1547 2779 perditio
1563 2731 1672 2765 lucc?
1687 2733 1807 2777 putuit
1828 2734 1924 2763 enim
1948 2730 2170 2764 venumdari
2190 2730 2286 2762 mul-

1288 2801 1340 2836 to,
1374 2800 1410 2826 et
1440 2792 1525 2825 (lari
1555 2788 1796 2837 pauperibus.
1831 2787 1901 2825 Sed
1934 2796 1969 2823 ct
2002 2800 2100 2823 nunc
2131 2799 2285 2836 quoque

1288 2863 1371 2886 cum
1397 2850 1490 2885 forte
1518 2848 1667 2884 videtur
1697 2848 1882 2897 quispiam
1906 2860 2036 2883 vacare
2066 2850 2168 2892 Deo,
2199 2855 2286 2882 tan·-

1290 2918 1409 2958 taequc
1425 2922 1505 2945 0550
1526 2908 1740 2944 devotionis
1764 2916 1799 2943 ct
1818 2908 1944 2956 gratim
1958 2936 1967 2949 ,
1990 2915 2030 2943 ut
2050 2907 2183 2942 merito
2204 2920 2286 2941 crc-

1289 2968 1399 3004 datur
1430 2980 1569 3015 ungere
1598 2975 1710 3016 caput
1742 2966 1902 3011 Christi,
1930 2966 2132 3016 persistens
2158 2965 2288 3013 utiquc

1284 3027 1426 3077 jugiter
1451 3028 1489 3063 iu
1511 3035 1636 3063 sancta
1656 3027 1805 3075 quiete,
1827 3035 1863 3062 01
1892 3026 2096 3074 gratiarum
2123 3025 2268 3061 actione
2283 3054 2290 3063 ,

1988 3171 2087 3202 Min».
2106 3183 2158 3202 xx.
2181 3174 2219 3200 w

2005 3232 2026 3244 ¹¹
2053 3223 2145 3252 1111ιι·.
2167 3234 2210 3253 u.
2241 3227 2288 3250 ΜΤ.

1659 3193 1662 3194 ⁷
1697 3173 1854 3205 *ἰών-1,
1884 3178 1907 3203 14

1308 3229 1429 3256 91101111.
1451 3238 1478 3255 x.
1504 3229 1555 3255 tt‘.
1651 3233 1677 3244 ¹¹·
1703 3226 1767 3255 t-ni.
1792 3238 1863 3256 111¹.
1896 3230 1913 3255 ἔ.
