2418 3949
189 217 264 254 945

191 295 290 338 avit,
321 302 363 331 ut
390 293 486 331 bene
509 306 607 330 esses
625 308 632 330 :
652 293 756 330 dedit
774 294 812 330 in
829 294 1007 330 viaticum
1025 292 1113 340 tibi,
1130 305 1178 329 ne

936 219 1002 253 DE
1032 218 1260 254 PASSIONE
1289 219 1477 255 DOMIM.

1190 291 1238 311 ⁴70

2161 222 2238 259 946

1248 295 1470 330 miserorum
1495 304 1692 345 parentum
1714 296 1865 334 diverso
1890 296 2020 335 labore
2046 300 2240 346 atteritur,

198 354 234 389 in
258 353 318 390 via
336 353 507 399 deficias,
528 355 674 402 Corpus
692 360 729 389 et
749 353 975 402 Sanguinem
994 364 1102 388 suum
1117 380 1126 397 ‚
1142 364 1181 388 se
1201 354 1228 387 A
1250 362 1292 390 ut
1313 355 1394 390 filiis
1424 356 1583 404 pecunia
1614 365 1651 392 et
1672 357 1858 406 possessio
1882 367 2136 408 comparetur.
2165 363 2242 397 Nec

190 425 323 449 verum
346 416 490 458 Deum,
512 421 549 449 et
578 412 770 449 hominem
787 425 944 449 verum:
969 420 1006 448 et
1027 419 1066 447 tu
1089 410 1181 460 quid

193 472 455 522 rependes?Si
475 485 544 522 pro
563 485 608 508 eo
626 471 729 521 quod
749 471 853 508 dedit
873 470 953 516 tibi,
975 470 1127 520 quando
1148 477 1182 506 te

191 533 354 578 creavit,
372 533 491 569 vicem
510 532 644 581 nequis
661 531 891 580 rependere3
910 530 1000 579 quid
1021 529 1184 578 denique

191 604 262 641 pro
290 604 335 627 eo
357 591 540 640 rependes
555 619 564 636 ,
596 590 698 640 quod
719 603 757 626 se
781 589 848 626 tibi
879 589 1006 626 dedit?
1026 591 1133 626 Certe
1153 588 1183 624 si

193 659 228 687 te
258 651 391 687 millies
422 663 550 700 posses
581 649 810 699 rependere,
841 648 930 698 quid
959 661 1057 685 esses
1084 648 1183 684 tuin

192 710 474 760 comparatione
505 710 600 746 Dei?
632 707 814 758 Repende
845 717 968 744 tamen
997 715 1183 756 quantum

191 778 318 819 potes,
341 768 509 818 repende
529 777 564 804 te
590 776 705 804 totam
731 768 805 813 illi,
828 767 894 816 qui
918 776 953 803 te
975 775 1088 803 totam
1118 766 1184 803 tibi

191 836 230 864 et
247 827 368 874 dedit,
395 835 432 864 et
452 826 616 863 reddidit
637 842 645 862 :
669 835 706 863 et
729 827 788 862 his
809 840 887 862 non
906 835 1125 872 contentus,
1147 839 1185 862 se

190 900 343 937 quoque
365 895 484 924 totum
502 885 567 922 tibi
586 885 701 922 dedit.
718 886 840 935 Dilige
861 886 961 922 hunc
980 894 1124 922 tantum
1148 893 1184 922 te

191 946 422 996 diligentem,
438 954 474 983 et
485 946 711 995 singularem
724 945 902 981 dilectum
915 958 962 982 ex
973 954 1050 982 tota
1061 946 1186 982 anima

192 1014 274 1052 tua,
293 1014 330 1043 et
349 1020 396 1043 ex
419 1014 501 1042 toto
519 1005 634 1042 corde
657 1014 722 1042 tuo
736 1033 745 1050 ,
768 1013 805 1041 et
827 1018 874 1041 ex
893 1004 1069 1042 omnibus
1089 1005 1185 1041 viri-

1249 413 1370 450 adhuc
1387 414 1609 463 quiescitur,
1631 417 1741 452 etiam
1761 416 1934 466 pluribus
1953 431 2065 467 quam
2087 419 2247 456 necessi·

1250 481 1304 509 tas
1320 474 1443 523 exigat
1459 475 1699 524 conquisitis;
1715 476 1803 525 quia
1818 477 2016 514 occasione
2032 478 2243 515 dilectionis

1250 533 1414 570 filiorum
1433 534 1622 571 subintrat
1642 536 1816 581 avaritia,
1834 545 1902 572 etc.

1281 629 1396 660 Crescit
1410 640 1496 660 amor
1512 630 1649 668 nummi,
1668 636 1817 671 quantum
1835 631 1900 672 ipsa
1915 632 2043 673 pecunia
2062 633 2169 664 crescit
2181 631 2207 664 3.

1250 713 1297 746 Et
1319 710 1443 746 minus
1469 710 1565 746 hanc
1597 718 1703 759 optat
1729 725 1814 748 cum
1840 725 1917 747 non
1940 712 2053 749 habet
2082 728 2089 749 ι
2111 726 2246 750 conse-

1251 777 1487 818 quenterque
1509 769 1722 806 moriuntur
1742 770 1779 806 in
1801 771 1982 817 miseriis3
2003 784 2071 808 nec
2087 782 2247 822 possunt

1252 829 1439 878 compati,
1468 842 1538 866 nec
1560 830 1694 865 volunt
1715 831 1905 875 misereri,
1926 839 1963 867 et
1986 844 2025 868 se
2044 832 2146 881 ipsos
2171 834 2245 869 mi-

1252 888 1399 924 serrimi
1421 896 1596 937 parentes
1614 889 1753 924 faciunt
1770 889 1944 938 indignos
1964 889 2010 926 ad
2029 891 2247 927 misericor-

1252 947 1350 984 diam
1365 947 1686 996 consequendam.
1703 951 1783 984 Jam
1799 977 1808 993 ,
1826 957 1866 984 ut
1880 957 1973 997 puto
1985 978 1994 994 ,
2011 949 2115 985 vides
2129 962 2248 998 quan-

1253 1015 1331 1043 tum
1358 1007 1496 1042 malum
1526 1007 1612 1042 facit
1628 1007 1842 1043 sollicitudo
1860 1008 1957 1044 circa
1979 1008 2075 1045 tilios
2098 1008 2243 1053 habita,

191 1063 262 1103 bus
280 1066 370 1112 tuis;
387 1066 476 1116 quia
501 1073 538 1102 et
563 1078 626 1102 cor
653 1064 761 1101 bonae
787 1065 1014 1110 voluntatis,
1037 1073 1073 1101 et
1098 1064 1183 1101 ani·
1204 1064 1232 1098 Β
1252 1075 1288 1103 et
1309 1066 1354 1103 ad
1376 1079 1487 1115 quem
1507 1066 1619 1101 finem
1642 1066 1774 1103 tendit.
1796 1069 1960 1114 Qantum
1986 1076 2110 1104 autem
2131 1076 2242 1118 putas

192 1139 290 1162 mam
318 1125 601 1171 rationabilem,
623 1133 661 1161 et
688 1126 786 1161 vires
809 1124 856 1160 ad
881 1124 1072 1174 implenda
1100 1138 1185 1174 quae

191 1184 293 1222 bona
312 1194 420 1232 sunt,
440 1185 520 1235 ipse
537 1184 640 1221 dedit
659 1183 739 1220 tibi.
758 1184 960 1221 Benedicat
979 1185 1103 1221 anima
1120 1193 1185 1221 tua

189 1245 374 1292 Domino,
406 1253 443 1282 et
462 1245 539 1281 noli
560 1243 731 1281 oblivisci
753 1257 885 1281 omnes
914 1244 1184 1281 retributiones

190 1305 291 1354 ejus3
320 1313 358 1341 et
383 1313 418 1342 te
443 1304 654 1341 dilectionis
680 1305 780 1341 illius
804 1305 962 1341 vinculis
998 1305 1181 1354 astringe,

190 1374 233 1402 ut
250 1364 405 1402 liberius
421 1377 555 1401 vacare
572 1364 712 1414 possis,
729 1373 766 1401 et
784 1364 912 1400 videre
930 1377 1041 1413 quam
1060 1364 1184 1400 suavis

190 1432 246 1461 est
260 1424 448 1461 Dominus
469 1437 477 1459 :
498 1436 611 1473 quem
632 1424 662 1460 si
679 1432 779 1460 recte
797 1424 1025 1472 gustaveris,
1048 1423 1131 1473 ipso
1150 1431 1185 1460 te

191 1484 364 1520 trahente
380 1482 456 1532 jam
487 1495 725 1532 nequaquam
753 1483 910 1518 ulterius
941 1482 1012 1518 sub
1032 1482 1185 1518 alterius

190 1551 413 1593 potestatem
446 1542 636 1591 redigeris.
669 1542 800 1580 Omnis
831 1542 931 1578 enim
959 1542 1108 1591 sapiens
1138 1541 1185 1578 ab

191 1603 291 1640 illius
318 1616 357 1640 se
379 1603 497 1639 nollet
525 1602 723 1639 absolvere
755 1602 930 1647 servitio,
959 1603 1019 1638 cui
1036 1602 1185 1638 'servire

191 1675 350 1712 regnare
367 1671 433 1700 est.
457 1663 549 1710 Quis
571 1671 696 1698 autem
723 1675 881 1711 regnare
900 1662 1021 1698 nolit?
1044 1662 1106 1698 Vis
1125 1674 1186 1698 re-

190 1735 306 1772 gnare
321 1722 498 1759 feliciter?
515 1722 614 1758 servi
630 1721 794 1770 benigno
808 1725 897 1758 Jesu
912 1750 920 1765 ,
940 1729 977 1757 et
993 1720 1186 1770 regnabis;

190 1782 279 1831 quia
294 1782 346 1818 illi
362 1782 504 1818 servire
524 1794 680 1831 regnare
697 1789 763 1817 est.
785 1781 844 1818 Sic
864 1781 964 1817 enim
989 1780 1034 1816 de
1052 1781 1188 1817 sanctis

1250 1126 1449 1163 anxietatis
1463 1124 1571 1174 adjici
1590 1125 1702 1161 etiam
1722 1124 1832 1162 bonis
1854 1125 2093 1175 parentibus,
2116 1135 2153 1163 et
2167 1141 2248 1164 ma-

1249 1186 1350 1223 xime
1372 1184 1574 1229 matribus,
1603 1198 1687 1234 quae
1707 1184 1842 1234 majori
1866 1185 1965 1222 circa
1994 1186 2089 1222 lilios
2124 1187 2249 1224 solent

1249 1246 1384 1282 affectu
1400 1245 1544 1281 moveri
1559 1273 1568 1290 ,
1587 1258 1670 1280 cum
1690 1244 1821 1281 vident
1836 1245 1950 1281 vitam
1969 1246 2131 1282 filiorum
2144 1275 2153 1291 ,
2172 1247 2247 1283 vir-

1250 1313 1372 1341 tutum
1395 1304 1540 1340 tramite
1569 1304 1719 1349 relicto,
1749 1305 1878 1353 vagari
1911 1318 1979 1354 per
1999 1304 2108 1342 devia
2132 1307 2248 1343 vitio-

1252 1377 1358 1409 rum,
1377 1377 1461 1400 cum
1483 1363 1640 1400 diversis
1658 1364 1740 1400 illos
1761 1365 1857 1401 aflici
1888 1364 2017 1401 vident
2041 1379 2247 1415 corporum

1252 1422 1552 1468 infirmitatibus,
1575 1436 1658 1459 cum
1681 1423 1843 1472 denique
1871 1424 2021 1460 tandem
2049 1424 2095 1460 ad
2116 1426 2247 1462 mortis

1252 1483 1383 1519 vident
1404 1483 1595 1518 interitum
1622 1482 1832 1519 devenire?
1854 1483 1945 1530 Quis
1968 1483 2005 1519 in
2037 1484 2149 1520 tantis
2172 1484 2247 1520 mi-

1252 1544 1357 1581 seriis
1378 1543 1484 1579 locus
1504 1542 1642 1579 divinae
1665 1543 1976 1592 contemplationi
1998 1544 2248 1593 relinquitur?

1252 1603 1454 1651 Quomodo
1481 1616 1547 1639 cor
1571 1615 1719 1639 sursum
1749 1603 1879 1640 haberi
1906 1612 2030 1653 potest
2050 1604 2095 1640 ad
2116 1605 2247 1641 Domi-

1253 1676 1365 1708 num,
1392 1663 1503 1699 tantis
1530 1661 1775 1711 gravitatibus
1804 1665 2054 1712 oppressum?
2082 1667 2113 1702 Ο
2133 1678 2247 1713 quam

1253 1722 1371 1759 beatae
1391 1722 1556 1771 virgines
1569 1750 1578 1767 ,
1591 1735 1750 1770 quarum
1770 1735 1931 1771 sponsus
1947 1723 2045 1759 ultra
2057 1724 2153 1760 mori
2169 1737 2247 1760 non

1253 1790 1396 1832 potest,
1415 1795 1574 1830 quarum
1598 1782 1680 1825 filii,
1701 1781 1738 1817 id
1756 1790 1811 1818 est
1827 1782 2003 1826 virtutes,
2022 1795 2172 1832 semper
2187 1784 2246 1820 vi-

191 1841 346 1891 legitur,
375 1842 462 1891 quia
487 1855 570 1878 cum
603 1841 751 1879 Christo
782 1840 997 1890 regnabunt
1019 1841 1059 1877 in
1081 1849 1186 1877 aeter-
1205 1843 1233 1879 C
1254 1850 1369 1886 runt,
1386 1842 1462 1877 imo
1479 1849 1515 1877 et
1532 1842 1629 1890 ipsas
1645 1841 1692 1877 ad
1709 1842 1820 1877 vitam
1838 1841 2069 1890 perducunt3
2087 1855 2248 1891 quarum

191 1915 283 1938 num
307 1908 331 1939 ¹.
348 1901 447 1950 Quid
472 1909 546 1944 est,
568 1900 806 1950 regnabunt?
826 1904 946 1950 Reges
963 1909 1085 1937 erunt.
1106 1904 1187 1937 Hoc

190 1961 291 1998 enim
324 1969 361 1998 et
381 1961 587 2010 Apostolus
610 1961 660 1996 ait
681 1974 688 1995 τ
710 1962 886 1995 Haeredes
905 1961 1053 2008 quidem
1081 1968 1189 1995 erunt

191 2023 285 2065 Dei,
302 2021 511 2056 cohaeredes
529 2029 652 2055 autem
671 2019 803 2055 Christi
814 2026 839 2055 ².
856 2023 976 2067 Reges
991 2032 1081 2067 ergo
1099 2031 1187 2055 vere

191 2088 322 2126 erunt,
335 2080 502 2117 haeredes
521 2080 624 2129 regni
637 2080 724 2125 Dei,
743 2079 958 2115 cohaeredes
974 2088 1098 2116 autem
1117 2082 1185 2115 Re-

191 2141 258 2190 gis.
290 2141 523 2179 Felicissimae
539 2153 628 2189 ergo
648 2140 813 2189 virgines
831 2139 944 2188 hujus
963 2139 1079 2176 solius
1094 2138 1186 2188 jugo

192 2199 371 2249 subJectae
386 2230 395 2246 ,
414 2201 478 2250 qui
498 2213 626 2237 servos
653 2212 741 2236 suos
771 2207 980 2235 commutat
1001 2199 1039 2234 in
1061 2212 1186 2249 reges,

194 2271 358 2308 quorum
375 2271 530 2307 regnum
549 2271 625 2293 non
648 2257 855 2293 mutabitur
877 2258 913 2293 in
936 2266 1131 2293 aeternum.

248 2318 333 2355 107.
359 2318 483 2354 Tertia
500 2329 611 2353 causa
639 2316 863 2366 appetenda?
891 2317 1115 2365 virginitatis
1133 2324 1189 2353 est

193 2378 360 2414 carentia
399 2377 662 2426 multiplicium
697 2377 947 2422 anxietatum,
987 2390 1071 2426 quae
1104 2377 1187 2413 ine-

192 2437 430 2474 narrabiliter
462 2436 622 2473 liabetur
652 2437 748 2473 circa
778 2449 919 2486 pueros
946 2437 1184 2473 nutriendos.

191 2499 341 2544 Quanta
360 2497 406 2533 sit
428 2496 507 2533 haec
535 2497 724 2543 anxietas,
746 2497 815 2533 soli
836 2509 977 2532 novere
998 2505 1185 2546 parentes.

192 2555 406 2594 Secundum
430 2569 596 2592 amorem
617 2557 716 2592 enim
744 2569 820 2606 quo
845 2556 1062 2593 afficiuntur
1090 2556 1188 2592 circa

193 2615 305 2660 filios,
318 2615 536 2652 extenditur
547 2616 1054 2664 sollicitudinismagnitudo,
1072 2629 1183 2665 quem
1201 2622 1235 2656 D

193 2687 359 2712 amorem
389 2676 554 2725 exceptis
581 2675 801 2725 parentibus
829 2677 922 2712 nulli
955 2676 1089 2713 sciunt.
1111 2680 1187 2713 Ve-

195 2748 277 2772 rum
297 2735 413 2781 dixit,
436 2736 500 2785 qui
519 2736 597 2772 ait:

304 2830 382 2872 Quis
405 2831 441 2862 sit
467 2842 554 2862 amor
571 2831 665 2874 prolis
677 2855 684 2868 ‚
701 2833 756 2863 soli
776 2844 889 2864 noxere
906 2839 1058 2876 parentes

194 2912 304 2950 Unde
353 2925 626 2962 nonnunquam
665 2915 957 2951 sollicitudinem
996 2916 1114 2964 ipsam
1149 2917 1187 2952 in

195 2980 338 3008 tantum
358 2973 541 3022 contingit
557 2973 727 3019 extendi,
745 2982 785 3010 ut
806 2988 936 3011 omnes
954 2975 1068 3011 animi
1089 2976 1188 3013 vires

194 3041 373 3081 occupet,
395 3040 432 3068 et
455 3032 632 3069 omnibus
654 3034 873 3083 postpositis
889 3035 1128 3071 solummodo
1145 3036 1187 3070 ii-

193 3092 329 3128 liorum
353 3093 582 3129 mentionem
612 3093 784 3130 babeant.
817 3095 996 3130 Discurrit
1019 3095 1185 3139 animus,

193 3160 231 3188 et
258 3161 434 3201 vagatur,
465 3161 502 3188 et
533 3154 719 3202 percurrit
747 3167 848 3189 mare
877 3163 912 3190 et
935 3154 1075 3190 aridam
1106 3170 1113 3191 :
1137 3155 1186 3190 nil

195 3212 433 3261 inexpertum
459 3213 658 3262 relinquit,
691 3214 972 3263 plurimumque
992 3223 1027 3250 et
1049 3228 1188 3264 eorpus

250 3343 255 3356 ¹
278 3341 375 3379 Apoe.
392 3350 461 3368 ,xxti
478 3363 485 3374 ,
511 3344 541 3370 ζ).

1253 1902 1399 1938 animus
1421 1914 1497 1937 non
1525 1900 1570 1936 ad
1591 1900 1738 1937 diversa
1760 1909 1910 1937 terrena
1936 1901 2154 1946 descendit,
2178 1916 2248 1952 po-

1253 1960 1454 1997 steriorum
1475 1958 1636 1996 oblitus!
1667 1963 1823 1996 Portant
1844 1959 1923 2009 jam
1950 1960 2113 2010 virgines
2130 1961 2249 1998 beatae

1252 2021 1290 2058 in
1307 2029 1432 2057 mente
1449 2032 1515 2056 sua
1533 2019 1667 2056 coelum
1689 2033 1774 2057 cum
1796 2019 1958 2069 gaudiis,
1977 2029 2160 2069 quantum
2178 2021 2248 2057 lio-

1254 2080 1364 2117 minis
1389 2080 1441 2116 sas
1459 2087 1535 2124 est,
1557 2079 1659 2128 quod
1677 2080 1775 2129 ipsas
1795 2088 1977 2128 praeterea
1995 2088 2050 2116 est
2071 2081 2246 2117 laturum.

1253 2144 1333 2177 Jam
1366 2148 1550 2189 vagantur
1578 2153 1647 2189 per
1669 2139 1803 2189 gaudia
1831 2139 2015 2184 coelestia,
2054 2148 2250 2176 transeunt

1253 2199 1492 2249 singulariter
1520 2199 1656 2235 choros
1686 2198 1989 2234 beatissimorum
2023 2199 2245 2248 spirituum,

1254 2259 1488 2307 singulorum
1520 2259 1725 2295 chororum
1762 2259 1885 2295 oflicia
1909 2258 2110 2308 singularia
2138 2259 2250 2308 spiri—

1255 2318 1344 2354 tuali
1371 2318 1507 2354 mentis
1533 2318 1730 2354 vivacitate
1753 2317 2006 2366 perspiciunt,
2029 2325 2065 2353 et
2085 2317 2251 2366 singula-

1255 2378 1350 2414 rium
1382 2378 1570 2427 virginum
1593 2378 1731 2426 gaudia
1754 2376 1825 2413 sibi
1851 2390 1871 2413 a
1901 2390 1987 2426 rege
2012 2386 2049 2414 et
2071 2392 2090 2414 a
2108 2391 2249 2427 sponso

1253 2445 1485 2486 praeparata,
1518 2436 1636 2473 libera
1666 2436 1802 2473 mentis
1823 2436 2001 2473 ariditate
2032 2436 2250 2486 degustant,

1253 2498 1357 2533 nulla
1389 2497 1552 2533 liliorum
1577 2505 1816 2533 terrenorum
1849 2496 2102 2534 sollicitudine
2125 2510 2253 2534 remo-

1253 2566 1354 2594 ratae.

1568 2668 1745 2706 CAPUT
1775 2667 1930 2706 XXXI.

1252 2795 1299 2824 De
1312 2791 1409 2822 tribus
1423 2790 1592 2821 commodis
1607 2789 1716 2820 suturae
1729 2800 1740 2818 x
1750 2789 1810 2825 ita‘,
1823 2799 1892 2830 quse
1904 2788 2090 2819 obtinebunt
2105 2789 2248 2831 virgines.

1313 2918 1395 2954 108.
1416 2919 1645 2965 Sequamur‚
1667 2924 1703 2951 et
1727 2927 1795 2951 nos
1816 2927 2094 2964 prosequamur
2115 2914 2149 2950 in
2172 2927 2250 2950 ma-

1256 2978 1356 3014 teria*
1379 2984 1536 3012 tractatu
1560 2975 1765 3024 proposit-”c
1797 2975 1865 3010 tria
1887 2973 2087 3010 commoda
2114 2974 2248 3009 soturae

1255 3039 1362 3081 vitm,
1383 3036 1517 3073 Christi
1544 3035 1754 3085 virginibus
1780 3035 2018 3083 singulariter
2045 3047 2248 3070 accessura.

1256 3097 1492 3134 Beatissimus
1513 3099 1679 3131 Joanoes
1707 3095 1935 3143 evangelista
1965 3094 2000 3130 in
2023 3093 2248 3143 Apocalypsi

1255 3170 1319 3193 sua
1341 3155 1433 3191 vidit
1460 3154 1662 3191 duodecies
1684 3153 1860 3190 duodena
1891 3154 2005 3190 millia
2034 3161 2251 3189 sanctorum

1254 3214 1547 3252 cithara-dorum
1575 3213 1728 3251 illibata¹
1753 3214 1976 3263 virginitatis
2003 3213 2038 3249 in
2066 3225 2253 3262 corpore,

628 3345 638 3360 ²
658 3342 747 3371 Rom.
768 3352 824 3370 xiii
840 3364 847 3377 ,
874 3343 923 3371 17.
946 3359 975 3363 —
1003 3340 1015 3363 ³
1035 3345 1147 3373 Juwn.
1167 3348 1225 3373 sat.
1248 3345 1281 3373 1¹0
1301 3367 1308 3377 ,
1334 3352 1411 3372 irrs.
1437 3344 1509 3372 139.
