2504 3928
341 191 416 226 013)

667 332 841 370 CAPUT
872 334 1004 374 XXII.

342 447 387 475 De
412 445 590 475 fortitudine
610 448 709 477 trunci
724 472 731 482 ,
757 458 810 479 seu
827 448 865 478 de
887 450 1057 480 constantia
1075 449 1147 480 boui
1173 452 1333 492 propositi.

397 562 457 598 73.
482 564 677 601 Fortitudo
700 567 820 603 trunci
840 567 1020 616 imprimit
1038 569 1236 613 virtutem,
1253 584 1336 618 quae

345 621 528 657 fortitudo
550 633 720 660 vocatur.
751 629 812 662 list
833 635 957 663 autem
973 628 1153 664 fortitudo
1167 657 1177 673 ,
1200 643 1334 665 seeun—

343 680 434 716 dum
457 682 559 730 quod
578 696 658 719 eam
686 683 746 720 liic
769 686 994 739 accipimus,
1018 687 1189 736 quaedam
1218 688 1335 724 virtus

343 740 511 776 omnium
549 743 797 779 tentationum
829 745 1017 782 sustinens
1050 746 1230 792 insultus,
1259 760 1332 782 non

343 811 471 835 earum
487 800 600 836 modo
611 815 695 850 quae
710 804 893 849 molestae,
909 805 973 840 sed
988 806 1097 841 etiam
1112 820 1237 842 earum
1253 820 1335 855 quas

344 870 538 907 prosperae
567 868 664 896 sunt.
707 864 771 897 list
796 870 920 898 autem
950 863 1028 900 liaec
1056 865 1174 901 virtus
1201 874 1334 902 trunco

346 917 412 953 lilii
442 919 577 964 nostri,
599 921 794 969 proposito
824 921 914 958 boni
943 924 1088 972 operis,
1111 933 1145 960 et
1178 925 1337 960 maxime

344 985 434 1012 voto
455 978 678 1026 virginitatis
699 982 928 1017 conveniens
946 997 953 1019 ε
972 983 1059 1031 quia
1086 992 1228 1032 (planto
1256 985 1338 1020 lau-

963 199 1082 232 x'l'l'ls
1113 199 1341 242 MYS'l'lCA,
1374 201 1459 234 stit]
1493 200 1776 236 'FRACTATUS

1378 275 1384 290 ¹
1401 272 1508 321 cujus
1533 287 1620 322 ager
1639 273 1772 310 uberes
1795 275 1934 311 fructus
1954 275 2094 321 attulit,
2115 280 2254 312 Anium
2276 291 2359 313 inca
2372 306 2384 321 ,

1355 334 1382 366 Α
1399 332 1510 367 habes
1530 335 1646 368 multa
1676 332 1769 368 bona
1793 338 1950 382 rqmsim
1974 338 2011 369 ιή
2039 347 2156 369 anuos
2180 338 2388 382 plurimos;

2307 201 2383 237 920

1401 393 1566 434 cmuede,
1601 391 1700 436 bibe,
1735 394 1888 440 epulare
1905 398 1917 413 ²
1947 406 1953 427 :
1987 392 2073 441 quia
2105 406 2184 428 cum
2211 396 2386 437 dixerint,

1402 451 1488 484 Pax*
1508 459 1542 484 et
1559 454 1754 493 securitas,
1770 460 1855 485 tum·
1874 455 2087 498 repentinus
2099 455 2324 498 superveniet
2339 457 2390 487 eis

1401 509 1586 553 interimar,
1607 518 1641 543 et
1663 522 1734 543 non
1756 506 1940 557 effugient
1956 507 1980 544 ³.
2005 512 2059 545 Tu
2084 522 2174 544 vero
2198 509 2226 545 si
2246 509 2300 545 vis
2323 523 2390 559 pa-

1402 580 1480 603 cem
1499 576 1535 603 et
1555 567 1787 603 securitatem
1817 581 1941 604 veram
1971 567 2128 613 habere,
2151 568 2234 604 vide
2254 581 2300 605 ue
2321 582 2392 605 un-

1402 640 1513 675 quam
1534 640 1688 662 securus
1700 627 1770 671 sis;
1789 626 1907 663 sciens
1921 640 1990 676 pro
2008 635 2111 663 certo
2124 627 2214 663 nihil
2236 626 2300 663 tibi
2317 636 2391 664 tam

1403 685 1632 728 timendum,
1655 685 1750 721 sicut
1771 694 1993 734 praesentem
2025 698 2153 736 pacem
2168 714 2177 731 ,
2210 699 2293 735 quse
2313 687 2393 723 sine

1401 744 1517 780 dubio
1537 754 1718 781 :eternum
1737 754 1890 794 generat
1916 747 2104 782 timorem.
2140 749 2270 795 Neque
2293 747 2393 783 enim

1401 803 1576 840 omnibus
1601 804 1737 840 sanetis
1764 804 1896 840 melior
1917 817 1955 840 es
1978 812 2040 849 tu,
2063 804 2127 853 qui
2152 805 2188 840 iu
2220 804 2394 840 tentatio-

1401 862 1511 899 nibus
1532 863 1679 912 probati
1700 872 1736 899 et
1762 863 1914 913 perfecti
1936 872 2034 900 sunt.
2061 864 2152 911 Quis
2180 864 2312 900 melior
2328 863 2395 900 be-

1405 931 1465 958 ato
1486 922 1559 959 Jol)
1573 952 1582 968 ,
1601 922 1661 959 cui
1689 923 1768 972 ipse
1786 923 1971 959 Dominus
1993 923 2250 959 testimonium
2272 922 2395 972 perhi-

1405 982 1485 1018 buit
1501 1011 1510 1028 ,
1531 981 1633 1031 quod
1648 990 1746 1018 esset
1765 986 1826 1017 vir
1843 985 2002 1030 simplex
2018 991 2050 1017 et
2066 991 2182 1016 rectus
2203 995 2248 1017 ac
2261 986 2395 1017 timens

346 1035 507 1073 (labilius
539 1046 594 1074 est
624 1047 754 1075 votum
770 1068 779 1085 ,
811 1049 916 1077 tanto
944 1042 1109 1079 fallacius
1134 1051 1168 1078 et
1206 1043 1337 1080 fortius
1354 1047 1379 1079 B
1400 1045 1534 1084 Deum,
1557 1050 1592 1076 et
1610 1043 1779 1076 recedens
1795 1043 1938 1084 amalo,
1953 1049 1986 1076 CC
2006 1044 2207 1076 (fltl'Sl'lssl'lsS
2224 1053 2297 1075 '1⁰¹1
2318 1049 2397 1075 erm

348 1094 485 1131 insistit
514 1096 710 1143 diabolus,
744 1108 783 1135 ut
811 1100 990 1149 impediat
1018 1101 1115 1138 bene
1146 1103 1336 1148 tertiari³,

346 1154 449 1202 quod
467 1155 504 1191 in
532 1155 633 1192 bono
652 1157 760 1193 initio
783 1171 859 1195 non
884 1161 1005 1209 potuit
1026 1161 1219 1210 impedire.
1244 1163 1340 1199 'l'alis

352 1221 507 1250 truncus
521 1228 608 1251 vere
628 1229 724 1265 opus
738 1226 809 1262 est,
829 1227 869 1254 ut
883 1219 930 1254 sit
945 1219 1048 1255 fortis
1068 1229 1199 1256 contra
1215 1222 1339 1269 frigus

347 1274 494 1308 Bonum
515 1287 675 1323 namque
691 1277 926 1324 propositum
942 1278 1042 1314 unde
1060 1287 1242 1324 tentatur,
1258 1293 1342 1315 ace-

349 1330 409 1367 dia
429 1341 505 1377 est,
527 1346 600 1380 qua
617 1334 868 1383 quandoque,
896 1337 990 1372 sicut
1013 1338 1124 1373 etiam
1142 1351 1256 1387 supra
1282 1339 1342 1374 di-

348 1391 488 1434 xhuus,
508 1392 543 1427 in
563 1401 705 1428 tautum
729 1402 921 1430 tentantur
934 1396 1038 1431 electi
1055 1424 1064 1441 ,
1086 1405 1126 1432 ut
1145 1409 1217 1432 non
1236 1409 1343 1433 orare

346 1448 474 1493 libeat,
495 1463 562 1486 nec
580 1451 721 1500 legere,
738 1465 805 1488 nec
818 1453 1010 1499 meditari,
1029 1467 1095 1490 nec
1111 1455 1211 1491 aliud
1227 1455 1342 1504 quid—

349 1521 461 1557 quam
481 1511 630 1558 operari
644 1524 774 1547 eorum
793 1526 875 1561 quae
890 1521 978 1548 sunt
993 1513 1162 1562 quaedam
1179 1514 1342 1550 fomenta

349 1568 482 1604 anima:
501 1584 507 1604 :
533 1570 619 1618 quia
640 1571 828 1617 ora-tione,
860 1572 1038 1618 lectione,
1073 1573 1316 1609 meditatione
1332 1602 1341 1618 ‚

350 1640 414 1664 seu
437 1628 546 1664 etiam
563 1631 740 1666 exteriori
757 1631 937 1667 exercitio
960 1632 1130 1681 corporis
1150 1632 1248 1668 vires
1263 1633 1342 1668 ani—

353 1700 423 1723 mae
457 1697 680 1737 reparantur
709 1698 746 1725 et
765 1699 1056 1736 conservantur,
1077 1699 1114 1726 et
1135 1699 1340 1740 augentur,

354 1746 482 1795 eisque
508 1746 705 1783 subtractis
728 1749 890 1784 animam
922 1749 1162 1798 languescere
1195 1762 1343 1786 necesse

351 1813 424 1850 est,
443 1814 479 1841 et
498 1807 532 1841 in
552 1807 666 1856 frigus
683 1809 841 1844 mortale
859 1809 1016 1854 resolvi,
1039 1809 1240 1858 statimque
1253 1809 1344 1846 sub-

353 1863 468 1899 intrat
495 1865 661 1911 luxuria,
680 1866 919 1916 vindicatque
933 1867 1003 1904 sibi
1018 1868 1142 1904 sedem
1160 1869 1196 1904 in
1223 1869 1345 1904 anima

353 1922 504 1971 frigida,
523 1933 559 1960 et
582 1938 662 1961 eam
681 1928 840 1975 pessime
861 1940 930 1963 suo
947 1928 1033 1976 igne
1054 1928 1231 1964 calefacit.
1260 1928 1345 1964 Sine

354 1991 478 2019 autem
505 1984 780 2022 intermissione
801 1996 930 2023 nostro
951 1988 1030 2023 lilio
1056 1988 1192 2036 virgini
1212 1987 1347 2024 Christi

355 2042 562 2087 orandum,
589 2044 807 2092 legendum,
831 2045 1112 2092 meditandum,
1147 2047 1204 2083 vel
1235 2046 1346 2082 etiam

355 2101 520 2137 exterius
536 2102 676 2150 aliquid
695 2103 930 2152 operandum
947 2113 1019 2149 est,
1034 2118 1080 2140 ne
1096 2104 1134 2139 in
1149 2105 1228 2153 ipsa
1245 2113 1349 2140 trun-

355 2171 420 2194 cus
440 2158 528 2195 boni
546 2162 729 2210 propositi
748 2171 1023 2212 corrumpatur.
1044 2166 1132 2199 Haec
1150 2163 1349 2209 enim,sic-

354 2225 395 2252 ut
423 2218 473 2253 ait
501 2218 632 2256 beatus
662 2222 918 2269 Augustinus,
943 2222 973 2258 si
1005 2235 1090 2258 cum
1123 2221 1349 2258 discretione

357 2276 465 2321 liant,
489 2286 528 2313 ut
546 2279 797 2315 valetudinem
821 2281 991 2330 corporis
1011 2294 1086 2317 non
1109 2280 1350 2330 perturbent,

357 2334 394 2370 in
416 2335 566 2372 delicias
593 2337 806 2386 spirituales
828 2348 1040 2376 vertuntur.

414 2394 475 2429 7'1.
491 2396 600 2431 Calor
618 2410 696 2444 quo
710 2399 965 2448 corrumpitur
984 2408 1139 2436 truncus
1153 2398 1243 2434 boni
1261 2411 1351 2447 pro-

359 2454 491 2502 positi,
513 2456 636 2491 sseeuli
671 2469 851 2506 prospera
877 2466 984 2503 sunt,
1018 2459 1055 2494 in
1083 2457 1220 2506 quibus
1242 2457 1352 2492 nimis

358 2512 504 2549 insidiae
525 2514 762 2552 inimieorum
783 2517 911 2553 latent.
930 2518 1069 2553 Multos
1090 2517 1189 2553 enim
1211 2516 1352 2551 inveni-

1405 1107 1442 1136 [ιι
1462 1110 1558 1135 terra
1573 1099 1610 1135 4?
1631 1100 1757 1136 Simile
1772 1100 1856 1135 vide
1874 1101 1909 1136 in
1928 1098 2106 1136 omnibus
2120 1103 2239 1136 Deum
2261 1099 2397 1135 timen—

1408 1159 1527 1203 tibus,
1547 1159 1758 1208 Apostolis‚
1777 1159 2025 1207 martyribus;
2045 1167 2185 1207 quanta
2199 1158 2297 1208 passi
2311 1166 2398 1194 sunt

1408 1227 1614 1264 tormenta,
1639 1228 1678 1255 ut
1696 1221 1816 1255 securi
1835 1220 2076 1268 pervenirent
2091 1218 2137 1255 ad
2156 1218 2317 1268 palmam
2339 1230 2394 1254 re-

1407 1279 1492 1327 gni,
1522 1278 1585 1326 qui
1617 1278 1732 1314 sortes
1766 1278 1849 1313 sacti
1878 1286 1965 1314 sunt
1999 1278 2036 1313 in
2070 1277 2170 1313 bello
2188 1275 2216 1322 ⁵,
2249 1290 2324 1313 non
2360 1277 2397 1312 in

1408 1337 1670 1386 prosperitate.

1463 1397 1523 1433 75.
1553 1399 1808 1444 Tempestates
1835 1404 1957 1432 autem
1987 1405 2160 1433 truncum
2187 1396 2254 1432 lilii
2281 1398 2398 1433 nostri

1408 1454 1690 1502 impugnantes,
1719 1453 1924 1489 manifestae
1954 1453 2195 1490 adversitates
2223 1462 2332 1500 sunt3
2362 1455 2399 1490 in

1408 1513 1545 1563 quibus
1558 1512 1805 1562 quaerendum
1825 1519 1881 1548 est
1902 1513 2053 1548 unicum
2076 1520 2113 1549 et
2128 1513 2315 1563 singulare
2336 1526 2399 1549 re-

1408 1572 1570 1609 medium
1585 1601 1593 1617 ,
1617 1572 1678 1608 ille
1699 1571 1864 1620 optimus
1885 1570 2070 1615 medicus,
2093 1571 2170 1607 dux
2196 1583 2272 1607 non
2291 1571 2403 1607 sedu-

1409 1643 1515 1675 cens,
1542 1644 1606 1666 rex
1631 1643 1719 1667 suos
1738 1631 1906 1679 erigens,
1931 1630 2066 1666 athleta
2094 1629 2337 1675 fortissimus,
2361 1630 2400 1666 in

1409 1689 1484 1726 suis
1500 1698 1535 1726 et
1553 1703 1620 1739 pro
1639 1690 1714 1726 suis
1737 1701 1906 1738 pugnans
1922 1697 1959 1725 et
1977 1689 2151 1734 vincens,
2179 1697 2216 1726 et
2238 1689 2325 1726 inde
2343 1689 2402 1726 vi—

1410 1755 1531 1784 ctores
1557 1760 1741 1783 coronans
1764 1747 1940 1783 Dominus
1961 1750 2081 1784 Jesus.
2111 1746 2210 1794 Quid
2241 1747 2398 1796 quaeris,

1365 1819 1391 1853 C
1411 1806 1511 1855 quod
1531 1807 1569 1842 in
1586 1806 1650 1843 illo
1667 1819 1741 1842 non
1758 1806 1955 1843 invenias?
1973 1806 2010 1844 Si
2028 1814 2188 1855 aegrotus
2204 1818 2263 1851 es,
2280 1805 2400 1842 medi-

1412 1879 1476 1903 cus
1493 1874 1559 1902 est.
1581 1866 1618 1903 Si
1635 1866 1781 1902 exsulas
1794 1893 1804 1910 ,
1824 1865 1899 1902 dux
1916 1873 1984 1901 est.
1999 1866 2034 1903 Si
2055 1865 2243 1901 desolatus
2259 1877 2318 1910 es,
2337 1878 2402 1901 rex

1412 1933 1479 1961 est.
1504 1926 1540 1961 Si
1555 1924 1804 1973 impugnaris,
1822 1924 1924 1973 pugil
1941 1931 2007 1960 est.
2032 1923 2069 1961 Si
2083 1923 2184 1969 sitis,
2204 1931 2314 1973 potus
2332 1932 2399 1960 est.

1413 1985 1449 2021 Si
1465 1985 1565 2034 alges
1578 2012 1588 2029 ,
1607 1984 1873 2020 vestimentum
1891 1991 1958 2019 est.
1975 1983 2012 2019 Si
2027 1983 2184 2019 tristaris
2197 2010 2207 2028 ‚
2226 1982 2402 2032 gaudium

1414 2051 1482 2081 est.
1497 2044 1532 2081 Si
1550 2042 1826 2088 obtenebraris,
1839 2043 1903 2078 lux
1918 2050 1984 2078 est.
2005 2041 2040 2079 Si
2058 2041 2249 2091 orphanus
2264 2054 2323 2087 es,
2340 2055 2405 2091 pa—

1416 2111 1471 2138 ter
1486 2111 1552 2139 est.
1571 2106 1738 2152 Sponsus
1754 2109 1826 2146 est,
1846 2101 1985 2137 amicus
1995 2108 2049 2137 est
2063 2128 2073 2146 ,
2091 2101 2203 2136 frater
2217 2107 2292 2146 est,
2307 2113 2405 2137 sum-

1415 2175 1517 2203 mus,
1536 2161 1720 2211 optimus,
1747 2159 2116 2196 misericordissimus
2128 2187 2138 2205 ‚
2158 2159 2378 2196 fortissimus
2393 2187 2402 2204 ,

1416 2221 1710 2270 pulcherrumus,
1738 2219 2035 2269 sapientissimus
2061 2227 2139 2264 est,
2168 2218 2294 2255 omnia
2323 2218 2403 2255 sine

1417 2281 1490 2316 line
1505 2279 1731 2330 gubernans.
1747 2279 1844 2326 Quid
1859 2287 1983 2315 autem
2000 2278 2158 2315 laboro?
2174 2278 2308 2315 Omnia
2322 2290 2406 2326 quae

1416 2340 1512 2375 velle
1537 2347 1642 2388 potes
1661 2347 1698 2374 et
1718 2338 1853 2382 (lebes,
1882 2346 1939 2374 est
1960 2337 2143 2374 Dominus
2165 2340 2273 2373 Jesus
2298 2336 2405 2372 Chri-

1417 2407 1506 2435 stus.
1524 2398 1702 2434 Desidera
1722 2397 1841 2442 lmuc,
1857 2397 2005 2445 require
2020 2396 2134 2432 hunc.
2151 2396 2247 2443 Quia
2263 2395 2339 2431 luec
2353 2403 2409 2432 est

1417 2458 1479 2494 illa
1501 2470 1575 2493 una
1605 2457 1764 2506 pretiosa
1800 2456 2016 2506 margarita,
2049 2468 2117 2505 pro
2145 2468 2218 2504 qua
2250 2454 2409 2491 emenda

1418 2517 1526 2553 etiam
1545 2516 1743 2552 vendenda
1759 2524 1845 2552 sunt
1865 2515 1992 2551 omnia
2009 2528 2092 2563 qua„¹
2116 2522 2178 2550 tua
2204 2521 2312 2558 sunt3
2336 2526 2409 2561 qua

361 2585 464 2618 mus,
483 2574 547 2622 qui
568 2574 734 2611 adversis
753 2576 946 2621 resistant,
971 2577 1057 2626 quia
1078 2577 1115 2612 in
1140 2576 1211 2612 illis
1232 2582 1351 2610 tenta-
1375 2586 1404 2619 D
1420 2576 1545 2613 habita
1580 2575 1718 2611 nullius
1749 2574 1975 2624 tempestatis
2013 2574 2214 2623 procellam
2250 2572 2407 2609 timebis.

359 2630 410 2665 tio
422 2639 477 2666 est
491 2632 699 2669 manifesta.
720 2636 858 2670 Sanum
871 2643 925 2671 est
936 2648 1092 2685 corpus,
1107 2634 1350 2670 adversitates

359 2691 474 2727 animi
491 2705 574 2740 quae
587 2703 787 2740 enervant,
808 2703 845 2731 et
862 2696 1087 2732 tentationes
1103 2695 1238 2732 sedatae
1252 2702 1350 2731 sunt.

359 2750 458 2797 Quid
476 2761 668 2802 superest,
699 2753 767 2789 nisi
792 2755 969 2791 securitas
991 2755 1005 2789 Ρ
1031 2757 1148 2799 Cave,
1162 2766 1251 2790 cave
1272 2768 1279 2789 ε
1299 2766 1352 2788 vae

360 2812 446 2848 lmic
471 2812 676 2856 securitati,
699 2826 754 2848 vae
778 2814 857 2862 paci
878 2813 984 2858 lmic,
1008 2814 1053 2850 de
1075 2827 1148 2863 qua
1165 2813 1256 2850 dicit
1275 2813 1353 2863 ipsa

362 2870 507 2906 veritas
536 2885 542 2906 ε
577 2874 673 2906 Dum
700 2870 809 2918 ‚fin-tis
837 2883 1001 2909 armatus
1028 2875 1185 2909 custodit
1216 2877 1352 2908 atrimu

363 2943 468 2964 suum
480 2958 491 2973 ,
520 2934 557 2964 itt
575 2944 671 2978 pace
686 2939 771 2965 suut
793 2945 879 2979 (μαι)
901 2935 1068 2980 possidet
1083 2939 1106 2968 ¹.
1133 2932 1237 2969 Time
1267 2944 1356 2981 ergo

363 2987 451 3023 (lum
479 2989 604 3024 onmia
625 3002 804 3038 prospera
821 3000 909 3026 sunt
928 2999 965 3027 et
987 2991 1207 3040 tranquilla,
1227 3003 1273 3026 ne
1297 2990 1357 3026 ille

365 3047 470 3082 sortis
486 3056 650 3083 armatus
671 3057 816 3085 satanas
837 3049 917 3085 sine
937 3050 1146 3086 resistentia
1168 3047 1359 3098 possideat

364 3114 409 3142 te.
440 3107 522 3143 Noli
552 3107 675 3144 dicere
702 3108 801 3158 apud
824 3117 879 3155 te,
902 3109 1004 3158 quod
1026 3109 1119 3145 dixit
1149 3109 1209 3145 ille
1230 3108 1355 3153 dives,

1419 2636 1472 2673 Sit
1494 2635 1553 2671 ille
1577 2634 1660 2670 sinis
1682 2633 1864 2683 propositi
1885 2633 1958 2677 tui,
1985 2633 2031 2668 sit
2056 2633 2092 2668 in
2114 2633 2177 2669 illo
2198 2632 2318 2682 posita
2337 2632 2408 2668 sor-

1420 2694 1538 2731 titndo
1565 2702 1646 2736 tua,
1669 2706 1743 2728 non
1766 2694 1802 2728 in
1822 2693 1964 2728 viribus
1991 2692 2081 2736 tuis,
2104 2699 2140 2727 et
2165 2691 2269 2728 nullo
2296 2691 2408 2727 modo

1419 2754 1686 2803 eonsi·iugeris;
1711 2753 1797 2802 quia
1826 2752 1928 2801 ipse,
1953 2760 1990 2787 et
2017 2764 2092 2787 non
2118 2751 2230 2796 alius,
2259 2758 2314 2787 est
2341 2763 2406 2786 ve-

1420 2813 1588 2850 rissimus
1615 2820 1651 2848 et
1676 2812 1840 2861 optimus
1857 2812 2069 2848 consolator
2087 2810 2353 2848 adversitatum
2374 2817 2410 2845 et

1421 2884 1693 2922 pressurarum.

415 3239 420 3252 ¹
448 3237 517 3265 l.u‹'.
538 3246 591 3265 xi.
612 3238 664 3264 21.
682 3253 723 3257 ἡ·
749 3236 822 3266 ²1d.
848 3247 918 3272 xit,
942 3234 1400 3269 10.—31'1‘11‹·;s.v,.'3.---
1428 3232 1524 3264 ⁴Job
1548 3243 1578 3269 ι,
1605 3235 1634 3271 l,
1654 3236 1685 3263 8.
1704 3229 1775 3255 -—-⁵
1801 3231 1897 3262 lleln'.
1917 3243 1968 3268 M,
1987 3233 2040 3261 ΣΗ.

414 3296 423 3308 ’
451 3293 553 3329 Aliae,
581 3294 754 3323 tet-utinam.
