2418 3949
256 230 351 268 1097

248 309 399 346 titiones
426 308 611 346 distincta?
641 319 729 346 sunt
757 311 960 347 secundum
991 312 1083 348 duas
1109 311 1202 346 vitas
1225 324 1231 344 :

791 235 1046 271 EXPOSITIO
1076 236 1124 270 IN
1154 234 1436 270 ORATIONEM
1469 237 1759 272 DOMINICAM.

2204 236 2301 270 1008

1359 310 1394 345 3.
1419 311 1559 346 L'ltima
1579 311 1711 359 petitio
1731 319 1804 356 est,
1827 312 1901 347 Sed
1918 310 2034 346 libera
2051 324 2114 345 mm
2133 326 2155 345 a
2177 314 2301 354 malr),-

247 367 335 416 quia
358 368 433 404 vita
454 369 525 404 alia
553 377 608 405 est
629 371 864 419 temporalis,
888 371 957 407 alia
977 370 1149 407 eoelestis.
1172 366 1243 405 Per
1259 374 1286 407 A
1306 382 1389 417 quae
1410 378 1532 405 tamen
1553 371 1672 419 prima
1692 379 1747 407 est
1768 371 1802 406 in
1826 370 1946 407 nobis.
1970 375 2090 407 Homo
2110 371 2209 406 enim
2232 372 2297 419 qui

248 428 494 475 temporalem
516 428 693 464 transitur
716 429 762 465 ad
787 430 997 475 coelestem,
1024 430 1054 466 si
1079 428 1176 465 bene
1201 437 1237 464 et

246 494 348 522 recte
362 488 557 537 temporali
571 495 697 524 utatur
712 489 849 534 viator,
863 489 913 525 ita
925 489 1027 537 quod
1042 501 1234 537 nunquam

246 545 435 582 adhaereat
464 547 550 582 huic
583 546 740 592 mundo,
774 547 850 583 imo
882 546 1062 583 liberetur
1093 546 1140 583 ab
1172 560 1230 582 eo.

245 607 335 641 Tres
355 605 552 642 inferiores
567 606 757 655 pertinent
772 605 818 641 ad
836 606 1078 655 temporalem
1102 605 1233 649 vitam,

243 671 280 699 et
297 664 427 712 primae
445 671 518 700 tres
535 663 899 700 consummabuntur
918 665 955 700 in
973 664 1113 700 coelesti
1130 665 1207 701 vita
1225 679 1233 700 :

244 723 367 759 media
387 736 500 769 vero,
521 723 694 772 quamvis
716 723 762 758 de
784 722 997 759 coelestibus
1017 724 1086 768 sit,
1109 732 1233 760 tamen

244 782 304 819 hic
328 783 558 833 completur3
584 782 672 830 quia
698 782 802 831 panis
822 782 1024 831 spiritualis
1054 782 1140 819 ideo
1166 796 1235 832 pe-

246 842 347 887 titur,
377 850 419 878 ut
451 841 488 877 in
518 842 693 890 praesenti
723 854 768 877 eo
793 842 973 886 fruamur,
996 849 1033 877 et
1053 855 1122 891 per
1146 855 1232 879 eum

241 901 523 937 confirmemur.
540 900 612 937 Sed
625 908 825 948 antequam
838 901 883 937 ad
895 901 1095 950 petitiones
1107 902 1232 938 venia-

243 967 315 1005 tur,
335 959 498 1008 captatio
524 959 797 996 benevolentiae
827 960 864 995 in
886 974 951 997 ore
971 962 1112 997 orantis
1134 975 1231 1011 prae-

239 1019 423 1064 mittitur,
447 1021 565 1055 Pater
590 1029 722 1056 noster.
749 1019 945 1056 Inducitur
975 1022 1232 1070 unusquisque

1303 428 1385 463 vult
1397 428 1596 464 ascendere
1611 428 1656 464 ad
1672 430 1823 474 eoelum,
1840 429 1972 465 videns
1985 429 2073 478 quia
2087 442 2161 465 non
2175 438 2299 478 potest

1301 486 1408 522 aliter
1423 486 1642 532 ascendere,
1662 487 1730 523 uisi
1751 501 1771 523 a
1798 488 1903 523 malis
1920 487 2028 536 liujus
2046 487 2177 523 mundi
2201 487 2295 523 libe-

1301 553 1418 591 retur,
1441 547 1587 592 elamat‚
1605 547 1737 582 Libera
1757 561 1822 582 nos
1838 562 1860 582 a
1880 550 2002 589 malm
2021 547 2056 582 id
2078 555 2146 591 est,
2167 560 2186 582 a
2207 560 2293 596 pec·

1300 612 1382 639 cato
1414 605 1584 653 originali
1612 614 1648 641 et
1670 606 1825 650 actuali,
1853 614 1889 641 et
1915 619 1935 641 a
1964 605 2152 641 desiderio
2178 605 2293 653 hujus

1302 663 1454 709 mundi,
1494 673 1535 700 ut
1571 665 1790 713 temporalia
1822 673 1858 700 et
1890 678 1948 700 me
1970 665 2092 713 ipsum
2127 663 2290 712 abjicere

1300 731 1497 771 queam,et
1512 724 1593 758 liam
1611 736 1753 771 pauper
1768 723 1913 771 spiritu.
1941 722 2051 770 Quod
2070 731 2188 758 totum
2204 723 2288 757 liam

1299 794 1368 831 per
1381 781 1553 830 spiritum
1568 782 1724 828 timoris,
1739 783 1834 818 sieut
1847 783 2059 831 expositum
2075 790 2129 817 est
2142 782 2289 830 planius

1299 840 1336 875 in
1354 848 1511 876 tractatu
1532 841 1718 877 Virtutum
1731 842 1755 877 3.
1775 843 1823 876 Et
1840 855 1885 876 ne
1902 855 1968 876 uos
1985 843 2136 875 influe-as
2153 846 2191 876 t'n
2208 850 2289 875 teu-

1297 904 1486 935 tationem.
1518 900 1710 937 Abdicatis
1734 900 1911 937 omnibus
1941 901 2116 945 terrenis,
2141 913 2290 936 neeesse

1297 967 1353 995 est
1375 960 1512 996 instare
1537 961 1760 996 tentationes
1784 960 1982 996 interiores
2009 968 2045 995 et
2068 960 2286 995 exteriores.

1298 1019 1512 1055 Necessaria
1529 1028 1585 1056 est
1607 1033 1696 1068 ergo
1719 1018 1984 1063 mansuetudo,
2005 1026 2046 1054 ut
2067 1018 2166 1054 mitis
2185 1019 2231 1054 sit
2255 1027 2292 1053 et

239 1078 349 1114 simul
368 1091 492 1124 orans,
510 1092 585 1115 non
602 1079 686 1123 sibi,
708 1079 773 1115 sed
789 1080 979 1116 communi
997 1080 1104 1117 saluti
1120 1081 1238 1117 homi·
1259 1079 1285 1113 B
1302 1077 1454 1113 humilis
1473 1077 1649 1114 omnibus
1678 1077 1921 1122 nocentibus,
1947 1086 1983 1113 et
2014 1077 2117 1112 nulla
2147 1077 2201 1113 ira
2232 1078 2290 1112 vel

241 1150 331 1174 num
343 1165 354 1182 ‚
372 1146 415 1174 ut
429 1138 588 1174 charitas
604 1146 641 1174 et
657 1140 780 1174 unitas
798 1139 972 1175 Ecelesiae
988 1139 1204 1188 designetur
1225 1153 1232 1174 ε

239 1196 278 1232 in
297 1210 371 1246 qua
393 1205 466 1233 tam
487 1196 583 1233 bene
599 1197 713 1234 frater
725 1197 913 1234 desiderat
924 1199 1080 1235 salutem
1099 1200 1233 1246 fratris,

240 1256 336 1293 sicut
363 1264 400 1292 et
419 1269 536 1292 suam.
564 1256 663 1293 Dicit
688 1269 803 1306 ergo,
833 1258 949 1293 Pater
972 1267 1107 1294 noster.
1139 1262 1232 1295 Cum

239 1323 350 1352 vocet
369 1328 456 1352 eum
476 1319 639 1361 Patrem,
657 1315 770 1352 debet
787 1329 866 1353 esse
887 1317 998 1361 filius,
1017 1331 1093 1354 non
1116 1318 1232 1369 dege-

240 1387 373 1411 nerare
395 1388 416 1411 a
438 1382 543 1411 tanto
562 1378 685 1421 Patre,
703 1376 767 1424 qui
788 1376 924 1412 affectu
945 1384 982 1413 et
999 1376 1234 1414 benevolen—

241 1435 291 1472 tia
309 1438 418 1472 Pater
437 1442 502 1471 est.
530 1436 623 1471 Cum
649 1447 826 1471 vocamus
850 1436 1016 1480 Patrem,
1045 1437 1233 1485 signitica-

241 1507 325 1531 mus
346 1494 434 1543 quia
455 1493 532 1542 jam
554 1507 631 1530 non
648 1507 778 1531 sumus
799 1495 920 1540 servi,
948 1495 1012 1532 sed
1034 1496 1098 1532 filii
1120 1509 1127 1530 ε
1150 1510 1234 1533 cum

240 1553 397 1590 dicimus
413 1562 548 1597 noster,
568 1553 819 1602 significamus
835 1554 923 1603 quia
941 1555 1146 1592 multorum
1165 1564 1232 1601 est,

239 1625 317 1649 non
350 1613 461 1649 unius
496 1621 639 1649 tantum
663 1627 670 1649 ;
695 1613 759 1662 qui
791 1614 889 1650 enim
924 1611 1086 1651 habebat
1118 1629 1235 1652 unum

240 1671 357 1708 filium
381 1671 623 1715 naturaliter,
648 1685 717 1722 per
740 1673 894 1721 gratiam
925 1687 1028 1710 suam
1057 1675 1177 1711 voluit
1201 1684 1237 1711 et

238 1728 332 1765 alios
367 1728 465 1765 filios
494 1729 709 1779 adoptionis
744 1730 896 1767 addere.
939 1733 1032 1768 Ecce
1063 1746 1235 1769 eommu-

240 1787 298 1823 nis
327 1795 382 1824 est
409 1791 518 1825 Pater
531 1789 701 1825 omnium
726 1798 919 1837 nostrum,
947 1804 1016 1840 per
1043 1792 1146 1841 quod
1175 1793 1237 1829 ad-

1300 1149 1458 1173 rancore
1479 1146 1698 1182 moveatur,
1727 1136 1831 1185 quod
1860 1138 1901 1171 lit
1922 1149 1991 1184 per
2016 1137 2188 1184 spiritum
2211 1137 2291 1185 pie—

1301 1195 1398 1232 tatis.
1430 1199 1476 1233 Et
1504 1209 1580 1233 non
1610 1205 1694 1233 orat
1718 1196 1821 1245 quod
1852 1208 1928 1231 non
1960 1195 2137 1231 eveniant
2170 1204 2291 1231 tenta-

1301 1255 1440 1301 tiones,
1464 1255 1529 1292 sed
1554 1264 1594 1291 ut
1619 1269 1696 1292 non
1716 1255 1931 1291 inducatur.
1960 1254 2026 1290 Ille
2046 1253 2236 1290 inducitur
2256 1255 2292 1289 in

1300 1315 1567 1361 tentationem,
1587 1315 1653 1364 qui
1674 1313 1885 1351 succumbit
1907 1313 2114 1359 tentationi,
2137 1322 2173 1349 et
2193 1326 2293 1349 mer-

1299 1374 1399 1423 gitur
1411 1375 1448 1410 in
1466 1387 1519 1410 ea.
1534 1377 1583 1411 Et
1595 1377 1740 1410 dimitte
1753 1372 1856 1409 nobis
1869 1371 1992 1407 debita
2006 1381 2142 1408 nostra.
2159 1375 2278 1419 Quam
2288 1395 2298 1399 -

1300 1433 1356 1469 vis
1373 1434 1420 1469 sit
1440 1432 1618 1470 liberatus
1639 1446 1659 1469 a
1680 1433 1793 1477 malo,
1812 1431 1982 1480 quamvis
2003 1443 2080 1466 non
2103 1431 2296 1479 frangatur

1301 1492 1573 1529 tentationibus
1587 1522 1596 1538 ‚
1618 1493 1741 1530 adhuc
1763 1501 1885 1528 tamen
1906 1504 1983 1527 non
2004 1499 2128 1539 potest
2151 1492 2294 1527 evitare

1301 1552 1392 1601 quin
1407 1553 1444 1588 in
1464 1553 1588 1589 multis
1609 1555 1730 1588 Deum
1748 1550 1930 1595 offendat,
1946 1550 2039 1585 sicut
2055 1550 2160 1586 navis
2179 1558 2296 1587 trans-

1302 1611 1381 1647 iens
1402 1625 1470 1661 per
1489 1625 1604 1657 mare,
1624 1625 1693 1661 per
1712 1612 1822 1647 rimas
1843 1609 1976 1658 recipit
1993 1622 2108 1657 aquas
2127 1623 2134 1643 z
2153 1618 2189 1646 et
2209 1610 2294 1647 ideo

1303 1671 1534 1708 necessarius
1560 1680 1615 1707 est
1635 1672 1778 1716 luctus,
1805 1683 1882 1718 quo
1908 1676 2059 1718 peccata
2079 1667 2295 1716 abluantur,

1302 1744 1386 1780 qnae
1406 1739 1447 1767 ut
1466 1730 1535 1768 sibi
1557 1731 1791 1767 dimittantur
1804 1758 1812 1774 ‚
1835 1742 1985 1765 necesse
2009 1737 2063 1765 est
2080 1737 2121 1764 ut
2138 1730 2216 1766 aliis
2235 1730 2296 1767 ‹li-

1302 1791 1437 1836 mittat,
1455 1799 1492 1827 et
1511 1791 1558 1828 de
1574 1790 1732 1828 miseriis
1747 1788 1810 1838 huj
1819 1802 1860 1826 us
1878 1788 2009 1824 mundi
2026 1788 2173 1835 doleat,
2193 1790 2295 1839 quod

241 1859 442 1884 monemur
461 1848 703 1885 fraternitatis
722 1857 759 1885 et
778 1849 945 1898 ejusdem
967 1851 1235 1889 unanimitatis.
1258 1857 1284 1893 C
1305 1857 1423 1885 totum
1446 1851 1486 1886 fit
1516 1863 1585 1899 per
1612 1850 1784 1900 spiritum
1812 1848 1987 1885 scientiae.
2017 1849 2178 1885 Scientia
2211 1850 2297 1886 sarit

240 1908 325 1943 Non
343 1907 547 1957 applaudat
563 1907 633 1945 sibi
649 1908 752 1945 dives
768 1909 828 1945 vel
847 1909 996 1955 nobilis,
1013 1910 1092 1947 sive
1110 1912 1237 1948 Domi-

240 1979 333 2012 nus3
355 1967 443 2016 quia
458 1968 628 2004 similiter
643 1977 699 2005 est
716 1969 812 2005 filius
830 1970 899 2005 Dei
915 1983 1060 2019 pauper
1078 1979 1114 2007 et
1129 1971 1237 2021 igno-

240 2023 327 2061 bilis
355 2033 391 2061 et
421 2039 562 2063 servus.
592 2030 731 2065 Omnes
761 2028 888 2077 itaque
926 2029 1058 2066 fratres
1094 2043 1234 2067 sumus.

240 2088 333 2122 Cum
351 2085 508 2133 dicitur,
529 2092 594 2135 qni
616 2102 654 2123 es
675 2092 714 2123 ill
733 2091 855 2134 roelis,
875 2089 1027 2126 videtur
1046 2103 1154 2127 orare
1177 2092 1237 2127 ille

241 2144 306 2194 qui
325 2153 381 2181 est
400 2145 439 2181 in
468 2146 564 2193 imo,
591 2155 633 2183 ut
655 2147 701 2183 ad
729 2151 876 2184 Patrem
905 2161 1013 2185 suum
1035 2150 1099 2198 qui
1122 2158 1175 2186 est
1198 2152 1234 2187 in

240 2203 356 2249 coelis,
374 2204 411 2240 id
432 2213 501 2251 est,
525 2205 560 2241 in
582 2205 897 2252 immutabilitate,
918 2209 1139 2254 aeternitate,
1161 2209 1234 2245 im-

239 2261 508 2310 passibilitate,
538 2265 657 2314 possit
685 2266 907 2312 ascendere,
934 2275 975 2303 ut
1001 2280 1085 2303 cum
1116 2280 1161 2304 eo
1193 2268 1238 2304 sit

239 2321 484 2360 immutabilis
507 2331 545 2359 et
564 2324 813 2373 impassibilis.

293 2380 328 2417 2.
352 2383 545 2419 Praemissa
561 2385 775 2433 captatione
787 2384 1075 2431 benevolentiae,
1093 2387 1236 2422 accedit

238 2438 285 2475 ad
311 2441 510 2489 petitiones
537 2455 544 2476 :
569 2443 633 2478 sed
665 2444 738 2480 alio
764 2444 877 2480 modo
906 2444 966 2481 hic
990 2444 1231 2490 ordinantur,

237 2511 350 2547 quam
371 2499 408 2536 in
435 2499 654 2539 hominibus
673 2503 924 2552 complentur.
948 2504 1234 2541 Praemittuntur

237 2559 337 2594 enim
362 2559 434 2595 illae
461 2561 663 2609 petitiones
688 2576 772 2611 quae
793 2563 830 2598 in
857 2563 983 2599 futuro
1005 2572 1117 2599 erunt
1137 2577 1231 2600 con-

237 2625 453 2662 summane,
489 2619 577 2667 quia
611 2619 801 2669 digniores
838 2629 924 2657 sunt
953 2636 960 2657 ε

237 2684 381 2712 nuntur
399 2677 471 2713 illae
486 2690 569 2726 quae
586 2678 631 2714 ad
649 2688 870 2728 praesentem
893 2680 1005 2716 vitam
1026 2681 1228 2729 pertinent,

237 2735 324 2783 quia
340 2735 571 2784 indigniores
591 2745 690 2773 sunt.
715 2738 773 2774 Sic
794 2739 904 2774 Isaias
926 2738 1026 2783 fecit,
1045 2740 1109 2787 qui
1130 2739 1229 2775 (lona

236 2794 398 2842 Spiritus
423 2795 541 2831 sancti
562 2795 730 2845 digniora
759 2797 938 2846 praemisit
964 2797 1229 2834 descendendo

235 2853 273 2889 in
302 2854 483 2891 minimis¹
514 2869 520 2889 :
544 2864 580 2891 et
602 2859 768 2905 Moyses,
795 2858 859 2906 qui
887 2857 1126 2893 dilectionem
1162 2859 1229 2894 Dei

236 2913 417 2962 praemisit
439 2913 628 2951 dilectioni
655 2916 861 2965 proximi²‚
896 2917 1069 2965 quamvis
1088 2917 1133 2953 sit
1158 2931 1229 2966 po-

234 2973 370 3009 sterior
390 2981 571 3024 tempore.
589 2978 640 3012 Ut
660 2988 749 3023 ergo
775 2976 907 3012 melius
932 2976 1171 3025 dignitatem,
1192 2985 1229 3012 et

235 3032 430 3081 quomodo
463 3033 563 3069 aliud
598 3047 644 3070 ex
681 3035 754 3071 alio
784 3043 976 3081 nascatur,
1015 3035 1226 3081 videamus3

236 3093 444 3128 naturalem
465 3093 654 3139 ordinem,
675 3102 789 3143 prout
809 3094 847 3130 in
869 3094 978 3131 nobis
997 3096 1227 3143 completur,

235 3151 340 3199 prius
366 3163 589 3200 sequamur,
624 3162 659 3190 et
683 3163 811 3202 postea
844 3154 888 3191 ad
920 3155 1030 3190 istum
1057 3154 1227 3189 ordinem

235 3210 443 3247 redeamus.

288 3336 455 3373 'lscti.x1‚
475 3340 490 3366 Γ),
508 3362 513 3370 ,
533 3343 562 3368 3.
646 3343 883 3377 2l)·=ul.x1,.·.

1304 1909 1430 1958 lugere
1464 1909 1679 1955 hominem,
1709 1923 1791 1946 cum
1830 1916 1969 1958 quanta
2002 1908 2048 1943 sit
2084 1909 2230 1945 miseria
2261 1910 2298 1945 in

1301 1970 1495 2018 praesenti,
1525 1970 1610 2006 facit
1637 1982 1858 2019 agnoscere,
1886 1977 1922 2004 et
1951 1969 2112 2018 peccatis
2138 1970 2298 2018 cognitis

1304 2028 1390 2064 saeit
1402 2029 1575 2075 clamare,
1601 2032 1755 2065 Dimitte
1769 2028 1873 2064 nobis
1888 2028 2009 2063 debita
2023 2037 2159 2073 nostra,
2176 2027 2212 2063 id
2229 2037 2296 2074 est,

1302 2097 1453 2136 peccata
1482 2102 1566 2137 quae
1596 2089 1777 2125 debemus
1802 2089 1948 2137 lugere3
1972 2091 2064 2122 sicut
2085 2096 2119 2122 et
2147 2101 2211 2122 nos
2237 2090 2297 2122 dl-

1303 2152 1478 2183 mittimus
1498 2147 1717 2184 debitoribus
1737 2152 1880 2183 nostris.
1906 2145 2101 2182 Debitores
2122 2154 2208 2181 sunt
2232 2147 2296 2195 qui

1302 2205 1412 2243 nobis
1438 2206 1578 2243 debent
1603 2207 1822 2256 pecuniam,
1849 2213 1885 2241 et
1913 2205 1976 2253 qui
1999 2205 2167 2240 iecerunt
2189 2205 2297 2241 nobis

1303 2266 1466 2315 aliquam
1487 2265 1678 2314 injuriam.
1711 2267 1746 2304 Si
1775 2264 1887 2301 debet
1912 2264 2127 2314 pecuniam,
2159 2265 2187 2300 si
2206 2277 2294 2313 per-

1304 2325 1421 2361 fectus
1437 2338 1490 2370 es,
1508 2325 1674 2370 (limita-3
1693 2325 1722 2360 si
1740 2324 1994 2373 imperfectus,
2011 2322 2108 2358 licite
2127 2331 2297 2372 repetere

1301 2393 1430 2434 potes,
1457 2384 1487 2420 si
1507 2384 1569 2420 ille
1597 2382 1733 2419 habeat
1759 2383 1859 2419 unde
1886 2381 2037 2427 reddat;
2068 2382 2123 2417 sin
2155 2390 2292 2426 autem,

1300 2443 1414 2480 debes
1435 2443 1635 2479 dimittere.
1654 2443 1692 2480 Si
1709 2442 1794 2478 fecit
1813 2440 2005 2489 injuriam,
2024 2449 2060 2476 et
2080 2454 2118 2477 se
2143 2441 2207 2478 tibi
2230 2442 2295 2478 Ιιιι-

1299 2503 1476 2547 miliavit,
1507 2502 1651 2538 dimitte
1676 2516 1683 2538 ε
1710 2501 1736 2537 si
1763 2514 1839 2537 non
1861 2500 1966 2543 vult,
1991 2508 2142 2549 paratus
2174 2501 2222 2536 sis
2247 2502 2293 2537 ad

1299 2563 1614 2607 condonandum,
1644 2570 1681 2598 et
1713 2561 1767 2597 sac
1795 2568 1977 2609 quantum
2011 2560 2046 2595 in
2079 2568 2112 2595 te
2139 2569 2206 2597 est.
2237 2562 2294 2597 Illi

995 2630 1124 2670 postea
1159 2635 1229 2671 po·
1248 2631 1279 2664 D
1297 2629 1420 2658 autem
1452 2622 1542 2657 nihil
1566 2621 1736 2670 proficiet
1757 2619 1860 2668 quod
1883 2628 1920 2654 tu
1949 2619 2054 2663 saris,
2081 2619 2148 2655 nisi
2176 2629 2210 2656 te
2231 2627 2294 2656 ross

1295 2681 1437 2729 gaverit
1456 2694 1462 2715 :
1486 2680 1549 2716 sed
1570 2688 1606 2715 tu
1628 2688 1661 2714 te
1681 2678 1921 2727 expedivisti.

1348 2740 1384 2776 st.
1411 2742 1553 2774 Panem
1575 2747 1734 2774 nostram
1756 2740 2012 2785 quotalianum
2033 2740 2082 2773 da
2101 2739 2205 2774 nobis
2225 2742 2291 2775 fie—

1295 2802 1366 2835 die.
1398 2803 1487 2836 Tres
1516 2799 1716 2848 petitiones
1737 2797 1990 2846 p1·;ree‹lentes
2021 2798 2065 2833 ad
2103 2807 2288 2838 terrenam

1296 2859 1408 2894 vitam
1428 2859 1629 2907 pertinent,
1647 2858 1733 2905 quia
1755 2856 1925 2892 liberatio
1950 2870 1968 2891 a
1988 2857 2100 2897 malo,
2120 2861 2287 2904 tentatio,

1295 2917 1422 2966 lugere
1441 2915 1685 2965 propeccatis
1706 2915 1741 2950 in
1764 2915 1938 2964 praesenti
1962 2923 2029 2956 est,
2050 2924 2084 2951 et
2106 2931 2124 2952 a
2146 2920 2287 2955 mundo

1295 2975 1479 3023 separatio
1499 2983 1668 3010 voratur.
1691 2974 1804 3010 Modo
1828 2974 1956 3009 transit
1973 2975 2018 3010 ad
2043 2977 2203 3014 eoelestia
2218 3007 2226 3022 ‚
2250 2989 2285 3016 et

1294 3034 1330 3069 in
1349 3033 1478 3083 primis
1504 3033 1595 3083 petit
1619 3032 1688 3068 sibi
1715 3032 1794 3068 dari
1824 3046 1959 3081 panem
1985 3034 2187 3081 ewlestem,
2211 3053 2286 3088 qno

1294 3092 1391 3129 bene
1405 3101 1596 3141 operetur,
1613 3100 1649 3127 et
1667 3093 1703 3126 in
1719 3092 1777 3126 via
1793 3093 2039 3132 confortetur.
2059 3107 2105 3130 ne
2123 3095 2281 3136 deficiat,

1299 3156 1352 3188 lle
1369 3152 1462 3187 ewlo
1481 3152 1632 3200 quidem
1651 3152 1756 3200 panis
1771 3153 1923 3200 petitur,
1943 3153 2004 3187 sed
2026 3162 2062 3188 ut
2081 3155 2137 3190 liie
2154 3170 2246 3192 eum·
2264 3182 2278 3186 -

1297 3213 1432 3248 datur:
1451 3220 1485 3247 et
1512 3213 1558 3248 ita
1577 3212 1707 3260 petitio
1731 3213 1795 3247 ista
1819 3212 2022 3248 confinium
2047 3223 2098 3249 est
2117 3215 2162 3249 ‹le
2191 3225 2282 3253 tem-

924 3359 934 3362 >
967 3340 972 3361 l
1002 3344 1096 3370 lim-l.
1117 3340 1246 3382 1¹!st'4‘t'tl.
1265 3351 1294 3369 u.
1317 3343 1357 3369 Ϊ),Ι’»
1377 3350 1418 3379 ⁵⁴1-
