2504 3928
301 206 376 241 883

298 281 537 318 incommoda
571 294 834 330 percurramus

913 209 1034 243 vlTls
1064 211 1294 255 MYSTICA,
1325 211 1410 245 SEU
1445 210 1726 245 TRACTATUS

872 298 878 318 :
913 285 1106 332 quomodo
1143 286 1505 330 tentus,⁴⁵‘²subito‚
1525 285 1588 321 sed
1610 286 1722 333 longo
1749 284 1868 320 crucis
1898 291 2083 320 tormento
2111 285 2335 329 consectum,

2263 208 2333 245 8831

299 343 472 383 wint-tus,
506 349 672 386 tractus,
712 351 854 387 trusus,
889 357 1029 390 caesus,
1062 355 1287 395 consputus,
1309 349 1335 381 Λ
1354 354 1389 381 et
1421 346 1546 381 multis
1578 343 1795 380 vulneribus
1828 343 2056 391 flagellorum
2085 352 2121 379 et
2148 345 2338 381 clavorum

298 400 466 448 colaphis
482 400 672 448 alapisque
698 414 908 450 percussus,
929 403 1044 452 spinis
1062 414 1264 440 coronatus
1281 433 1289 449 ,

300 458 485 494 arundine
503 472 637 494 ca‘suni
663 469 795 508 caput,
817 461 970 509 flagellis
985 464 1173 499 acerrimis
1194 465 1290 500 lace-

302 525 424 560 ratus,
448 518 600 566 propria
628 532 737 555 cruce
763 530 963 566 oneratus,
987 523 1110 571 primo
1137 532 1290 572 portans

300 589 380 611 eam
401 604 410 618 ‚
436 590 520 624 qua·
541 577 662 625 ipsum
687 588 816 627 postca
847 581 968 616 statim
994 582 1061 617 snit
1082 590 1289 630 portatura.

298 636 423 671 Talem
443 636 584 685 inspice
599 641 738 674 jesum.
754 639 844 686 Quis
858 640 915 675 hic
934 641 1036 676 locus
1052 641 1292 677 deliciarum?

301 695 422 743 qualis
452 695 510 731 hic
537 696 649 732 decor
681 699 841 747 speciei?
871 700 954 748 quis
991 701 1027 736 in
1063 714 1221 750 corpore
1242 702 1292 738 sic

300 762 462 790 mactato
487 755 615 792 lormae
643 757 963 806 pulchrittulinem
993 762 1163 808 ‹pia‘raN

357 813 417 849 23.
439 813 509 849 Sed
534 816 726 853 veniamus
754 817 798 853 ad
827 819 950 854 linem.
973 819 1145 855 Nudatur
1170 823 1288 856 Jesus.

301 874 455 919 Quare?
488 876 533 909 [Tt
565 882 603 910 tu
634 877 806 924 corporis
834 878 1022 926 purissimi
1052 878 1292 914 deformatio-

303 943 389 966 nem
420 932 542 967 valeas
559 933 706 969 intueri.
732 934 902 970 Nudatur
923 948 1012 985 ergo
1034 934 1156 971 bonus
1171 939 1290 972 Jesus.

306 993 386 1025 llen
411 991 516 1026 mihi!
538 993 601 1041 qui
623 993 772 1030 vestivit
788 995 902 1030 coelos
922 994 1078 1031 diversis
1095 995 1292 1041 sideribus,

1355 405 1492 454 pariter
1522 404 1739 440 cruciatum.
1769 407 1800 439 0
1832 411 1992 452 quantos
2018 402 2152 448 habes,
2182 404 2340 440 Domine

1357 469 1462 509 Jesu,
1487 466 1749 513 percussores!
1780 463 1943 499 l’ercutit
1963 470 1997 498 te
2018 466 2125 499 Pater
2151 471 2256 507 tuus,
2275 464 2340 512 qni

1355 525 1508 574 proprio
1523 524 1616 560 Filio
1633 537 1717 568 suo,
1738 523 1774 558 id
1791 531 1846 558 cst
1864 522 1954 567 tibi,
1977 535 2051 557 non
2068 523 2258 571 pepercit,
2276 522 2340 559 sed

1356 597 1426 633 pro
1444 581 1739 619 nobisomnibus
1758 581 1911 618 tradidit
1929 580 2003 617 te3.
2025 581 2188 617 Percutis
2207 589 2339 617 temet-

1357 644 1503 692 ipsum:
1527 642 1640 678 tradis
1658 641 1757 677 enim
1785 641 1822 676 in
1847 648 2004 676 mortem
2031 640 2191 676 animam
2216 647 2340 684 tuam,

1357 715 1468 750 quam
1491 715 1601 737 nemo
1619 709 1743 750 potest
1759 700 1888 736 tollere
1903 713 1921 735 a
1942 707 1975 735 te
1991 699 2072 735 sine
2089 707 2122 735 te
2133 699 2160 734 ⁴.
2181 698 2345 735 Percutit

1359 769 1392 796 te
1414 760 1618 809 discipulus
1645 760 1781 809 impius
1804 758 2002 795 traditione
2027 768 2064 795 et
2089 759 2216 794 osculo
2240 758 2342 794 salso.

1359 821 1520 857 l’ercutit
1541 829 1574 856 te
1593 820 1746 857 Juda¹us
1778 820 1944 869 colaphis
1971 828 2007 855 et
2035 819 2163 869 alapis.
2202 822 2343 855 Percu-

1359 879 1453 915 tiunt
1475 888 1508 915 te
1528 880 1694 917 Gentiles
1716 880 1868 928 llagellis
1888 887 1925 914 et
1954 879 2078 915 clavis.
2111 882 2202 914 Ecce
2221 890 2343 927 quan-

1359 948 1434 974 tum
1462 951 1660 988 percussus
1676 947 1712 975 et
1731 939 1946 975 humiliatus
1972 952 2023 974 es.
2050 941 2081 975 Ο
2111 937 2239 986 quanti
2257 950 2344 986 per-

1358 1011 1548 1043 cussores,
1580 1007 1616 1034 et
1638 999 1767 1047 quanti
1797 998 1992 1034 traditores
2023 997 2073 1033 tui
2092 1000 2098 1032 !
2116 997 2282 1033 Tradidit
2312 1005 2346 1032 te

301 1058 388 1085 ante
408 1063 557 1087 crucem
582 1053 809 1101 exspoliatus
823 1083 832 1099 ,
856 1053 979 1089 nudus
999 1054 1108 1090 etiam
1136 1062 1176 1089 nt
1192 1063 1270 1090 erat
1283 1083 1292 1099 ,
1315 1063 1341 1096 Β
1363 1061 1469 1094 Pater
1487 1058 1759 1103 tuuscoelesti53
1778 1058 1865 1106 quia
1880 1085 1889 1102 ‚
1913 1057 2008 1093 sicut
2028 1056 2166 1092 dictum
2185 1064 2261 1100 est,
2277 1068 2346 1104 pro

303 1110 439 1146 lividus
453 1113 553 1148 cruci
570 1113 744 1161 alligitur.
764 1118 860 1151 lleu!
876 1115 1016 1151 candor
1034 1115 1126 1151 lucis
1147 1124 1294 1151 aeternae

306 1170 481 1218 nigrescit
506 1172 540 1207 in
561 1186 670 1209 carne
692 1187 760 1222 pro
781 1188 892 1210 carne
913 1175 1112 1219 salvanda,
1132 1183 1168 1210 et
1187 1175 1295 1210 lat-ies

303 1243 415 1278 quam
447 1231 647 1268 Cherubim
672 1241 707 1268 et
735 1234 928 1283 Seraphim
955 1235 1121 1282 aspicere
1151 1233 1296 1269 deside-

304 1299 412 1334 rant,
432 1300 509 1326 erat
527 1305 571 1327 cx
590 1293 761 1340 lacrymis
783 1293 940 1341 turgida.
973 1293 1142 1329 Nudatur
1159 1293 1296 1329 Domi-

303 1361 398 1393 nus,
419 1351 481 1398 qui
512 1360 598 1387 ante
628 1353 761 1388 saecula
790 1365 950 1400 regnans
978 1352 1151 1388 decorem
1172 1351 1295 1387 induit

304 1415 341 1442 et
358 1408 614 1445 fortitudinem
632 1438 640 1454 ‚
667 1411 725 1446 cui
749 1411 918 1447 canimus
940 1425 947 1445 :

304 1469 470 1503 decorem
493 1471 646 1505 induisti
659 1485 671 1513 ,·
690 1475 846 1505 inuictus
866 1473 1005 1505 lamine
1020 1498 1030 1513 ,
1060 1474 1155 1505 sicut
1179 1474 1297 1505 vesci-

305 1535 425 1560 meum
443 1533 465 1562 ¹.
491 1529 751 1576 Spectaculum
772 1531 811 1565 lit
831 1538 867 1565 et
887 1528 1136 1578 opprobrium
1153 1528 1296 1564 mundo

303 1593 339 1620 ct
367 1586 599 1632 hominibus3
630 1589 669 1624 lit
698 1597 873 1638 tanquam
906 1589 1117 1638 prodigium
1145 1588 1295 1634 multis,

304 1652 341 1679 et
361 1647 565 1682 commotio
585 1647 717 1696 capitis
736 1648 772 1684 in
798 1648 950 1697 populis
969 1650 1088 1696 Caput
1104 1655 1273 1683 nostrum
1287 1675 1297 1693 ,

306 1705 482 1751 gaudium
506 1715 700 1751 nostrum,
725 1708 848 1744 honor
875 1716 1003 1745 noster
1029 1707 1152 1744 bonus
1177 1711 1296 1744 Jesus.

306 1763 377 1799 Sed
397 1764 488 1813 quid
511 1767 667 1801 moror?
687 1767 856 1802 Exaltato
871 1767 907 1802 in
923 1780 1071 1802 crucem
1098 1766 1297 1815 perforan—

974 1411 1246 1458 Cotifessionmn
1263 1419 1297 1445 et

1361 1117 1468 1153 nobis
1485 1116 1661 1153 omnibus
1680 1116 1833 1153 tradidit
1848 1125 1895 1152 te.
1915 1116 1973 1152 Sic
1991 1116 2089 1151 enim
2104 1115 2255 1164 quidam
2273 1127 2347 1150 ser-

1360 1190 1493 1213 vorum
1516 1186 1664 1213 tuorum
1691 1175 1912 1226 gratulando
1939 1175 2029 1211 dicit
2049 1174 2094 1210 de
2113 1182 2146 1210 te
2164 1187 2171 1209 :
2195 1176 2268 1219 Qui
2286 1174 2346 1208 ‹li-

1361 1239 1449 1272 lexic
1474 1249 1559 1278 nos,
1582 1244 1616 1270 (ἰ
1637 1237 1790 1271 tradidit
1818 1238 2049 1281 semetipsum
2065 1247 2136 1281 pro
2158 1230 2294 1267 nobis5.
2315 1234 2346 1269 Ο

1362 1307 1448 1330 vere
1479 1294 1700 1331 admirabile
1727 1293 2022 1329 commercium!
2045 1291 2198 1328 tradidit
2215 1303 2254 1327 se
2283 1303 2348 1327 rex

1361 1366 1430 1402 pro
1451 1366 1581 1397 servo,
1601 1357 1702 1389 Deus
1719 1366 1788 1402 pro
1805 1353 1957 1388 homine
1970 1381 1979 1398 ,
1997 1360 2141 1388 creator
2160 1364 2230 1401 pro
2247 1364 2350 1386 crea-

1362 1421 1466 1457 tura,
1491 1412 1674 1448 innocens
1694 1425 1763 1460 pro
1788 1420 1960 1447 nocente.
1981 1411 2180 1448 Tradidisti
2205 1423 2295 1460 ergo
2316 1418 2350 1446 te

1359 1472 1397 1507 in
1418 1485 1551 1509 manus
1571 1472 1763 1508 traditoris
1784 1471 1884 1508 illius
1908 1471 1986 1507 falsi
2007 1471 2182 1520 discipuli
2200 1484 2208 1506 ε
2228 1470 2347 1506 tradi-—

1361 1530 1415 1566 dit
1433 1531 1494 1567 ille
1512 1539 1546 1567 te
1566 1531 1724 1576 Judaeis‚
1748 1539 1785 1566 et
1808 1529 2040 1566 tradiderunt
2067 1538 2101 1565 te
2121 1530 2174 1566 illi
2199 1530 2350 1580 pessimi

1363 1589 1560 1627 traditores
1591 1589 1802 1628 Gentilibus
1831 1588 1877 1625 ad
1905 1588 2162 1634 illudendum,
2196 1596 2232 1624 et
2256 1601 2350 1625 eon-

1364 1650 1573 1698 spuendum
1590 1678 1599 1695 ‚
1626 1657 1661 1685 et
1678 1647 1958 1698 flagellandum,
1985 1656 2022 1684 et
2043 1648 2351 1698 crucifigendum.

1363 1708 1498 1745 Dixisti
1516 1716 1552 1744 et
1571 1707 1776 1757 pra‘dixisti
1796 1716 1833 1743 tu
1850 1707 1926 1743 haec
1936 1705 1964 1751 ⁶,
1983 1715 2020 1742 et
2034 1720 2118 1743 ecce
2136 1707 2225 1743 sacta
2248 1714 2348 1743 sunt.

1364 1766 1549 1805 Omnibus
1587 1767 1686 1803 enim
1715 1765 1980 1802 consummatis
1994 1793 2003 1810 ,
2036 1778 2119 1801 ecce
2151 1765 2352 1801 crucifixus

308 1831 368 1858 tur
397 1837 528 1859 manus
549 1833 585 1860 et
608 1825 722 1874 pedes
754 1826 825 1861 viri
856 1825 987 1875 optimi
1018 1824 1170 1873 benigni
1196 1828 1296 1860 Jesu.
1315 1825 1342 1860 C
1364 1840 1415 1863 es.
1433 1830 1506 1864 Nec
1529 1826 1664 1863 suflicit
1686 1834 1721 1862 te
1744 1826 1982 1861 vulneratum
1999 1837 2099 1870 esse,
2119 1825 2211 1873 quin
2231 1832 2268 1860 et
2287 1838 2351 1860 su-

306 1880 464 1929 Ejicitur
480 1884 651 1932 sanguis,
673 1884 703 1919 si
726 1885 810 1933 quis
831 1892 1037 1934 supererat.
1058 1888 1137 1921 Stat
1153 1883 1296 1919 Media-

308 1948 366 1976 tor
397 1950 524 1978 noster
547 1943 582 1978 in
615 1953 818 1993 conspectu
849 1944 964 1980 Patris
993 1944 1048 1979 sui
1080 1943 1119 1979 in
1145 1943 1295 1979 confra-

306 2001 452 2045 ctione,
477 2011 674 2039 utavertat
691 2004 781 2039 iram
798 2004 899 2053 ejus,
926 2017 972 2039 ne
997 2003 1189 2052 disperdat
1215 2016 1295 2039 nos.

306 2064 402 2097 Vere
428 2074 503 2097 non
531 2062 630 2099 cadit
653 2072 777 2099 mente
808 2078 814 2099 :
845 2072 915 2100 stat
941 2071 1158 2099 constanter
1185 2063 1294 2098 etiam

307 2123 585 2170 perseverantia
602 2122 712 2159 bonae
729 2124 948 2160 voluntatis.
967 2127 998 2161 O
1016 2124 1164 2172 qualem
1187 2131 1222 2159 te
1237 2123 1296 2159 in—

308 2188 437 2226 tucor,
464 2181 584 2219 dulcis
608 2186 716 2220 Jesu!
739 2188 769 2221 O
790 2184 1002 2220 dulcissime
1023 2192 1136 2232 atque
1166 2195 1296 2219 aman-

308 2239 446 2276 tissime
466 2244 572 2286 Jesu,
596 2243 679 2290 quis
695 2251 730 2278 te
751 2251 824 2278 tam
849 2255 983 2279 amarae
999 2251 1035 2278 et
1061 2251 1134 2278 tam
1160 2241 1298 2277 odiosa:

307 2299 420 2334 morti
443 2299 611 2335 addixit?
637 2302 842 2337 Vulnerum
873 2302 1114 2349 antiquorum
1145 2309 1298 2336 nostro-

309 2371 391 2393 rum
416 2360 524 2395 unice
546 2361 733 2404 Salvator,
759 2361 842 2409 quis
865 2369 899 2396 te
919 2374 1036 2409 usque
1059 2359 1103 2395 ad
1124 2360 1201 2395 haec
1222 2372 1298 2395 non

308 2418 430 2454 solum
456 2417 662 2463 dirissima,
691 2419 754 2455 sed
775 2420 884 2455 etiam
908 2419 1120 2468 turpissima
1145 2420 1299 2455 vulnera

307 2476 481 2526 patienda
517 2479 724 2527 pertraxit?
756 2483 786 2515 ()
819 2479 910 2515 vitis
940 2478 1173 2523 dulcissima,
1200 2477 1298 2514 bone

306 2540 416 2581 Jesu,
437 2537 620 2573 hunccine
650 2539 809 2574 fructum
838 2539 959 2574 reddit
985 2538 1050 2574 tibi
1083 2539 1190 2574 vinca
1216 2546 1297 2583 tua,

1362 1898 1430 1934 per
1450 1885 1618 1921 dolorem
1638 1885 1836 1920 vulnerum
1859 1892 2009 1919 tuorum
2036 1883 2199 1928 addunt,
2221 1883 2352 1920 dantes

1364 1944 1431 1981 tibi
1446 1944 1585 1981 sitienti
1610 1944 1740 1980 vinum
1758 1943 1991 1992 myrrhatum
2009 1941 2138 1979 bibere
2159 1955 2242 1978 cum
2268 1943 2352 1979 felle

1364 2005 1536 2041 mixtum.

1416 2064 1477 2101 26.
1500 2065 1620 2101 Doleo
1645 2077 1758 2114 super
1779 2071 1832 2109 te,
1859 2063 2021 2100 Domine
2047 2062 2097 2098 mi
2123 2074 2211 2107 rex,
2235 2061 2353 2112 magi-

1363 2132 1458 2169 ster,
1477 2131 1514 2160 et
1544 2132 1671 2173 pater,
1694 2124 1770 2159 imo
1794 2132 1831 2159 et
1856 2123 1985 2168 frater,
2004 2122 2166 2158 Domine
2185 2121 2236 2157 mi
2263 2125 2352 2158 Jesu

1363 2183 1520 2229 Christe,
1537 2181 1706 2219 amabilis
1718 2181 1826 2218 valde
1837 2194 1950 2232 super
1961 2193 2127 2218 amorem
2141 2180 2352 2226 mulierum,

1364 2241 1470 2290 cujus
1500 2242 1631 2291 sagitta
1659 2255 1852 2290 nunquam
1892 2240 1984 2277 abiit
2009 2249 2213 2277 retrorsum
2225 2246 2251 2275 7.
2281 2243 2351 2277 Sa—

1364 2301 1462 2350 gittae
1474 2302 1572 2337 enim
1587 2309 1658 2337 tuae
1672 2329 1682 2346 ‚
1701 2301 1737 2336 id
1749 2309 1804 2337 est
1815 2300 1994 2336 doctrinae
2007 2308 2078 2335 tuae
2089 2328 2098 2345 ,
2110 2307 2227 2335 acutae
2238 2328 2248 2345 ,
2265 2300 2351 2348 quia

1363 2362 1473 2397 vivus
1490 2369 1677 2397 estsermo
1699 2369 1783 2396 tuus
1798 2369 1834 2396 et
1853 2360 1984 2396 efficax
1997 2387 2007 2404 ,
2029 2367 2065 2395 et
2085 2358 2353 2408 penetrabilior

1365 2419 1466 2455 omni
1484 2418 1606 2467 gladio
1626 2419 1776 2467 ancipiti
1792 2446 1801 2463 ,
1820 2419 2038 2468 pertingens
2057 2430 2176 2466 usque
2193 2417 2238 2453 ad
2254 2417 2352 2454 divi-

1365 2479 1507 2514 sionem
1527 2478 1658 2513 anima:
1678 2486 1714 2514 et
1729 2476 1915 2527 spiritus⁸.
1933 2480 2009 2514 Nec
2023 2476 2185 2513 declinat
2199 2477 2352 2526 clypeus

1365 2547 1451 2574 tuus
1474 2538 1510 2573 in
1530 2537 1640 2574 bello.
1663 2542 1776 2575 Scuto
1794 2538 1894 2573 enim
1920 2536 2028 2573 bonae
2045 2532 2258 2572 'voluntatis
2282 2545 2353 2573 tuae

307 2608 418 2643 quam
455 2596 500 2632 de
533 2601 696 2646 :Egypto
730 2598 976 2633 transtulisti?
1007 2600 1298 2646 Exspectaveras
1314 2602 1345 2634 D
1364 2596 1552 2633 coronasti
1569 2609 1649 2633 nos.
1673 2599 1786 2632 Hasta
1801 2595 2013 2632 orationum
2033 2603 2181 2631 tuarum
2202 2608 2279 2631 non
2296 2604 2352 2632 est

306 2655 492 2703 patienter
511 2669 628 2705 nsque
648 2657 693 2693 ad
723 2657 821 2692 hunc
849 2656 946 2692 diem
977 2657 1192 2705 nuptiarum
1212 2664 1296 2691 tua-

308 2727 414 2758 rum,
439 2724 479 2750 nt
507 2716 642 2752 laceret
664 2729 772 2761 uvas,
807 2716 891 2751 fecit
920 2724 1042 2751 autem
1065 2715 1201 2763 spinas.
1221 2715 1299 2763 Spi-

308 2774 364 2810 nis
393 2775 492 2810 cnim
528 2776 724 2812 coronavit
759 2784 818 2820 te,
853 2784 889 2811 et
918 2775 1036 2824 spinis
1060 2782 1297 2823 peccatorum

306 2846 459 2868 suorum
486 2835 733 2871 circumdedit
765 2844 811 2871 te.
836 2839 926 2871 Ecce
944 2835 978 2869 in
1002 2842 1178 2883 quantam
1200 2847 1297 2869 ania-

310 2893 512 2929 ritudinem
536 2907 717 2930 conversa
737 2903 790 2931 est
810 2895 894 2930 vitis
910 2923 918 2940 ‚
937 2908 1011 2929 non
1030 2893 1106 2942 jam
1125 2902 1187 2929 tua
1205 2921 1213 2937 ‚
1233 2892 1297 2929 sed

305 2952 439 2987 aliena.
463 2954 615 3001 Negavit
630 2954 727 2989 enim
754 2962 787 2989 te
809 2953 936 2989 dicens
955 2962 991 2989 et
1009 2954 1172 2989 clamans
1190 2967 1197 2988 :
1215 2955 1298 2989 Non

306 3011 480 3047 habemas
498 3026 618 3060 regem
631 3043 640 3057 ,
659 3017 729 3047 nivi
747 3014 930 3048 Caesarem
950 3019 961 3034 ²
977 3016 984 3048 l

359 3071 420 3107 25.
446 3071 609 3118 l⁴ljs·‹·tuin
631 3086 719 3120 ergo
740 3081 773 3108 te
795 3081 898 3108 extra
916 3073 1062 3108 vineam
1081 3073 1241 3108 civitatis
1263 3081 1301 3108 et

305 3131 483 3166 consortii
503 3131 575 3173 tui,
599 3132 765 3180 sacrilegi
791 3132 960 3180 agricola¹
977 3131 1194 3168 oeciderunt
1220 3145 1296 3167 non

360 3264 364 3275 '
391 3258 669 3293 Ι’ω.ἰ1,«ιιι,1,ῒ),
723 3260 965 3290 ‘³Jti.'111.xix.
991 3263 1039 3288 li».

312 3315 369 3341 '3:3.
392 3313 444 3341 Si.
473 3328 506 3331 Ἀ
523 3317 535 3343 ἰ
554 3313 579 3340 ll
600 3313 674 3350 neg.
694 3322 699 3339 ι
716 3334 722 3346 ,
745 3315 806 3344 2⁴3,
829 3314 881 3341 ¹22.
898 3330 905 3333 -

1125 3257 1239 3288 ι1“ιυιιι,
1262 3269 1338 3294 viii,
1360 3261 1413 3288 512.

1363 2670 1515 2701 aversa,
1535 2656 1623 2704 qnia
1643 2656 1753 2691 etiam
1782 2669 1851 2705 pro
1873 2653 2207 2703 transgressoribus
2239 2657 2352 2692 orasti

1366 2724 1405 2751 ut
1425 2729 1499 2751 non
1519 2715 1686 2764 perirent
1704 2730 1710 2750 :
1735 2723 1877 2764 quanto
1897 2715 2012 2763 magis
2030 2727 2100 2763 pro
2117 2714 2247 2750 amatis
2264 2715 2278 2750 Ρ
2298 2717 2353 2751 Tu

1365 2776 1472 2811 leone
1492 2775 1636 2811 sortior.
1670 2776 1818 2812 Etenim
1836 2784 1876 2811 tu
1892 2775 1950 2811 leo
1968 2774 2014 2810 de
2035 2773 2134 2809 tribu
2150 2773 2245 2810 Juda
2258 2802 2267 2820 ,
2288 2787 2354 2810 su—

1363 2835 1500 2884 perasti
1519 2835 1623 2870 illum
1638 2835 1785 2871 leonem
1798 2834 1863 2883 qui
1880 2834 2013 2870 circuit
2029 2833 2180 2882 rugiens
2196 2841 2233 2869 et
2249 2846 2354 2882 quae—

1364 2908 1449 2931 rens
1464 2908 1574 2943 quem
1594 2894 1788 2931 devort-w.
1810 2898 1864 2931 Tu
1884 2893 2193 2943 aquilavelocior.
2214 2894 2350 2929 Exsul—

1367 2954 1446 2989 tasti
1469 2954 1567 2989 enim
1597 2962 1637 2989 ut
1664 2954 1765 3002 gigas
1786 2954 1830 2990 ad
1867 2953 2088 2990 currendam
2117 2952 2274 2997 viam¹⁰,
2307 2953 2353 2989 ad

1366 3012 1596 3062 implendum
1617 3014 1834 3061 mysterium
1847 3012 2110 3049 incarnationis
2124 3020 2196 3048 tuae
2215 3011 2354 3048 :donec

1365 3073 1459 3108 sicut
1475 3072 1598 3120 aquila
1625 3085 1838 3121 provocans
1864 3073 1986 3121 pullos
2012 3071 2352 3119 sit‹›s,ex1)andisti

1363 3132 1438 3167 alas
1459 3130 1695 3167 brachiorum
1722 3139 1871 3167 tuorum
1888 3132 1924 3166 in
1944 3142 2054 3166 cruce
2066 3157 2075 3175 ,
2095 3138 2132 3165 et
2149 3142 2266 3179 super
2283 3144 2353 3168 nos

1458 3276 1468 3279 -
1502 3259 1508 3282 '⁸
1531 3261 1622 3289 Joan.
1639 3270 1674 3294 x,
1696 3262 1744 3288 18.
1773 3277 1781 3279 ⁴
1821 3256 1832 3277 f.
1863 3257 1970 3298 liphrs.
1997 3269 2026 3291 x,
2047 3260 2075 3286 52.
2104 3275 2140 3278 *-
2160 3254 2174 3277 ⁶
2194 3259 2290 3288 Marc.
2309 3269 2326 3286 x
2344 3282 2350 3294 ‚

929 3330 938 3333 -
954 3313 966 3333 tw·
983 3310 1079 3341 llebr.
1095 3322 1140 3347 ιν,
1163 3314 1212 3341 1’),.
1231 3313 1414 3353 --!⁸A1m‹·.
1438 3322 1469 3346 v,
1491 3314 1519 3341 s).
1536 3330 1577 3334 —-
1602 3316 1629 3331 ¹⁰
1650 3310 1897 3346 l’sal.xv111,0.
