2504 3928
326 234 334 266 l
349 232 421 267 23⁴.)

1114 232 1279 266 OGERH
1310 232 1395 266 SER
1405 232 1472 265 ΜΟ
1501 231 1574 266 xtt

321 317 441 349 stum;
471 322 544 344 non
575 308 818 343 obserxautcs
848 307 949 354 qumi
982 320 1105 342 coram
1135 306 1349 343 otunibus⁰³

2264 227 2363 264 1200

1356 306 1446 341 ”nee
1465 305 1668 354 plurimum
1696 303 1858 339 afferunt
1884 303 2066 348 fructum,
2097 316 2164 339 nec
2193 303 2364 353 discipuli

323 368 459 403 sanctis
487 368 521 402 in
544 367 603 402 die
624 365 917 401 consecrationis
947 379 1022 402 sure
1051 366 1100 401 illi
1131 367 1315 415 promise·
1332 368 1361 401 Α
1379 364 1513 401 Christi
1531 377 1610 400 esse
1635 361 1856 412 probantur.
1878 361 1949 398 Alii
1967 360 2093 397 dulces
2116 361 2255 398 fruetus
2271 375 2364 411 pro-

328 434 427 461 runt.
447 425 600 461 Noverit
622 425 684 473 qui
705 425 785 460 talis
802 433 875 467 est,
904 437 942 460 se
961 438 1041 461 esse
1058 424 1313 461 damnandum

325 498 345 520 a
367 487 445 520 Deo
463 497 574 530 quem
598 483 739 519 irridet.
763 484 867 520 Alius
887 483 931 519 ad
951 484 1216 519 monasterium
1246 496 1314 518 ve-

328 545 406 588 nit,
430 552 467 578 ιιι
486 551 634 591 peccata
655 555 738 591 qua*
757 543 943 578 commisit
965 543 999 578 in
1018 543 1153 578 saeculo
1169 572 1177 587 ‚
1199 543 1314 592 puni—

334 615 373 638 re
389 603 507 637 valcat
536 603 571 637 in
601 602 840 637 monasterio,
862 601 932 637 Sed
955 610 1151 650 postquam
1175 601 1317 649 ingres-

327 675 389 696 sus
411 662 518 697 fuerit
533 690 543 704 ,
566 675 641 697 non
663 662 782 697 solum
811 675 894 710 qua²
921 661 1129 704 commisit,
1153 660 1316 697 dolendo

327 733 403 755 non
435 719 568 763 diluit;
603 720 667 755 sed
697 721 850 769 insuper
881 721 952 756 alia
976 720 1125 756 forsitan
1148 719 1317 768 graviora

328 779 539 814 committit.
562 778 632 815 Sed
649 786 779 827 postea
796 791 932 827 magno
948 778 1078 814 dolore
1098 779 1318 827 compungi-

331 846 404 880 tur,
429 849 564 886 magno
589 837 732 886 pudore
752 838 1006 886 prosternitur
1027 853 1034 874 ε
1057 846 1092 874 et
1117 838 1203 886 quia
1233 850 1319 885 pcc·

329 905 408 931 cata
431 910 513 944 quie
544 897 648 942 fecit,
684 896 778 932 bene
808 897 972 932 vivendo
1003 909 1079 932 non
1103 896 1231 938 diluit,
1253 894 1316 931 sed

330 956 483 1004 insuper
500 957 712 992 enormiora
730 949 986 1005 ptwsunfpsit;
1006 964 1093 991 tunc
1109 954 1153 990 ad
1174 967 1319 990 memo-

330 1015 420 1050 riam
439 1024 589 1050 revocat
611 1024 749 1063 quama
773 1015 810 1049 in
832 1013 1090 1063 peccatoribus
1113 1014 1158 1049 sit
1185 1012 1318 1048 severi-

1380 424 1523 459 ducunt
1546 423 1582 459 in
1616 421 1814 458 fertilitatis
1842 419 2090 465 abundantia;
2121 420 2268 465 dulces,
2303 422 2367 456 in-

1382 496 1516 531 quam,
1547 485 1650 523 Deo,
1687 488 1724 516 et
1755 479 1882 515 dulces
1917 478 2146 515 hominibus.
2181 480 2226 515 tli
2253 479 2368 515 elari-

1385 544 1495 578 tieant
1524 545 1668 585 Deum,
1702 548 1739 575 et
1771 543 1871 576 Deus
1902 537 2119 574 clarificabit
2151 551 2214 574 eos
2240 539 2277 574 in
2309 537 2370 574 die

1383 599 1642 636 retributionis
1671 610 1852 647 operum,
1885 597 1921 632 in
1954 596 2012 632 die
2041 597 2273 633 collectionis
2293 597 2372 633 fru-

1383 674 1468 709 gum
1491 672 1697 703 novarum,
1724 657 1876 707 quando
1908 657 2060 692 venient
2087 669 2171 692 cum
2204 657 2371 693 exsulta—

1385 720 1486 755 tione
1504 727 1695 768 portantes
1722 717 1934 766 manipulos
1951 729 2048 753 suos.
2075 716 2121 752 Hi
2150 725 2236 753 sunt
2265 717 2372 752 mites

1384 788 1421 815 et
1451 779 1632 822 humiles,
1653 777 1779 813 devoti
1809 785 1846 813 et
1879 776 2110 812 obedientes.
2144 775 2201 812 Ad
2230 776 2372 825 vigilias

1384 838 1537 886 vigiles,
1569 837 1614 873 ad
1649 849 1761 872 omne
1795 849 1891 885 opus
1921 834 2064 872 bonum
2101 836 2305 878 ferventes,
2333 835 2372 871 in

1385 897 1554 932 oratione.
1576 895 1776 940 sublimes,
1807 895 1843 931 in
1874 895 2032 930 lectione
2065 907 2165 930 saera
2196 894 2373 940 subtiles,

1385 957 1421 992 in
1442 954 1748 992 meditationibus
1766 955 1993 1004 suspirantes
2007 982 2016 999 ,
2039 963 2074 990 et
2090 954 2126 990 in
2150 954 2374 1003 contempla-

1387 1015 1552 1052 tionibus
1571 1023 1760 1063 gementes
1781 1022 1818 1050 et
1847 1013 1977 1049 flentes
1999 1028 2006 1049 :
2029 1013 2256 1049 seminantes
2286 1012 2371 1061 qui-

331 1082 384 1109 tas
407 1073 565 1121 judicis,
596 1082 733 1122 ‹piauta
771 1074 806 1109 in
840 1074 929 1122 ipsis
957 1072 1142 1108 damnatis
1170 1072 1215 1107 sit
1241 1072 1319 1120 ipsa
1340 1073 1367 1106 B
1387 1075 1470 1110 dem
1495 1075 1531 1110 in
1556 1074 1754 1122 lacrymis3
1784 1072 1848 1109 sed
1877 1071 2064 1122 gaudeant
2095 1080 2131 1107 et
2161 1072 2372 1116 exsultent,

330 1145 441 1180 pti-na
463 1131 726 1168 damnationis.
745 1135 904 1180 Insuper
921 1140 955 1166 et
976 1131 1189 1167 considerat
1208 1143 1323 1178 quan-

335 1200 368 1226 ta
401 1191 447 1226 sit
481 1191 733 1227 misericordia
773 1190 1036 1240 Redemptoris
1071 1191 1166 1226 circa
1198 1189 1323 1238 poeni-

337 1258 481 1293 tentes,
516 1249 724 1297 benignitas
757 1250 851 1285 circa
881 1258 977 1285 recte
1007 1249 1185 1284 viventes.
1216 1251 1321 1283 Tunc.

332 1320 444 1343 omne
463 1309 599 1343 malum
621 1308 722 1356 quod
747 1309 828 1343 fecit
855 1316 1074 1349 enumerat,
1098 1316 1185 1342 tune
1208 1306 1324 1341 tristia

332 1380 490 1414 qua-que
515 1375 601 1402 aute
623 1367 753 1402 oculos
780 1371 914 1401 tuentis
936 1374 1093 1401 acervat.
1120 1364 1324 1401 Doloribus

331 1425 511 1473 agitatur,
543 1426 656 1460 tantis
685 1425 878 1473 suppliciis
910 1424 1155 1471 angustiatur,
1177 1421 1325 1470 quantis

335 1482 470 1517 arctari
490 1483 524 1517 in
548 1483 634 1530 ipsis
652 1482 898 1518 infernalibus
925 1482 1045 1531 poenis
1072 1481 1322 1530 pertimescit,

334 1541 483 1589 quantis
497 1541 654 1576 cruciari
669 1542 705 1576 in
721 1542 868 1576 camino
880 1541 975 1589 ignis
986 1549 1022 1576 et
1039 1539 1226 1589 sulphuris
1240 1552 1326 1588 per-

333 1600 528 1635 horrescit.
551 1603 653 1636 Tune
673 1601 771 1636 enim
799 1601 892 1636 nihil
918 1600 1020 1649 quod
1040 1599 1198 1635 delectet
1223 1599 1325 1648 aspi-

335 1661 408 1704 cit,
431 1667 519 1694 tune
536 1659 638 1695 triste
653 1667 708 1695 est
725 1659 827 1707 quod
842 1659 1029 1695 occurrit:
1048 1667 1136 1694 tunc
1153 1657 1326 1706 lacrymis

334 1725 369 1752 et
396 1716 591 1753 doloribus
613 1718 738 1765 punit,
767 1717 868 1766 quod
898 1730 982 1753 cum
1018 1715 1327 1752 delectationibus

336 1777 579 1825 perpetravit.
599 1780 702 1813 Tune
720 1777 880 1825 qualiter
898 1776 1062 1813 Domino
1081 1775 1227 1813 Christo
1245 1776 1327 1824 pla-

1388 1134 1475 1182 quia
1492 1133 1528 1169 in
1547 1132 1690 1181 gaudiis
1711 1140 1850 1168 metent
1871 1131 2030 1167 aeternis.

1443 1193 1478 1228 7.
1499 1192 1571 1229 Alii
1602 1199 1689 1227 sunt
1716 1190 1779 1239 qui
1809 1203 1884 1226 non
1923 1189 2062 1225 faciunt
2097 1189 2277 1233 fructum,
2312 1188 2376 1225 sed

1394 1251 1544 1287 frondes
1564 1259 1708 1286 tantum
1732 1249 1946 1298 producunt
1966 1256 2002 1284 et
2025 1248 2124 1283 folia.
2144 1247 2190 1283 1-1i
2212 1255 2299 1283 sunt
2314 1247 2377 1295 qui

1389 1310 1550 1359 speeiem
1579 1309 1783 1345 sanctitatis
1813 1307 1975 1350 habent3
2009 1307 2073 1343 sed
2104 1306 2264 1342 fructum
2293 1319 2380 1342 san-

1389 1369 1523 1404 ctitatis
1544 1381 1618 1404 non
1641 1366 1793 1403 habent.
1816 1367 1873 1403 Ad
1891 1367 2025 1402 horum
2054 1366 2215 1402 radicem
2239 1366 2379 1402 securis

1391 1428 1512 1477 posita
1529 1436 1596 1463 est.
1624 1426 1767 1475 thuid
1800 1434 1934 1462 terram
1963 1426 2173 1474 occupant?
2194 1424 2380 1461 Excidan-

1393 1496 1466 1532 tur,
1486 1496 1522 1523 et
1550 1487 1588 1522 in
1619 1487 1741 1535 ignem
1763 1486 1968 1521 mittantur.
1997 1484 2243 1520 Infructuosis
2268 1482 2381 1520 arbo-

1392 1545 1496 1582 ribus
1525 1545 1618 1582 dura
1649 1553 1686 1581 et
1714 1557 1839 1581 amara
1877 1543 2061 1580 sententia
2092 1542 2215 1579 datur.
2252 1545 2382 1579 Omnis

1391 1605 1512 1648 arhor,
1542 1604 1664 1653 inquit
1695 1604 1880 1640 Dominus
1909 1606 2037 1645 Jesus,
2075 1615 2160 1650 (μα’
2188 1614 2260 1636 mm
2283 1599 2382 1648 facit

1382 1663 1547 1712 fluctum
1569 1663 1699 1699 bmmm
1713 1690 1724 1708 ,
1755 1664 1966 1706 excidetur,
2000 1670 2036 1696 et
2057 1665 2095 1695 1¹11
2118 1664 2238 1708 ignem
2259 1664 2381 1695 mitte—

1392 1729 1484 1757 (ιη’.
1507 1722 1676 1758 Timeant
1699 1734 1789 1770 ergo
1804 1719 1959 1756 arbores
1975 1719 2236 1762 infructuosae,
2256 1717 2380 1766 hypo-

1394 1782 1514 1826 critae,
1552 1779 1722 1817 dealbata
1767 1780 1957 1829 sepulcra,
2001 1777 2128 1814 tumba
2170 1777 2313 1825 sculpta
2346 1784 2384 1812 et

335 1849 419 1872 cere
440 1836 579 1885 possit,
599 1836 794 1873 contendit
814 1851 821 1871 :
844 1845 879 1872 et
903 1835 1057 1883 jejuniis
1084 1844 1121 1871 et
1151 1835 1332 1871 orationi-
1348 1836 1374 1870 C
1396 1839 1492 1876 bene
1511 1841 1640 1890 polita,
1660 1839 1880 1888 Exstirpent
1899 1837 2000 1886 quod
2021 1838 2110 1872 latet
2134 1836 2380 1872 intrinsecus:

337 1895 406 1931 bus
440 1908 598 1940 vacans,
634 1896 702 1931 soli
734 1899 814 1932 Deo
848 1896 995 1944 placere
1023 1895 1222 1931 desiderat.
1259 1894 1330 1941 Qui

339 1954 420 1989 talis
441 1962 516 1998 est,
549 1963 651 2003 petat
683 1968 703 1990 a
731 1954 893 1991 Domino
921 1953 1105 2002 quidquid
1138 1954 1327 1998 voluerit3

338 2025 413 2047 non
433 2012 596 2058 dubitet,
619 2013 848 2062 impetrabit.

391 2074 428 2107 (ἰ.
453 2076 527 2108 Nos
561 2085 675 2122 ergo,
713 2073 845 2109 fratres
877 2072 1082 2109 charissimi
1116 2072 1207 2118 mei,
1237 2085 1332 2121 quos

339 2131 505 2167 Christus
531 2132 688 2181 proprio
722 2144 856 2167 cruore
899 2131 1078 2176 redemit,
1117 2131 1240 2181 ipsum
1275 2131 1331 2167 sui

338 2191 528 2239 sanguinis
558 2191 796 2240 largitorem,
814 2190 966 2226 humani
994 2191 1140 2239 generis
1169 2191 1333 2227 Salvato-

340 2262 439 2293 rem,
457 2249 536 2284 sine
554 2249 687 2292 modo,
707 2250 803 2285 ultra
822 2249 974 2285 modum
988 2277 997 2293 ,
1015 2249 1062 2285 de
1079 2249 1181 2284 omni
1201 2249 1329 2294 eorde,

341 2309 387 2344 de
419 2310 521 2345 omni
557 2317 703 2353 mente,
739 2310 824 2345 totis
849 2308 1011 2354 viribus,
1046 2310 1132 2345 totis
1161 2309 1333 2346 medullis

341 2367 464 2402 cordis
485 2367 681 2415 diligamus
694 2396 702 2411 ,
726 2368 921 2403 timeamus
938 2376 974 2402 et
994 2380 1180 2412 amemus,
1199 2376 1235 2403 et
1254 2368 1333 2417 ejus

342 2425 578 2473 discipulatui
601 2426 862 2461 inhaereamus.
886 2426 1000 2462 Valde
1025 2434 1080 2461 est
1106 2427 1203 2462 enim
1225 2427 1333 2463 dulce

341 2491 374 2517 «rt
399 2482 636 2527 delectabile,
664 2484 918 2519 lwtabundutn
940 2493 975 2519 et
991 2484 1227 2532 jucundum,
1251 2486 1328 2521 lieri

342 2541 564 2589 discipulum
596 2542 742 2577 Christi.
768 2546 809 2577 Ιη
832 2543 898 2576 ltm-
924 2543 1050 2586 enim,
1079 2544 1127 2578 ait
1148 2545 1331 2580 Dominus

1397 1901 1659 1944 confiteantur,
1680 1907 1718 1935 et
1739 1906 1928 1935 sanentur.
1953 1900 2100 1933 Mutent
2125 1894 2381 1930 fortitudinem

1396 1971 1499 1994 suam
1515 1986 1524 2002 ,
1546 1965 1691 1994 mutent
1708 1956 1973 1993 conscientiam
1998 1967 2122 1998 suam,
2147 1952 2384 1989 conscientiae

1397 2025 1529 2052 sanent
1555 2016 1760 2052 cauterium
1776 2043 1786 2060 ‚
1809 2022 1846 2050 et
1876 2014 1914 2049 in
1940 2013 2001 2049 via
2031 2011 2291 2048 mandatorum
2315 2009 2384 2046 Dei

1399 2075 1559 2124 dirigant
1590 2087 1779 2124 gressum,
1808 2081 1844 2109 et
1875 2072 2009 2108 faciant
2040 2071 2223 2115 fructum;
2251 2077 2290 2105 ut
2317 2082 2386 2118 per

1399 2135 1482 2171 illos
1506 2138 1614 2171 Pater
1636 2134 1859 2170 clarificetur
1890 2132 1927 2168 in
1950 2131 2065 2177 Fili0,
2088 2138 2125 2166 et
2152 2129 2320 2165 Christus
2347 2128 2384 2164 in

1398 2198 1506 2230 Patre
1525 2207 1612 2237 suo,
1633 2201 1670 2229 et
1686 2193 1756 2242 ipsi
1780 2192 2032 2228 clarificentur
2053 2190 2091 2225 in
2121 2192 2249 2233 Patre,
2266 2196 2302 2224 et
2325 2187 2386 2224 Fi-

1398 2253 1469 2297 lio,
1492 2261 1529 2288 et
1553 2252 1692 2301 Spiritu
1725 2259 1866 2287 sanem.
1900 2250 2000 2287 Felix
2032 2249 2113 2294 ille,
2144 2247 2274 2283 beatus
2294 2246 2356 2282 ille
2374 2274 2384 2290 ,

1397 2324 1593 2360 perquem
1620 2315 1719 2347 Deus
1751 2313 1858 2345 l’ater
1891 2309 2137 2351 clarificatur,
2171 2319 2240 2355 per
2273 2318 2384 2353 quem

1399 2369 1567 2405 Christus
1586 2368 1771 2411 laudatur,
1790 2375 1826 2402 et
1851 2367 2010 2415 Spiritus
2029 2373 2178 2401 sanctus
2198 2364 2386 2412 glorifica-

1401 2435 1472 2462 tur.
1494 2430 1524 2463 Ο
1553 2427 1664 2462 nimis
1696 2426 1802 2469 felix,
1821 2424 1927 2472 eujus
1949 2425 2025 2460 vita
2055 2432 2091 2459 et
2115 2436 2238 2459 mores
2261 2421 2387 2458 laudes

1400 2485 1575 2520 intonant
1595 2485 1779 2521 Creatori!
1794 2487 1824 2521 Ο
1843 2484 1964 2518 virum
1984 2482 2160 2527 beatum,
2181 2480 2290 2529 eujus
2307 2481 2387 2516 ani-

1399 2557 1457 2579 ma
1473 2557 1540 2580 suo
1557 2544 1755 2580 famulatur
1769 2542 1954 2579 Creatori!
1972 2545 2003 2579 Ο
2020 2541 2128 2577 beata
2148 2541 2289 2585 anima,
2303 2552 2388 2588 quae

342 2603 449 2635 Jesus
465 2599 654 2648 discipulis
670 2601 744 2635 suis
757 2629 766 2644 ‚
783 2602 1006 2646 clarificatus
1022 2611 1073 2636 est
1093 2604 1207 2636 Pau-1·
1219 2616 1333 2645 meus,
1352 2606 1384 2639 D
1402 2615 1470 2639 suo
1499 2616 1569 2651 pro
1600 2601 1744 2638 viribus
1762 2595 1924 2650 'placere
1961 2600 2092 2649 satagit
2122 2598 2386 2648 Redemptori!

344 2668 381 2692 ac
405 2657 569 2703 fructum
597 2661 804 2705 pluralium
829 2659 1024 2706 (ilji’ratis,
1057 2670 1091 2694 et
1123 2662 1335 2704 ‹fficmmitti

345 2721 415 2751 mei
431 2719 622 2765 discipula
644 2721 718 2754 Nos
736 2718 847 2765 igitur
865 2719 929 2766 qui
950 2719 1140 2754 christiani
1159 2732 1337 2755 vocamur

343 2782 378 2809 et
400 2787 547 2817 sumus,
581 2775 614 2810 in
642 2776 802 2811 Ecclesia
825 2776 959 2811 Christi
990 2784 1164 2824 tanquam
1190 2778 1225 2812 in
1247 2790 1336 2826 agro

345 2846 473 2867 sumus
501 2834 705 2869 constituti.
728 2835 797 2870 Alii
823 2835 981 2870 fructum
1003 2836 1189 2880 afferunt,
1217 2836 1278 2871 alii
1300 2837 1335 2871 in

345 2891 539 2927 sterilitate
574 2893 776 2940 persistunt
798 2907 804 2927 :
828 2893 886 2928 alii
923 2901 1051 2928 tenues
1085 2902 1121 2929 et
1158 2894 1337 2942 pauculos

349 2951 491 2985 fruetus
508 2951 670 2993 faciunt,
690 2963 837 2999 semper
852 2951 943 2999 pigri
957 2980 965 2995 ,
986 2964 1134 3000 semper
1149 2953 1336 3001 negligen-

348 3017 422 3053 tes3
458 3009 550 3056 pigri
585 3009 630 3043 ad
666 3010 898 3054 orationem,
928 3010 1019 3045 tardi
1043 3011 1089 3046 ad
1112 3012 1335 3057 lectione1n3

346 3067 390 3102 ad
412 3068 553 3114 tigilias
574 3068 687 3116 longo
720 3082 853 3103 somno
885 3068 1072 3117 depressi,
1093 3069 1138 3104 ad
1170 3069 1335 3106 laborem

347 3126 500 3160 nimium
522 3127 636 3161 teneri
657 3135 689 3161 ct
713 3126 871 3162 delicati.
894 3131 934 3163 In
958 3128 1012 3163 his
1032 3142 1106 3163 non
1126 3129 1234 3165 valde
1262 3130 1338 3165 cla-

347 3184 513 3219 rificatur
533 3187 640 3219 Pater
662 3185 810 3220 Domini
831 3186 946 3221 nostri
967 3190 1055 3222 Jesu
1076 3187 1208 3224 Christi
1225 3204 1233 3233 ·,
1250 3189 1336 3237 quia

393 3315 398 3327 ¹
422 3309 612 3346 Mattlt.v¹1,
638 3313 686 3339 19.

1401 2660 1600 2697 Benedicta
1627 2661 1672 2696 sit
1703 2660 1825 2696 anima
1851 2660 1932 2703 illa,
1962 2658 2022 2694 eui
2050 2667 2105 2695 est
2135 2666 2210 2694 tota
2238 2657 2389 2694 dilectio

1401 2720 1587 2763 Christus,
1608 2719 1666 2755 eui
1680 2719 1729 2755 nil
1744 2719 1953 2755 satisfacere
1967 2725 2091 2766 potest
2107 2716 2388 2765 praeteripsum,

1402 2778 1465 2826 qui
1493 2791 1562 2826 pro
1581 2777 1660 2826 ejus
1679 2790 1806 2813 amore
1828 2777 1972 2812 occisus
1993 2784 2068 2820 est;
2093 2787 2176 2824 quae
2207 2774 2257 2811 nil
2290 2787 2389 2823 prae-

1404 2845 1460 2872 ter
1479 2836 1667 2872 Christum
1689 2836 1842 2884 diligere
1862 2834 1986 2879 novit,
2008 2834 2071 2883 qui
2091 2833 2220 2869 ditexit
2241 2845 2332 2879 nos,
2353 2842 2389 2870 et

1402 2896 1492 2931 lavit
1512 2909 1580 2932 nos
1598 2910 1617 2932 a
1644 2896 1805 2945 peccatis
1827 2895 1962 2931 nostris
1982 2894 2018 2929 in
2040 2893 2219 2942 sanguine
2241 2906 2328 2937 suo,
2353 2901 2390 2929 et

1402 2954 1504 2990 (ledit
1525 2956 1765 3003 semetipsum
1787 2954 2081 3003 redemptionem
2103 2965 2172 3002 pro
2198 2951 2326 2997 nobis,
2348 2959 2390 2987 ut

1402 3026 1471 3049 nos
1488 3027 1555 3062 per
1571 3014 1787 3062 sanguinem
1806 3026 1911 3049 suum
1929 3012 2124 3061 adoptaret
2141 3011 2177 3046 in
2195 3011 2290 3047 filios
2305 3010 2386 3047 Dei.

1402 3074 1472 3108 Per
1496 3072 1622 3108 onmia
1650 3072 1696 3107 sit
1720 3071 1940 3108 benedictus
1967 3070 2133 3107 Christus
2147 3096 2156 3112 ,
2176 3068 2241 3117 qui
2261 3068 2313 3104 sic
2333 3068 2390 3104 di-

1402 3131 1491 3167 lexit
1509 3144 1626 3180 genus
1646 3131 1872 3175 humanum,
1893 3130 1988 3166 sicut
2008 3132 2115 3165 Pater
2139 3127 2268 3163 ditexit
2288 3140 2373 3163 eum

1403 3194 1487 3239 lpse
1503 3191 1602 3226 enim
1620 3190 1710 3226 dicit
1733 3204 1739 3225 :
1765 3192 1863 3225 Sicut
1889 3191 2022 3224 ‹lile-xit
2039 3201 2097 3222 me
2120 3188 2244 3229 Pater,
2271 3195 2305 3221 et
2324 3200 2389 3234 rgo
