<?xml version="1.0" encoding="UTF-8"?>
<!DOCTYPE html PUBLIC "-//W3C//DTD XHTML 1.0 Transitional//EN"
    "http://www.w3.org/TR/xhtml1/DTD/xhtml1-transitional.dtd">
<html xmlns="http://www.w3.org/1999/xhtml" xml:lang="en" lang="en">
 <head>
  <title>
</title>
<meta http-equiv="Content-Type" content="text/html;charset=utf-8" />
  <meta name='ocr-system' content='tesseract 3.04.00' />
  <meta name='ocr-capabilities' content='ocr_page ocr_carea ocr_par ocr_line ocrx_word'/>
</head>
<body>
  <div class='ocr_page' id='page_1' title='image "./operaomniapostho05bern_0522.png"; bbox 0 0 2504 3928; ppageno 0'>
   <div class='ocr_carea' id='block_1_1' title="bbox 341 201 430 235">
    <p class='ocr_par' dir='ltr' id='par_1_1' title="bbox 341 201 430 235">
     <span class='ocr_line' id='line_1_1' title="bbox 341 201 430 235; baseline -0.011 0"><span class='ocrx_word' id='word_1_1' title='bbox 341 201 430 235; x_wconf 67' lang='lat'>1⁰27</span> 
     </span>
    </p>
   </div>
   <div class='ocr_carea' id='block_1_2' title="bbox 1032 201 1669 236">
    <p class='ocr_par' dir='ltr' id='par_1_2' title="bbox 1032 201 1669 236">
     <span class='ocr_line' id='line_1_2' title="bbox 1032 201 1669 236; baseline 0.006 -4"><span class='ocrx_word' id='word_1_2' title='bbox 1032 202 1064 234; x_wconf 57' lang='lat' dir='ltr'>Nl</span> <span class='ocrx_word' id='word_1_3' title='bbox 1075 201 1299 235; x_wconf 54' lang='lat' dir='ltr'>Em&#39;t&#39;t&#39;t&#39;lo</span> <span class='ocrx_word' id='word_1_4' title='bbox 1331 203 1374 235; x_wconf 61' lang='lat' dir='ltr'>tx</span> <span class='ocrx_word' id='word_1_5' title='bbox 1411 203 1599 236; x_wconf 49' lang='lat' dir='ltr'>msstoss</span> <span class='ocrx_word' id='word_1_6' title='bbox 1609 203 1669 236; x_wconf 55' lang='lat' dir='ltr'>tiit</span> 
     </span>
    </p>
   </div>
   <div class='ocr_carea' id='block_1_3' title="bbox 2279 206 2374 241">
    <p class='ocr_par' dir='ltr' id='par_1_3' title="bbox 2279 206 2374 241">
     <span class='ocr_line' id='line_1_3' title="bbox 2279 206 2374 241; baseline 0.011 -1"><span class='ocrx_word' id='word_1_7' title='bbox 2279 206 2374 241; x_wconf 76' lang='lat'>1028</span> 
     </span>
    </p>
   </div>
   <div class='ocr_carea' id='block_1_4' title="bbox 333 275 2373 328">
    <p class='ocr_par' dir='ltr' id='par_1_4' title="bbox 333 275 2373 328">
     <span class='ocr_line' id='line_1_4' title="bbox 333 275 2373 328; baseline 0.002 -15"><span class='ocrx_word' id='word_1_8' title='bbox 333 279 386 313; x_wconf 64' lang='lat' dir='ltr'>liis</span> <span class='ocrx_word' id='word_1_9' title='bbox 409 292 441 311; x_wconf 70' lang='lat' dir='ltr'>x«</span> <span class='ocrx_word' id='word_1_10' title='bbox 458 292 495 312; x_wconf 69' lang='lat' dir='ltr'>io</span> <span class='ocrx_word' id='word_1_11' title='bbox 518 290 579 324; x_wconf 68' lang='grc' dir='ltr'>«μιι</span> <span class='ocrx_word' id='word_1_12' title='bbox 605 277 779 320; x_wconf 51' lang='lat' dir='ltr'>nmium,</span> <span class='ocrx_word' id='word_1_13' title='bbox 802 275 868 312; x_wconf 78' lang='lat' dir='ltr'>Dei</span> <span class='ocrx_word' id='word_1_14' title='bbox 892 275 1007 311; x_wconf 71' lang='lat' dir='ltr'>xirtus</span> <span class='ocrx_word' id='word_1_15' title='bbox 1027 283 1059 311; x_wconf 81' lang='lat' dir='ltr'>et</span> <span class='ocrx_word' id='word_1_16' title='bbox 1081 278 1146 313; x_wconf 83' lang='lat' dir='ltr'>Dei</span> <span class='ocrx_word' id='word_1_17' title='bbox 1169 278 1445 327; x_wconf 58' lang='lat' dir='ltr'>sapien-‘&#39;³‘eet</span> <span class='ocrx_word' id='word_1_18' title='bbox 1467 278 1565 312; x_wconf 75' lang='lat' dir='ltr'>enim</span> <span class='ocrx_word' id='word_1_19' title='bbox 1588 277 1633 312; x_wconf 83' lang='lat' dir='ltr'>de</span> <span class='ocrx_word' id='word_1_20' title='bbox 1656 275 1721 313; x_wconf 73' lang='lat' dir='ltr'>liae</span> <span class='ocrx_word' id='word_1_21' title='bbox 1744 278 1841 314; x_wconf 81' lang='lat' dir='ltr'>nnbc</span> <span class='ocrx_word' id='word_1_22' title='bbox 1862 280 1990 316; x_wconf 76' lang='lat' dir='ltr'>semita</span> <span class='ocrx_word' id='word_1_23' title='bbox 2018 293 2100 328; x_wconf 67' lang='lat' dir='ltr'>qua?</span> <span class='ocrx_word' id='word_1_24' title='bbox 2119 279 2219 316; x_wconf 86' lang='lat' dir='ltr'>ducit</span> <span class='ocrx_word' id='word_1_25' title='bbox 2247 281 2292 317; x_wconf 86' lang='lat' dir='ltr'>ad</span> <span class='ocrx_word' id='word_1_26' title='bbox 2317 283 2373 318; x_wconf 67' lang='lat' dir='ltr'>xi-</span> 
     </span>
    </p>
   </div>
   <div class='ocr_carea' id='block_1_5' title="bbox 332 339 1317 609">
    <p class='ocr_par' dir='ltr' id='par_1_5' title="bbox 332 339 1317 609">
     <span class='ocr_line' id='line_1_5' title="bbox 335 339 428 372; baseline -0.022 0"><span class='ocrx_word' id='word_1_27' title='bbox 335 339 380 372; x_wconf 85' lang='lat' dir='ltr'>tia</span> <span class='ocrx_word' id='word_1_28' title='bbox 405 342 428 370; x_wconf 84' lang='lat'>¹.</span> 
     </span>
     <span class='ocr_line' id='line_1_6' title="bbox 675 444 976 482; baseline 0.003 -1"><span class='ocrx_word' id='word_1_29' title='bbox 675 444 849 482; x_wconf 67' lang='lat' dir='ltr'>CAPUT</span> <span class='ocrx_word' id='word_1_30' title='bbox 882 444 976 482; x_wconf 66' lang='grc' dir='ltr'>ΧΗ.</span> 
     </span>
     <span class='ocr_line' id='line_1_7' title="bbox 332 566 1317 609; baseline -0.002 -10"><span class='ocrx_word' id='word_1_31' title='bbox 332 573 374 599; x_wconf 71' lang='lat' dir='ltr'>lte</span> <span class='ocrx_word' id='word_1_32' title='bbox 392 568 504 600; x_wconf 52' lang='lat' dir='ltr'>(diruti</span> <span class='ocrx_word' id='word_1_33' title='bbox 525 567 716 609; x_wconf 70' lang='lat' dir='ltr'>apparitioni·</span> <span class='ocrx_word' id='word_1_34' title='bbox 734 566 812 597; x_wconf 82' lang='lat' dir='ltr'>facta</span> <span class='ocrx_word' id='word_1_35' title='bbox 826 566 984 609; x_wconf 78' lang='lat' dir='ltr'>discipulis</span> <span class='ocrx_word' id='word_1_36' title='bbox 1003 567 1147 598; x_wconf 81' lang='lat' dir='ltr'>euntibus</span> <span class='ocrx_word' id='word_1_37' title='bbox 1167 571 1317 598; x_wconf 63' lang='lat' dir='ltr'>liiuniaus.</span> 
     </span>
    </p>
   </div>
   <div class='ocr_carea' id='block_1_6' title="bbox 329 691 1323 1040">
    <p class='ocr_par' dir='ltr' id='par_1_6' title="bbox 329 691 1323 1040">
     <span class='ocr_line' id='line_1_8' title="bbox 383 691 1318 742; baseline -0.001 -13"><span class='ocrx_word' id='word_1_38' title='bbox 383 697 442 731; x_wconf 62' lang='lat'>¹25).</span> <span class='ocrx_word' id='word_1_39' title='bbox 472 693 659 742; x_wconf 84' lang='lat' dir='ltr'>Quamdiu</span> <span class='ocrx_word' id='word_1_40' title='bbox 683 705 811 728; x_wconf 78' lang='lat' dir='ltr'>snmus</span> <span class='ocrx_word' id='word_1_41' title='bbox 832 693 868 727; x_wconf 95' lang='lat' dir='ltr'>in</span> <span class='ocrx_word' id='word_1_42' title='bbox 898 691 967 728; x_wconf 83' lang='lat' dir='ltr'>boe</span> <span class='ocrx_word' id='word_1_43' title='bbox 997 706 1174 742; x_wconf 76' lang='lat' dir='ltr'>corpore,</span> <span class='ocrx_word' id='word_1_44' title='bbox 1210 706 1318 741; x_wconf 74' lang='lat' dir='ltr'>pere-</span> 
     </span>
     <span class='ocr_line' id='line_1_9' title="bbox 329 752 1319 804; baseline -0.004 -12"><span class='ocrx_word' id='word_1_45' title='bbox 329 757 520 804; x_wconf 60' lang='lat' dir='ltr'>grinamur</span> <span class='ocrx_word' id='word_1_46' title='bbox 555 753 620 789; x_wconf 88' lang='lat' dir='ltr'>abs</span> <span class='ocrx_word' id='word_1_47' title='bbox 656 762 710 796; x_wconf 83' lang='lat' dir='ltr'>te,</span> <span class='ocrx_word' id='word_1_48' title='bbox 751 753 920 789; x_wconf 83' lang='lat' dir='ltr'>Domine.</span> <span class='ocrx_word' id='word_1_49' title='bbox 960 752 1136 789; x_wconf 72' lang='lat' dir='ltr'>Ambulas</span> <span class='ocrx_word' id='word_1_50' title='bbox 1168 753 1319 802; x_wconf 87' lang='lat' dir='ltr'>quidem</span> 
     </span>
     <span class='ocr_line' id='line_1_10' title="bbox 330 812 1322 862; baseline -0.002 -11"><span class='ocrx_word' id='word_1_51' title='bbox 330 829 414 851; x_wconf 68' lang='lat' dir='ltr'>rum</span> <span class='ocrx_word' id='word_1_52' title='bbox 447 814 502 849; x_wconf 83' lang='lat' dir='ltr'>liis</span> <span class='ocrx_word' id='word_1_53' title='bbox 522 813 586 862; x_wconf 81' lang='lat' dir='ltr'>qni</span> <span class='ocrx_word' id='word_1_54' title='bbox 619 812 780 861; x_wconf 68' lang='lat' dir='ltr'>diligunt</span> <span class='ocrx_word' id='word_1_55' title='bbox 805 821 858 858; x_wconf 88' lang='lat' dir='ltr'>te,</span> <span class='ocrx_word' id='word_1_56' title='bbox 889 821 923 848; x_wconf 90' lang='lat' dir='ltr'>et</span> <span class='ocrx_word' id='word_1_57' title='bbox 953 813 1161 861; x_wconf 87' lang='lat' dir='ltr'>loquuntur</span> <span class='ocrx_word' id='word_1_58' title='bbox 1189 822 1221 848; x_wconf 86' lang='lat' dir='ltr'>et</span> <span class='ocrx_word' id='word_1_59' title='bbox 1257 813 1322 849; x_wconf 90' lang='lat' dir='ltr'>tri-</span> 
     </span>
     <span class='ocr_line' id='line_1_11' title="bbox 330 871 1323 921; baseline -0.003 -11"><span class='ocrx_word' id='word_1_60' title='bbox 330 883 474 910; x_wconf 73' lang='lat' dir='ltr'>stantur</span> <span class='ocrx_word' id='word_1_61' title='bbox 491 885 604 921; x_wconf 88' lang='lat' dir='ltr'>super</span> <span class='ocrx_word' id='word_1_62' title='bbox 627 881 660 908; x_wconf 90' lang='lat' dir='ltr'>te</span> <span class='ocrx_word' id='word_1_63' title='bbox 676 887 684 907; x_wconf 92' lang='lat'>:</span> <span class='ocrx_word' id='word_1_64' title='bbox 704 871 767 908; x_wconf 88' lang='lat' dir='ltr'>scd</span> <span class='ocrx_word' id='word_1_65' title='bbox 785 880 907 908; x_wconf 87' lang='lat' dir='ltr'>tamen</span> <span class='ocrx_word' id='word_1_66' title='bbox 926 873 1122 921; x_wconf 68' lang='lat' dir='ltr'>peregrina</span> <span class='ocrx_word' id='word_1_67' title='bbox 1141 881 1195 908; x_wconf 86' lang='lat' dir='ltr'>est</span> <span class='ocrx_word' id='word_1_68' title='bbox 1214 873 1323 909; x_wconf 86' lang='lat' dir='ltr'>facies</span> 
     </span>
     <span class='ocr_line' id='line_1_12' title="bbox 331 940 1321 981; baseline -0.002 -12"><span class='ocrx_word' id='word_1_69' title='bbox 331 944 411 978; x_wconf 83' lang='lat' dir='ltr'>tua,</span> <span class='ocrx_word' id='word_1_70' title='bbox 432 941 466 968; x_wconf 77' lang='lat' dir='ltr'>et</span> <span class='ocrx_word' id='word_1_71' title='bbox 488 945 571 968; x_wconf 83' lang='lat' dir='ltr'>cnm</span> <span class='ocrx_word' id='word_1_72' title='bbox 593 943 797 980; x_wconf 72' lang='lat' dir='ltr'>cognoscas</span> <span class='ocrx_word' id='word_1_73' title='bbox 817 943 901 976; x_wconf 87' lang='lat' dir='ltr'>eos,</span> <span class='ocrx_word' id='word_1_74' title='bbox 923 944 998 967; x_wconf 88' lang='lat' dir='ltr'>non</span> <span class='ocrx_word' id='word_1_75' title='bbox 1033 940 1154 968; x_wconf 84' lang='lat' dir='ltr'>tamen</span> <span class='ocrx_word' id='word_1_76' title='bbox 1176 945 1321 981; x_wconf 72' lang='lat' dir='ltr'>cogno—</span> 
     </span>
     <span class='ocr_line' id='line_1_13' title="bbox 330 990 1322 1040; baseline -0.003 -11"><span class='ocrx_word' id='word_1_77' title='bbox 330 993 442 1029; x_wconf 79' lang='lat' dir='ltr'>sceris</span> <span class='ocrx_word' id='word_1_78' title='bbox 473 992 518 1028; x_wconf 82' lang='lat' dir='ltr'>ab</span> <span class='ocrx_word' id='word_1_79' title='bbox 549 991 612 1027; x_wconf 84' lang='lat' dir='ltr'>eis.</span> <span class='ocrx_word' id='word_1_80' title='bbox 644 995 738 1027; x_wconf 66' lang='lat' dir='ltr'>Vere</span> <span class='ocrx_word' id='word_1_81' title='bbox 771 999 808 1027; x_wconf 89' lang='grc' dir='ltr'>ιιι</span> <span class='ocrx_word' id='word_1_82' title='bbox 839 1004 877 1026; x_wconf 89' lang='lat' dir='ltr'>es</span> <span class='ocrx_word' id='word_1_83' title='bbox 909 991 968 1026; x_wconf 84' lang='lat' dir='ltr'>ille</span> <span class='ocrx_word' id='word_1_84' title='bbox 994 990 1154 1040; x_wconf 77' lang='lat' dir='ltr'>Josepli,</span> <span class='ocrx_word' id='word_1_85' title='bbox 1185 991 1248 1039; x_wconf 82' lang='lat' dir='ltr'>qui</span> <span class='ocrx_word' id='word_1_86' title='bbox 1277 991 1322 1026; x_wconf 92' lang='lat' dir='ltr'>ad</span> 
     </span>
    </p>
   </div>
   <div class='ocr_carea' id='block_1_7' title="bbox 331 1045 1367 1099">
    <p class='ocr_par' dir='ltr' id='par_1_7' title="bbox 331 1045 1367 1099">
     <span class='ocr_line' id='line_1_14' title="bbox 331 1045 1367 1099; baseline -0.003 -11"><span class='ocrx_word' id='word_1_87' title='bbox 331 1055 461 1088; x_wconf 77' lang='lat' dir='ltr'>fratres</span> <span class='ocrx_word' id='word_1_88' title='bbox 484 1059 567 1087; x_wconf 87' lang='lat' dir='ltr'>tuos</span> <span class='ocrx_word' id='word_1_89' title='bbox 589 1050 694 1099; x_wconf 83' lang='lat' dir='ltr'>quasi</span> <span class='ocrx_word' id='word_1_90' title='bbox 716 1049 761 1085; x_wconf 87' lang='lat' dir='ltr'>ad</span> <span class='ocrx_word' id='word_1_91' title='bbox 779 1050 920 1086; x_wconf 83' lang='lat' dir='ltr'>alienos</span> <span class='ocrx_word' id='word_1_92' title='bbox 941 1045 1071 1085; x_wconf 86' lang='lat' dir='ltr'>durius</span> <span class='ocrx_word' id='word_1_93' title='bbox 1093 1048 1319 1098; x_wconf 75' lang='lat' dir='ltr'>loquebaris,</span> <span class='ocrx_word' id='word_1_94' title='bbox 1342 1048 1367 1080; x_wconf 68' lang='grc' dir='ltr'>Β</span> 
     </span>
    </p>
   </div>
   <div class='ocr_carea' id='block_1_8' title="bbox 329 1107 1322 1333">
    <p class='ocr_par' dir='ltr' id='par_1_8' title="bbox 329 1107 1322 1333">
     <span class='ocr_line' id='line_1_15' title="bbox 331 1107 1321 1158; baseline -0.002 -12"><span class='ocrx_word' id='word_1_95' title='bbox 331 1124 404 1146; x_wconf 88' lang='lat' dir='ltr'>non</span> <span class='ocrx_word' id='word_1_96' title='bbox 438 1109 714 1158; x_wconf 68' lang='lat' dir='ltr'>indignatione,</span> <span class='ocrx_word' id='word_1_97' title='bbox 735 1108 798 1144; x_wconf 89' lang='lat' dir='ltr'>sed</span> <span class='ocrx_word' id='word_1_98' title='bbox 831 1108 1090 1151; x_wconf 71' lang='lat' dir='ltr'>miseratione,</span> <span class='ocrx_word' id='word_1_99' title='bbox 1120 1107 1208 1143; x_wconf 92' lang='lat' dir='ltr'>dum</span> <span class='ocrx_word' id='word_1_100' title='bbox 1241 1109 1321 1144; x_wconf 88' lang='lat' dir='ltr'>illos</span> 
     </span>
     <span class='ocr_line' id='line_1_16' title="bbox 330 1167 1319 1216; baseline -0.002 -10"><span class='ocrx_word' id='word_1_101' title='bbox 330 1173 424 1206; x_wconf 84' lang='lat' dir='ltr'>duos</span> <span class='ocrx_word' id='word_1_102' title='bbox 458 1170 493 1205; x_wconf 93' lang='lat' dir='ltr'>in</span> <span class='ocrx_word' id='word_1_103' title='bbox 527 1170 583 1205; x_wconf 70' lang='lat' dir='ltr'>via</span> <span class='ocrx_word' id='word_1_104' title='bbox 618 1167 852 1204; x_wconf 80' lang='lat' dir='ltr'>ambulantes</span> <span class='ocrx_word' id='word_1_105' title='bbox 882 1176 918 1203; x_wconf 85' lang='lat' dir='ltr'>et</span> <span class='ocrx_word' id='word_1_106' title='bbox 950 1167 1072 1203; x_wconf 88' lang='lat' dir='ltr'>tristes</span> <span class='ocrx_word' id='word_1_107' title='bbox 1108 1170 1319 1216; x_wconf 82' lang='lat' dir='ltr'>appropin—</span> 
     </span>
     <span class='ocr_line' id='line_1_17' title="bbox 1096 1230 1322 1262; baseline 0.004 -1"><span class='ocrx_word' id='word_1_108' title='bbox 1096 1231 1127 1261; x_wconf 89' lang='grc'>()</span> <span class='ocrx_word' id='word_1_109' title='bbox 1153 1230 1257 1262; x_wconf 69' lang='lat' dir='ltr'>stulti</span> <span class='ocrx_word' id='word_1_110' title='bbox 1289 1238 1322 1262; x_wconf 69' lang='lat' dir='ltr'>et</span> 
     </span>
     <span class='ocr_line' id='line_1_18' title="bbox 329 1286 1322 1333; baseline -0.002 -9"><span class='ocrx_word' id='word_1_111' title='bbox 329 1291 426 1324; x_wconf 66' lang='lat' dir='ltr'>sardi</span> <span class='ocrx_word' id='word_1_112' title='bbox 458 1290 565 1323; x_wconf 72' lang='lat' dir='ltr'>‹mde</span> <span class='ocrx_word' id='word_1_113' title='bbox 593 1290 646 1322; x_wconf 80' lang='lat' dir='ltr'>ad</span> <span class='ocrx_word' id='word_1_114' title='bbox 674 1289 896 1321; x_wconf 66' lang='lat' dir='ltr'>credendum</span> <span class='ocrx_word' id='word_1_115' title='bbox 916 1289 950 1320; x_wconf 72' lang='lat'>²!</span> <span class='ocrx_word' id='word_1_116' title='bbox 976 1286 1137 1322; x_wconf 62' lang='lat' dir='ltr'>Yeniunt</span> <span class='ocrx_word' id='word_1_117' title='bbox 1167 1300 1255 1333; x_wconf 65' lang='lat' dir='ltr'>crgo</span> <span class='ocrx_word' id='word_1_118' title='bbox 1277 1286 1322 1322; x_wconf 88' lang='lat' dir='ltr'>ad</span> 
     </span>
    </p>
   </div>
   <div class='ocr_carea' id='block_1_9' title="bbox 330 1227 1064 1278">
    <p class='ocr_par' dir='ltr' id='par_1_9' title="bbox 330 1227 1064 1278">
     <span class='ocr_line' id='line_1_19' title="bbox 330 1227 1064 1278; baseline -0.005 -13"><span class='ocrx_word' id='word_1_119' title='bbox 330 1243 468 1278; x_wconf 71' lang='lat' dir='ltr'>«pians,</span> <span class='ocrx_word' id='word_1_120' title='bbox 503 1237 539 1265; x_wconf 81' lang='lat' dir='ltr'>et</span> <span class='ocrx_word' id='word_1_121' title='bbox 573 1227 752 1269; x_wconf 75' lang='lat' dir='ltr'>docebas,</span> <span class='ocrx_word' id='word_1_122' title='bbox 786 1236 821 1263; x_wconf 82' lang='lat' dir='ltr'>et</span> <span class='ocrx_word' id='word_1_123' title='bbox 853 1227 1064 1275; x_wconf 69' lang='lat' dir='ltr'>arguebas:</span> 
     </span>
    </p>
   </div>
   <div class='ocr_carea' id='block_1_10' title="bbox 326 1344 1325 1753">
    <p class='ocr_par' dir='ltr' id='par_1_10' title="bbox 326 1344 1325 1753">
     <span class='ocr_line' id='line_1_20' title="bbox 332 1344 1323 1396; baseline -0.004 -13"><span class='ocrx_word' id='word_1_124' title='bbox 332 1359 364 1384; x_wconf 74' lang='lat' dir='ltr'>te</span> <span class='ocrx_word' id='word_1_125' title='bbox 383 1347 486 1396; x_wconf 79' lang='lat' dir='ltr'>quasi</span> <span class='ocrx_word' id='word_1_126' title='bbox 508 1347 616 1383; x_wconf 83' lang='lat' dir='ltr'>alieni</span> <span class='ocrx_word' id='word_1_127' title='bbox 639 1347 769 1381; x_wconf 87' lang='lat' dir='ltr'>fratres</span> <span class='ocrx_word' id='word_1_128' title='bbox 800 1345 874 1388; x_wconf 89' lang='lat' dir='ltr'>tui,</span> <span class='ocrx_word' id='word_1_129' title='bbox 905 1345 968 1380; x_wconf 83' lang='lat' dir='ltr'>sed</span> <span class='ocrx_word' id='word_1_130' title='bbox 1002 1353 1038 1379; x_wconf 91' lang='lat' dir='ltr'>tu</span> <span class='ocrx_word' id='word_1_131' title='bbox 1069 1344 1228 1394; x_wconf 80' lang='lat' dir='ltr'>benigne</span> <span class='ocrx_word' id='word_1_132' title='bbox 1258 1359 1323 1393; x_wconf 81' lang='lat' dir='ltr'>ap—</span> 
     </span>
     <span class='ocr_line' id='line_1_21' title="bbox 330 1403 1322 1457; baseline -0.002 -16"><span class='ocrx_word' id='word_1_133' title='bbox 330 1408 562 1457; x_wconf 70' lang='lat' dir='ltr'>propinquas</span> <span class='ocrx_word' id='word_1_134' title='bbox 580 1406 631 1441; x_wconf 84' lang='lat' dir='ltr'>eis</span> <span class='ocrx_word' id='word_1_135' title='bbox 653 1420 659 1440; x_wconf 94' lang='lat'>:</span> <span class='ocrx_word' id='word_1_136' title='bbox 684 1404 839 1440; x_wconf 68' lang='lat' dir='ltr'>xeniunt</span> <span class='ocrx_word' id='word_1_137' title='bbox 857 1403 903 1439; x_wconf 86' lang='lat' dir='ltr'>ad</span> <span class='ocrx_word' id='word_1_138' title='bbox 926 1413 959 1439; x_wconf 81' lang='lat' dir='ltr'>te</span> <span class='ocrx_word' id='word_1_139' title='bbox 984 1417 1069 1440; x_wconf 79' lang='lat' dir='ltr'>cuin</span> <span class='ocrx_word' id='word_1_140' title='bbox 1094 1404 1205 1439; x_wconf 88' lang='lat' dir='ltr'>asinis</span> <span class='ocrx_word' id='word_1_141' title='bbox 1226 1405 1322 1439; x_wconf 90' lang='lat' dir='ltr'>stul-</span> 
     </span>
     <span class='ocr_line' id='line_1_22' title="bbox 329 1463 1323 1511; baseline -0.005 -9"><span class='ocrx_word' id='word_1_142' title='bbox 329 1468 417 1502; x_wconf 70' lang='lat' dir='ltr'>titiae</span> <span class='ocrx_word' id='word_1_143' title='bbox 439 1475 473 1501; x_wconf 79' lang='lat' dir='ltr'>et</span> <span class='ocrx_word' id='word_1_144' title='bbox 497 1465 679 1501; x_wconf 77' lang='lat' dir='ltr'>tarditatis</span> <span class='ocrx_word' id='word_1_145' title='bbox 696 1476 789 1508; x_wconf 77' lang='lat' dir='ltr'>suae,</span> <span class='ocrx_word' id='word_1_146' title='bbox 808 1471 841 1498; x_wconf 85' lang='lat' dir='ltr'>et</span> <span class='ocrx_word' id='word_1_147' title='bbox 865 1475 949 1499; x_wconf 82' lang='lat' dir='ltr'>eum</span> <span class='ocrx_word' id='word_1_148' title='bbox 972 1463 1087 1498; x_wconf 86' lang='lat' dir='ltr'>saccis</span> <span class='ocrx_word' id='word_1_149' title='bbox 1104 1463 1230 1498; x_wconf 75' lang='lat' dir='ltr'>vacuis</span> <span class='ocrx_word' id='word_1_150' title='bbox 1247 1475 1323 1511; x_wconf 82' lang='lat' dir='ltr'>prae</span> 
     </span>
     <span class='ocr_line' id='line_1_23' title="bbox 331 1522 1322 1575; baseline -0.005 -14"><span class='ocrx_word' id='word_1_151' title='bbox 331 1526 478 1575; x_wconf 78' lang='lat' dir='ltr'>inopia3</span> <span class='ocrx_word' id='word_1_152' title='bbox 504 1524 566 1561; x_wconf 86' lang='lat' dir='ltr'>sed</span> <span class='ocrx_word' id='word_1_153' title='bbox 589 1532 627 1560; x_wconf 90' lang='lat' dir='ltr'>tu</span> <span class='ocrx_word' id='word_1_154' title='bbox 650 1535 726 1559; x_wconf 92' lang='lat' dir='ltr'>non</span> <span class='ocrx_word' id='word_1_155' title='bbox 745 1523 866 1559; x_wconf 82' lang='lat' dir='ltr'>solum</span> <span class='ocrx_word' id='word_1_156' title='bbox 892 1522 1082 1558; x_wconf 87' lang='lat' dir='ltr'>frumento</span> <span class='ocrx_word' id='word_1_157' title='bbox 1104 1522 1224 1570; x_wconf 86' lang='lat' dir='ltr'>reples</span> <span class='ocrx_word' id='word_1_158' title='bbox 1244 1534 1322 1565; x_wconf 88' lang='lat' dir='ltr'>eos,</span> 
     </span>
     <span class='ocr_line' id='line_1_24' title="bbox 328 1581 1324 1634; baseline -0.005 -13"><span class='ocrx_word' id='word_1_159' title='bbox 328 1587 418 1634; x_wconf 77' lang='lat' dir='ltr'>quin</span> <span class='ocrx_word' id='word_1_160' title='bbox 442 1585 552 1620; x_wconf 88' lang='lat' dir='ltr'>etiam</span> <span class='ocrx_word' id='word_1_161' title='bbox 576 1582 772 1633; x_wconf 72' lang='lat' dir='ltr'>pecimiam</span> <span class='ocrx_word' id='word_1_162' title='bbox 795 1581 919 1618; x_wconf 82' lang='lat' dir='ltr'>reddis</span> <span class='ocrx_word' id='word_1_163' title='bbox 938 1581 1086 1630; x_wconf 80' lang='lat' dir='ltr'>ligatam</span> <span class='ocrx_word' id='word_1_164' title='bbox 1108 1581 1142 1616; x_wconf 90' lang='lat' dir='ltr'>in</span> <span class='ocrx_word' id='word_1_165' title='bbox 1163 1594 1228 1617; x_wconf 85' lang='lat' dir='ltr'>ore</span> <span class='ocrx_word' id='word_1_166' title='bbox 1249 1594 1324 1617; x_wconf 90' lang='lat' dir='ltr'>sae-</span> 
     </span>
     <span class='ocr_line' id='line_1_25' title="bbox 329 1642 1324 1691; baseline -0.004 -13"><span class='ocrx_word' id='word_1_167' title='bbox 329 1645 411 1681; x_wconf 68' lang='lat' dir='ltr'>culi.</span> <span class='ocrx_word' id='word_1_168' title='bbox 434 1648 580 1691; x_wconf 77' lang='lat' dir='ltr'>ApercO,</span> <span class='ocrx_word' id='word_1_169' title='bbox 600 1642 738 1690; x_wconf 85' lang='lat' dir='ltr'>inquit,</span> <span class='ocrx_word' id='word_1_170' title='bbox 760 1654 849 1676; x_wconf 77' lang='lat' dir='ltr'>unus</span> <span class='ocrx_word' id='word_1_171' title='bbox 865 1654 969 1676; x_wconf 77' lang='lat' dir='ltr'>sacco</span> <span class='ocrx_word' id='word_1_172' title='bbox 985 1649 1024 1676; x_wconf 81' lang='lat' dir='ltr'>ut</span> <span class='ocrx_word' id='word_1_173' title='bbox 1040 1642 1146 1676; x_wconf 74' lang='lat' dir='ltr'>daret</span> <span class='ocrx_word' id='word_1_174' title='bbox 1155 1645 1324 1686; x_wconf 78' lang='lat' dir='ltr'>jumento</span> 
     </span>
     <span class='ocr_line' id='line_1_26' title="bbox 326 1700 1325 1753; baseline -0.003 -16"><span class='ocrx_word' id='word_1_175' title='bbox 326 1705 502 1753; x_wconf 56' lang='lat' dir='ltr'>stabulum</span> <span class='ocrx_word' id='word_1_176' title='bbox 513 1732 524 1748; x_wconf 87' lang='lat'><em>‚</em></span> <span class='ocrx_word' id='word_1_177' title='bbox 547 1706 684 1737; x_wconf 73' lang='lat' dir='ltr'>Invenit</span> <span class='ocrx_word' id='word_1_178' title='bbox 701 1705 902 1748; x_wconf 76' lang='lat' dir='ltr'>pecuniam</span> <span class='ocrx_word' id='word_1_179' title='bbox 922 1702 959 1735; x_wconf 80' lang='lat' dir='ltr'>in</span> <span class='ocrx_word' id='word_1_180' title='bbox 980 1712 1042 1734; x_wconf 78' lang='lat' dir='ltr'>ore</span> <span class='ocrx_word' id='word_1_181' title='bbox 1061 1702 1208 1741; x_wconf 74' lang='lat' dir='ltr'>sacculi.</span> <span class='ocrx_word' id='word_1_182' title='bbox 1229 1700 1325 1734; x_wconf 74' lang='lat' dir='ltr'>Red-</span> 
     </span>
    </p>
   </div>
   <div class='ocr_carea' id='block_1_11' title="bbox 331 1758 1324 1808">
    <p class='ocr_par' dir='ltr' id='par_1_11' title="bbox 331 1758 1324 1808">
     <span class='ocr_line' id='line_1_27' title="bbox 331 1758 1324 1808; baseline -0.006 -10"><span class='ocrx_word' id='word_1_183' title='bbox 331 1769 405 1798; x_wconf 59' lang='lat' dir='ltr'>(lita</span> <span class='ocrx_word' id='word_1_184' title='bbox 422 1773 494 1805; x_wconf 54' lang='lat' dir='ltr'>eat,</span> <span class='ocrx_word' id='word_1_185' title='bbox 513 1761 580 1807; x_wconf 84' lang='lat' dir='ltr'>ait,</span> <span class='ocrx_word' id='word_1_186' title='bbox 599 1761 690 1796; x_wconf 72' lang='lat' dir='ltr'>milii</span> <span class='ocrx_word' id='word_1_187' title='bbox 698 1764 860 1808; x_wconf 74' lang='lat' dir='ltr'>pecunia</span> <span class='ocrx_word' id='word_1_188' title='bbox 872 1787 881 1802; x_wconf 92' lang='lat'><strong><em>‚</em></strong></span> <span class='ocrx_word' id='word_1_189' title='bbox 901 1772 945 1794; x_wconf 78' lang='lat' dir='ltr'>eu</span> <span class='ocrx_word' id='word_1_190' title='bbox 963 1758 1118 1794; x_wconf 71' lang='lat' dir='ltr'>habetur</span> <span class='ocrx_word' id='word_1_191' title='bbox 1129 1763 1164 1794; x_wconf 80' lang='lat' dir='ltr'>in</span> <span class='ocrx_word' id='word_1_192' title='bbox 1181 1762 1287 1793; x_wconf 58' lang='grc' dir='ltr'>,ναι-ἑο</span> <span class='ocrx_word' id='word_1_193' title='bbox 1299 1758 1324 1795; x_wconf 74' lang='lat'>3.</span> 
     </span>
    </p>
   </div>
   <div class='ocr_carea' id='block_1_12' title="bbox 1341 336 2376 387">
    <p class='ocr_par' dir='ltr' id='par_1_12' title="bbox 1341 336 2376 387">
     <span class='ocr_line' id='line_1_28' title="bbox 1341 336 2376 387; baseline 0.006 -16"><span class='ocrx_word' id='word_1_194' title='bbox 1341 341 1366 371; x_wconf 72' lang='lat' dir='ltr'>A</span> <span class='ocrx_word' id='word_1_195' title='bbox 1391 346 1482 380; x_wconf 84' lang='lat' dir='ltr'>tam,</span> <span class='ocrx_word' id='word_1_196' title='bbox 1515 336 1643 372; x_wconf 85' lang='lat' dir='ltr'>semita</span> <span class='ocrx_word' id='word_1_197' title='bbox 1676 336 1891 373; x_wconf 88' lang='lat' dir='ltr'>humilitatis</span> <span class='ocrx_word' id='word_1_198' title='bbox 1930 346 1964 373; x_wconf 81' lang='lat' dir='ltr'>ct</span> <span class='ocrx_word' id='word_1_199' title='bbox 2006 339 2211 387; x_wconf 77' lang='lat' dir='ltr'>patientiae,</span> <span class='ocrx_word' id='word_1_200' title='bbox 2247 342 2376 377; x_wconf 84' lang='lat' dir='ltr'>semita</span> 
     </span>
    </p>
   </div>
   <div class='ocr_carea' id='block_1_13' title="bbox 1389 395 2384 1808">
    <p class='ocr_par' dir='ltr' id='par_1_13' title="bbox 1389 395 2384 1808">
     <span class='ocr_line' id='line_1_29' title="bbox 1390 395 2375 447; baseline 0.005 -17"><span class='ocrx_word' id='word_1_201' title='bbox 1390 395 1682 431; x_wconf 80' lang='lat' dir='ltr'>mansncttulinis</span> <span class='ocrx_word' id='word_1_202' title='bbox 1702 405 1736 432; x_wconf 83' lang='lat' dir='ltr'>ct</span> <span class='ocrx_word' id='word_1_203' title='bbox 1756 396 2038 442; x_wconf 82' lang='lat' dir='ltr'>misericordiae‚</span> <span class='ocrx_word' id='word_1_204' title='bbox 2056 406 2091 433; x_wconf 89' lang='lat' dir='ltr'>ct</span> <span class='ocrx_word' id='word_1_205' title='bbox 2109 398 2290 447; x_wconf 85' lang='lat' dir='ltr'>quidquid</span> <span class='ocrx_word' id='word_1_206' title='bbox 2310 400 2375 435; x_wconf 82' lang='lat' dir='ltr'>liu-</span> 
     </span>
     <span class='ocr_line' id='line_1_30' title="bbox 1390 455 2374 506; baseline 0.007 -18"><span class='ocrx_word' id='word_1_207' title='bbox 1390 467 1499 489; x_wconf 89' lang='lat' dir='ltr'>mano</span> <span class='ocrx_word' id='word_1_208' title='bbox 1519 467 1645 504; x_wconf 78' lang='lat' dir='ltr'>generi</span> <span class='ocrx_word' id='word_1_209' title='bbox 1667 468 1734 504; x_wconf 85' lang='lat' dir='ltr'>per</span> <span class='ocrx_word' id='word_1_210' title='bbox 1762 455 2027 492; x_wconf 77' lang='lat' dir='ltr'>incarnationis</span> <span class='ocrx_word' id='word_1_211' title='bbox 2059 466 2131 494; x_wconf 88' lang='lat' dir='ltr'>tuae</span> <span class='ocrx_word' id='word_1_212' title='bbox 2158 459 2374 506; x_wconf 77' lang='lat' dir='ltr'>mysterium</span> 
     </span>
     <span class='ocr_line' id='line_1_31' title="bbox 1390 513 2376 562; baseline 0.004 -13"><span class='ocrx_word' id='word_1_213' title='bbox 1390 514 1553 550; x_wconf 68' lang='lat' dir='ltr'>reu-tare</span> <span class='ocrx_word' id='word_1_214' title='bbox 1574 513 1746 562; x_wconf 70' lang='lat' dir='ltr'>diguatus</span> <span class='ocrx_word' id='word_1_215' title='bbox 1767 527 1817 550; x_wconf 74' lang='lat' dir='ltr'>es,</span> <span class='ocrx_word' id='word_1_216' title='bbox 1837 515 1991 552; x_wconf 85' lang='lat' dir='ltr'>Relueet</span> <span class='ocrx_word' id='word_1_217' title='bbox 2019 515 2127 552; x_wconf 89' lang='lat' dir='ltr'>nobis</span> <span class='ocrx_word' id='word_1_218' title='bbox 2146 529 2191 553; x_wconf 80' lang='lat' dir='ltr'>ex</span> <span class='ocrx_word' id='word_1_219' title='bbox 2212 517 2279 553; x_wconf 82' lang='lat' dir='ltr'>liae</span> <span class='ocrx_word' id='word_1_220' title='bbox 2296 518 2376 553; x_wconf 86' lang='lat' dir='ltr'>lnce</span> 
     </span>
     <span class='ocr_line' id='line_1_32' title="bbox 1389 573 2377 624; baseline 0.004 -16"><span class='ocrx_word' id='word_1_221' title='bbox 1389 574 1476 620; x_wconf 69' lang='lat' dir='ltr'>legis</span> <span class='ocrx_word' id='word_1_222' title='bbox 1506 582 1542 608; x_wconf 76' lang='lat' dir='ltr'>et</span> <span class='ocrx_word' id='word_1_223' title='bbox 1575 573 1783 622; x_wconf 85' lang='lat' dir='ltr'>proplietiae</span> <span class='ocrx_word' id='word_1_224' title='bbox 1809 574 1947 623; x_wconf 82' lang='lat' dir='ltr'>gloria,</span> <span class='ocrx_word' id='word_1_225' title='bbox 1973 575 2150 623; x_wconf 84' lang='lat' dir='ltr'>quoniam</span> <span class='ocrx_word' id='word_1_226' title='bbox 2175 579 2323 624; x_wconf 85' lang='lat' dir='ltr'>Moyses</span> <span class='ocrx_word' id='word_1_227' title='bbox 2341 583 2377 612; x_wconf 87' lang='lat' dir='ltr'>et</span> 
     </span>
     <span class='ocr_line' id='line_1_33' title="bbox 1392 634 2378 682; baseline 0.003 -14"><span class='ocrx_word' id='word_1_228' title='bbox 1392 634 1484 669; x_wconf 70' lang='lat' dir='ltr'>Elias</span> <span class='ocrx_word' id='word_1_229' title='bbox 1509 642 1628 669; x_wconf 87' lang='lat' dir='ltr'>tecum</span> <span class='ocrx_word' id='word_1_230' title='bbox 1655 642 1912 682; x_wconf 84' lang='lat' dir='ltr'>apparuerunt</span> <span class='ocrx_word' id='word_1_231' title='bbox 1939 634 1975 670; x_wconf 90' lang='lat' dir='ltr'>in</span> <span class='ocrx_word' id='word_1_232' title='bbox 2009 643 2155 680; x_wconf 89' lang='lat' dir='ltr'>moute,</span> <span class='ocrx_word' id='word_1_233' title='bbox 2174 635 2238 671; x_wconf 90' lang='lat' dir='ltr'>sed</span> <span class='ocrx_word' id='word_1_234' title='bbox 2259 634 2378 672; x_wconf 87' lang='lat' dir='ltr'>nubes</span> 
     </span>
     <span class='ocr_line' id='line_1_34' title="bbox 1389 691 2376 742; baseline 0.003 -14"><span class='ocrx_word' id='word_1_235' title='bbox 1389 692 1509 728; x_wconf 84' lang='lat' dir='ltr'>lucida</span> <span class='ocrx_word' id='word_1_236' title='bbox 1527 691 1769 728; x_wconf 82' lang='lat' dir='ltr'>obumbravit</span> <span class='ocrx_word' id='word_1_237' title='bbox 1785 706 1848 727; x_wconf 83' lang='lat' dir='ltr'>cos</span> <span class='ocrx_word' id='word_1_238' title='bbox 1867 708 1873 728; x_wconf 92' lang='lat'>:</span> <span class='ocrx_word' id='word_1_239' title='bbox 1895 706 1962 729; x_wconf 88' lang='lat' dir='ltr'>nec</span> <span class='ocrx_word' id='word_1_240' title='bbox 1982 693 2050 742; x_wconf 85' lang='lat' dir='ltr'>ipsi</span> <span class='ocrx_word' id='word_1_241' title='bbox 2072 694 2191 739; x_wconf 87' lang='lat' dir='ltr'>enirn,</span> <span class='ocrx_word' id='word_1_242' title='bbox 2219 694 2313 731; x_wconf 89' lang='lat' dir='ltr'>sicut</span> <span class='ocrx_word' id='word_1_243' title='bbox 2341 704 2376 730; x_wconf 88' lang='lat' dir='ltr'>et</span> 
     </span>
     <span class='ocr_line' id='line_1_35' title="bbox 1390 752 2376 803; baseline 0.002 -15"><span class='ocrx_word' id='word_1_244' title='bbox 1390 766 1475 796; x_wconf 85' lang='lat' dir='ltr'>nos,</span> <span class='ocrx_word' id='word_1_245' title='bbox 1513 753 1591 788; x_wconf 86' lang='lat' dir='ltr'>sine</span> <span class='ocrx_word' id='word_1_246' title='bbox 1623 760 1684 788; x_wconf 88' lang='lat' dir='ltr'>tua</span> <span class='ocrx_word' id='word_1_247' title='bbox 1723 752 1956 800; x_wconf 81' lang='lat' dir='ltr'>protectione</span> <span class='ocrx_word' id='word_1_248' title='bbox 1987 753 2119 789; x_wconf 86' lang='lat' dir='ltr'>salvari</span> <span class='ocrx_word' id='word_1_249' title='bbox 2151 754 2376 803; x_wconf 86' lang='lat' dir='ltr'>potuissent.</span> 
     </span>
     <span class='ocr_line' id='line_1_36' title="bbox 1390 811 2376 857; baseline 0 -8"><span class='ocrx_word' id='word_1_250' title='bbox 1390 817 1653 849; x_wconf 57' lang='lat' dir='ltr'>Verinntanien</span> <span class='ocrx_word' id='word_1_251' title='bbox 1686 811 1755 847; x_wconf 87' lang='lat' dir='ltr'>illis</span> <span class='ocrx_word' id='word_1_252' title='bbox 1785 812 1879 847; x_wconf 90' lang='lat' dir='ltr'>sicut</span> <span class='ocrx_word' id='word_1_253' title='bbox 1907 813 2034 849; x_wconf 86' lang='lat' dir='ltr'>amicis</span> <span class='ocrx_word' id='word_1_254' title='bbox 2067 822 2103 849; x_wconf 86' lang='lat' dir='ltr'>et</span> <span class='ocrx_word' id='word_1_255' title='bbox 2137 813 2376 857; x_wconf 78' lang='lat' dir='ltr'>domesticis,</span> 
     </span>
     <span class='ocr_line' id='line_1_37' title="bbox 1390 871 2379 922; baseline 0.001 -14"><span class='ocrx_word' id='word_1_256' title='bbox 1390 874 1463 908; x_wconf 88' lang='lat' dir='ltr'>imo</span> <span class='ocrx_word' id='word_1_257' title='bbox 1485 871 1777 907; x_wconf 77' lang='lat' dir='ltr'>domesticorum</span> <span class='ocrx_word' id='word_1_258' title='bbox 1795 880 1831 907; x_wconf 83' lang='lat' dir='ltr'>et</span> <span class='ocrx_word' id='word_1_259' title='bbox 1853 872 2056 909; x_wconf 89' lang='lat' dir='ltr'>amicorum</span> <span class='ocrx_word' id='word_1_260' title='bbox 2077 881 2224 909; x_wconf 87' lang='lat' dir='ltr'>tuorum</span> <span class='ocrx_word' id='word_1_261' title='bbox 2247 874 2379 922; x_wconf 71' lang='lat' dir='ltr'>praeci-</span> 
     </span>
     <span class='ocr_line' id='line_1_38' title="bbox 1389 929 2379 980; baseline 0.002 -16"><span class='ocrx_word' id='word_1_262' title='bbox 1389 931 1489 980; x_wconf 78' lang='lat' dir='ltr'>puis,</span> <span class='ocrx_word' id='word_1_263' title='bbox 1511 930 1730 966; x_wconf 73' lang='lat' dir='ltr'>sacramenti</span> <span class='ocrx_word' id='word_1_264' title='bbox 1754 930 1805 965; x_wconf 90' lang='lat' dir='ltr'>tui</span> <span class='ocrx_word' id='word_1_265' title='bbox 1824 929 1942 966; x_wconf 81' lang='lat' dir='ltr'>nubes</span> <span class='ocrx_word' id='word_1_266' title='bbox 1960 939 2037 966; x_wconf 91' lang='lat' dir='ltr'>erat</span> <span class='ocrx_word' id='word_1_267' title='bbox 2058 931 2276 979; x_wconf 74' lang='lat' dir='ltr'>pra‘lucida,</span> <span class='ocrx_word' id='word_1_268' title='bbox 2295 944 2379 979; x_wconf 67' lang='lat' dir='ltr'>qua·</span> 
     </span>
     <span class='ocr_line' id='line_1_39' title="bbox 1390 988 2377 1038; baseline 0 -13"><span class='ocrx_word' id='word_1_269' title='bbox 1390 990 1495 1025; x_wconf 89' lang='lat' dir='ltr'>nobis</span> <span class='ocrx_word' id='word_1_270' title='bbox 1519 988 1731 1038; x_wconf 84' lang='lat' dir='ltr'>jacentibus</span> <span class='ocrx_word' id='word_1_271' title='bbox 1760 997 1794 1024; x_wconf 91' lang='lat' dir='ltr'>et</span> <span class='ocrx_word' id='word_1_272' title='bbox 1825 989 1998 1038; x_wconf 84' lang='lat' dir='ltr'>projectis</span> <span class='ocrx_word' id='word_1_273' title='bbox 2018 1003 2037 1026; x_wconf 90' lang='lat' dir='ltr'>a</span> <span class='ocrx_word' id='word_1_274' title='bbox 2059 990 2148 1026; x_wconf 85' lang='lat' dir='ltr'>facie</span> <span class='ocrx_word' id='word_1_275' title='bbox 2180 991 2377 1027; x_wconf 90' lang='lat' dir='ltr'>oculorum</span> 
     </span>
     <span class='ocr_line' id='line_1_40' title="bbox 1390 1047 2377 1098; baseline 0 -13"><span class='ocrx_word' id='word_1_276' title='bbox 1390 1059 1539 1085; x_wconf 85' lang='lat' dir='ltr'>tuorum</span> <span class='ocrx_word' id='word_1_277' title='bbox 1564 1048 1669 1084; x_wconf 68' lang='lat' dir='ltr'>valde</span> <span class='ocrx_word' id='word_1_278' title='bbox 1689 1047 1919 1085; x_wconf 84' lang='lat' dir='ltr'>subobscura</span> <span class='ocrx_word' id='word_1_279' title='bbox 1936 1057 1989 1085; x_wconf 87' lang='lat' dir='ltr'>est</span> <span class='ocrx_word' id='word_1_280' title='bbox 2009 1064 2015 1084; x_wconf 92' lang='lat'><strong>:</strong></span> <span class='ocrx_word' id='word_1_281' title='bbox 2038 1049 2102 1085; x_wconf 89' lang='lat' dir='ltr'>sed</span> <span class='ocrx_word' id='word_1_282' title='bbox 2119 1050 2377 1098; x_wconf 79' lang='lat' dir='ltr'>imperfectum</span> 
     </span>
     <span class='ocr_line' id='line_1_41' title="bbox 1390 1107 2380 1152; baseline 0 -8"><span class='ocrx_word' id='word_1_283' title='bbox 1390 1122 1511 1145; x_wconf 73' lang='lat' dir='ltr'>uncum</span> <span class='ocrx_word' id='word_1_284' title='bbox 1531 1108 1705 1144; x_wconf 73' lang='lat' dir='ltr'>viderunt</span> <span class='ocrx_word' id='word_1_285' title='bbox 1721 1107 1818 1144; x_wconf 83' lang='lat' dir='ltr'>oculi</span> <span class='ocrx_word' id='word_1_286' title='bbox 1842 1108 1912 1152; x_wconf 81' lang='lat' dir='ltr'>tui,</span> <span class='ocrx_word' id='word_1_287' title='bbox 1934 1117 1969 1144; x_wconf 92' lang='lat' dir='ltr'>et</span> <span class='ocrx_word' id='word_1_288' title='bbox 1988 1108 2023 1144; x_wconf 88' lang='lat' dir='ltr'>in</span> <span class='ocrx_word' id='word_1_289' title='bbox 2043 1107 2140 1144; x_wconf 89' lang='lat' dir='ltr'>libro</span> <span class='ocrx_word' id='word_1_290' title='bbox 2162 1116 2226 1144; x_wconf 90' lang='lat' dir='ltr'>tuo</span> <span class='ocrx_word' id='word_1_291' title='bbox 2249 1121 2380 1144; x_wconf 86' lang='lat' dir='ltr'>omncs</span> 
     </span>
     <span class='ocr_line' id='line_1_42' title="bbox 1389 1167 2380 1216; baseline -0.001 -12"><span class='ocrx_word' id='word_1_292' title='bbox 1389 1169 1618 1212; x_wconf 68' lang='lat' dir='ltr'>scribentur,</span> <span class='ocrx_word' id='word_1_293' title='bbox 1655 1168 1831 1216; x_wconf 84' lang='lat' dir='ltr'>quoniam</span> <span class='ocrx_word' id='word_1_294' title='bbox 1861 1168 1930 1203; x_wconf 87' lang='lat' dir='ltr'>sub</span> <span class='ocrx_word' id='word_1_295' title='bbox 1963 1167 2062 1204; x_wconf 91' lang='lat' dir='ltr'>nube</span> <span class='ocrx_word' id='word_1_296' title='bbox 2096 1176 2157 1204; x_wconf 89' lang='lat' dir='ltr'>tua</span> <span class='ocrx_word' id='word_1_297' title='bbox 2195 1169 2314 1204; x_wconf 85' lang='lat' dir='ltr'>nutris</span> <span class='ocrx_word' id='word_1_298' title='bbox 2344 1177 2380 1203; x_wconf 78' lang='lat' dir='ltr'>et</span> 
     </span>
     <span class='ocr_line' id='line_1_43' title="bbox 1390 1227 2380 1277; baseline -0.001 -13"><span class='ocrx_word' id='word_1_299' title='bbox 1390 1228 1556 1277; x_wconf 86' lang='lat' dir='ltr'>perlicis,</span> <span class='ocrx_word' id='word_1_300' title='bbox 1579 1237 1614 1263; x_wconf 86' lang='lat' dir='ltr'>ct</span> <span class='ocrx_word' id='word_1_301' title='bbox 1648 1227 1802 1263; x_wconf 76' lang='lat' dir='ltr'>deducis</span> <span class='ocrx_word' id='word_1_302' title='bbox 1837 1227 1937 1262; x_wconf 76' lang='lat' dir='ltr'>velut</span> <span class='ocrx_word' id='word_1_303' title='bbox 1969 1240 2077 1263; x_wconf 73' lang='lat' dir='ltr'>ovem</span> <span class='ocrx_word' id='word_1_304' title='bbox 2108 1227 2260 1276; x_wconf 80' lang='lat' dir='ltr'>Josepli.</span> <span class='ocrx_word' id='word_1_305' title='bbox 2294 1230 2380 1263; x_wconf 75' lang='lat' dir='ltr'>Haec</span> 
     </span>
     <span class='ocr_line' id='line_1_44' title="bbox 1389 1285 2381 1335; baseline 0 -13"><span class='ocrx_word' id='word_1_306' title='bbox 1389 1296 1443 1323; x_wconf 89' lang='lat' dir='ltr'>est</span> <span class='ocrx_word' id='word_1_307' title='bbox 1466 1287 1639 1322; x_wconf 84' lang='lat' dir='ltr'>columna</span> <span class='ocrx_word' id='word_1_308' title='bbox 1661 1286 1788 1330; x_wconf 86' lang='lat' dir='ltr'>nubis,</span> <span class='ocrx_word' id='word_1_309' title='bbox 1809 1299 1892 1335; x_wconf 75' lang='lat' dir='ltr'>quae</span> <span class='ocrx_word' id='word_1_310' title='bbox 1924 1299 1990 1334; x_wconf 87' lang='lat' dir='ltr'>per</span> <span class='ocrx_word' id='word_1_311' title='bbox 2020 1285 2117 1322; x_wconf 88' lang='lat' dir='ltr'>diem</span> <span class='ocrx_word' id='word_1_312' title='bbox 2147 1285 2381 1335; x_wconf 71' lang='lat' dir='ltr'>praecvdcbat</span> 
     </span>
     <span class='ocr_line' id='line_1_45' title="bbox 1391 1346 2379 1395; baseline 0 -14"><span class='ocrx_word' id='word_1_313' title='bbox 1391 1346 1485 1382; x_wconf 85' lang='lat' dir='ltr'>lilios</span> <span class='ocrx_word' id='word_1_314' title='bbox 1514 1347 1638 1382; x_wconf 85' lang='lat' dir='ltr'>Israel.</span> <span class='ocrx_word' id='word_1_315' title='bbox 1670 1346 1852 1383; x_wconf 82' lang='lat' dir='ltr'>Columna</span> <span class='ocrx_word' id='word_1_316' title='bbox 1889 1359 1978 1382; x_wconf 69' lang='lat' dir='ltr'>vcro</span> <span class='ocrx_word' id='word_1_317' title='bbox 2008 1347 2102 1395; x_wconf 76' lang='lat' dir='ltr'>ignis</span> <span class='ocrx_word' id='word_1_318' title='bbox 2135 1359 2203 1395; x_wconf 85' lang='lat' dir='ltr'>per</span> <span class='ocrx_word' id='word_1_319' title='bbox 2231 1354 2379 1382; x_wconf 84' lang='lat' dir='ltr'>noctem</span> 
     </span>
     <span class='ocr_line' id='line_1_46' title="bbox 1390 1404 2379 1454; baseline 0.001 -16"><span class='ocrx_word' id='word_1_320' title='bbox 1390 1404 1548 1453; x_wconf 78' lang='lat' dir='ltr'>Spiritus</span> <span class='ocrx_word' id='word_1_321' title='bbox 1577 1412 1727 1440; x_wconf 83' lang='lat' dir='ltr'>sanctus</span> <span class='ocrx_word' id='word_1_322' title='bbox 1760 1413 1832 1447; x_wconf 88' lang='lat' dir='ltr'>est,</span> <span class='ocrx_word' id='word_1_323' title='bbox 1869 1405 1933 1452; x_wconf 82' lang='lat' dir='ltr'>qui</span> <span class='ocrx_word' id='word_1_324' title='bbox 1963 1417 2077 1453; x_wconf 84' lang='lat' dir='ltr'>super</span> <span class='ocrx_word' id='word_1_325' title='bbox 2107 1405 2309 1454; x_wconf 87' lang='lat' dir='ltr'>Apostolos</span> <span class='ocrx_word' id='word_1_326' title='bbox 2344 1405 2379 1440; x_wconf 96' lang='lat' dir='ltr'>in</span> 
     </span>
     <span class='ocr_line' id='line_1_47' title="bbox 1390 1461 2380 1511; baseline 0.003 -14"><span class='ocrx_word' id='word_1_327' title='bbox 1390 1461 1504 1511; x_wconf 73' lang='lat' dir='ltr'>igneis</span> <span class='ocrx_word' id='word_1_328' title='bbox 1522 1462 1657 1510; x_wconf 82' lang='lat' dir='ltr'>linguis</span> <span class='ocrx_word' id='word_1_329' title='bbox 1674 1463 1866 1511; x_wconf 87' lang='lat' dir='ltr'>apparuit,</span> <span class='ocrx_word' id='word_1_330' title='bbox 1884 1463 1948 1511; x_wconf 88' lang='lat' dir='ltr'>qui</span> <span class='ocrx_word' id='word_1_331' title='bbox 1970 1463 2144 1500; x_wconf 89' lang='lat' dir='ltr'>caecitatis</span> <span class='ocrx_word' id='word_1_332' title='bbox 2161 1472 2297 1500; x_wconf 82' lang='lat' dir='ltr'>nostrae</span> <span class='ocrx_word' id='word_1_333' title='bbox 2317 1477 2380 1500; x_wconf 82' lang='lat' dir='ltr'>ca—</span> 
     </span>
     <span class='ocr_line' id='line_1_48' title="bbox 1391 1520 2382 1572; baseline 0.003 -16"><span class='ocrx_word' id='word_1_334' title='bbox 1391 1521 1540 1570; x_wconf 77' lang='lat' dir='ltr'>liginem</span> <span class='ocrx_word' id='word_1_335' title='bbox 1562 1520 1747 1557; x_wconf 89' lang='lat' dir='ltr'>illuminat</span> <span class='ocrx_word' id='word_1_336' title='bbox 1766 1529 1803 1557; x_wconf 88' lang='lat' dir='ltr'>et</span> <span class='ocrx_word' id='word_1_337' title='bbox 1820 1534 1966 1557; x_wconf 87' lang='lat' dir='ltr'>sursum</span> <span class='ocrx_word' id='word_1_338' title='bbox 1987 1522 2116 1572; x_wconf 87' lang='lat' dir='ltr'>erigit,</span> <span class='ocrx_word' id='word_1_339' title='bbox 2135 1531 2176 1559; x_wconf 92' lang='lat' dir='ltr'>ut</span> <span class='ocrx_word' id='word_1_340' title='bbox 2194 1523 2382 1572; x_wconf 84' lang='lat' dir='ltr'>sapiamus</span> 
     </span>
     <span class='ocr_line' id='line_1_49' title="bbox 1390 1589 2378 1631; baseline -0.001 -14"><span class='ocrx_word' id='word_1_341' title='bbox 1390 1594 1433 1617; x_wconf 83' lang='lat' dir='ltr'>ea</span> <span class='ocrx_word' id='word_1_342' title='bbox 1457 1594 1542 1629; x_wconf 80' lang='lat' dir='ltr'>quae</span> <span class='ocrx_word' id='word_1_343' title='bbox 1569 1593 1716 1617; x_wconf 85' lang='lat' dir='ltr'>sursum</span> <span class='ocrx_word' id='word_1_344' title='bbox 1746 1589 1849 1626; x_wconf 84' lang='lat' dir='ltr'>sunt,</span> <span class='ocrx_word' id='word_1_345' title='bbox 1874 1593 1947 1617; x_wconf 89' lang='lat' dir='ltr'>non</span> <span class='ocrx_word' id='word_1_346' title='bbox 1975 1594 2059 1630; x_wconf 82' lang='lat' dir='ltr'>quae</span> <span class='ocrx_word' id='word_1_347' title='bbox 2087 1594 2200 1631; x_wconf 87' lang='lat' dir='ltr'>super</span> <span class='ocrx_word' id='word_1_348' title='bbox 2229 1590 2378 1618; x_wconf 85' lang='lat' dir='ltr'>terram.</span> 
     </span>
     <span class='ocr_line' id='line_1_50' title="bbox 1390 1639 2384 1690; baseline 0 -14"><span class='ocrx_word' id='word_1_349' title='bbox 1390 1640 1517 1677; x_wconf 76' lang='lat' dir='ltr'>&#39;Nubes</span> <span class='ocrx_word' id='word_1_350' title='bbox 1544 1653 1633 1689; x_wconf 79' lang='lat' dir='ltr'>ergo</span> <span class='ocrx_word' id='word_1_351' title='bbox 1664 1653 1731 1689; x_wconf 87' lang='lat' dir='ltr'>per</span> <span class='ocrx_word' id='word_1_352' title='bbox 1765 1639 1883 1683; x_wconf 89' lang='lat' dir='ltr'>diem,</span> <span class='ocrx_word' id='word_1_353' title='bbox 1915 1649 1950 1676; x_wconf 92' lang='lat' dir='ltr'>et</span> <span class='ocrx_word' id='word_1_354' title='bbox 1979 1641 2156 1677; x_wconf 87' lang='lat' dir='ltr'>columna</span> <span class='ocrx_word' id='word_1_355' title='bbox 2185 1642 2279 1690; x_wconf 79' lang='lat' dir='ltr'>ignis</span> <span class='ocrx_word' id='word_1_356' title='bbox 2316 1654 2384 1690; x_wconf 78' lang='lat' dir='ltr'>per</span> 
     </span>
     <span class='ocr_line' id='line_1_51' title="bbox 1392 1699 2382 1748; baseline 0.002 -14"><span class='ocrx_word' id='word_1_357' title='bbox 1392 1707 1564 1743; x_wconf 73' lang='lat' dir='ltr'>noctem,</span> <span class='ocrx_word' id='word_1_358' title='bbox 1584 1699 1670 1748; x_wconf 85' lang='lat' dir='ltr'>quia</span> <span class='ocrx_word' id='word_1_359' title='bbox 1694 1712 1780 1734; x_wconf 85' lang='lat' dir='ltr'>caro</span> <span class='ocrx_word' id='word_1_360' title='bbox 1800 1707 1861 1734; x_wconf 88' lang='lat' dir='ltr'>tua</span> <span class='ocrx_word' id='word_1_361' title='bbox 1878 1707 1913 1735; x_wconf 87' lang='lat' dir='ltr'>et</span> <span class='ocrx_word' id='word_1_362' title='bbox 1938 1699 2145 1736; x_wconf 85' lang='lat' dir='ltr'>divinitatis</span> <span class='ocrx_word' id='word_1_363' title='bbox 2161 1708 2290 1736; x_wconf 86' lang='lat' dir='ltr'>aesttun</span> <span class='ocrx_word' id='word_1_364' title='bbox 2313 1713 2382 1736; x_wconf 90' lang='lat' dir='ltr'>no-</span> 
     </span>
     <span class='ocr_line' id='line_1_52' title="bbox 1393 1758 2384 1808; baseline 0.001 -15"><span class='ocrx_word' id='word_1_365' title='bbox 1393 1758 1448 1794; x_wconf 87' lang='lat' dir='ltr'>bis</span> <span class='ocrx_word' id='word_1_366' title='bbox 1478 1766 1677 1808; x_wconf 80' lang='lat' dir='ltr'>temperat,</span> <span class='ocrx_word' id='word_1_367' title='bbox 1709 1766 1746 1794; x_wconf 87' lang='lat' dir='ltr'>et</span> <span class='ocrx_word' id='word_1_368' title='bbox 1777 1758 1938 1807; x_wconf 82' lang='lat' dir='ltr'>Spiritus</span> <span class='ocrx_word' id='word_1_369' title='bbox 1969 1759 2085 1796; x_wconf 87' lang='lat' dir='ltr'>sancti</span> <span class='ocrx_word' id='word_1_370' title='bbox 2117 1760 2179 1796; x_wconf 87' lang='lat' dir='ltr'>lux</span> <span class='ocrx_word' id='word_1_371' title='bbox 2212 1758 2384 1796; x_wconf 74' lang='lat' dir='ltr'>tenebras</span> 
     </span>
    </p>
   </div>
   <div class='ocr_carea' id='block_1_14' title="bbox 330 1818 2384 1871">
    <p class='ocr_par' dir='ltr' id='par_1_14' title="bbox 330 1818 2384 1871">
     <span class='ocr_line' id='line_1_53' title="bbox 330 1818 2384 1871; baseline -0.002 -12"><span class='ocrx_word' id='word_1_372' title='bbox 330 1824 516 1871; x_wconf 76' lang='lat' dir='ltr'>Quidnam</span> <span class='ocrx_word' id='word_1_373' title='bbox 535 1820 709 1870; x_wconf 87' lang='lat' dir='ltr'>estquod</span> <span class='ocrx_word' id='word_1_374' title='bbox 731 1820 846 1856; x_wconf 81' lang='lat' dir='ltr'>fecisti</span> <span class='ocrx_word' id='word_1_375' title='bbox 866 1818 995 1864; x_wconf 86' lang='lat' dir='ltr'>nobis,</span> <span class='ocrx_word' id='word_1_376' title='bbox 1017 1819 1142 1855; x_wconf 80' lang='lat' dir='ltr'>Deus?</span> <span class='ocrx_word' id='word_1_377' title='bbox 1164 1819 1269 1854; x_wconf 81' lang='lat' dir='ltr'>vacui</span> <span class='ocrx_word' id='word_1_378' title='bbox 1289 1827 1325 1854; x_wconf 88' lang='lat' dir='ltr'>et</span> <span class='ocrx_word' id='word_1_379' title='bbox 1346 1824 1372 1858; x_wconf 85' lang='lat' dir='ltr'>C</span> <span class='ocrx_word' id='word_1_380' title='bbox 1393 1827 1529 1854; x_wconf 86' lang='lat' dir='ltr'>nostrae</span> <span class='ocrx_word' id='word_1_381' title='bbox 1558 1819 1692 1854; x_wconf 88' lang='lat' dir='ltr'>mentis</span> <span class='ocrx_word' id='word_1_382' title='bbox 1722 1818 1892 1855; x_wconf 85' lang='lat' dir='ltr'>illustrat.</span> <span class='ocrx_word' id='word_1_383' title='bbox 1915 1818 2033 1867; x_wconf 77' lang='lat' dir='ltr'>Igitur</span> <span class='ocrx_word' id='word_1_384' title='bbox 2060 1819 2150 1855; x_wconf 88' lang='lat' dir='ltr'>dum</span> <span class='ocrx_word' id='word_1_385' title='bbox 2176 1819 2384 1868; x_wconf 83' lang='lat' dir='ltr'>loquereris</span> 
     </span>
    </p>
   </div>
   <div class='ocr_carea' id='block_1_15' title="bbox 330 1878 1326 3232">
    <p class='ocr_par' dir='ltr' id='par_1_15' title="bbox 330 1878 1326 3232">
     <span class='ocr_line' id='line_1_54' title="bbox 330 1878 1321 1925; baseline -0.007 -6"><span class='ocrx_word' id='word_1_386' title='bbox 330 1883 432 1919; x_wconf 73' lang='lat' dir='ltr'>stulti</span> <span class='ocrx_word' id='word_1_387' title='bbox 447 1882 605 1918; x_wconf 68' lang='lat' dir='ltr'>veniunt</span> <span class='ocrx_word' id='word_1_388' title='bbox 621 1880 668 1917; x_wconf 90' lang='lat' dir='ltr'>ad</span> <span class='ocrx_word' id='word_1_389' title='bbox 686 1888 738 1925; x_wconf 91' lang='lat' dir='ltr'>te,</span> <span class='ocrx_word' id='word_1_390' title='bbox 761 1880 824 1916; x_wconf 86' lang='lat' dir='ltr'>sed</span> <span class='ocrx_word' id='word_1_391' title='bbox 843 1887 882 1916; x_wconf 89' lang='lat' dir='ltr'>tu</span> <span class='ocrx_word' id='word_1_392' title='bbox 899 1878 1056 1915; x_wconf 86' lang='lat' dir='ltr'>remittis</span> <span class='ocrx_word' id='word_1_393' title='bbox 1072 1890 1136 1914; x_wconf 88' lang='lat' dir='ltr'>eos</span> <span class='ocrx_word' id='word_1_394' title='bbox 1151 1886 1321 1923; x_wconf 88' lang='lat' dir='ltr'>onustos,</span> 
     </span>
     <span class='ocr_line' id='line_1_55' title="bbox 330 1937 1324 1987; baseline -0.006 -9"><span class='ocrx_word' id='word_1_395' title='bbox 330 1953 364 1978; x_wconf 75' lang='lat' dir='ltr'>et</span> <span class='ocrx_word' id='word_1_396' title='bbox 386 1941 621 1978; x_wconf 82' lang='lat' dir='ltr'>abundantes</span> <span class='ocrx_word' id='word_1_397' title='bbox 641 1940 831 1976; x_wconf 88' lang='lat' dir='ltr'>frumento</span> <span class='ocrx_word' id='word_1_398' title='bbox 859 1938 1073 1987; x_wconf 79' lang='lat' dir='ltr'>sapientiae3</span> <span class='ocrx_word' id='word_1_399' title='bbox 1102 1937 1257 1986; x_wconf 86' lang='lat' dir='ltr'>insuper</span> <span class='ocrx_word' id='word_1_400' title='bbox 1288 1945 1324 1973; x_wconf 90' lang='lat' dir='ltr'>et</span> 
     </span>
     <span class='ocr_line' id='line_1_56' title="bbox 330 1997 1324 2050; baseline -0.003 -14"><span class='ocrx_word' id='word_1_401' title='bbox 330 2001 554 2050; x_wconf 71' lang='lat' dir='ltr'>eloquentia:</span> <span class='ocrx_word' id='word_1_402' title='bbox 573 1998 770 2049; x_wconf 84' lang='lat' dir='ltr'>pecuniam</span> <span class='ocrx_word' id='word_1_403' title='bbox 794 1998 920 2035; x_wconf 85' lang='lat' dir='ltr'>reddis</span> <span class='ocrx_word' id='word_1_404' title='bbox 937 1998 1084 2048; x_wconf 83' lang='lat' dir='ltr'>ligatam</span> <span class='ocrx_word' id='word_1_405' title='bbox 1101 1997 1324 2033; x_wconf 86' lang='lat' dir='ltr'>auctoritate</span> 
     </span>
     <span class='ocr_line' id='line_1_57' title="bbox 330 2056 1322 2109; baseline -0.004 -13"><span class='ocrx_word' id='word_1_406' title='bbox 330 2061 531 2109; x_wconf 55' lang='lat' dir='ltr'>Scriptura?</span> <span class='ocrx_word' id='word_1_407' title='bbox 556 2075 562 2095; x_wconf 89' lang='lat'><strong>:</strong></span> <span class='ocrx_word' id='word_1_408' title='bbox 585 2059 670 2108; x_wconf 86' lang='lat' dir='ltr'>quia</span> <span class='ocrx_word' id='word_1_409' title='bbox 692 2059 835 2107; x_wconf 73' lang='lat' dir='ltr'>linguas</span> <span class='ocrx_word' id='word_1_410' title='bbox 865 2057 1060 2094; x_wconf 85' lang='lat' dir='ltr'>infantium</span> <span class='ocrx_word' id='word_1_411' title='bbox 1085 2057 1172 2093; x_wconf 87' lang='lat' dir='ltr'>facis</span> <span class='ocrx_word' id='word_1_412' title='bbox 1202 2056 1322 2093; x_wconf 83' lang='lat' dir='ltr'>diser-</span> 
     </span>
     <span class='ocr_line' id='line_1_58' title="bbox 332 2115 1323 2167; baseline -0.005 -10"><span class='ocrx_word' id='word_1_413' title='bbox 332 2131 383 2157; x_wconf 63' lang='lat' dir='ltr'>tas</span> <span class='ocrx_word' id='word_1_414' title='bbox 396 2149 403 2163; x_wconf 92' lang='lat'><strong><em>‚</em></strong></span> <span class='ocrx_word' id='word_1_415' title='bbox 426 2129 465 2156; x_wconf 93' lang='lat' dir='ltr'>ut</span> <span class='ocrx_word' id='word_1_416' title='bbox 481 2120 569 2156; x_wconf 91' lang='lat' dir='ltr'>dent</span> <span class='ocrx_word' id='word_1_417' title='bbox 588 2118 771 2167; x_wconf 84' lang='lat' dir='ltr'>jumentis</span> <span class='ocrx_word' id='word_1_418' title='bbox 787 2118 956 2154; x_wconf 89' lang='lat' dir='ltr'>nondum</span> <span class='ocrx_word' id='word_1_419' title='bbox 978 2115 1272 2166; x_wconf 82' lang='lat' dir='ltr'>intelligentibus</span> <span class='ocrx_word' id='word_1_420' title='bbox 1290 2125 1323 2153; x_wconf 87' lang='lat' dir='ltr'>te</span> 
     </span>
     <span class='ocr_line' id='line_1_59' title="bbox 333 2177 1276 2229; baseline -0.003 -14"><span class='ocrx_word' id='word_1_421' title='bbox 333 2181 510 2229; x_wconf 70' lang='lat' dir='ltr'>pabulum</span> <span class='ocrx_word' id='word_1_422' title='bbox 530 2188 565 2215; x_wconf 85' lang='lat' dir='ltr'>et</span> <span class='ocrx_word' id='word_1_423' title='bbox 587 2191 798 2215; x_wconf 84' lang='lat' dir='ltr'>mensuram</span> <span class='ocrx_word' id='word_1_424' title='bbox 821 2177 930 2214; x_wconf 89' lang='lat' dir='ltr'>tritici</span> <span class='ocrx_word' id='word_1_425' title='bbox 949 2178 986 2214; x_wconf 91' lang='lat' dir='ltr'>in</span> <span class='ocrx_word' id='word_1_426' title='bbox 1009 2186 1179 2226; x_wconf 88' lang='lat' dir='ltr'>tempore</span> <span class='ocrx_word' id='word_1_427' title='bbox 1197 2189 1276 2213; x_wconf 90' lang='lat' dir='ltr'>suo.</span> 
     </span>
     <span class='ocr_line' id='line_1_60' title="bbox 384 2236 1323 2281; baseline -0.003 -6"><span class='ocrx_word' id='word_1_428' title='bbox 384 2242 444 2275; x_wconf 74' lang='lat'>30.</span> <span class='ocrx_word' id='word_1_429' title='bbox 467 2238 633 2277; x_wconf 81' lang='lat' dir='ltr'>Gradere</span> <span class='ocrx_word' id='word_1_430' title='bbox 651 2250 750 2273; x_wconf 83' lang='lat' dir='ltr'>nune</span> <span class='ocrx_word' id='word_1_431' title='bbox 771 2246 806 2272; x_wconf 89' lang='lat' dir='ltr'>et</span> <span class='ocrx_word' id='word_1_432' title='bbox 827 2236 1043 2281; x_wconf 83' lang='lat' dir='ltr'>nobiscum,</span> <span class='ocrx_word' id='word_1_433' title='bbox 1064 2236 1245 2281; x_wconf 86' lang='lat' dir='ltr'>Domine,</span> <span class='ocrx_word' id='word_1_434' title='bbox 1277 2249 1323 2272; x_wconf 89' lang='lat' dir='ltr'>ne</span> 
     </span>
     <span class='ocr_line' id='line_1_61' title="bbox 334 2295 1325 2344; baseline -0.005 -9"><span class='ocrx_word' id='word_1_435' title='bbox 334 2300 547 2335; x_wconf 84' lang='lat' dir='ltr'>desolemur</span> <span class='ocrx_word' id='word_1_436' title='bbox 565 2306 601 2334; x_wconf 91' lang='lat' dir='ltr'>et</span> <span class='ocrx_word' id='word_1_437' title='bbox 623 2297 813 2333; x_wconf 89' lang='lat' dir='ltr'>tristemur</span> <span class='ocrx_word' id='word_1_438' title='bbox 832 2296 868 2331; x_wconf 90' lang='lat' dir='ltr'>in</span> <span class='ocrx_word' id='word_1_439' title='bbox 896 2296 955 2331; x_wconf 63' lang='lat' dir='ltr'>via</span> <span class='ocrx_word' id='word_1_440' title='bbox 974 2295 1042 2331; x_wconf 86' lang='lat' dir='ltr'>hac</span> <span class='ocrx_word' id='word_1_441' title='bbox 1062 2308 1135 2344; x_wconf 86' lang='lat' dir='ltr'>qua</span> <span class='ocrx_word' id='word_1_442' title='bbox 1152 2295 1325 2331; x_wconf 86' lang='lat' dir='ltr'>anibula—</span> 
     </span>
     <span class='ocr_line' id='line_1_62' title="bbox 334 2371 443 2394; baseline 0.009 -1"><span class='ocrx_word' id='word_1_443' title='bbox 334 2371 414 2394; x_wconf 72' lang='lat' dir='ltr'>ttius</span> <span class='ocrx_word' id='word_1_444' title='bbox 437 2373 443 2394; x_wconf 69' lang='grc' dir='ltr'>ἱ</span> 
     </span>
     <span class='ocr_line' id='line_1_63' title="bbox 333 2413 1323 2462; baseline -0.003 -10"><span class='ocrx_word' id='word_1_445' title='bbox 333 2418 428 2452; x_wconf 80' lang='lat' dir='ltr'>lilios</span> <span class='ocrx_word' id='word_1_446' title='bbox 450 2416 560 2452; x_wconf 84' lang='lat' dir='ltr'>Israel</span> <span class='ocrx_word' id='word_1_447' title='bbox 582 2416 618 2451; x_wconf 90' lang='lat' dir='ltr'>in</span> <span class='ocrx_word' id='word_1_448' title='bbox 651 2415 824 2450; x_wconf 87' lang='lat' dir='ltr'>columna</span> <span class='ocrx_word' id='word_1_449' title='bbox 854 2413 964 2450; x_wconf 89' lang='lat' dir='ltr'>nubis</span> <span class='ocrx_word' id='word_1_450' title='bbox 985 2427 1052 2462; x_wconf 91' lang='lat' dir='ltr'>per</span> <span class='ocrx_word' id='word_1_451' title='bbox 1073 2413 1192 2459; x_wconf 86' lang='lat' dir='ltr'>diem,</span> <span class='ocrx_word' id='word_1_452' title='bbox 1219 2422 1254 2449; x_wconf 85' lang='lat' dir='ltr'>ct</span> <span class='ocrx_word' id='word_1_453' title='bbox 1287 2415 1323 2450; x_wconf 87' lang='lat' dir='ltr'>in</span> 
     </span>
     <span class='ocr_line' id='line_1_64' title="bbox 332 2472 1323 2523; baseline -0.002 -12"><span class='ocrx_word' id='word_1_454' title='bbox 332 2477 507 2511; x_wconf 80' lang='lat' dir='ltr'>columna</span> <span class='ocrx_word' id='word_1_455' title='bbox 527 2474 621 2523; x_wconf 79' lang='lat' dir='ltr'>ignis</span> <span class='ocrx_word' id='word_1_456' title='bbox 649 2487 717 2522; x_wconf 86' lang='lat' dir='ltr'>per</span> <span class='ocrx_word' id='word_1_457' title='bbox 745 2481 911 2516; x_wconf 83' lang='lat' dir='ltr'>noctem,</span> <span class='ocrx_word' id='word_1_458' title='bbox 941 2481 977 2508; x_wconf 88' lang='lat' dir='ltr'>et</span> <span class='ocrx_word' id='word_1_459' title='bbox 997 2472 1042 2508; x_wconf 90' lang='lat' dir='ltr'>ad</span> <span class='ocrx_word' id='word_1_460' title='bbox 1064 2481 1196 2509; x_wconf 87' lang='lat' dir='ltr'>nutum</span> <span class='ocrx_word' id='word_1_461' title='bbox 1219 2480 1323 2509; x_wconf 90' lang='lat' dir='ltr'>tuum</span> 
     </span>
     <span class='ocr_line' id='line_1_65' title="bbox 333 2530 1325 2584; baseline -0.002 -14"><span class='ocrx_word' id='word_1_462' title='bbox 333 2534 571 2584; x_wconf 68' lang='lat' dir='ltr'>deponebant</span> <span class='ocrx_word' id='word_1_463' title='bbox 593 2533 771 2577; x_wconf 90' lang='lat' dir='ltr'>tentoria,</span> <span class='ocrx_word' id='word_1_464' title='bbox 798 2541 833 2568; x_wconf 87' lang='lat' dir='ltr'>ct</span> <span class='ocrx_word' id='word_1_465' title='bbox 860 2545 988 2568; x_wconf 83' lang='lat' dir='ltr'>rursus</span> <span class='ocrx_word' id='word_1_466' title='bbox 1009 2530 1211 2580; x_wconf 81' lang='lat' dir='ltr'>erigebant.</span> <span class='ocrx_word' id='word_1_467' title='bbox 1234 2536 1325 2579; x_wconf 68' lang='lat' dir='ltr'>Qum</span> 
     </span>
     <span class='ocr_line' id='line_1_66' title="bbox 334 2591 1321 2641; baseline -0.002 -12"><span class='ocrx_word' id='word_1_468' title='bbox 334 2603 385 2629; x_wconf 57' lang='lat' dir='ltr'>ist</span> <span class='ocrx_word' id='word_1_469' title='bbox 404 2602 527 2630; x_wconf 86' lang='lat' dir='ltr'>autem</span> <span class='ocrx_word' id='word_1_470' title='bbox 549 2591 666 2629; x_wconf 89' lang='lat' dir='ltr'>nubes</span> <span class='ocrx_word' id='word_1_471' title='bbox 686 2605 769 2641; x_wconf 87' lang='lat' dir='ltr'>quae</span> <span class='ocrx_word' id='word_1_472' title='bbox 792 2591 969 2641; x_wconf 83' lang='lat' dir='ltr'>praecedit</span> <span class='ocrx_word' id='word_1_473' title='bbox 989 2604 1099 2628; x_wconf 84' lang='lat' dir='ltr'>veros</span> <span class='ocrx_word' id='word_1_474' title='bbox 1115 2591 1300 2627; x_wconf 85' lang='lat' dir='ltr'>Israelitas</span> <span class='ocrx_word' id='word_1_475' title='bbox 1313 2620 1321 2635; x_wconf 89' lang='lat'>,</span> 
     </span>
     <span class='ocr_line' id='line_1_67' title="bbox 333 2651 1324 2699; baseline -0.003 -10"><span class='ocrx_word' id='word_1_476' title='bbox 333 2655 400 2689; x_wconf 76' lang='lat' dir='ltr'>nisi</span> <span class='ocrx_word' id='word_1_477' title='bbox 433 2653 666 2688; x_wconf 84' lang='lat' dir='ltr'>verissimum</span> <span class='ocrx_word' id='word_1_478' title='bbox 696 2660 733 2688; x_wconf 87' lang='lat' dir='ltr'>et</span> <span class='ocrx_word' id='word_1_479' title='bbox 753 2651 1026 2687; x_wconf 84' lang='lat' dir='ltr'>sanctissimum</span> <span class='ocrx_word' id='word_1_480' title='bbox 1055 2663 1194 2699; x_wconf 85' lang='lat' dir='ltr'>corpus</span> <span class='ocrx_word' id='word_1_481' title='bbox 1221 2659 1324 2687; x_wconf 88' lang='lat' dir='ltr'>tuum</span> 
     </span>
     <span class='ocr_line' id='line_1_68' title="bbox 332 2709 1326 2761; baseline 0 -14"><span class='ocrx_word' id='word_1_482' title='bbox 332 2713 433 2761; x_wconf 82' lang='lat' dir='ltr'>qnod</span> <span class='ocrx_word' id='word_1_483' title='bbox 463 2713 498 2747; x_wconf 90' lang='lat' dir='ltr'>in</span> <span class='ocrx_word' id='word_1_484' title='bbox 520 2711 626 2747; x_wconf 82' lang='lat' dir='ltr'>altari</span> <span class='ocrx_word' id='word_1_485' title='bbox 648 2712 857 2747; x_wconf 80' lang='lat' dir='ltr'>sumimus?</span> <span class='ocrx_word' id='word_1_486' title='bbox 883 2710 919 2746; x_wconf 93' lang='lat' dir='ltr'>in</span> <span class='ocrx_word' id='word_1_487' title='bbox 946 2723 1023 2759; x_wconf 86' lang='lat' dir='ltr'>quo</span> <span class='ocrx_word' id='word_1_488' title='bbox 1043 2709 1190 2746; x_wconf 80' lang='lat' dir='ltr'>velatur</span> <span class='ocrx_word' id='word_1_489' title='bbox 1218 2710 1326 2747; x_wconf 88' lang='lat' dir='ltr'>nobis</span> 
     </span>
     <span class='ocr_line' id='line_1_69' title="bbox 333 2768 1325 2818; baseline -0.002 -11"><span class='ocrx_word' id='word_1_490' title='bbox 333 2770 488 2807; x_wconf 77' lang='lat' dir='ltr'>altitudo</span> <span class='ocrx_word' id='word_1_491' title='bbox 511 2771 602 2813; x_wconf 83' lang='lat' dir='ltr'>diei,</span> <span class='ocrx_word' id='word_1_492' title='bbox 625 2770 853 2806; x_wconf 76' lang='lat' dir='ltr'>immensitas</span> <span class='ocrx_word' id='word_1_493' title='bbox 875 2768 1074 2818; x_wconf 85' lang='lat' dir='ltr'>majestatis</span> <span class='ocrx_word' id='word_1_494' title='bbox 1099 2776 1191 2813; x_wconf 84' lang='lat' dir='ltr'>tuae,</span> <span class='ocrx_word' id='word_1_495' title='bbox 1219 2769 1325 2818; x_wconf 82' lang='lat' dir='ltr'>cujus</span> 
     </span>
     <span class='ocr_line' id='line_1_70' title="bbox 333 2829 1323 2878; baseline 0 -14"><span class='ocrx_word' id='word_1_496' title='bbox 333 2840 367 2866; x_wconf 65' lang='grc' dir='ltr'>«ι</span> <span class='ocrx_word' id='word_1_497' title='bbox 396 2831 555 2866; x_wconf 79' lang='lat' dir='ltr'>calorem</span> <span class='ocrx_word' id='word_1_498' title='bbox 592 2838 627 2865; x_wconf 79' lang='lat' dir='ltr'>et</span> <span class='ocrx_word' id='word_1_499' title='bbox 659 2829 898 2878; x_wconf 71' lang='lat' dir='ltr'>splendorem</span> <span class='ocrx_word' id='word_1_500' title='bbox 932 2829 1098 2865; x_wconf 86' lang='lat' dir='ltr'>mortalis</span> <span class='ocrx_word' id='word_1_501' title='bbox 1131 2829 1323 2866; x_wconf 76' lang='lat' dir='ltr'>infirmitas</span> 
     </span>
     <span class='ocr_line' id='line_1_71' title="bbox 333 2887 1323 2938; baseline 0 -14"><span class='ocrx_word' id='word_1_502' title='bbox 333 2891 516 2925; x_wconf 53' lang='lat' dir='ltr'>sustinere</span> <span class='ocrx_word' id='word_1_503' title='bbox 543 2902 617 2924; x_wconf 88' lang='lat' dir='ltr'>non</span> <span class='ocrx_word' id='word_1_504' title='bbox 640 2898 781 2938; x_wconf 85' lang='lat' dir='ltr'>posset,</span> <span class='ocrx_word' id='word_1_505' title='bbox 805 2890 872 2924; x_wconf 89' lang='lat' dir='ltr'>nisi</span> <span class='ocrx_word' id='word_1_506' title='bbox 903 2887 1096 2924; x_wconf 76' lang='lat' dir='ltr'>mediatrix</span> <span class='ocrx_word' id='word_1_507' title='bbox 1121 2887 1237 2924; x_wconf 89' lang='lat' dir='ltr'>nubes</span> <span class='ocrx_word' id='word_1_508' title='bbox 1266 2889 1323 2924; x_wconf 93' lang='lat' dir='ltr'>in-</span> 
     </span>
     <span class='ocr_line' id='line_1_72' title="bbox 334 2948 1325 2998; baseline -0.001 -14"><span class='ocrx_word' id='word_1_509' title='bbox 334 2950 513 2998; x_wconf 75' lang='lat' dir='ltr'>terposita</span> <span class='ocrx_word' id='word_1_510' title='bbox 544 2958 579 2984; x_wconf 83' lang='lat' dir='ltr'>et</span> <span class='ocrx_word' id='word_1_511' title='bbox 612 2949 784 2984; x_wconf 87' lang='lat' dir='ltr'>ardorem</span> <span class='ocrx_word' id='word_1_512' title='bbox 818 2948 980 2996; x_wconf 62' lang='lat' dir='ltr'>‹hfsupcr</span> <span class='ocrx_word' id='word_1_513' title='bbox 1015 2956 1257 2997; x_wconf 77' lang='lat' dir='ltr'>temperaret,</span> <span class='ocrx_word' id='word_1_514' title='bbox 1289 2957 1325 2983; x_wconf 80' lang='lat' dir='ltr'>et</span> 
     </span>
     <span class='ocr_line' id='line_1_73' title="bbox 335 3006 1323 3057; baseline -0.002 -13"><span class='ocrx_word' id='word_1_515' title='bbox 335 3018 449 3044; x_wconf 86' lang='lat' dir='ltr'>tutam</span> <span class='ocrx_word' id='word_1_516' title='bbox 465 3008 596 3044; x_wconf 82' lang='lat' dir='ltr'>subtus</span> <span class='ocrx_word' id='word_1_517' title='bbox 612 3008 707 3043; x_wconf 67' lang='lat' dir='ltr'>viam</span> <span class='ocrx_word' id='word_1_518' title='bbox 727 3015 1044 3057; x_wconf 63' lang='lat' dir='ltr'>pffeinoustraret.</span> <span class='ocrx_word' id='word_1_519' title='bbox 1065 3010 1170 3043; x_wconf 77' lang='lat' dir='ltr'>lianc</span> <span class='ocrx_word' id='word_1_520' title='bbox 1185 3006 1323 3043; x_wconf 87' lang='lat' dir='ltr'>nubem</span> 
     </span>
     <span class='ocr_line' id='line_1_74' title="bbox 335 3065 1320 3114; baseline -0.001 -12"><span class='ocrx_word' id='word_1_521' title='bbox 335 3077 433 3103; x_wconf 78' lang='lat' dir='ltr'>totns</span> <span class='ocrx_word' id='word_1_522' title='bbox 454 3067 637 3102; x_wconf 76' lang='lat' dir='ltr'>exercitus</span> <span class='ocrx_word' id='word_1_523' title='bbox 666 3067 845 3114; x_wconf 79' lang='lat' dir='ltr'>sequitur,</span> <span class='ocrx_word' id='word_1_524' title='bbox 868 3066 1026 3103; x_wconf 87' lang='lat' dir='ltr'>Domine</span> <span class='ocrx_word' id='word_1_525' title='bbox 1058 3078 1120 3101; x_wconf 82' lang='lat' dir='ltr'>rex</span> <span class='ocrx_word' id='word_1_526' title='bbox 1153 3065 1320 3102; x_wconf 89' lang='lat' dir='ltr'>sabaotb.</span> 
     </span>
     <span class='ocr_line' id='line_1_75' title="bbox 332 3124 1323 3174; baseline -0.001 -11"><span class='ocrx_word' id='word_1_527' title='bbox 332 3129 400 3173; x_wconf 73' lang='lat' dir='ltr'>Qui</span> <span class='ocrx_word' id='word_1_528' title='bbox 420 3135 542 3162; x_wconf 73' lang='lat' dir='ltr'>autem</span> <span class='ocrx_word' id='word_1_529' title='bbox 566 3139 638 3161; x_wconf 85' lang='lat' dir='ltr'>non</span> <span class='ocrx_word' id='word_1_530' title='bbox 664 3127 833 3174; x_wconf 72' lang='lat' dir='ltr'>sequitur</span> <span class='ocrx_word' id='word_1_531' title='bbox 858 3139 960 3168; x_wconf 81' lang='lat' dir='ltr'>eam,</span> <span class='ocrx_word' id='word_1_532' title='bbox 991 3127 1027 3160; x_wconf 89' lang='lat' dir='ltr'>in</span> <span class='ocrx_word' id='word_1_533' title='bbox 1059 3124 1222 3161; x_wconf 83' lang='lat' dir='ltr'>tenebris</span> <span class='ocrx_word' id='word_1_534' title='bbox 1247 3134 1323 3169; x_wconf 87' lang='lat' dir='ltr'>est,</span> 
     </span>
     <span class='ocr_line' id='line_1_76' title="bbox 333 3184 1324 3232; baseline 0 -11"><span class='ocrx_word' id='word_1_535' title='bbox 333 3196 366 3221; x_wconf 64' lang='lat' dir='ltr'>‘st</span> <span class='ocrx_word' id='word_1_536' title='bbox 389 3187 422 3221; x_wconf 85' lang='lat' dir='ltr'>in</span> <span class='ocrx_word' id='word_1_537' title='bbox 445 3185 606 3220; x_wconf 73' lang='lat' dir='ltr'>tenebris</span> <span class='ocrx_word' id='word_1_538' title='bbox 628 3184 810 3225; x_wconf 75' lang='lat' dir='ltr'>ambulat,</span> <span class='ocrx_word' id='word_1_539' title='bbox 831 3193 865 3220; x_wconf 76' lang='lat' dir='ltr'>ct</span> <span class='ocrx_word' id='word_1_540' title='bbox 895 3185 1009 3220; x_wconf 85' lang='lat' dir='ltr'>nescit</span> <span class='ocrx_word' id='word_1_541' title='bbox 1028 3197 1103 3232; x_wconf 77' lang='lat' dir='ltr'>quo</span> <span class='ocrx_word' id='word_1_542' title='bbox 1123 3194 1191 3220; x_wconf 86' lang='lat' dir='ltr'>eat.</span> <span class='ocrx_word' id='word_1_543' title='bbox 1214 3186 1324 3221; x_wconf 73' lang='lat' dir='ltr'>Relu-</span> 
     </span>
    </p>
   </div>
   <div class='ocr_carea' id='block_1_16' title="bbox 386 3315 1053 3343">
    <p class='ocr_par' dir='ltr' id='par_1_16' title="bbox 386 3315 1053 3343">
     <span class='ocr_line' id='line_1_77' title="bbox 386 3315 1053 3343; baseline -0.001 -2"><span class='ocrx_word' id='word_1_544' title='bbox 386 3315 505 3342; x_wconf 51' lang='lat' dir='ltr'>&#39;lker⁴</span> <span class='ocrx_word' id='word_1_545' title='bbox 525 3325 530 3341; x_wconf 86' lang='grc' dir='ltr'>ι</span> <span class='ocrx_word' id='word_1_546' title='bbox 552 3337 555 3341; x_wconf 46' lang='grc'><strong><em>«</em></strong></span> <span class='ocrx_word' id='word_1_547' title='bbox 581 3316 679 3343; x_wconf 54' lang='grc' dir='ltr'>ἓῦ-ἶέα</span> <span class='ocrx_word' id='word_1_548' title='bbox 716 3331 731 3333; x_wconf 75' lang='lat'><strong><em>—</em></strong></span> <span class='ocrx_word' id='word_1_549' title='bbox 774 3320 781 3332; x_wconf 67' lang='lat'>‘⁴</span> <span class='ocrx_word' id='word_1_550' title='bbox 803 3316 872 3342; x_wconf 67' lang='lat' dir='ltr'>Luc.</span> <span class='ocrx_word' id='word_1_551' title='bbox 890 3323 978 3341; x_wconf 65' lang='lat' dir='ltr'>xxiv.</span> <span class='ocrx_word' id='word_1_552' title='bbox 1003 3316 1053 3342; x_wconf 59' lang='lat'>(13.</span> 
     </span>
    </p>
   </div>
   <div class='ocr_carea' id='block_1_17' title="bbox 476 2354 1330 2405">
    <p class='ocr_par' dir='ltr' id='par_1_17' title="bbox 476 2354 1330 2405">
     <span class='ocr_line' id='line_1_78' title="bbox 476 2354 1330 2405; baseline -0.002 -13"><span class='ocrx_word' id='word_1_553' title='bbox 476 2357 654 2405; x_wconf 23' lang='lat' dir='ltr'>quon-iam</span> <span class='ocrx_word' id='word_1_554' title='bbox 685 2364 723 2391; x_wconf 90' lang='lat' dir='ltr'>tu</span> <span class='ocrx_word' id='word_1_555' title='bbox 758 2355 836 2404; x_wconf 86' lang='lat' dir='ltr'>ipse</span> <span class='ocrx_word' id='word_1_556' title='bbox 866 2354 1056 2403; x_wconf 85' lang='lat' dir='ltr'>quondam</span> <span class='ocrx_word' id='word_1_557' title='bbox 1088 2354 1330 2403; x_wconf 81' lang='lat' dir='ltr'>praecedebas</span> 
     </span>
    </p>
   </div>
   <div class='ocr_carea' id='block_1_18' title="bbox 1130 3310 1347 3342">
    <p class='ocr_par' dir='ltr' id='par_1_18' title="bbox 1130 3310 1347 3342">
     <span class='ocr_line' id='line_1_79' title="bbox 1130 3310 1347 3342; baseline -0.005 -2"><span class='ocrx_word' id='word_1_558' title='bbox 1130 3310 1233 3341; x_wconf 52' lang='lat' dir='ltr'>&#39;Man</span> <span class='ocrx_word' id='word_1_559' title='bbox 1259 3323 1347 3342; x_wconf 67' lang='lat' dir='ltr'>xiii.</span> 
     </span>
    </p>
   </div>
   <div class='ocr_carea' id='block_1_19' title="bbox 1383 1876 2384 2580">
    <p class='ocr_par' dir='ltr' id='par_1_19' title="bbox 1390 1876 2384 2224">
     <span class='ocr_line' id='line_1_80' title="bbox 1392 1876 2380 1927; baseline 0 -14"><span class='ocrx_word' id='word_1_560' title='bbox 1392 1878 1427 1913; x_wconf 90' lang='lat' dir='ltr'>in</span> <span class='ocrx_word' id='word_1_561' title='bbox 1446 1877 1503 1913; x_wconf 80' lang='lat' dir='ltr'>via</span> <span class='ocrx_word' id='word_1_562' title='bbox 1519 1876 1668 1913; x_wconf 87' lang='lat' dir='ltr'>duobus</span> <span class='ocrx_word' id='word_1_563' title='bbox 1683 1876 1875 1926; x_wconf 82' lang='lat' dir='ltr'>discipulis</span> <span class='ocrx_word' id='word_1_564' title='bbox 1894 1885 2015 1914; x_wconf 88' lang='lat' dir='ltr'>tecum</span> <span class='ocrx_word' id='word_1_565' title='bbox 2037 1877 2177 1927; x_wconf 86' lang='lat' dir='ltr'>pariter</span> <span class='ocrx_word' id='word_1_566' title='bbox 2191 1877 2380 1922; x_wconf 85' lang='lat' dir='ltr'>euntibus,</span> 
     </span>
     <span class='ocr_line' id='line_1_81' title="bbox 1390 1936 2382 1986; baseline -0.002 -13"><span class='ocrx_word' id='word_1_567' title='bbox 1390 1946 1427 1973; x_wconf 79' lang='lat' dir='ltr'>et</span> <span class='ocrx_word' id='word_1_568' title='bbox 1442 1936 1560 1973; x_wconf 90' lang='lat' dir='ltr'>nubes</span> <span class='ocrx_word' id='word_1_569' title='bbox 1576 1937 1774 1986; x_wconf 81' lang='lat' dir='ltr'>peregrina</span> <span class='ocrx_word' id='word_1_570' title='bbox 1791 1936 1919 1973; x_wconf 83' lang='lat' dir='ltr'>faciem</span> <span class='ocrx_word' id='word_1_571' title='bbox 1938 1944 2037 1973; x_wconf 83' lang='lat' dir='ltr'>tuam</span> <span class='ocrx_word' id='word_1_572' title='bbox 2059 1945 2220 1986; x_wconf 84' lang='lat' dir='ltr'>tegeret,</span> <span class='ocrx_word' id='word_1_573' title='bbox 2237 1938 2382 1980; x_wconf 74' lang='lat' dir='ltr'>Nonne,</span> 
     </span>
     <span class='ocr_line' id='line_1_82' title="bbox 1391 1995 2382 2046; baseline -0.002 -13"><span class='ocrx_word' id='word_1_574' title='bbox 1391 1997 1584 2046; x_wconf 83' lang='lat' dir='ltr'>inquiunt,</span> <span class='ocrx_word' id='word_1_575' title='bbox 1605 2011 1667 2032; x_wconf 86' lang='lat' dir='ltr'>cor</span> <span class='ocrx_word' id='word_1_576' title='bbox 1679 2005 1840 2033; x_wconf 71' lang='lat' dir='ltr'>nostrum</span> <span class='ocrx_word' id='word_1_577' title='bbox 1859 1998 1992 2032; x_wconf 80' lang='lat' dir='ltr'>ardens</span> <span class='ocrx_word' id='word_1_578' title='bbox 2007 2006 2088 2032; x_wconf 80' lang='lat' dir='ltr'>erat</span> <span class='ocrx_word' id='word_1_579' title='bbox 2101 2002 2138 2032; x_wconf 74' lang='lat' dir='ltr'>ln</span> <span class='ocrx_word' id='word_1_580' title='bbox 2156 1995 2278 2041; x_wconf 77' lang='lat' dir='ltr'>nobis,</span> <span class='ocrx_word' id='word_1_581' title='bbox 2295 1999 2382 2032; x_wconf 82' lang='lat' dir='ltr'>dum</span> 
     </span>
     <span class='ocr_line' id='line_1_83' title="bbox 1391 2056 2384 2105; baseline 0 -13"><span class='ocrx_word' id='word_1_582' title='bbox 1391 2061 1598 2104; x_wconf 79' lang='lat' dir='ltr'>loqueretur</span> <span class='ocrx_word' id='word_1_583' title='bbox 1613 2061 1651 2092; x_wconf 76' lang='lat' dir='ltr'>in</span> <span class='ocrx_word' id='word_1_584' title='bbox 1674 2062 1737 2092; x_wconf 77' lang='lat' dir='ltr'>via</span> <span class='ocrx_word' id='word_1_585' title='bbox 1746 2085 1756 2101; x_wconf 89' lang='lat'><em>‚</em></span> <span class='ocrx_word' id='word_1_586' title='bbox 1779 2065 1813 2092; x_wconf 78' lang='lat' dir='ltr'>et</span> <span class='ocrx_word' id='word_1_587' title='bbox 1831 2061 1993 2104; x_wconf 76' lang='lat' dir='ltr'>aperiret</span> <span class='ocrx_word' id='word_1_588' title='bbox 2005 2056 2106 2093; x_wconf 81' lang='lat' dir='ltr'>nobis</span> <span class='ocrx_word' id='word_1_589' title='bbox 2121 2057 2329 2105; x_wconf 75' lang='lat' dir='ltr'>Scripturas</span> <span class='ocrx_word' id='word_1_590' title='bbox 2342 2058 2355 2082; x_wconf 61' lang='lat'><strong>⁴</strong></span> <span class='ocrx_word' id='word_1_591' title='bbox 2371 2058 2384 2092; x_wconf 65' lang='grc' dir='ltr'>Ξ)</span> 
     </span>
     <span class='ocr_line' id='line_1_84' title="bbox 1393 2115 2383 2166; baseline -0.002 -13"><span class='ocrx_word' id='word_1_592' title='bbox 1393 2115 1558 2153; x_wconf 76' lang='lat' dir='ltr'>Ardebat</span> <span class='ocrx_word' id='word_1_593' title='bbox 1592 2116 1769 2152; x_wconf 87' lang='lat' dir='ltr'>nimirum</span> <span class='ocrx_word' id='word_1_594' title='bbox 1803 2116 1904 2153; x_wconf 91' lang='lat' dir='ltr'>intus</span> <span class='ocrx_word' id='word_1_595' title='bbox 1938 2116 2113 2152; x_wconf 83' lang='lat' dir='ltr'>columna</span> <span class='ocrx_word' id='word_1_596' title='bbox 2144 2115 2259 2166; x_wconf 80' lang='lat' dir='ltr'>ignis,</span> <span class='ocrx_word' id='word_1_597' title='bbox 2296 2115 2383 2164; x_wconf 87' lang='lat' dir='ltr'>quia</span> 
     </span>
     <span class='ocr_line' id='line_1_85' title="bbox 1393 2174 2199 2224; baseline 0 -13"><span class='ocrx_word' id='word_1_598' title='bbox 1393 2176 1481 2213; x_wconf 87' lang='lat' dir='ltr'>foris</span> <span class='ocrx_word' id='word_1_599' title='bbox 1498 2177 1674 2213; x_wconf 89' lang='lat' dir='ltr'>columna</span> <span class='ocrx_word' id='word_1_600' title='bbox 1690 2175 1799 2213; x_wconf 90' lang='lat' dir='ltr'>nubis</span> <span class='ocrx_word' id='word_1_601' title='bbox 1816 2174 2042 2224; x_wconf 87' lang='lat' dir='ltr'>loquebatur</span> <span class='ocrx_word' id='word_1_602' title='bbox 2057 2175 2103 2212; x_wconf 88' lang='lat' dir='ltr'>ad</span> <span class='ocrx_word' id='word_1_603' title='bbox 2122 2187 2199 2211; x_wconf 89' lang='lat' dir='ltr'>eos.</span> 
     </span>
    </p>

    <p class='ocr_par' dir='ltr' id='par_1_20' title="bbox 1383 2235 2383 2580">
     <span class='ocr_line' id='line_1_86' title="bbox 1445 2235 2383 2284; baseline -0.003 -12"><span class='ocrx_word' id='word_1_604' title='bbox 1445 2236 1505 2272; x_wconf 82' lang='lat'>31.</span> <span class='ocrx_word' id='word_1_605' title='bbox 1530 2236 1601 2273; x_wconf 84' lang='lat' dir='ltr'>Sed</span> <span class='ocrx_word' id='word_1_606' title='bbox 1633 2235 1697 2272; x_wconf 86' lang='lat' dir='ltr'>ubi</span> <span class='ocrx_word' id='word_1_607' title='bbox 1728 2235 1876 2272; x_wconf 86' lang='lat' dir='ltr'>tandem</span> <span class='ocrx_word' id='word_1_608' title='bbox 1904 2243 2166 2284; x_wconf 73' lang='lat' dir='ltr'>cognoverunt</span> <span class='ocrx_word' id='word_1_609' title='bbox 2196 2235 2308 2271; x_wconf 84' lang='lat' dir='ltr'>eum?</span> <span class='ocrx_word' id='word_1_610' title='bbox 2339 2237 2383 2269; x_wconf 80' lang='lat' dir='ltr'>Iu</span> 
     </span>
     <span class='ocr_line' id='line_1_87' title="bbox 1383 2293 2382 2343; baseline -0.003 -13"><span class='ocrx_word' id='word_1_611' title='bbox 1383 2294 1569 2342; x_wconf 76' lang='lat' dir='ltr'>fractione</span> <span class='ocrx_word' id='word_1_612' title='bbox 1583 2300 1710 2343; x_wconf 79' lang='lat' dir='ltr'>panis.</span> <span class='ocrx_word' id='word_1_613' title='bbox 1732 2298 1777 2331; x_wconf 89' lang='lat' dir='ltr'>Et</span> <span class='ocrx_word' id='word_1_614' title='bbox 1806 2307 1892 2330; x_wconf 82' lang='lat' dir='ltr'>vere</span> <span class='ocrx_word' id='word_1_615' title='bbox 1919 2307 1993 2330; x_wconf 90' lang='lat' dir='ltr'>non</span> <span class='ocrx_word' id='word_1_616' title='bbox 2021 2293 2275 2343; x_wconf 87' lang='lat' dir='ltr'>cognosceris,</span> <span class='ocrx_word' id='word_1_617' title='bbox 2302 2295 2382 2328; x_wconf 86' lang='lat' dir='ltr'>Do-</span> 
     </span>
     <span class='ocr_line' id='line_1_88' title="bbox 1392 2354 2377 2403; baseline -0.003 -13"><span class='ocrx_word' id='word_1_618' title='bbox 1392 2354 1511 2399; x_wconf 87' lang='lat' dir='ltr'>mine,</span> <span class='ocrx_word' id='word_1_619' title='bbox 1530 2355 1598 2390; x_wconf 86' lang='lat' dir='ltr'>nisi</span> <span class='ocrx_word' id='word_1_620' title='bbox 1616 2354 1651 2390; x_wconf 90' lang='lat' dir='ltr'>in</span> <span class='ocrx_word' id='word_1_621' title='bbox 1671 2354 1852 2391; x_wconf 80' lang='lat' dir='ltr'>fractione</span> <span class='ocrx_word' id='word_1_622' title='bbox 1869 2355 1984 2403; x_wconf 85' lang='lat' dir='ltr'>panis.</span> <span class='ocrx_word' id='word_1_623' title='bbox 2003 2354 2113 2390; x_wconf 87' lang='lat' dir='ltr'>Panis</span> <span class='ocrx_word' id='word_1_624' title='bbox 2129 2366 2216 2389; x_wconf 91' lang='lat' dir='ltr'>caro</span> <span class='ocrx_word' id='word_1_625' title='bbox 2237 2361 2297 2388; x_wconf 87' lang='lat' dir='ltr'>tua</span> <span class='ocrx_word' id='word_1_626' title='bbox 2311 2361 2377 2387; x_wconf 88' lang='lat' dir='ltr'>cst.</span> 
     </span>
     <span class='ocr_line' id='line_1_89' title="bbox 1392 2411 2381 2462; baseline -0.002 -13"><span class='ocrx_word' id='word_1_627' title='bbox 1392 2413 1543 2462; x_wconf 85' lang='lat' dir='ltr'>Fregisti</span> <span class='ocrx_word' id='word_1_628' title='bbox 1563 2413 1734 2449; x_wconf 88' lang='lat' dir='ltr'>manibus</span> <span class='ocrx_word' id='word_1_629' title='bbox 1756 2413 1827 2449; x_wconf 92' lang='lat' dir='ltr'>tuis</span> <span class='ocrx_word' id='word_1_630' title='bbox 1855 2426 1992 2462; x_wconf 83' lang='lat' dir='ltr'>corpus</span> <span class='ocrx_word' id='word_1_631' title='bbox 2016 2421 2140 2457; x_wconf 88' lang='lat' dir='ltr'>tuum,</span> <span class='ocrx_word' id='word_1_632' title='bbox 2160 2411 2248 2461; x_wconf 90' lang='lat' dir='ltr'>quia</span> <span class='ocrx_word' id='word_1_633' title='bbox 2273 2419 2381 2460; x_wconf 88' lang='lat' dir='ltr'>pote-</span> 
     </span>
     <span class='ocr_line' id='line_1_90' title="bbox 1389 2471 2381 2522; baseline -0.003 -13"><span class='ocrx_word' id='word_1_634' title='bbox 1389 2480 1519 2509; x_wconf 83' lang='lat' dir='ltr'>statem</span> <span class='ocrx_word' id='word_1_635' title='bbox 1545 2471 1708 2508; x_wconf 82' lang='lat' dir='ltr'>habebas</span> <span class='ocrx_word' id='word_1_636' title='bbox 1728 2471 1892 2522; x_wconf 89' lang='lat' dir='ltr'>ponendi</span> <span class='ocrx_word' id='word_1_637' title='bbox 1913 2472 2074 2508; x_wconf 90' lang='lat' dir='ltr'>animam</span> <span class='ocrx_word' id='word_1_638' title='bbox 2103 2479 2224 2515; x_wconf 87' lang='lat' dir='ltr'>tuam,</span> <span class='ocrx_word' id='word_1_639' title='bbox 2249 2479 2286 2506; x_wconf 90' lang='lat' dir='ltr'>et</span> <span class='ocrx_word' id='word_1_640' title='bbox 2311 2471 2381 2506; x_wconf 89' lang='lat' dir='ltr'>ite-</span> 
     </span>
     <span class='ocr_line' id='line_1_91' title="bbox 1392 2529 2382 2580; baseline -0.003 -12"><span class='ocrx_word' id='word_1_641' title='bbox 1392 2544 1473 2568; x_wconf 88' lang='lat' dir='ltr'>rum</span> <span class='ocrx_word' id='word_1_642' title='bbox 1500 2531 1672 2568; x_wconf 89' lang='lat' dir='ltr'>sumendi</span> <span class='ocrx_word' id='word_1_643' title='bbox 1698 2544 1791 2567; x_wconf 87' lang='lat' dir='ltr'>eam.</span> <span class='ocrx_word' id='word_1_644' title='bbox 1812 2531 1966 2580; x_wconf 75' lang='lat' dir='ltr'>Fregisti</span> <span class='ocrx_word' id='word_1_645' title='bbox 1994 2543 2134 2579; x_wconf 83' lang='lat' dir='ltr'>corpus</span> <span class='ocrx_word' id='word_1_646' title='bbox 2157 2529 2259 2579; x_wconf 86' lang='lat' dir='ltr'>quod</span> <span class='ocrx_word' id='word_1_647' title='bbox 2293 2529 2382 2565; x_wconf 82' lang='lat' dir='ltr'>foris</span> 
     </span>
    </p>
   </div>
   <div class='ocr_carea' id='block_1_20' title="bbox 1349 2589 2383 2642">
    <p class='ocr_par' dir='ltr' id='par_1_21' title="bbox 1349 2589 2383 2642">
     <span class='ocr_line' id='line_1_92' title="bbox 1349 2589 2383 2642; baseline -0.004 -14"><span class='ocrx_word' id='word_1_648' title='bbox 1349 2590 1615 2642; x_wconf 85' lang='lat' dir='ltr'>Dapparebat,</span> <span class='ocrx_word' id='word_1_649' title='bbox 1647 2599 1682 2627; x_wconf 92' lang='lat' dir='ltr'>et</span> <span class='ocrx_word' id='word_1_650' title='bbox 1711 2590 1905 2627; x_wconf 89' lang='lat' dir='ltr'>ostendisti</span> <span class='ocrx_word' id='word_1_651' title='bbox 1939 2590 2139 2627; x_wconf 87' lang='lat' dir='ltr'>medullam</span> <span class='ocrx_word' id='word_1_652' title='bbox 2172 2601 2256 2638; x_wconf 85' lang='lat' dir='ltr'>quae</span> <span class='ocrx_word' id='word_1_653' title='bbox 2284 2589 2383 2626; x_wconf 89' lang='lat' dir='ltr'>intus</span> 
     </span>
    </p>
   </div>
   <div class='ocr_carea' id='block_1_21' title="bbox 1391 2649 2382 3231">
    <p class='ocr_par' dir='ltr' id='par_1_22' title="bbox 1391 2649 2382 3231">
     <span class='ocr_line' id='line_1_93' title="bbox 1391 2649 2378 2700; baseline -0.002 -13"><span class='ocrx_word' id='word_1_654' title='bbox 1391 2650 1548 2695; x_wconf 82' lang='lat' dir='ltr'>latebat;</span> <span class='ocrx_word' id='word_1_655' title='bbox 1567 2650 1635 2687; x_wconf 91' lang='lat' dir='ltr'>nisi</span> <span class='ocrx_word' id='word_1_656' title='bbox 1652 2650 1751 2687; x_wconf 89' lang='lat' dir='ltr'>enim</span> <span class='ocrx_word' id='word_1_657' title='bbox 1770 2651 1968 2700; x_wconf 85' lang='lat' dir='ltr'>patereris,</span> <span class='ocrx_word' id='word_1_658' title='bbox 1986 2662 2062 2686; x_wconf 90' lang='lat' dir='ltr'>non</span> <span class='ocrx_word' id='word_1_659' title='bbox 2087 2649 2378 2699; x_wconf 82' lang='lat' dir='ltr'>cognoscereris.</span> 
     </span>
     <span class='ocr_line' id='line_1_94' title="bbox 1392 2708 2382 2760; baseline -0.003 -13"><span class='ocrx_word' id='word_1_660' title='bbox 1392 2712 1465 2755; x_wconf 80' lang='lat' dir='ltr'>Ibi,</span> <span class='ocrx_word' id='word_1_661' title='bbox 1487 2710 1629 2760; x_wconf 89' lang='lat' dir='ltr'>inquit,</span> <span class='ocrx_word' id='word_1_662' title='bbox 1652 2709 1868 2746; x_wconf 76' lang='lat' dir='ltr'>abscondita</span> <span class='ocrx_word' id='word_1_663' title='bbox 1888 2708 2135 2757; x_wconf 62' lang='lat' dir='ltr'>enfin-titudo</span> <span class='ocrx_word' id='word_1_664' title='bbox 2155 2708 2273 2755; x_wconf 75' lang='lat' dir='ltr'>ej1155.</span> <span class='ocrx_word' id='word_1_665' title='bbox 2292 2711 2382 2757; x_wconf 71' lang='lat' dir='ltr'>Quae</span> 
     </span>
     <span class='ocr_line' id='line_1_95' title="bbox 1391 2767 2381 2814; baseline -0.003 -8"><span class='ocrx_word' id='word_1_666' title='bbox 1391 2780 1443 2806; x_wconf 84' lang='lat' dir='ltr'>cst</span> <span class='ocrx_word' id='word_1_667' title='bbox 1462 2778 1584 2806; x_wconf 86' lang='lat' dir='ltr'>autem</span> <span class='ocrx_word' id='word_1_668' title='bbox 1607 2769 1787 2806; x_wconf 85' lang='lat' dir='ltr'>fortitudo</span> <span class='ocrx_word' id='word_1_669' title='bbox 1808 2777 1889 2814; x_wconf 89' lang='lat' dir='ltr'>tua,</span> <span class='ocrx_word' id='word_1_670' title='bbox 1916 2769 1985 2806; x_wconf 90' lang='lat' dir='ltr'>nisi</span> <span class='ocrx_word' id='word_1_671' title='bbox 2012 2767 2285 2813; x_wconf 75' lang='lat' dir='ltr'>misericordia,</span> <span class='ocrx_word' id='word_1_672' title='bbox 2313 2768 2381 2804; x_wconf 91' lang='lat' dir='ltr'>nisi</span> 
     </span>
     <span class='ocr_line' id='line_1_96' title="bbox 1393 2828 2381 2877; baseline -0.002 -12"><span class='ocrx_word' id='word_1_673' title='bbox 1393 2829 1654 2875; x_wconf 80' lang='lat' dir='ltr'>mansuetudo,</span> <span class='ocrx_word' id='word_1_674' title='bbox 1676 2830 1744 2866; x_wconf 87' lang='lat' dir='ltr'>nisi</span> <span class='ocrx_word' id='word_1_675' title='bbox 1766 2829 1972 2872; x_wconf 80' lang='lat' dir='ltr'>humilitas,</span> <span class='ocrx_word' id='word_1_676' title='bbox 1997 2828 2065 2864; x_wconf 90' lang='lat' dir='ltr'>nisi</span> <span class='ocrx_word' id='word_1_677' title='bbox 2084 2828 2290 2877; x_wconf 85' lang='lat' dir='ltr'>patientia?</span> <span class='ocrx_word' id='word_1_678' title='bbox 2308 2831 2381 2864; x_wconf 83' lang='lat' dir='ltr'>llas</span> 
     </span>
     <span class='ocr_line' id='line_1_97' title="bbox 1391 2887 2382 2926; baseline -0.002 -2"><span class='ocrx_word' id='word_1_679' title='bbox 1391 2891 1546 2926; x_wconf 67' lang='lat' dir='ltr'>virtutes</span> <span class='ocrx_word' id='word_1_680' title='bbox 1575 2889 1794 2926; x_wconf 86' lang='lat' dir='ltr'>fortissimas</span> <span class='ocrx_word' id='word_1_681' title='bbox 1819 2897 1855 2924; x_wconf 84' lang='lat' dir='ltr'>et</span> <span class='ocrx_word' id='word_1_682' title='bbox 1875 2889 2110 2925; x_wconf 78' lang='lat' dir='ltr'>suavissimas</span> <span class='ocrx_word' id='word_1_683' title='bbox 2137 2887 2174 2923; x_wconf 91' lang='lat' dir='ltr'>in</span> <span class='ocrx_word' id='word_1_684' title='bbox 2203 2887 2382 2923; x_wconf 81' lang='lat' dir='ltr'>fractione</span> 
     </span>
     <span class='ocr_line' id='line_1_98' title="bbox 1392 2945 2377 2997; baseline -0.003 -13"><span class='ocrx_word' id='word_1_685' title='bbox 1392 2949 1516 2997; x_wconf 84' lang='lat' dir='ltr'>panis,</span> <span class='ocrx_word' id='word_1_686' title='bbox 1535 2949 1603 2984; x_wconf 87' lang='lat' dir='ltr'>boc</span> <span class='ocrx_word' id='word_1_687' title='bbox 1620 2956 1674 2984; x_wconf 81' lang='lat' dir='ltr'>cst</span> <span class='ocrx_word' id='word_1_688' title='bbox 1692 2948 1728 2984; x_wconf 90' lang='lat' dir='ltr'>in</span> <span class='ocrx_word' id='word_1_689' title='bbox 1753 2948 1924 2997; x_wconf 88' lang='lat' dir='ltr'>passione</span> <span class='ocrx_word' id='word_1_690' title='bbox 1944 2956 2024 2991; x_wconf 88' lang='lat' dir='ltr'>tua,</span> <span class='ocrx_word' id='word_1_691' title='bbox 2043 2947 2150 2983; x_wconf 78' lang='lat' dir='ltr'>nobis</span> <span class='ocrx_word' id='word_1_692' title='bbox 2170 2945 2377 2982; x_wconf 66' lang='lat' dir='ltr'>ostendisti⁴</span> 
     </span>
     <span class='ocr_line' id='line_1_99' title="bbox 1394 3007 2381 3055; baseline -0.003 -11"><span class='ocrx_word' id='word_1_693' title='bbox 1394 3009 1456 3044; x_wconf 86' lang='lat' dir='ltr'>llis</span> <span class='ocrx_word' id='word_1_694' title='bbox 1476 3007 1679 3044; x_wconf 67' lang='lat' dir='ltr'>¹virtutibus</span> <span class='ocrx_word' id='word_1_695' title='bbox 1696 3020 1783 3044; x_wconf 79' lang='lat' dir='ltr'>caro</span> <span class='ocrx_word' id='word_1_696' title='bbox 1810 3016 1890 3051; x_wconf 88' lang='lat' dir='ltr'>tua,</span> <span class='ocrx_word' id='word_1_697' title='bbox 1915 3007 2015 3055; x_wconf 86' lang='lat' dir='ltr'>quod</span> <span class='ocrx_word' id='word_1_698' title='bbox 2039 3019 2107 3042; x_wconf 87' lang='lat' dir='ltr'>nos</span> <span class='ocrx_word' id='word_1_699' title='bbox 2132 3017 2278 3050; x_wconf 89' lang='lat' dir='ltr'>sumus,</span> <span class='ocrx_word' id='word_1_700' title='bbox 2309 3018 2381 3041; x_wconf 88' lang='lat' dir='ltr'>nu-</span> 
     </span>
     <span class='ocr_line' id='line_1_100' title="bbox 1393 3064 2382 3115; baseline -0.003 -13"><span class='ocrx_word' id='word_1_701' title='bbox 1393 3068 1501 3103; x_wconf 89' lang='lat' dir='ltr'>tritur</span> <span class='ocrx_word' id='word_1_702' title='bbox 1519 3067 1716 3115; x_wconf 85' lang='lat' dir='ltr'>paulatim,</span> <span class='ocrx_word' id='word_1_703' title='bbox 1731 3076 1767 3102; x_wconf 92' lang='lat' dir='ltr'>et</span> <span class='ocrx_word' id='word_1_704' title='bbox 1786 3067 1950 3115; x_wconf 85' lang='lat' dir='ltr'>prolicit,</span> <span class='ocrx_word' id='word_1_705' title='bbox 1966 3074 2000 3101; x_wconf 83' lang='lat' dir='ltr'>et</span> <span class='ocrx_word' id='word_1_706' title='bbox 2019 3064 2220 3114; x_wconf 73' lang='lat' dir='ltr'>perficitur,</span> <span class='ocrx_word' id='word_1_707' title='bbox 2239 3067 2283 3100; x_wconf 89' lang='lat' dir='ltr'>Et</span> <span class='ocrx_word' id='word_1_708' title='bbox 2304 3064 2382 3113; x_wconf 89' lang='lat' dir='ltr'>pri-</span> 
     </span>
     <span class='ocr_line' id='line_1_101' title="bbox 1393 3123 2381 3175; baseline -0.002 -14"><span class='ocrx_word' id='word_1_709' title='bbox 1393 3140 1492 3162; x_wconf 89' lang='lat' dir='ltr'>mum</span> <span class='ocrx_word' id='word_1_710' title='bbox 1523 3126 1673 3175; x_wconf 81' lang='lat' dir='ltr'>quidem</span> <span class='ocrx_word' id='word_1_711' title='bbox 1702 3127 1799 3162; x_wconf 85' lang='lat' dir='ltr'>inter</span> <span class='ocrx_word' id='word_1_712' title='bbox 1824 3126 1916 3161; x_wconf 81' lang='lat' dir='ltr'>duas</span> <span class='ocrx_word' id='word_1_713' title='bbox 1936 3125 2052 3160; x_wconf 81' lang='lat' dir='ltr'>molas</span> <span class='ocrx_word' id='word_1_714' title='bbox 2072 3124 2150 3172; x_wconf 81' lang='lat' dir='ltr'>spei</span> <span class='ocrx_word' id='word_1_715' title='bbox 2177 3131 2211 3158; x_wconf 80' lang='lat' dir='ltr'>et</span> <span class='ocrx_word' id='word_1_716' title='bbox 2238 3123 2381 3159; x_wconf 87' lang='lat' dir='ltr'>timoris</span> 
     </span>
     <span class='ocr_line' id='line_1_102' title="bbox 1393 3185 2377 3231; baseline -0.003 -11"><span class='ocrx_word' id='word_1_717' title='bbox 1393 3185 1546 3221; x_wconf 85' lang='lat' dir='ltr'>molitur</span> <span class='ocrx_word' id='word_1_718' title='bbox 1567 3185 1659 3220; x_wconf 84' lang='lat' dir='ltr'>sicut</span> <span class='ocrx_word' id='word_1_719' title='bbox 1679 3186 1922 3229; x_wconf 76' lang='lat' dir='ltr'>frumentum,</span> <span class='ocrx_word' id='word_1_720' title='bbox 1945 3192 1981 3219; x_wconf 90' lang='lat' dir='ltr'>ut</span> <span class='ocrx_word' id='word_1_721' title='bbox 2001 3185 2060 3219; x_wconf 83' lang='lat' dir='ltr'>liat</span> <span class='ocrx_word' id='word_1_722' title='bbox 2080 3195 2176 3218; x_wconf 74' lang='lat' dir='ltr'>nova</span> <span class='ocrx_word' id='word_1_723' title='bbox 2197 3195 2377 3231; x_wconf 77' lang='lat' dir='ltr'>consper-</span> 
     </span>
    </p>
   </div>
   <div class='ocr_carea' id='block_1_22' title="bbox 1371 3306 2283 3347">
    <p class='ocr_par' dir='ltr' id='par_1_23' title="bbox 1371 3306 2283 3347">
     <span class='ocr_line' id='line_1_103' title="bbox 1371 3306 2283 3347; baseline -0.004 -6"><span class='ocrx_word' id='word_1_724' title='bbox 1371 3314 1423 3341; x_wconf 66' lang='grc' dir='ltr'>ζεῖ.</span> <span class='ocrx_word' id='word_1_725' title='bbox 1447 3306 2015 3347; x_wconf 30' lang='lat' dir='ltr'>&#39;2:52‘-·laii‹·.xx1v‚.&#39;33›‚.:53.—-5</span> <span class='ocrx_word' id='word_1_726' title='bbox 2040 3308 2154 3338; x_wconf 69' lang='lat' dir='ltr'>llabae.</span> <span class='ocrx_word' id='word_1_727' title='bbox 2176 3318 2213 3337; x_wconf 82' lang='lat'>111</span> <span class='ocrx_word' id='word_1_728' title='bbox 2228 3331 2234 3339; x_wconf 74' lang='grc'>,</span> <span class='ocrx_word' id='word_1_729' title='bbox 2254 3310 2283 3337; x_wconf 73' lang='lat' dir='ltr'>li.</span> 
     </span>
    </p>
   </div>
  </div>
 </body>
</html>
