2504 3928
347 151 415 188 187
1100 154 1389 189 GlLLEBER'l'l
1420 155 1618 192 ABBATIS
2310 162 2378 197 188

341 229 534 282 quomodo
550 228 682 265 Paulus
699 227 866 275 utrisque
884 225 999 263 ubera
1014 237 1173 277 coaptat.
1194 232 1326 266 Factus
1347 230 1376 248 '¹⁷
1393 233 1491 282 peris
1512 240 1597 282 apte
1617 233 1792 282 exsequi,
1816 234 1862 270 ad
1883 234 1961 282 ejus
1986 234 2226 272 commodum
2246 245 2379 273 cuncta

340 305 435 333 sum,
458 288 577 336 inquit
592 314 601 330 ‚
621 287 762 320 Jmltvis
785 289 892 332 qua-‘¹'
911 288 1068 322 Jmloeus
1092 302 1103 322 -·
1127 290 1183 323 less
1203 298 1323 324 1111111711
1345 293 1369 324 Α
1395 294 1532 330 referre
1547 322 1556 338 ‚
1580 301 1754 342 suscepto
1785 293 1966 329 inservire
1995 294 2160 342 negotio.
2186 298 2378 344 Nusquam

341 355 405 399 qui
425 354 504 384 sim·
525 351 602 393 lege
619 354 740 386 erant,
765 349 870 392 quasi
888 350 968 380 sim*
988 349 1066 393 legs·
1087 361 1213 383 essem.
1237 351 1328 383 Om-

341 409 449 445 nibus
470 410 594 441 omma
606 403 732 451 jiaertus
747 418 840 446 aunt,
861 414 899 439 ut
912 418 1036 440 onmes
1051 405 1284 452 lucrifaciam
1304 413 1326 442 ¹.

342 474 398 505 An
419 480 492 503 non
516 464 630 500 ubera
653 464 818 500 hinnulis
837 464 912 500 istis
930 473 1188 514 coaptaverat,
1203 467 1327 502 onmia

342 529 459 564 sactus
479 524 680 560 omuibus?
697 523 884 561 Omnibus
901 524 1027 560 omnia
1047 525 1163 561 sactus
1180 534 1326 561 estnon

339 584 547 624 siumlantis
565 592 666 627 astu,
682 583 747 620 sed
770 584 1031 632 compatientis
1053 586 1188 621 al‘l'ectu
1205 594 1240 621 et
1259 585 1326 621 ha-

339 646 418 682 bitu
440 644 661 694 coaptantis.
683 643 853 692 Denique
873 645 1040 693 utrisque
1061 658 1099 680 se
1116 646 1327 681 conforma-

339 705 402 741 bat
425 719 432 740 :
457 717 557 740 nunc
577 716 614 740 se
639 716 722 739 cum
742 702 813 738 illis
833 716 853 738 a
878 703 986 739 licitis
1005 702 1206 747 cohibens,
1227 717 1326 740 nunc

338 763 384 800 ad
419 763 516 799 licita
549 761 873 806 condescen‹lcns;
905 770 1151 810 utrorumque
1186 762 1325 811 ubique

339 823 530 860 declinans
558 821 772 857 scandalum
790 849 798 864 ,
822 820 885 856 ubi
911 821 994 856 lidei
1025 834 1100 856 non
1123 821 1326 873 obsistebat

338 881 484 930 injuria.
510 879 693 918 Omnibus
716 880 843 916 omnia
869 880 985 915 sactus
1007 889 1084 923 est,
1105 893 1172 916 nec
1189 881 1328 917 Judaeis

338 942 448 978 ritum
471 941 506 976 in
528 940 640 976 initiis
658 940 796 975 licitum
815 940 967 984 tollens,
984 953 1052 976 nee
1067 939 1111 975 ad
1131 953 1261 976 eorum
1278 941 1326 976 ir—

1395 353 1604 389 cvidentius
1625 353 1850 401 eloquentia}
1876 361 1946 388 tuae
1963 353 2109 401 signum
2126 352 2250 399 dabis,
2266 368 2378 403 quam

1394 413 1422 448 si
1443 413 1620 448 humilem
1643 412 1832 447 materiam
1853 412 2068 460 exsequaris
2088 420 2236 458 ornate;
2253 422 2290 449 et
2306 426 2379 450 ser-

1395 472 1515 507 monis
1533 478 1829 520 temperamento
1846 471 2010 516 attollas,
2024 484 2106 519 quae
2124 484 2190 520 per
2203 485 2240 507 se
2253 471 2379 520 jacere

1394 530 1640 574 videbantur,
1666 538 1702 565 ct
1728 530 1828 565 velut
1852 529 2154 579 contemptibiles
2178 531 2379 567 sententias

1392 588 1766 625 commendabiliorcs
1797 588 1945 624 el'licias.
1977 592 2050 625 hee
2078 596 2150 625 tam
2177 588 2291 626 debes
2319 598 2378 626 at-

1393 649 1546 685 tendere
1569 661 1653 696 qum
1677 656 1711 683 te
1731 647 1853 683 dicere
1874 647 2002 683 deceat
2023 647 2212 684 hominem
2237 648 2379 685 littera-

1393 716 1492 751 tum,
1513 720 1625 756 quam
1655 720 1738 755 quai
1763 705 1925 742 debeant
1947 706 2076 743 audire
2095 720 2191 755 quos
2211 707 2376 744 instruis.

1391 765 1487 813 Quid
1518 765 1617 801 enim
1648 765 1734 801 inde
1763 773 2060 813 consequuntur,
2083 765 2112 800 si
2142 764 2310 802 ambulas
2340 766 2377 802 in

1393 825 1534 874 magnis
1563 833 1600 860 et
1627 825 1661 860 in
1693 823 1943 866 mirabilibus,
1968 837 2042 859 non
2069 823 2153 859 dico
2182 837 2296 873 super
2319 834 2376 870 te,

1392 885 1455 921 sed
1478 897 1591 933 super
1609 897 1673 919 eos
1693 883 1756 932 qui
1777 882 1966 919 assident?
1984 883 2066 919 Noli
2088 883 2203 918 altum
2227 884 2300 919 alte
2321 896 2380 920 sa-

1393 957 1481 994 pere
1494 972 1503 986 ,
1525 943 1589 979 scd
1609 942 1868 978 condescende
1885 940 2099 977 humilibus.
2121 940 2302 978 Sublimia
2318 942 2379 977 lo-

337 1001 549 1037 ritationem
566 999 733 1037 Gentiles
747 1000 984 1048 compellens.
1001 998 1184 1035 Omnibus
1198 1000 1323 1036 omnia
1345 1003 1371 1036 B
1392 1015 1529 1052 quens,
1546 1002 1609 1038 sed
1628 1015 1704 1037 non
1721 1001 1757 1036 in
1775 1009 1964 1049 tempore,
1980 999 2069 1048 quid
2088 999 2189 1036 aliud
2204 1000 2378 1037 affectare

340 1061 460 1096 sactus
478 1067 534 1096 est
547 1087 556 1103 ,
576 1071 645 1108 pro
667 1058 898 1094 audientium
917 1058 1119 1108 capacitate
1136 1067 1172 1094 et
1190 1059 1323 1108 praeci-

338 1120 445 1169 piens
465 1119 638 1163 moralia,
656 1126 691 1154 et
712 1117 897 1154 disserens
919 1119 1085 1166 mystica.
1108 1122 1149 1155 In
1171 1119 1238 1155 hac
1258 1119 1325 1155 du—

337 1178 425 1227 plici
443 1178 594 1214 materia
614 1177 715 1212 velut
731 1176 806 1212 duo
824 1176 938 1213 ubera
955 1177 1124 1226 porrigit,
1142 1177 1323 1214 doctrinae

336 1238 518 1287 planioris
543 1238 658 1273 lactea
684 1236 799 1272 ubera
821 1237 986 1285 parvulis
1013 1245 1237 1285 temperans.
1259 1241 1322 1274 ln-

337 1305 441 1333 terna
472 1296 682 1345 compassio
712 1295 826 1331 ubera
846 1294 999 1344 quidem
1021 1295 1131 1331 habet
1145 1325 1153 1340 ,
1175 1296 1238 1332 sed
1260 1309 1324 1332 co-

335 1356 476 1405 aptatio
503 1356 592 1391 soris
618 1354 733 1391 ubera
753 1354 916 1390 exhibet.
940 1355 1005 1391 Illa
1025 1355 1222 1391 miseretur
1235 1384 1244 1401 ,
1260 1355 1324 1392 sed

335 1415 404 1451 ista
438 1414 620 1450 medetur.
650 1413 748 1461 Quid
774 1414 872 1449 enim
903 1413 991 1449 mihi
1013 1413 1166 1463 prodest
1186 1414 1215 1449 si
1242 1422 1323 1450 tan—

336 1482 414 1510 tum
433 1473 657 1523 compateris
670 1501 678 1517 ,
698 1481 735 1509 et
755 1473 960 1509 infirmitati
980 1481 1016 1508 et
1032 1473 1136 1521 quasi
1159 1465 1324 1510 infantiae

335 1546 426 1569 meae
459 1541 745 1581 contemperare
776 1540 809 1568 te
839 1532 1036 1568 commode
1063 1533 1205 1569 nescis?
1233 1533 1323 1581 quid

334 1593 423 1628 mihi
444 1592 598 1642 prodest
617 1591 644 1627 si
671 1591 930 1640 compatientis
956 1591 1091 1627 affectu
1115 1604 1261 1628 causam
1285 1593 1323 1628 in

334 1658 369 1686 te
395 1663 514 1686 meam
543 1648 738 1692 transfers,
767 1647 796 1683 si
820 1661 947 1684 curam
972 1661 1084 1696 quam
1106 1647 1219 1684 debes
1245 1662 1322 1685 non

333 1710 476 1746 affers?
499 1712 667 1756 Utraque
692 1707 897 1744 necessaria
924 1716 999 1751 est,
1025 1715 1061 1743 et
1092 1708 1320 1756 compassio,

1389 1061 1546 1105 videris,
1563 1061 1632 1096 nisi
1652 1069 1691 1096 ut
1716 1059 1781 1095 tibi
1800 1059 1869 1095 soli
1891 1067 2036 1094 taceant
2053 1058 2245 1104 homines,
2266 1067 2303 1095 et
2322 1059 2379 1095 di-

1390 1128 1496 1156 catur
1516 1119 1561 1155 de
1588 1127 1620 1155 te
1641 1118 1743 1167 quod
1768 1118 1908 1154 dictum
1927 1126 1983 1154 est
1999 1118 2044 1153 de
2062 1118 2272 1164 Salvatore,
2290 1119 2378 1168 quia

1389 1192 1576 1226 nunquam
1596 1182 1649 1213 sic
1669 1181 1808 1212 locutus
1827 1186 1881 1211 esc
1901 1177 2056 1212 lumem?
2078 1176 2288 1214 Ascendisti
2314 1190 2378 1214 ca·-

1390 1237 1579 1281 thedram,
1601 1244 1643 1272 ut
1663 1237 1756 1272 alios
1773 1236 1954 1281 aedisices,
1972 1248 2046 1271 non
2066 1243 2107 1279 ut
2127 1244 2161 1272 te
2177 1235 2300 1285 ipsum
2317 1237 2377 1272 in-

1390 1296 1455 1333 fles
1477 1311 1484 1332 :
1514 1305 1554 1332 ut
1575 1296 1750 1345 impleas,
1775 1308 1850 1331 non
1877 1295 2070 1331 exinanias
2093 1304 2127 1331 te
2147 1295 2289 1344 ipsum,
2307 1296 2378 1333 nisi

1390 1355 1485 1391 forte
1504 1368 1549 1391 eo
1570 1355 1683 1391 modo
1703 1368 1780 1404 quo
1800 1368 1838 1391 se
1862 1355 2032 1392 Salvator
2050 1354 2278 1399 exinanivit,
2301 1355 2378 1391 for-

1390 1427 1487 1449 mam
1514 1414 1612 1450 servi
1633 1414 1821 1462 accipiens
1835 1412 1848 1435 3
1864 1442 1873 1458 ‚
1900 1422 1940 1449 ut
1962 1426 2030 1449 nos
2047 1413 2168 1449 carnis
2189 1426 2265 1450 suae
2285 1414 2378 1450 lacte

1390 1472 1549 1508 nutriret
1580 1473 1616 1508 in
1652 1473 1823 1508 salutem.
1857 1475 1984 1508 Bonus
2015 1472 2180 1508 imitator
2211 1472 2378 1521 Magistri

1389 1531 1524 1566 Paulus
1553 1529 1667 1566 ubera
1694 1543 1770 1566 non
1801 1530 1986 1575 occultat,
2011 1529 2074 1565 sed
2100 1529 2238 1566 habere
2261 1543 2300 1566 se
2315 1530 2377 1579 ja-

1389 1598 1473 1625 ctat.
1511 1591 1702 1637 'I'cmquam
1724 1592 1902 1637 parvulis,
1922 1589 2062 1637 inquit,
2082 1593 2120 1624 in
2149 1590 2291 1625 Christo
2321 1592 2379 1625 lac

1388 1648 1492 1684 vobis
1511 1658 1637 1696 potum
1659 1650 1756 1691 decli,
1779 1661 1852 1682 non
1879 1660 2000 1682 escam
2021 1646 2059 1682 ⁴':
2083 1647 2245 1690 etitem,
2274 1648 2381 1683 Nilu'l

1389 1721 1446 1742 me
1464 1707 1623 1742 arbitror
1638 1712 1732 1741 scire
1747 1711 1844 1741 inter
1857 1720 1937 1749 vos,
1951 1708 2024 1741 nisi
2034 1707 2158 1741 lesum
2179 1707 2374 1749 Christum,

332 1777 369 1805 et
392 1768 563 1817 quaedani
588 1767 794 1817 disciplinae
815 1775 851 1803 et
877 1767 1057 1803 doctrinm
1085 1767 1318 1815 compositio.
1340 1766 1366 1801 C
1387 1775 1422 1800 et
1440 1763 1806 1812 letctzccrtccfi.r11111'⁴.
1825 1768 1908 1813 Ipse
1927 1766 2032 1801 novit
2047 1765 2106 1800 cui
2123 1777 2288 1801 mensam
2310 1778 2379 1815 pa-

331 1827 550 1877 Compassio
582 1826 755 1862 affectum
784 1826 1017 1870 conformat,
1041 1826 1264 1875 compositio
1286 1834 1321 1862 te

329 1887 376 1923 ad
395 1885 607 1923 laetandum
625 1885 801 1933 parvulos
817 1884 960 1920 utiliter
976 1885 1161 1920 incurvat.
1180 1889 1321 1921 Neutro

330 1947 366 1982 in
397 1958 533 1994 genere
559 1944 676 1980 sancti
709 1943 881 1978 doctores
907 1942 1142 1978 auditoribus
1170 1944 1318 1989 desunt,

329 2005 415 2042 sacti
435 2004 531 2041 sicut
553 2003 628 2047 illi,
650 2010 686 2038 et
705 2001 854 2051 pietatis
873 2001 1031 2045 affectu,
1050 2009 1086 2037 et
1103 2002 1320 2039 conforma-

331 2064 443 2101 tionis
463 2075 545 2099 usu.

381 2123 418 2159 2.
448 2121 602 2159 Utinam
631 2118 730 2155 istud
760 2117 955 2155 attendant
982 2117 1047 2166 qui
1075 2117 1205 2154 facturi
1232 2127 1320 2154 sunt

328 2181 366 2217 in
386 2186 576 2217 conventu
597 2177 753 2213 fratrum
777 2187 1002 2211 sermonem.
1024 2174 1181 2211 Student
1203 2175 1319 2223 magis

327 2241 400 2277 alta
427 2250 540 2287 quam
561 2244 646 2285 apta
668 2235 811 2279 dicere,
833 2235 1010 2270 facientes
1032 2233 1130 2283 apud
1152 2234 1319 2270 inlirmas

327 2295 590 2345 intelligentias
616 2293 838 2330 miraculum
862 2293 943 2338 sui,
967 2305 1042 2328 non
1067 2293 1234 2341 ipsorum
1255 2305 1316 2328 sa-

328 2359 444 2394 lutem
464 2362 676 2405 operantes.
703 2351 938 2388 Erubescunt
964 2351 1118 2387 humilia
1144 2359 1180 2386 ct
1207 2350 1317 2399 plana

328 2417 484 2460 docere,
510 2427 556 2450 ne
586 2413 665 2450 sola
693 2412 771 2448 haec
799 2411 909 2448 scisse
937 2411 1146 2447 videantur.
1169 2409 1316 2446 Erube-

328 2483 438 2513 scunt
456 2473 573 2510 ubera
594 2470 751 2515 habere,
775 2469 917 2506 nudare
938 2482 1156 2512 mammam,
1182 2469 1318 2504 laetare

1387 1833 1464 1870 ret,
1487 1833 1523 1860 et
1541 1823 1678 1872 quibus
1699 1823 1815 1859 ubera
1836 1824 2011 1872 porrigat.
2042 1823 2132 1860 Ideo
2159 1823 2275 1860 ubera
2296 1822 2378 1871 ejus

1386 1884 1481 1920 sicut
1500 1884 1664 1928 hinnuli,
1685 1884 1772 1932 quia
1789 1883 1970 1919 doetrinae
1992 1896 2068 1919 suae
2096 1882 2233 1919 verba³¹
2254 1883 2377 1919 emol-

1386 1943 1451 1979 lita
1470 1951 1578 1988 sunt,
1600 1943 1724 1991 qualia
1743 1943 1889 1992 parvuli
1911 1943 1946 1978 in
1965 1943 2114 1980 Christo
2134 1955 2266 1992 capere
2286 1955 2376 1992 pos-

1388 2009 1486 2038 sunt.

1440 2061 1476 2095 3.
1499 2059 1647 2096 Audisti
1663 2058 1742 2107 jam
1758 2059 1822 2107 qui
1842 2067 1930 2095 sunt
1944 2059 2002 2095 isti
2020 2060 2192 2104 hinnuli,
2209 2067 2246 2096 et
2262 2072 2378 2108 quare

1384 2116 1472 2153 duo.
1484 2117 1547 2153 Vis
1559 2129 1667 2152 nosse
1678 2129 1794 2164 quare
1807 2117 1953 2165 gemelli
1965 2118 2083 2164 ?Quia
2095 2117 2131 2153 in
2145 2117 2216 2153 fide
2232 2130 2307 2153 non
2322 2125 2378 2154 est

1384 2173 1574 2211 distinctio
1584 2174 1705 2211 Judaei
1723 2182 1760 2210 et
1774 2172 1930 2211 Graecifi.
1946 2178 2085 2211 Vacant
2098 2174 2164 2211 tibi
2179 2176 2376 2224 privilegia

1382 2234 1618 2277 meritorum,
1632 2241 1668 2268 et
1682 2233 1915 2281 regeneratio
1930 2234 2053 2270 nullos
2068 2233 2276 2282 distinguit,
2291 2247 2375 2282 quae

1383 2300 1538 2328 cunctos
1567 2292 1759 2340 aequaliter
1784 2291 1956 2327 absolvit.
1990 2295 2131 2329 Omnes
2152 2293 2250 2329 enim
2264 2300 2375 2341 egent

1383 2351 1501 2399 gloria
1518 2350 1601 2395 Dei,
1614 2349 1807 2398 justificati
1825 2351 1938 2399 gratis
1956 2364 2023 2400 per
2039 2351 2194 2400 gratiam
2215 2351 2331 2400 ipsius
2342 2358 2370 2387 7.

1383 2410 1491 2448 Fides
1510 2418 1691 2458 utrosque
1712 2411 1875 2459 populos
1895 2424 2001 2460 aeque
2018 2410 2210 2457 nobilitat3
2227 2410 2291 2447 sed
2310 2414 2375 2447 Ju-

1384 2468 1486 2504 daeus
1503 2468 1609 2504 aliter
1625 2477 1773 2517 reputat
1791 2484 1798 2504 ε
1818 2469 1854 2504 in
1871 2470 2062 2506 eomumni
2078 2468 2373 2518 elementiajura

329 2533 518 2584 parvulos.
545 2529 644 2578 Quid
672 2528 771 2566 istud
794 2530 871 2565 est?
892 2528 1026 2564 ideone
1051 2527 1250 2564 consedisti
1279 2527 1318 2563 in
1333 2533 1365 2566 D
1383 2526 1453 2563 sibi
1483 2527 1628 2575 privata
1653 2527 1834 2576 deposcit.
1857 2528 1955 2575 Quid
1983 2529 2116 2565 mirum
2138 2529 2168 2565 si
2188 2529 2268 2564 vult
2292 2540 2372 2565 esse

329 2592 454 2630 medio
479 2588 692 2626 cathedram
724 2596 873 2633 tenens,
900 2596 939 2624 ut
962 2587 1154 2623 scientiam
1176 2586 1312 2635 jactes,

328 2664 376 2688 an
408 2658 450 2686 ut
479 2657 644 2685 teneram
679 2645 918 2683 subditorum
951 2646 1063 2682 lactes
1092 2645 1316 2682 infantiam?

328 2709 486 2747 Subtilia
519 2707 613 2744 texis
644 2721 652 2742 :
685 2714 801 2742 artem
830 2706 894 2754 qui
923 2705 1080 2741 audiunt
1107 2705 1315 2750 mirantur;

328 2767 580 2818 eloquentiam
613 2765 777 2802 laudant.
809 2768 907 2801 Bene
935 2765 1086 2814 quidem
1103 2794 1112 2811 ‚
1139 2773 1262 2800 tamen
1288 2764 1317 2800 si

328 2829 482 2880 gratiam
508 2826 694 2870 sentiunt,
720 2825 750 2861 si
778 2833 812 2860 te
842 2824 1057 2873 disputante
1085 2823 1316 2860 audientium

329 2895 525 2924 moveatur
546 2885 702 2921 affectus
715 2912 724 2929 ,
743 2884 955 2919 intellectus
975 2883 1191 2919 instruatur.
1211 2882 1318 2919 Alio-

328 2947 418 2997 quin
436 2944 527 2994 quid
544 2944 590 2980 ad
609 2956 773 2993 praesens
791 2943 982 2991 negotium
999 2942 1196 2991 peregrina
1213 2954 1317 2990 quae-

328 3007 413 3043 dam
442 3004 648 3046 adducere,
667 3015 751 3050 quae
777 3002 1027 3038 auscultantes
1049 3014 1125 3037 non
1146 3001 1318 3050 capiant?

328 3069 463 3114 Magna
478 3061 702 3111 eloquentiae
720 3061 798 3097 laus
815 3069 885 3106 est,
902 3074 1049 3097 causam
1067 3073 1177 3110 quam
1197 3073 1317 3097 susce-

376 3200 383 3214 ¹
407 3197 418 3224 1
439 3195 513 3223 Cor.
532 3203 584 3229 ix,
612 3193 726 3222 20-22.
749 3209 791 3211 ψ»
818 3195 829 3210 ²
847 3191 1015 3227 Joa11.vu,
1037 3192 1090 3221 40.
1110 3209 1147 3211 ——
1173 3188 1184 3210 3
1200 3189 1320 3232 Philipp

329 3250 379 3277 12.
396 3263 433 3268 —-
453 3251 466 3275 7
481 3244 527 3276 td.
545 3254 600 3282 ιιι,
624 3246 686 3282 23,
706 3245 758 3273 2'2.
780 3261 818 3264 -κ-
836 3242 849 3263 ⁸
870 3246 939 3273 Act.
955 3254 1002 3273 xi.

1380 2586 1524 2635 primus
1538 2614 1548 2631 ,
1573 2587 1726 2635 quando
1748 2587 1868 2622 voluit
1899 2600 1978 2623 csse
2002 2589 2126 2624 solus?
2148 2586 2374 2635 Unigenitus

1381 2658 1459 2681 esse
1480 2658 1555 2680 non
1576 2654 1716 2694 potest,
1732 2646 1879 2682 affectat
1897 2646 1954 2682 vel
1972 2646 2258 2696 primogenitus.
2278 2644 2372 2682 Vide

1381 2713 1520 2753 quanta
1543 2704 1690 2753 objecta
1711 2705 1786 2741 sint
1806 2708 1917 2741 Petro
1940 2706 1978 2741 in
1999 2705 2153 2742 Actibus
2171 2704 2374 2753 Apostolo-

1383 2777 1479 2809 rum,
1497 2765 1599 2812 quod
1619 2764 1663 2800 ad
1683 2764 1852 2800 homines
1874 2765 2097 2814 praeputium
2121 2763 2300 2800 habentes
2318 2763 2372 2799 in-

1385 2824 1567 2868 troiisset,
1588 2823 1690 2872 quod
1711 2824 1793 2860 illos
1813 2824 2036 2873 suscepisset
2057 2823 2104 2860 ad
2125 2823 2210 2859 lidei
2230 2830 2372 2870 myste-

1385 2881 1477 2918 ria⁸.
1510 2882 1603 2920 Vide
1631 2891 1812 2931 quantum
1846 2883 1881 2919 in
1910 2883 2076 2932 Epistola
2102 2882 2148 2918 ad
2179 2885 2371 2919 Romanos

1382 2942 1518 2979 Paulus
1539 2942 1694 2978 desudet
1711 2942 1909 2978 adversum
1927 2942 2097 2986 Judaeos,
2115 2941 2217 2990 quod
2235 2941 2272 2977 in
2290 2952 2372 2989 gra-

1384 3001 1431 3037 tia
1452 3001 1520 3037 sibi
1543 3001 1626 3037 {idei
1647 3001 1842 3050 privilegia
1861 3001 2097 3037 vindicarent
2117 2999 2287 3049 quaedam
2301 3027 2311 3044 ,
2330 3006 2367 3035 et

1382 3074 1478 3109 quos
1504 3073 1577 3096 una
1605 3060 1696 3096 lidcs
1719 3059 1936 3108 conjunxit,
1955 3060 2227 3110 distinguerent
2246 3056 2372 3107 gradi-

1328 3193 1447 3227 .n,7.
1469 3209 1510 3212 -
1535 3190 1663 3222 ⁴1Cor.
1684 3200 1741 3227 ιιι,
1767 3187 2367 3230 1‚2.——⁵1d.11‚2.—⁶Rom.x,

1459 3245 1470 3257 ¹
1489 3242 1590 3279 Alias,
1613 3240 1717 3272 ubera.
