2418 3949
201 194 275 232 845

879 205 1161 242 TRACTATUS
1189 206 1254 240 DE
1281 206 1568 245 CHARITATE.

200 271 370 324 factaque
385 277 485 326 apud
504 286 538 314 te
555 279 672 329 ipsam
693 288 870 330 tanquam
886 294 951 318 vas
971 281 1159 332 perditum
1171 309 1181 327 ‚
1196 280 1222 298 ⁴¹

2167 210 2243 246 846

1231 279 1457 319 ⁷voluacatis
1489 299 1585 321 meoe
1604 295 1657 323 est
1685 301 1782 324 mors
1810 293 1939 338 impii,
1959 298 1997 325 et
2021 302 2094 324 non
2123 291 2244 336 magis

198 332 302 370 vivas
327 334 364 371 in
384 336 488 386 ipso,
505 346 542 374 et
567 339 604 375 in
635 347 671 376 te
693 340 773 389 ipsa
800 340 968 387 deficias,
995 349 1037 377 ut
1064 340 1185 390 possis
1203 347 1235 380 A
1252 350 1289 376 ue
1308 352 1537 380 convertatur
1554 355 1588 381 et
1605 347 1746 383 vivat¹⁴
1769 349 1783 383 ?

198 391 322 430 dicere
339 409 423 432 cum
448 398 635 448 propheta
655 414 663 436 ε
684 398 830 446 Defecit
847 414 932 436 caro
950 414 1052 444 mea,
1071 409 1106 436 et
1124 413 1185 434 cor

198 465 317 488 meum
329 481 340 497 ,
363 458 462 492 Deus
485 461 604 494 cordis
631 462 721 504 mei,
750 468 786 494 et
800 472 890 506 pars
919 472 1002 495 mea
1021 461 1121 494 Deus
1143 462 1182 493 ln

199 520 376 550 oetermcm
392 521 413 550 ¹.
435 518 595 554 Domine
617 522 737 564 Deus,
758 518 824 554 tibi
843 520 942 554 dixit
959 532 1021 554 cor
1039 531 1156 553 meum
1170 544 1180 562 ‚

197 571 407 619 Exqui.s-1'vit
423 584 458 611 te
467 575 590 624 scicies
607 591 692 613 mea
710 583 735 613 ².
759 577 830 614 Sed
850 576 1001 626 quando
1028 577 1090 613 fiet
1112 576 1183 612 hoc

198 632 323 668 Deus?
340 635 492 683 quando
509 636 654 682 venies,
670 636 795 673 anima
812 649 893 672 mea
905 665 914 682 ,
932 644 968 672 et
984 634 1183 685 apparebis

196 700 283 728 ante
301 694 431 731 faciem
454 696 569 732 Dei3?
585 696 737 745 quando
759 696 906 733 sinistra
930 697 966 732 in
991 696 1180 732 dexteram

195 755 462 789 convertetur?
477 754 629 802 quando
646 767 807 804 sponsus
823 763 858 791 te
877 754 1086 800 exhibebit,
1105 767 1180 790 non

194 807 393 847 habentem
411 813 592 849 maculam
609 826 732 862 neque
749 815 929 863 rugam4?
946 817 1037 852 Cum
1058 813 1183 850 flumi-

193 867 251 904 nis
275 869 437 918 impetus
454 871 616 908 laetificat
633 872 819 909 civitatem
838 874 908 910 Dei
922 873 954 918 ⁵,
982 886 1067 910 cum
1086 881 1182 909 tem-

192 927 297 976 plum
314 938 485 966 sanctum
498 958 507 974 ‚
529 931 633 980 quod
657 940 694 968 tu
715 945 754 968 es
765 930 793 978 ⁶,
812 932 1009 969 ornabitur
1027 933 1182 969 cortinis

193 987 352 1034 aureis⁷,
367 1003 450 1026 cum
467 990 656 1040 majestate
679 991 887 1041 replebitur
906 993 1029 1029 omnis
1045 991 1179 1039 terra⁸‚

1303 402 1366 438 81.
1388 404 1544 450 Recole,
1566 406 1707 452 recole,
1728 406 1831 456 quod
1850 410 1952 443 Deus
1977 408 2045 444 Dei
2063 404 2236 456 unigeni-

1249 466 1307 495 tus
1321 473 1391 509 pro
1405 462 1522 498 salute
1538 471 1599 499 tua
1610 463 1806 501 inelinavit
1816 466 1931 502 coelos
1945 474 1982 502 et
1995 465 2199 503 descendit'
2209 463 2234 507 ⁵,

1248 525 1285 554 et
1303 526 1345 554 ut
1364 527 1398 555 te
1419 519 1464 556 de
1484 521 1563 557 luto
1585 522 1682 558 faecis
1700 531 1866 569 erueret,
1891 525 2054 573 quodam
2075 523 2232 561 artifieio

1247 576 1448 624 ineffabili,
1468 580 1656 617 manendo
1673 582 1775 631 quod
1796 591 1895 628 erat,
1921 597 2038 633 usque
2063 583 2109 620 ad
2138 583 2234 619 livo-

1248 648 1307 671 res
1326 644 1363 671 et
1380 637 1536 674 vulnera
1561 640 1763 688 passionis,
1781 654 1818 677 se
1835 654 1855 677 a
1872 655 1936 678 sua
1962 642 2154 690 majestate
2172 641 2235 677 de-

1248 695 1385 743 posuit.
1407 698 1556 744 Moyses
1579 698 1731 746 quidem
1756 700 2022 750 AEthiopissain
2044 698 2194 738 duxit¹⁶
2223 714 2230 735 ε

1247 753 1311 789 sed
1338 754 1374 790 in
1400 768 1442 791 ea
1469 757 1577 804 pellis
1607 758 1840 807 nigredinem
1872 773 1949 796 non
1980 761 2149 796 mutavit.
2183 763 2233 795 'l'e

1246 812 1346 848 filius
1362 813 1429 849 Dei
1445 814 1615 852 Christus
1630 820 1738 853 Jesus
1758 818 1916 867 reperit,
1933 820 2131 868 multiplici
2148 831 2234 868 pec-

1247 879 1414 908 catorum
1436 874 1669 923 turpitudine
1690 876 1922 926 denigratam
1941 892 1948 914 :
1965 879 2139 926 lacrymis
2159 878 2234 913 suis

1246 938 1284 966 et
1302 929 1491 980 baptismo
1519 946 1587 969 suo
1614 934 1765 971 tandem
1793 944 1829 971 et
1847 937 1991 973 cruoris
2012 937 2112 973 unda
2131 945 2165 973 te
2182 937 2235 972 la-

1245 989 1325 1035 vit,
1343 998 1381 1026 et
1410 999 1445 1027 te
1469 991 1539 1028 sibi
1563 993 1734 1030 exhibuit
1759 995 1960 1043 gloriosam
1975 1002 2017 1032 ¹7.
2036 997 2137 1042 Scis,
2167 1008 2235 1032 nec

191 1057 277 1082 cum
300 1046 365 1084 tibi
391 1050 593 1086 exsultanti
611 1050 649 1087 in
671 1059 875 1100 conspectu
896 1052 985 1096 Dei,
1010 1059 1047 1087 et
1069 1051 1175 1088 dele·
1197 1054 1224 1088 B
1243 1048 1432 1098 ambigere
1456 1050 1589 1098 debes,
1616 1061 1798 1101 quantum
1820 1067 1960 1103 sponso
1982 1063 2046 1091 tuo
2067 1057 2114 1092 sis
2143 1056 2238 1091 infe-

191 1106 305 1142 ctanti
329 1107 367 1143 in
396 1109 523 1146 laetitia
537 1117 553 1140 9
581 1109 809 1147 ministrabit
829 1111 1011 1147 transiens
1025 1117 1053 1132 ¹⁰
1066 1139 1076 1157 ‚
1096 1110 1180 1147 dico

191 1163 238 1201 ab
267 1166 330 1202 illa
361 1168 485 1216 specie
512 1169 726 1218 corporali,
756 1183 868 1219 quam
902 1170 978 1207 suis
1010 1170 1182 1208 exhibuit

189 1226 401 1274 Apostolis,
421 1228 467 1264 ad
488 1228 589 1264 illam
617 1229 746 1278 gloriae
767 1230 949 1279 speciem,
972 1230 1010 1267 in
1031 1244 1104 1280 qua
1125 1240 1180 1268 est

191 1286 388 1333 coaequalis
425 1295 463 1323 et
498 1296 726 1335 coaeternus,
769 1291 1057 1339 coomnipotens
1095 1294 1178 1328 Deo

190 1344 303 1380 Patri.
325 1348 377 1381 Te
401 1345 529 1395 itaque
549 1347 588 1383 in
609 1360 674 1397 spe
695 1356 731 1384 et
754 1349 1005 1385 exsultatione
1026 1350 1178 1386 futuro-

190 1415 272 1438 rum
286 1401 429 1453 jugiter
454 1418 627 1442 exerceas
648 1406 745 1443 votis
771 1420 814 1443 ac
834 1407 1048 1454 desideriis,
1072 1422 1114 1445 ac
1131 1409 1178 1445 de

189 1463 434 1512 perceptione
467 1465 709 1514 praesentium
742 1479 892 1516 semper
928 1467 977 1504 sit
1008 1468 1108 1517 apud
1144 1477 1179 1505 te

187 1523 390 1571 gratiarum
408 1523 526 1570 actio,
545 1533 582 1561 et
599 1538 676 1561 vox
697 1525 818 1562 laudis
832 1532 875 1561 ¹¹.

506 1655 682 1695 CAPUT
710 1657 861 1696 XXIV.

186 1774 388 1813 Quantopere
403 1769 574 1802 cavendum
587 1794 594 1808 ‚
613 1781 653 1802 ne
673 1771 775 1802 anima
791 1770 829 1802 sit
849 1770 968 1813 ingrata
990 1782 1060 1814 erga
1079 1775 1180 1804 Deum

556 1823 600 1854 sic
618 1823 805 1866 diligentem.

237 1942 299 1979 80.
322 1945 529 1991 Usquequo
555 1942 741 1988 dormies,
764 1942 888 1978 anima
908 1955 1011 1989 mea,
1034 1955 1175 1992 usque—

183 2015 260 2051 quo
278 2001 501 2038 dormitabis
513 2031 522 2048 ,
539 2010 581 2038 ut
601 2003 659 2038 vel
680 2002 805 2039 brevis
825 2002 918 2038 hora
934 2003 1055 2038 otiosa
1076 2001 1169 2038 sub-

185 2070 311 2111 repat,
329 2062 366 2097 in
383 2074 456 2110 qua
481 2074 557 2097 non
578 2061 715 2098 habeas
733 2062 951 2098 memoriam
978 2062 1059 2099 Filii
1086 2062 1169 2107 Dei,

184 2134 253 2171 pro
276 2129 337 2157 tua
358 2121 524 2166 miseria,
544 2129 581 2157 et
599 2135 669 2171 pro
690 2135 754 2158 sua
775 2122 1030 2158 misericordia
1050 2122 1173 2158 cruci-

183 2180 270 2216 fixi?
303 2180 515 2229 Unicuique
554 2181 856 2217 molestissimum
894 2180 1105 2225 videretur,
1143 2181 1172 2217 si

182 2238 347 2288 compari
371 2252 440 2275 suo
460 2252 634 2287 magnum
658 2240 903 2289 impendisset
923 2239 1169 2288 obsequium,

180 2306 218 2335 et
237 2299 358 2348 ipsum
387 2311 501 2347 super
525 2298 697 2334 beneficii
723 2299 954 2335 exhibitione
984 2299 1172 2335 inveniret

179 2359 381 2408 ingratum.
402 2357 498 2405 Quid
515 2371 605 2406 ergo
623 2358 731 2394 saciet
747 2359 930 2395 Dominus
949 2358 1166 2407 majestatis,

180 2417 208 2453 si
229 2429 316 2462 nos,
335 2416 398 2465 qui
417 2416 509 2452 cinis
528 2424 565 2452 et
582 2416 705 2465 pulvis
722 2430 868 2463 sumus,
891 2425 1002 2453 tantae
1025 2417 1169 2454 miscri-

179 2475 315 2512 cordiae
332 2475 518 2512 invenerit
535 2475 728 2525 ingratos?
753 2476 1080 2523 Quemadmodum
1099 2489 1168 2526 pa—

181 2542 236 2570 ter
251 2535 448 2571 miseretur
467 2535 650 2581 filiorum,
671 2536 845 2573 misertus
859 2545 915 2573 est
935 2537 1053 2572 nostri
1070 2542 1111 2572 ¹².
1132 2537 1168 2573 Si

179 2592 278 2629 enim
303 2592 464 2640 aliquem
488 2593 662 2638 indurat,
677 2594 842 2642 judicat,
861 2603 898 2631 et
914 2594 1162 2640 condemnat3
1185 2602 1215 2635 D

179 2650 226 2687 ab
241 2664 286 2687 eo
303 2664 380 2687 non
397 2660 470 2697 est,
489 2651 553 2687 sed
574 2666 594 2688 a
612 2652 734 2689 nobis.
764 2654 866 2690 Licet
885 2654 983 2690 enim
1003 2654 1063 2690 cui
1090 2655 1170 2690 vult

180 2710 413 2755 misereatur,
429 2719 587 2759 etquem
601 2712 681 2747 vult
695 2712 885 2749 induret¹3
904 2727 911 2748 :
930 2713 1010 2762 ipse
1028 2721 1166 2758 tamen,

178 2769 237 2804 cui
263 2769 457 2818 proprium
485 2778 540 2806 est
568 2771 734 2807 misereri
762 2785 911 2821 semper
931 2781 967 2808 et
992 2785 1168 2821 parcere,

179 2837 215 2864 et
239 2841 323 2865 suas
349 2829 621 2866 misericordias
645 2840 801 2868 coronat
826 2832 863 2868 in
883 2831 1013 2878 nobis,
1031 2841 1066 2868 et
1087 2846 1169 2869 ma-

179 2887 275 2923 litias
290 2895 435 2924 nostras
452 2889 570 2937 punit.
590 2892 674 2938 Ipse
694 2890 872 2926 nimirum
891 2894 1000 2928 Pater
1020 2891 1168 2927 miseri-

179 2947 391 2984 cordiarum
419 2960 487 2998 per
505 2949 727 2999 prophetam
757 2950 925 3000 loquitur
945 2964 952 2986 :
974 2952 1169 2999 Numquid

1247 1109 1327 1145 rior
1340 1122 1477 1159 genere
1493 1138 1502 1155 ‚
1531 1112 1655 1161 specie
1669 1140 1677 1156 ,
1695 1111 1888 1162 dignitate.
1909 1114 2020 1150 Unde
2037 1115 2150 1163 igitur
2170 1116 2239 1152 tibi

1247 1174 1372 1204 tantus
1397 1176 1435 1204 et
1460 1177 1534 1204 tam
1560 1169 1763 1206 ineffabilis
1783 1170 1927 1217 honor,
1944 1172 2048 1220 quod
2076 1182 2111 1210 te
2136 1178 2238 1213 Deus

1245 1226 1315 1262 sibi
1338 1227 1375 1263 in
1396 1240 1573 1277 sponsam
1596 1229 1770 1278 dignatus
1792 1238 1848 1265 est
1864 1231 2021 1279 eligere,
2039 1245 2107 1282 per
2126 1247 2237 1283 quem

1244 1287 1373 1323 omnia
1398 1288 1493 1324 facta
1510 1287 1651 1335 sunt¹⁸,
1677 1290 1741 1338 qui
1761 1288 1874 1326 habet
1900 1299 2123 1339 potestatem
2151 1294 2239 1331 vitae

1245 1354 1317 1382 tuae
1342 1354 1380 1382 et
1403 1349 1555 1393 mortis,
1575 1361 1640 1384 rex
1666 1349 1750 1384 coeli
1775 1357 1812 1384 et
1839 1356 1969 1394 terrae,
1995 1351 2176 1400 splendor
2203 1363 2240 1390 et

1243 1405 1366 1454 imago
1397 1405 1615 1443 substantiae
1645 1407 1786 1453 Patris,
1818 1407 1856 1443 in
1885 1421 1997 1457 quem
2025 1411 2240 1450 desiderant

1243 1464 1377 1512 Angeli
1402 1465 1618 1514 prospicere
1635 1472 1685 1512 ¹⁹3
1703 1466 1810 1515 cujus
1836 1468 2157 1517 pulchritudinem
2184 1474 2239 1509 sol

1245 1530 1282 1559 et
1293 1523 1382 1559 luna
1396 1524 1602 1570 mirantur,
1619 1533 1766 1561 creator
1777 1534 1814 1562 et
1830 1535 1955 1562 rector
1968 1529 2237 1577 universitatis,

1246 1583 1478 1632 Angelorum
1492 1591 1528 1619 et
1541 1584 1860 1633 Archangelorum
1877 1585 2122 1635 desiderium,
2139 1594 2240 1627 Deus

1246 1641 1374 1690 gloriae
1400 1650 1437 1678 et
1460 1642 1645 1678 Dominus
1672 1641 1900 1690 majestatis?
1928 1645 2038 1682 Unde
2058 1645 2129 1683 hoc
2151 1647 2240 1695 tibi,

1246 1700 1349 1749 quod
1368 1709 1402 1736 te
1418 1700 1552 1750 recipit
1566 1701 1704 1737 sociam
1719 1702 1847 1750 gloriae
1858 1729 1869 1747 ,
1887 1713 2101 1741 consortem
2116 1708 2237 1756 regni,

1247 1759 1466 1809 participem
1494 1760 1671 1796 thalami?
1687 1763 1807 1808 Quem
1829 1775 1913 1798 cum
1938 1763 2122 1813 tetigeris,
2140 1775 2239 1803 casta

1201 1825 1228 1860 C
1247 1831 1307 1864 es;
1338 1831 1422 1855 cum
1455 1819 1699 1868 cognoveris,
1731 1819 1841 1856 docta
1871 1834 1930 1866 es;
1961 1835 2045 1858 cum
2080 1824 2236 1872 videris,

1242 1876 1373 1924 beata,
1394 1891 1478 1914 cum
1504 1879 1576 1914 frui
1599 1879 1762 1928 poteris,
1788 1879 1961 1928 gloriosa.
1980 1885 2051 1918 Fac
2068 1882 2182 1932 igitur
2198 1893 2239 1921 ut

1242 1939 1406 1975 confidat
1419 1939 1454 1975 in
1473 1947 1508 1975 te
1521 1953 1587 1975 cor
1603 1940 1672 1976 viri
1691 1940 1793 1985 tui²⁰;
1811 1940 2034 1978 obliviscere
2048 1945 2234 1993 populum

1240 2004 1408 2045 tuum²¹‚
1438 2011 1506 2035 nec
1534 2007 1697 2035 mentem
1726 2008 1826 2036 tuam
1853 2000 2017 2038 declines
2039 2002 2085 2039 ab
2109 2018 2154 2041 eo
2179 2006 2237 2042 vel

1238 2058 1348 2094 etiam
1370 2058 1415 2094 ad
1442 2067 1688 2095 momentum.
1707 2062 1786 2096 Stat
1813 2061 1968 2109 angelus
1993 2064 2146 2100 Domini
2171 2067 2237 2114 qui

1239 2126 1338 2153 secet
1360 2126 1395 2153 te
1421 2117 1581 2153 mediam
1597 2124 1642 2162 ²²,
1668 2119 1696 2154 si
1717 2119 1830 2155 alium
1854 2129 2059 2157 amatorem
2083 2136 2240 2173 recepe-

1238 2176 1302 2221 ris,
1322 2177 1352 2212 si
1368 2189 1455 2225 erga
1473 2189 1558 2212 eum
1578 2178 1739 2225 tepuerit
1755 2190 1863 2214 amor
1880 2186 1984 2224 tuus,
2001 2181 2028 2216 si
2053 2189 2086 2217 te
2104 2182 2140 2218 in
2158 2196 2236 2219 mo-

1238 2234 1322 2271 dico
1341 2235 1554 2271 indevotam
1571 2235 1786 2272 exhibueris
1804 2237 1862 2272 vel
1881 2237 2078 2286 ingratam.
2096 2242 2234 2279 Recole

1236 2303 1376 2343 quanta
1395 2294 1461 2330 tibi
1479 2295 1607 2331 fecerit
1622 2299 1724 2331 Deus
1740 2309 1747 2330 :
1764 2296 1918 2332 attraxit
1937 2305 1991 2343 te,
2010 2298 2056 2334 ad
2078 2299 2235 2337 domum

1235 2355 1364 2403 gloriae
1380 2367 1456 2390 suae
1473 2363 1507 2390 te
1522 2363 1794 2404 provecturus,
1813 2369 1898 2404 quae
1913 2370 1988 2393 non
2007 2358 2172 2396 audebas
2189 2360 2235 2397 de

1237 2413 1400 2450 scabello
1421 2414 1561 2463 pedum
1583 2414 1687 2463 ejus,
1704 2423 1769 2451 aut
1791 2414 1838 2451 de
1857 2416 1967 2452 venia
1988 2418 2163 2467 cogitare.

1569 2545 1744 2584 CAPUT
1773 2545 1902 2585 XXV.

1491 2657 1658 2697 Quomodo
1683 2660 1766 2689 Deus
1790 2657 1970 2699 diligendus.

1289 2770 1350 2806 82.
1375 2773 1494 2817 Quam
1525 2770 1752 2813 affectuose,
1781 2783 1894 2817 quam
1924 2771 2087 2817 sincere,
2115 2786 2227 2822 quam

1236 2831 1422 2874 suaviter,
1440 2842 1553 2878 quam
1566 2829 1726 2864 dulciter
1740 2832 1859 2864 Deum
1878 2828 2030 2877 diligere
2047 2834 2225 2878 tenearis;

1233 2890 1418 2928 Dominus
1435 2902 1502 2937 per
1519 2891 1674 2936 Moysen
1698 2887 1807 2923 docet
1828 2888 1978 2924 dicens:
1995 2892 2136 2938 Diliges
2152 2894 2229 2928 Do-

1234 2954 1374 2985 minum
1399 2951 1517 2983 Deum
1542 2956 1641 2983 tuum
1666 2961 1714 2983 ex
1743 2956 1814 2983 toto
1837 2950 1946 2983 corde
1977 2958 2055 2994 tuo,
2080 2964 2128 2986 cu:
2151 2961 2227 2989 tota

229 3104 237 3119 ¹
259 3099 339 3130 Psat.
361 3111 451 3130 1.xx11
468 3124 475 3138 ‚
503 3103 555 3131 26.
573 3118 615 3123 —
640 3107 653 3122 ²
672 3102 749 3132 Psal.
773 3114 875 3141 xxvi,
897 3108 928 3135 8.
952 3121 995 3126 —-
1015 3101 1028 3123 3
1052 3103 1132 3134 Psal.
1158 3114 1234 3139 xri,
1259 3104 1290 3132 3.
1313 3119 1345 3122 -r
1371 3099 1384 3126 -ἱ
1405 3099 1518 3141 Ephes.
1534 3110 1566 3135 v,
1585 3100 1638 3129 27·
1654 3116 1697 3121 —
1713 3096 1726 3119 ⁵
1751 3098 1830 3129 Psal-
1853 3111 1928 3136 XLV.
1958 3104 1987 3130 5-
2013 3118 2056 3123 ·-
2083 3100 2098 3122 ⁶
2119 3106 2132 3134 1
2153 3105 2224 3136 Cor.

179 3162 239 3188 ιιι,
271 3154 320 3182 17.
338 3169 378 3173 —
393 3158 407 3181 7
425 3153 629 3184 111‘ura1.1v.
648 3171 690 3176 -—·
709 3153 722 3176 ⁸
745 3155 826 3186 l‘sal.
848 3167 949 3194 και,
978 3159 1030 3186 19.
1047 3173 1089 3177 -
1112 3162 1127 3184 9
1146 3154 1224 3185 l‘sal.
1253 3163 1365 3187 mxvii,
1392 3155 1423 3183 4.
1444 3170 1487 3174 ——
1506 3157 1533 3171 ¹⁰
1563 3154 1636 3181 Luc.
1653 3162 1723 3186 xii,
1751 3155 1804 3182 37.
1829 3169 1871 3173 —
1902 3158 1926 3172 ¹¹
1952 3153 2023 3183 lsai.
2048 3165 2100 3191 m,
2128 3159 2158 3186 3,
2180 3176 2222 3179 --

182 3208 211 3224 ¹⁸
235 3203 314 3234 Psal.
337 3215 403 3241 cii.
432 3208 483 3236 13.
507 3223 549 3227 -
571 3203 600 3226 ¹3
619 3208 710 3237 Rom.
732 3218 787 3242 ix.
819 3210 868 3237 18.
895 3224 937 3229 ›—
964 3208 994 3233 ¹⁴⁸
1018 3206 1128 3237 Ezech.
1159 3217 1265 3243 xviii,
1289 3208 1342 3235 23.
1364 3221 1407 3226 -
1437 3202 1466 3224 ¹⁵
1494 3203 1574 3234 Psal.
1595 3214 1689 3240 xvii,
1713 3207 1765 3234 10.
1789 3222 1831 3226 —
1867 3202 1896 3224 ¹⁶
1919 3207 2012 3235 Num.
2036 3217 2105 3243 xii,
2134 3212 2159 3238 1.
2182 3229 2204 3232 »κ

183 3261 212 3284 ¹7
238 3256 350 3297 I‘flihes.
371 3267 403 3293 v,
424 3259 475 3287 27.
499 3275 538 3280 --
559 3256 587 3279 ¹⁸
610 3262 702 3290 Jonu.
730 3271 761 3294 ι,
793 3263 821 3289 3.
847 3279 886 3282 ›2-
911 3265 940 3288 ¹9
963 3263 973 3290 1
999 3263 1079 3290 retr.
1099 3271 1130 3293 ι.
1159 3262 1209 3289 12.
1232 3276 1271 3280 -
1296 3263 1325 3278 ²⁰
1343 3259 1432 3287 Prov.
1453 3254 1631 3299 1¹¹1,}ll.
1650 3274 1689 3278 -
1710 3259 1737 3276 '¹
1758 3255 1836 3286 l‘Wl-
1861 3267 1950 3288 ΧΗ*-
1973 3261 2057 3288 11.ἶ
2099 3265 2127 3281 ⁸³
2144 3264 2223 3293 Dan.

180 3317 239 3338 xiii
264 3311 317 3338 55.
