<?xml version="1.0" encoding="UTF-8"?>
<!DOCTYPE html PUBLIC "-//W3C//DTD XHTML 1.0 Transitional//EN"
    "http://www.w3.org/TR/xhtml1/DTD/xhtml1-transitional.dtd">
<html xmlns="http://www.w3.org/1999/xhtml" xml:lang="en" lang="en">
 <head>
  <title>
</title>
<meta http-equiv="Content-Type" content="text/html;charset=utf-8" />
  <meta name='ocr-system' content='tesseract 3.04.00' />
  <meta name='ocr-capabilities' content='ocr_page ocr_carea ocr_par ocr_line ocrx_word'/>
</head>
<body>
  <div class='ocr_page' id='page_1' title='image "./operaomniapostho05bern/operaomniapostho05bern_0725.png"; bbox 0 0 2418 3949; ppageno 0'>
   <div class='ocr_carea' id='block_1_1' title="bbox 129 253 2239 3418">
    <p class='ocr_par' dir='ltr' id='par_1_1' title="bbox 199 253 2237 290">
     <span class='ocr_line' id='line_1_1' title="bbox 199 253 2237 290; baseline -0 0"><span class='ocrx_word' id='word_1_1' title='bbox 199 254 293 290; x_wconf 79' lang='lat'><strong>1433</strong></span> <span class='ocrx_word' id='word_1_2' title='bbox 771 253 889 288; x_wconf 81' lang='lat' dir='ltr'><strong>TOMI</strong></span> <span class='ocrx_word' id='word_1_3' title='bbox 918 254 948 288; x_wconf 93' lang='lat' dir='ltr'>V</span> <span class='ocrx_word' id='word_1_4' title='bbox 976 253 1179 288; x_wconf 81' lang='lat' dir='ltr'><strong>OPERUM</strong></span> <span class='ocrx_word' id='word_1_5' title='bbox 1207 253 1374 288; x_wconf 73' lang='lat' dir='ltr'>SANCTI</span> <span class='ocrx_word' id='word_1_6' title='bbox 1403 254 1664 289; x_wconf 73' lang='lat' dir='ltr'>BERNARDI.</span> <span class='ocrx_word' id='word_1_7' title='bbox 2146 254 2237 289; x_wconf 68' lang='lat'>1435</span> 
     </span>
    </p>

    <p class='ocr_par' dir='ltr' id='par_1_2' title="bbox 193 326 2239 360">
     <span class='ocr_line' id='line_1_2' title="bbox 193 326 2239 360; baseline -0.001 -7"><span class='ocrx_word' id='word_1_8' title='bbox 193 328 260 360; x_wconf 82' lang='lat' dir='ltr'>Cap.</span> <span class='ocrx_word' id='word_1_9' title='bbox 1122 328 1185 360; x_wconf 83' lang='lat' dir='ltr'>Pag.</span> <span class='ocrx_word' id='word_1_10' title='bbox 1251 326 1318 358; x_wconf 87' lang='lat' dir='ltr'>Cap.</span> <span class='ocrx_word' id='word_1_11' title='bbox 2179 328 2239 360; x_wconf 81' lang='lat' dir='ltr'>Pag.</span> 
     </span>
    </p>

    <p class='ocr_par' dir='ltr' id='par_1_3' title="bbox 195 364 2117 467">
     <span class='ocr_line' id='line_1_3' title="bbox 195 364 2117 412; baseline 0 -11"><span class='ocrx_word' id='word_1_12' title='bbox 195 379 250 402; x_wconf 85' lang='lat' dir='ltr'>xv1</span> <span class='ocrx_word' id='word_1_13' title='bbox 315 369 366 401; x_wconf 91' lang='lat' dir='ltr'>De</span> <span class='ocrx_word' id='word_1_14' title='bbox 387 364 532 400; x_wconf 87' lang='lat' dir='ltr'>sabbato</span> <span class='ocrx_word' id='word_1_15' title='bbox 557 365 674 411; x_wconf 89' lang='lat' dir='ltr'>primo</span> <span class='ocrx_word' id='word_1_16' title='bbox 686 391 694 404; x_wconf 90' lang='lat'>‚</span> <span class='ocrx_word' id='word_1_17' title='bbox 723 375 781 399; x_wconf 88' lang='lat' dir='ltr'>seu</span> <span class='ocrx_word' id='word_1_18' title='bbox 812 366 1000 401; x_wconf 75' lang='lat' dir='ltr'>dilectione</span> <span class='ocrx_word' id='word_1_19' title='bbox 1015 368 1067 401; x_wconf 90' lang='lat' dir='ltr'>sui</span> <span class='ocrx_word' id='word_1_20' title='bbox 1251 379 1311 400; x_wconf 76' lang='lat' dir='ltr'>viu</span> <span class='ocrx_word' id='word_1_21' title='bbox 1369 370 1419 402; x_wconf 93' lang='lat' dir='ltr'>De</span> <span class='ocrx_word' id='word_1_22' title='bbox 1437 368 1527 402; x_wconf 87' lang='lat' dir='ltr'>soliis</span> <span class='ocrx_word' id='word_1_23' title='bbox 1539 368 1615 401; x_wconf 89' lang='lat' dir='ltr'>vitis</span> <span class='ocrx_word' id='word_1_24' title='bbox 1632 368 1668 401; x_wconf 84' lang='lat' dir='ltr'>in</span> <span class='ocrx_word' id='word_1_25' title='bbox 1683 366 1840 412; x_wconf 87' lang='lat' dir='ltr'>speciali,</span> <span class='ocrx_word' id='word_1_26' title='bbox 1858 365 1927 400; x_wconf 84' lang='lat' dir='ltr'>sive</span> <span class='ocrx_word' id='word_1_27' title='bbox 1941 366 1984 400; x_wconf 93' lang='lat' dir='ltr'>de</span> <span class='ocrx_word' id='word_1_28' title='bbox 2001 367 2117 412; x_wconf 89' lang='lat' dir='ltr'>primo</span> 
     </span>
     <span class='ocr_line' id='line_1_4' title="bbox 358 421 2117 467; baseline 0.001 -13"><span class='ocrx_word' id='word_1_29' title='bbox 358 421 475 467; x_wconf 88' lang='lat' dir='ltr'>ipsius.</span> <span class='ocrx_word' id='word_1_30' title='bbox 1116 426 1181 455; x_wconf 85' lang='lat'>829</span> <span class='ocrx_word' id='word_1_31' title='bbox 1413 422 1517 456; x_wconf 84' lang='lat' dir='ltr'>verbo</span> <span class='ocrx_word' id='word_1_32' title='bbox 1549 422 1674 456; x_wconf 77' lang='lat' dir='ltr'>Christi</span> <span class='ocrx_word' id='word_1_33' title='bbox 1704 421 1740 454; x_wconf 89' lang='lat' dir='ltr'>in</span> <span class='ocrx_word' id='word_1_34' title='bbox 1771 432 1874 455; x_wconf 87' lang='lat' dir='ltr'>cruce</span> <span class='ocrx_word' id='word_1_35' title='bbox 1907 421 2090 466; x_wconf 89' lang='lat' dir='ltr'>pendentis</span> <span class='ocrx_word' id='word_1_36' title='bbox 2109 449 2117 461; x_wconf 93' lang='lat'>‚</span> 
     </span>
    </p>

    <p class='ocr_par' dir='ltr' id='par_1_4' title="bbox 192 474 2233 578">
     <span class='ocr_line' id='line_1_5' title="bbox 192 474 2115 522; baseline -0.002 -10"><span class='ocrx_word' id='word_1_37' title='bbox 192 490 259 512; x_wconf 81' lang='lat' dir='ltr'>xvii</span> <span class='ocrx_word' id='word_1_38' title='bbox 314 480 368 511; x_wconf 91' lang='lat' dir='ltr'>De</span> <span class='ocrx_word' id='word_1_39' title='bbox 401 476 556 510; x_wconf 87' lang='lat' dir='ltr'>secundo</span> <span class='ocrx_word' id='word_1_40' title='bbox 589 474 732 509; x_wconf 87' lang='lat' dir='ltr'>sabbato</span> <span class='ocrx_word' id='word_1_41' title='bbox 747 502 755 515; x_wconf 93' lang='lat'><strong>‚</strong></span> <span class='ocrx_word' id='word_1_42' title='bbox 788 488 847 511; x_wconf 88' lang='lat' dir='ltr'>seu</span> <span class='ocrx_word' id='word_1_43' title='bbox 879 477 1066 512; x_wconf 87' lang='lat' dir='ltr'>dilectione</span> <span class='ocrx_word' id='word_1_44' title='bbox 1411 478 1525 516; x_wconf 79' lang='lat' dir='ltr'>Pater,</span> <span class='ocrx_word' id='word_1_45' title='bbox 1547 477 1675 522; x_wconf 80' lang='lat' dir='ltr'>ignosce</span> <span class='ocrx_word' id='word_1_46' title='bbox 1707 475 1792 514; x_wconf 70' lang='lat' dir='ltr'>ictis,</span> <span class='ocrx_word' id='word_1_47' title='bbox 1828 480 1891 509; x_wconf 91' lang='lat' dir='ltr'>etc.</span> <span class='ocrx_word' id='word_1_48' title='bbox 1925 477 2007 509; x_wconf 90' lang='lat' dir='ltr'>Luc.</span> <span class='ocrx_word' id='word_1_49' title='bbox 2041 485 2115 520; x_wconf 88' lang='lat' dir='ltr'>cap.</span> 
     </span>
     <span class='ocr_line' id='line_1_6' title="bbox 356 531 2233 578; baseline 0.001 -14"><span class='ocrx_word' id='word_1_50' title='bbox 356 531 518 578; x_wconf 80' lang='lat' dir='ltr'>proximi.</span> <span class='ocrx_word' id='word_1_51' title='bbox 1113 537 1179 566; x_wconf 78' lang='lat'>830</span> <span class='ocrx_word' id='word_1_52' title='bbox 1413 543 1510 570; x_wconf 80' lang='lat' dir='ltr'>xxiii,</span> <span class='ocrx_word' id='word_1_53' title='bbox 1530 534 1570 574; x_wconf 61' lang='lat' dir='ltr'>fir.</span> <span class='ocrx_word' id='word_1_54' title='bbox 1594 535 1649 566; x_wconf 77' lang='lat' dir='ltr'>3l1.</span> <span class='ocrx_word' id='word_1_55' title='bbox 2166 535 2233 566; x_wconf 82' lang='lat'>889</span> 
     </span>
    </p>

    <p class='ocr_par' dir='ltr' id='par_1_5' title="bbox 129 583 2117 679">
     <span class='ocr_line' id='line_1_7' title="bbox 129 583 2116 628; baseline -0.002 -7"><span class='ocrx_word' id='word_1_56' title='bbox 129 597 133 600; x_wconf 87' lang='grc'><em>·</em></span> <span class='ocrx_word' id='word_1_57' title='bbox 190 598 271 621; x_wconf 79' lang='grc' dir='ltr'><strong>ιινιιι</strong></span> <span class='ocrx_word' id='word_1_58' title='bbox 312 589 364 621; x_wconf 90' lang='lat' dir='ltr'>De</span> <span class='ocrx_word' id='word_1_59' title='bbox 381 586 473 620; x_wconf 88' lang='lat' dir='ltr'>tertii</span> <span class='ocrx_word' id='word_1_60' title='bbox 500 583 635 618; x_wconf 88' lang='lat' dir='ltr'>sabbati</span> <span class='ocrx_word' id='word_1_61' title='bbox 649 584 872 628; x_wconf 86' lang='lat' dir='ltr'>jucunditate</span> <span class='ocrx_word' id='word_1_62' title='bbox 889 591 923 620; x_wconf 92' lang='lat' dir='ltr'>et</span> <span class='ocrx_word' id='word_1_63' title='bbox 941 587 1062 620; x_wconf 90' lang='lat' dir='ltr'>solem·</span> <span class='ocrx_word' id='word_1_64' title='bbox 1247 597 1279 618; x_wconf 86' lang='lat' dir='ltr'>ix</span> <span class='ocrx_word' id='word_1_65' title='bbox 1363 587 1414 619; x_wconf 90' lang='lat' dir='ltr'>De</span> <span class='ocrx_word' id='word_1_66' title='bbox 1431 585 1586 619; x_wconf 90' lang='lat' dir='ltr'>secundo</span> <span class='ocrx_word' id='word_1_67' title='bbox 1606 585 1691 618; x_wconf 88' lang='lat' dir='ltr'>solio</span> <span class='ocrx_word' id='word_1_68' title='bbox 1708 585 1801 622; x_wconf 78' lang='lat' dir='ltr'>vitis,</span> <span class='ocrx_word' id='word_1_69' title='bbox 1822 594 1881 618; x_wconf 89' lang='lat' dir='ltr'>seu</span> <span class='ocrx_word' id='word_1_70' title='bbox 1899 583 1942 617; x_wconf 91' lang='lat' dir='ltr'>de</span> <span class='ocrx_word' id='word_1_71' title='bbox 1960 586 2116 619; x_wconf 91' lang='lat' dir='ltr'>secundo</span> 
     </span>
     <span class='ocr_line' id='line_1_8' title="bbox 354 639 2117 679; baseline -0.001 -5"><span class='ocrx_word' id='word_1_72' title='bbox 354 641 478 679; x_wconf 88' lang='lat' dir='ltr'>nitate,</span> <span class='ocrx_word' id='word_1_73' title='bbox 498 650 556 673; x_wconf 91' lang='lat' dir='ltr'>seu</span> <span class='ocrx_word' id='word_1_74' title='bbox 575 639 618 672; x_wconf 91' lang='lat' dir='ltr'>de</span> <span class='ocrx_word' id='word_1_75' title='bbox 635 640 822 674; x_wconf 80' lang='lat' dir='ltr'>dilectione</span> <span class='ocrx_word' id='word_1_76' title='bbox 839 639 915 675; x_wconf 89' lang='lat' dir='ltr'>Dei.</span> <span class='ocrx_word' id='word_1_77' title='bbox 1110 644 1177 675; x_wconf 82' lang='lat'>832</span> <span class='ocrx_word' id='word_1_78' title='bbox 1410 639 1516 674; x_wconf 89' lang='lat' dir='ltr'>verbo</span> <span class='ocrx_word' id='word_1_79' title='bbox 1534 639 1658 673; x_wconf 84' lang='lat' dir='ltr'>Christi</span> <span class='ocrx_word' id='word_1_80' title='bbox 1681 639 1718 673; x_wconf 88' lang='lat' dir='ltr'>in</span> <span class='ocrx_word' id='word_1_81' title='bbox 1737 649 1856 678; x_wconf 89' lang='lat' dir='ltr'>cruce,</span> <span class='ocrx_word' id='word_1_82' title='bbox 1878 640 1982 672; x_wconf 79' lang='lat' dir='ltr'>Hodie</span> <span class='ocrx_word' id='word_1_83' title='bbox 1999 653 2117 673; x_wconf 81' lang='lat' dir='ltr'>mecum</span> 
     </span>
    </p>

    <p class='ocr_par' dir='ltr' id='par_1_6' title="bbox 188 694 2230 792">
     <span class='ocr_line' id='line_1_9' title="bbox 188 694 2110 740; baseline -0.001 -11"><span class='ocrx_word' id='word_1_84' title='bbox 188 708 243 730; x_wconf 83' lang='lat' dir='ltr'>xix</span> <span class='ocrx_word' id='word_1_85' title='bbox 305 695 433 729; x_wconf 81' lang='lat' dir='ltr'>Christi</span> <span class='ocrx_word' id='word_1_86' title='bbox 464 694 659 740; x_wconf 85' lang='lat' dir='ltr'>passionem</span> <span class='ocrx_word' id='word_1_87' title='bbox 690 699 723 728; x_wconf 87' lang='lat' dir='ltr'>et</span> <span class='ocrx_word' id='word_1_88' title='bbox 751 701 900 729; x_wconf 90' lang='lat' dir='ltr'>mortem</span> <span class='ocrx_word' id='word_1_89' title='bbox 929 696 1062 730; x_wconf 84' lang='lat' dir='ltr'>assidue</span> <span class='ocrx_word' id='word_1_90' title='bbox 1412 696 1479 728; x_wconf 80' lang='lat' dir='ltr'>eris</span> <span class='ocrx_word' id='word_1_91' title='bbox 1517 696 1549 727; x_wconf 80' lang='lat' dir='ltr'>in</span> <span class='ocrx_word' id='word_1_92' title='bbox 1585 694 1750 740; x_wconf 79' lang='lat' dir='ltr'>paradiso.</span> <span class='ocrx_word' id='word_1_93' title='bbox 1784 696 1865 727; x_wconf 86' lang='lat' dir='ltr'>Luc.</span> <span class='ocrx_word' id='word_1_94' title='bbox 1896 704 1971 739; x_wconf 90' lang='lat' dir='ltr'>cap.</span> <span class='ocrx_word' id='word_1_95' title='bbox 2008 707 2110 734; x_wconf 82' lang='lat' dir='ltr'>xxm,</span> 
     </span>
     <span class='ocr_line' id='line_1_10' title="bbox 354 749 2230 792; baseline -0.001 -8"><span class='ocrx_word' id='word_1_96' title='bbox 354 749 592 784; x_wconf 86' lang='lat' dir='ltr'>meditandam</span> <span class='ocrx_word' id='word_1_97' title='bbox 616 760 697 784; x_wconf 88' lang='lat' dir='ltr'>esse.</span> <span class='ocrx_word' id='word_1_98' title='bbox 1109 754 1175 784; x_wconf 81' lang='lat'>835</span> <span class='ocrx_word' id='word_1_99' title='bbox 1409 753 1449 792; x_wconf 63' lang='lat' dir='ltr'>pt.</span> <span class='ocrx_word' id='word_1_100' title='bbox 1471 753 1527 785; x_wconf 74' lang='lat'>[13.</span> <span class='ocrx_word' id='word_1_101' title='bbox 2164 750 2230 784; x_wconf 81' lang='lat'>891</span> 
     </span>
    </p>

    <p class='ocr_par' dir='ltr' id='par_1_7' title="bbox 186 802 2112 849">
     <span class='ocr_line' id='line_1_11' title="bbox 186 802 2112 849; baseline -0.002 -10"><span class='ocrx_word' id='word_1_102' title='bbox 186 817 228 839; x_wconf 86' lang='lat' dir='ltr'>xx</span> <span class='ocrx_word' id='word_1_103' title='bbox 308 806 359 838; x_wconf 90' lang='lat' dir='ltr'>De</span> <span class='ocrx_word' id='word_1_104' title='bbox 377 804 550 838; x_wconf 84' lang='lat' dir='ltr'>beneficio</span> <span class='ocrx_word' id='word_1_105' title='bbox 569 803 834 849; x_wconf 82' lang='lat' dir='ltr'>redemptionis,</span> <span class='ocrx_word' id='word_1_106' title='bbox 857 810 891 839; x_wconf 90' lang='lat' dir='ltr'>et</span> <span class='ocrx_word' id='word_1_107' title='bbox 905 804 990 839; x_wconf 90' lang='lat' dir='ltr'>aliis.</span> <span class='ocrx_word' id='word_1_108' title='bbox 1107 807 1175 839; x_wconf 85' lang='lat'>836</span> <span class='ocrx_word' id='word_1_109' title='bbox 1243 815 1263 836; x_wconf 86' lang='lat' dir='ltr'>x</span> <span class='ocrx_word' id='word_1_110' title='bbox 1360 805 1410 836; x_wconf 89' lang='lat' dir='ltr'>De</span> <span class='ocrx_word' id='word_1_111' title='bbox 1429 803 1529 836; x_wconf 87' lang='lat' dir='ltr'>tertio</span> <span class='ocrx_word' id='word_1_112' title='bbox 1550 802 1634 836; x_wconf 85' lang='lat' dir='ltr'>solio</span> <span class='ocrx_word' id='word_1_113' title='bbox 1653 802 1744 842; x_wconf 82' lang='lat' dir='ltr'>vitis,</span> <span class='ocrx_word' id='word_1_114' title='bbox 1760 803 1795 836; x_wconf 90' lang='lat' dir='ltr'>id</span> <span class='ocrx_word' id='word_1_115' title='bbox 1809 807 1875 841; x_wconf 90' lang='lat' dir='ltr'>est,</span> <span class='ocrx_word' id='word_1_116' title='bbox 1893 803 1993 835; x_wconf 87' lang='lat' dir='ltr'>tertio</span> <span class='ocrx_word' id='word_1_117' title='bbox 2008 802 2112 836; x_wconf 89' lang='lat' dir='ltr'>verbo</span> 
     </span>
    </p>

    <p class='ocr_par' dir='ltr' id='par_1_8' title="bbox 185 857 2113 901">
     <span class='ocr_line' id='line_1_12' title="bbox 185 857 2113 901; baseline -0.002 -8"><span class='ocrx_word' id='word_1_118' title='bbox 185 868 239 893; x_wconf 84' lang='lat' dir='ltr'>xxi</span> <span class='ocrx_word' id='word_1_119' title='bbox 307 861 360 894; x_wconf 88' lang='lat' dir='ltr'>De</span> <span class='ocrx_word' id='word_1_120' title='bbox 371 858 544 893; x_wconf 83' lang='lat' dir='ltr'>beneficio</span> <span class='ocrx_word' id='word_1_121' title='bbox 561 859 757 893; x_wconf 79' lang='lat' dir='ltr'>creationis.</span> <span class='ocrx_word' id='word_1_122' title='bbox 1107 864 1175 893; x_wconf 77' lang='lat'>837</span> <span class='ocrx_word' id='word_1_123' title='bbox 1412 857 1535 890; x_wconf 86' lang='lat' dir='ltr'>Christi</span> <span class='ocrx_word' id='word_1_124' title='bbox 1562 858 1596 890; x_wconf 89' lang='lat' dir='ltr'>in</span> <span class='ocrx_word' id='word_1_125' title='bbox 1628 867 1741 896; x_wconf 88' lang='lat' dir='ltr'>cruce,</span> <span class='ocrx_word' id='word_1_126' title='bbox 1771 857 1909 896; x_wconf 78' lang='lat' dir='ltr'>Mulier,</span> <span class='ocrx_word' id='word_1_127' title='bbox 1935 870 2000 890; x_wconf 82' lang='lat' dir='ltr'>ecce</span> <span class='ocrx_word' id='word_1_128' title='bbox 2026 858 2113 901; x_wconf 73' lang='lat' dir='ltr'>filius</span> 
     </span>
    </p>

    <p class='ocr_par' dir='ltr' id='par_1_9' title="bbox 185 913 2227 1066">
     <span class='ocr_line' id='line_1_13' title="bbox 185 913 2227 959; baseline -0 -13"><span class='ocrx_word' id='word_1_129' title='bbox 185 925 252 947; x_wconf 76' lang='lat' dir='ltr'>xxii</span> <span class='ocrx_word' id='word_1_130' title='bbox 301 914 481 954; x_wconf 87' lang='lat' dir='ltr'>Animam,</span> <span class='ocrx_word' id='word_1_131' title='bbox 498 914 572 948; x_wconf 88' lang='lat' dir='ltr'>aliis</span> <span class='ocrx_word' id='word_1_132' title='bbox 586 913 690 947; x_wconf 85' lang='lat' dir='ltr'>rebus</span> <span class='ocrx_word' id='word_1_133' title='bbox 706 914 827 948; x_wconf 89' lang='lat' dir='ltr'>creatis</span> <span class='ocrx_word' id='word_1_134' title='bbox 841 913 1054 959; x_wconf 84' lang='lat' dir='ltr'>digniorem,</span> <span class='ocrx_word' id='word_1_135' title='bbox 1409 919 1499 951; x_wconf 78' lang='lat' dir='ltr'>tuus,</span> <span class='ocrx_word' id='word_1_136' title='bbox 1513 917 1578 945; x_wconf 90' lang='lat' dir='ltr'>etc.</span> <span class='ocrx_word' id='word_1_137' title='bbox 1595 914 1696 946; x_wconf 87' lang='lat' dir='ltr'>Joan.</span> <span class='ocrx_word' id='word_1_138' title='bbox 1714 922 1788 956; x_wconf 88' lang='lat' dir='ltr'>cap.</span> <span class='ocrx_word' id='word_1_139' title='bbox 1807 924 1878 951; x_wconf 78' lang='lat' dir='ltr'>xix,</span> <span class='ocrx_word' id='word_1_140' title='bbox 1894 915 1963 955; x_wconf 50' lang='lat' dir='ltr'>wls.</span> <span class='ocrx_word' id='word_1_141' title='bbox 1978 914 2034 951; x_wconf 80' lang='lat'>26,</span> <span class='ocrx_word' id='word_1_142' title='bbox 2053 916 2107 945; x_wconf 81' lang='lat'>27.</span> <span class='ocrx_word' id='word_1_143' title='bbox 2161 916 2227 947; x_wconf 87' lang='grc'>893</span> 
     </span>
     <span class='ocr_line' id='line_1_14' title="bbox 350 965 2113 1014; baseline -0.001 -12"><span class='ocrx_word' id='word_1_144' title='bbox 350 979 423 1002; x_wconf 89' lang='lat' dir='ltr'>non</span> <span class='ocrx_word' id='word_1_145' title='bbox 453 967 580 1003; x_wconf 87' lang='lat' dir='ltr'>debere</span> <span class='ocrx_word' id='word_1_146' title='bbox 605 968 797 1013; x_wconf 87' lang='lat' dir='ltr'>quidquam</span> <span class='ocrx_word' id='word_1_147' title='bbox 820 979 935 1002; x_wconf 88' lang='lat' dir='ltr'>amare</span> <span class='ocrx_word' id='word_1_148' title='bbox 953 979 1056 1014; x_wconf 86' lang='lat' dir='ltr'>supra</span> <span class='ocrx_word' id='word_1_149' title='bbox 1242 977 1274 999; x_wconf 65' lang='grc' dir='ltr'><strong>χι</strong></span> <span class='ocrx_word' id='word_1_150' title='bbox 1362 968 1413 1000; x_wconf 88' lang='lat' dir='ltr'>De</span> <span class='ocrx_word' id='word_1_151' title='bbox 1430 965 1541 999; x_wconf 91' lang='lat' dir='ltr'>tribus</span> <span class='ocrx_word' id='word_1_152' title='bbox 1558 966 1732 999; x_wconf 85' lang='lat' dir='ltr'>charitatis</span> <span class='ocrx_word' id='word_1_153' title='bbox 1755 965 1954 1011; x_wconf 84' lang='lat' dir='ltr'>speciebus,</span> <span class='ocrx_word' id='word_1_154' title='bbox 1972 977 2034 1012; x_wconf 89' lang='lat' dir='ltr'>per</span> <span class='ocrx_word' id='word_1_155' title='bbox 2051 967 2113 1000; x_wconf 90' lang='lat' dir='ltr'>tria</span> 
     </span>
     <span class='ocr_line' id='line_1_15' title="bbox 350 1022 2227 1066; baseline -0.002 -8"><span class='ocrx_word' id='word_1_156' title='bbox 350 1025 476 1058; x_wconf 86' lang='lat' dir='ltr'>Deum.</span> <span class='ocrx_word' id='word_1_157' title='bbox 1106 1028 1173 1059; x_wconf 83' lang='grc' dir='ltr'><strong>8ίιο</strong></span> <span class='ocrx_word' id='word_1_158' title='bbox 1406 1022 1523 1066; x_wconf 90' lang='lat' dir='ltr'>priora</span> <span class='ocrx_word' id='word_1_159' title='bbox 1540 1022 1642 1055; x_wconf 85' lang='lat' dir='ltr'>verba</span> <span class='ocrx_word' id='word_1_160' title='bbox 1659 1022 1925 1056; x_wconf 85' lang='lat' dir='ltr'>commendatis.</span> <span class='ocrx_word' id='word_1_161' title='bbox 2162 1026 2227 1057; x_wconf 83' lang='lat'>895</span> 
     </span>
    </p>

    <p class='ocr_par' dir='ltr' id='par_1_10' title="bbox 183 1075 2111 1230">
     <span class='ocr_line' id='line_1_16' title="bbox 183 1075 2111 1120; baseline -0.002 -8"><span class='ocrx_word' id='word_1_162' title='bbox 183 1090 265 1112; x_wconf 81' lang='lat' dir='ltr'>xxiii</span> <span class='ocrx_word' id='word_1_163' title='bbox 303 1080 469 1112; x_wconf 85' lang='lat' dir='ltr'>Amorem</span> <span class='ocrx_word' id='word_1_164' title='bbox 486 1078 550 1112; x_wconf 87' lang='lat' dir='ltr'>Dei</span> <span class='ocrx_word' id='word_1_165' title='bbox 567 1078 603 1111; x_wconf 88' lang='lat' dir='ltr'>in</span> <span class='ocrx_word' id='word_1_166' title='bbox 618 1089 682 1112; x_wconf 90' lang='lat' dir='ltr'>nos</span> <span class='ocrx_word' id='word_1_167' title='bbox 694 1077 890 1112; x_wconf 86' lang='lat' dir='ltr'>mirabilem</span> <span class='ocrx_word' id='word_1_168' title='bbox 905 1077 1054 1112; x_wconf 80' lang='lat' dir='ltr'>vicissim</span> <span class='ocrx_word' id='word_1_169' title='bbox 1241 1088 1287 1110; x_wconf 79' lang='lat' dir='ltr'>xii</span> <span class='ocrx_word' id='word_1_170' title='bbox 1359 1078 1411 1110; x_wconf 89' lang='lat' dir='ltr'>De</span> <span class='ocrx_word' id='word_1_171' title='bbox 1429 1081 1552 1120; x_wconf 90' lang='lat' dir='ltr'>quarto</span> <span class='ocrx_word' id='word_1_172' title='bbox 1571 1076 1655 1110; x_wconf 83' lang='lat' dir='ltr'>solio</span> <span class='ocrx_word' id='word_1_173' title='bbox 1675 1076 1767 1115; x_wconf 89' lang='lat' dir='ltr'>vitis,</span> <span class='ocrx_word' id='word_1_174' title='bbox 1788 1087 1846 1109; x_wconf 88' lang='lat' dir='ltr'>seu</span> <span class='ocrx_word' id='word_1_175' title='bbox 1865 1081 1989 1120; x_wconf 86' lang='lat' dir='ltr'>quarto</span> <span class='ocrx_word' id='word_1_176' title='bbox 2006 1075 2111 1109; x_wconf 89' lang='lat' dir='ltr'>verbo</span> 
     </span>
     <span class='ocr_line' id='line_1_17' title="bbox 348 1130 2108 1176; baseline -0.002 -11"><span class='ocrx_word' id='word_1_177' title='bbox 348 1143 366 1166; x_wconf 87' lang='lat' dir='ltr'>a</span> <span class='ocrx_word' id='word_1_178' title='bbox 383 1131 487 1166; x_wconf 89' lang='lat' dir='ltr'>nobis</span> <span class='ocrx_word' id='word_1_179' title='bbox 513 1132 647 1176; x_wconf 82' lang='lat' dir='ltr'>exigere</span> <span class='ocrx_word' id='word_1_180' title='bbox 673 1131 949 1166; x_wconf 89' lang='lat' dir='ltr'>ardentissimam</span> <span class='ocrx_word' id='word_1_181' title='bbox 969 1131 1052 1165; x_wconf 88' lang='lat' dir='ltr'>dile·</span> <span class='ocrx_word' id='word_1_182' title='bbox 1406 1130 1530 1163; x_wconf 85' lang='lat' dir='ltr'>Christi</span> <span class='ocrx_word' id='word_1_183' title='bbox 1553 1131 1589 1163; x_wconf 89' lang='lat' dir='ltr'>in</span> <span class='ocrx_word' id='word_1_184' title='bbox 1609 1140 1732 1169; x_wconf 85' lang='lat' dir='ltr'>cruce,</span> <span class='ocrx_word' id='word_1_185' title='bbox 1763 1132 1866 1170; x_wconf 76' lang='lat' dir='ltr'>Deus,</span> <span class='ocrx_word' id='word_1_186' title='bbox 1893 1131 1980 1162; x_wconf 81' lang='lat' dir='ltr'>Deus</span> <span class='ocrx_word' id='word_1_187' title='bbox 2008 1144 2108 1170; x_wconf 77' lang='lat' dir='ltr'>meus,</span> 
     </span>
     <span class='ocr_line' id='line_1_18' title="bbox 346 1184 2107 1230; baseline 0 -11"><span class='ocrx_word' id='word_1_188' title='bbox 346 1186 515 1220; x_wconf 83' lang='lat' dir='ltr'>ctionem.</span> <span class='ocrx_word' id='word_1_189' title='bbox 1106 1192 1172 1225; x_wconf 68' lang='lat'>842</span> <span class='ocrx_word' id='word_1_190' title='bbox 1408 1184 1522 1230; x_wconf 77' lang='lat' dir='ltr'>utquid</span> <span class='ocrx_word' id='word_1_191' title='bbox 1547 1184 1753 1229; x_wconf 73' lang='lat' dir='ltr'>dereliquisti</span> <span class='ocrx_word' id='word_1_192' title='bbox 1783 1188 1858 1217; x_wconf 78' lang='lat' dir='ltr'>me?</span> <span class='ocrx_word' id='word_1_193' title='bbox 1883 1184 2003 1218; x_wconf 86' lang='lat' dir='ltr'>Matth.</span> <span class='ocrx_word' id='word_1_194' title='bbox 2031 1196 2107 1230; x_wconf 86' lang='lat' dir='ltr'>cap.</span> 
     </span>
    </p>

    <p class='ocr_par' dir='ltr' id='par_1_11' title="bbox 181 1240 2229 1341">
     <span class='ocr_line' id='line_1_19' title="bbox 181 1240 2229 1286; baseline 0 -12"><span class='ocrx_word' id='word_1_195' title='bbox 181 1251 254 1274; x_wconf 79' lang='lat' dir='ltr'>xxiv</span> <span class='ocrx_word' id='word_1_196' title='bbox 298 1242 526 1286; x_wconf 87' lang='lat' dir='ltr'>Quantopere</span> <span class='ocrx_word' id='word_1_197' title='bbox 549 1240 742 1274; x_wconf 87' lang='lat' dir='ltr'>cavendum</span> <span class='ocrx_word' id='word_1_198' title='bbox 760 1267 768 1280; x_wconf 91' lang='lat'>‚</span> <span class='ocrx_word' id='word_1_199' title='bbox 797 1251 841 1274; x_wconf 92' lang='lat' dir='ltr'>ne</span> <span class='ocrx_word' id='word_1_200' title='bbox 869 1240 985 1275; x_wconf 88' lang='lat' dir='ltr'>anima</span> <span class='ocrx_word' id='word_1_201' title='bbox 1011 1241 1055 1275; x_wconf 89' lang='lat' dir='ltr'>sit</span> <span class='ocrx_word' id='word_1_202' title='bbox 1405 1251 1513 1278; x_wconf 77' lang='lat' dir='ltr'>xxvii,</span> <span class='ocrx_word' id='word_1_203' title='bbox 1533 1242 1573 1283; x_wconf 58' lang='grc' dir='ltr'>γ.</span> <span class='ocrx_word' id='word_1_204' title='bbox 1597 1241 1653 1277; x_wconf 68' lang='grc'>46.</span> <span class='ocrx_word' id='word_1_205' title='bbox 2161 1243 2229 1275; x_wconf 87' lang='grc'>896</span> 
     </span>
     <span class='ocr_line' id='line_1_20' title="bbox 346 1293 2110 1341; baseline -0.002 -12"><span class='ocrx_word' id='word_1_206' title='bbox 346 1296 479 1339; x_wconf 84' lang='lat' dir='ltr'>ingrata</span> <span class='ocrx_word' id='word_1_207' title='bbox 494 1305 575 1339; x_wconf 89' lang='lat' dir='ltr'>erga</span> <span class='ocrx_word' id='word_1_208' title='bbox 589 1297 701 1329; x_wconf 90' lang='lat' dir='ltr'>Deum</span> <span class='ocrx_word' id='word_1_209' title='bbox 719 1295 769 1328; x_wconf 90' lang='lat' dir='ltr'>sic</span> <span class='ocrx_word' id='word_1_210' title='bbox 782 1295 1001 1341; x_wconf 85' lang='lat' dir='ltr'>diligentem.</span> <span class='ocrx_word' id='word_1_211' title='bbox 1102 1301 1169 1332; x_wconf 69' lang='lat' dir='ltr'>8b5</span> <span class='ocrx_word' id='word_1_212' title='bbox 1239 1306 1300 1328; x_wconf 82' lang='grc' dir='ltr'><strong>ιιιιι</strong></span> <span class='ocrx_word' id='word_1_213' title='bbox 1356 1296 1408 1328; x_wconf 89' lang='lat' dir='ltr'>De</span> <span class='ocrx_word' id='word_1_214' title='bbox 1424 1294 1548 1338; x_wconf 89' lang='lat' dir='ltr'>quinto</span> <span class='ocrx_word' id='word_1_215' title='bbox 1569 1294 1653 1328; x_wconf 84' lang='lat' dir='ltr'>folio</span> <span class='ocrx_word' id='word_1_216' title='bbox 1671 1293 1766 1333; x_wconf 90' lang='lat' dir='ltr'>vitis,</span> <span class='ocrx_word' id='word_1_217' title='bbox 1786 1304 1844 1327; x_wconf 90' lang='lat' dir='ltr'>seu</span> <span class='ocrx_word' id='word_1_218' title='bbox 1863 1293 1988 1337; x_wconf 85' lang='lat' dir='ltr'>quinto</span> <span class='ocrx_word' id='word_1_219' title='bbox 2004 1293 2110 1327; x_wconf 88' lang='lat' dir='ltr'>verbo</span> 
     </span>
    </p>

    <p class='ocr_par' dir='ltr' id='par_1_12' title="bbox 179 1348 2108 1395">
     <span class='ocr_line' id='line_1_21' title="bbox 179 1348 2108 1395; baseline -0.001 -11"><span class='ocrx_word' id='word_1_220' title='bbox 179 1361 241 1384; x_wconf 85' lang='lat' dir='ltr'>xxv</span> <span class='ocrx_word' id='word_1_221' title='bbox 300 1350 494 1391; x_wconf 88' lang='lat' dir='ltr'>Quomodo</span> <span class='ocrx_word' id='word_1_222' title='bbox 513 1351 608 1383; x_wconf 90' lang='lat' dir='ltr'>Deus</span> <span class='ocrx_word' id='word_1_223' title='bbox 621 1350 833 1395; x_wconf 87' lang='lat' dir='ltr'>diligendus.</span> <span class='ocrx_word' id='word_1_224' title='bbox 1102 1356 1168 1388; x_wconf 75' lang='grc' dir='ltr'>8Δ6</span> <span class='ocrx_word' id='word_1_225' title='bbox 1412 1349 1538 1383; x_wconf 88' lang='lat' dir='ltr'>Christi</span> <span class='ocrx_word' id='word_1_226' title='bbox 1564 1349 1600 1382; x_wconf 92' lang='lat' dir='ltr'>in</span> <span class='ocrx_word' id='word_1_227' title='bbox 1631 1359 1755 1389; x_wconf 92' lang='lat' dir='ltr'>cruce,</span> <span class='ocrx_word' id='word_1_228' title='bbox 1779 1348 1875 1382; x_wconf 76' lang='lat' dir='ltr'>Silio.</span> <span class='ocrx_word' id='word_1_229' title='bbox 1899 1350 1998 1382; x_wconf 89' lang='lat' dir='ltr'>Joan.</span> <span class='ocrx_word' id='word_1_230' title='bbox 2033 1360 2108 1394; x_wconf 85' lang='lat' dir='ltr'>cap.</span> 
     </span>
    </p>

    <p class='ocr_par' dir='ltr' id='par_1_13' title="bbox 179 1404 2227 1504">
     <span class='ocr_line' id='line_1_22' title="bbox 179 1404 2227 1450; baseline 0 -13"><span class='ocrx_word' id='word_1_231' title='bbox 179 1416 255 1438; x_wconf 80' lang='lat' dir='ltr'>xxvi</span> <span class='ocrx_word' id='word_1_232' title='bbox 297 1404 453 1438; x_wconf 89' lang='lat' dir='ltr'>Christus</span> <span class='ocrx_word' id='word_1_233' title='bbox 482 1404 633 1438; x_wconf 81' lang='lat' dir='ltr'>maxime</span> <span class='ocrx_word' id='word_1_234' title='bbox 662 1404 709 1438; x_wconf 91' lang='lat' dir='ltr'>ob</span> <span class='ocrx_word' id='word_1_235' title='bbox 735 1405 930 1450; x_wconf 87' lang='lat' dir='ltr'>passionem</span> <span class='ocrx_word' id='word_1_236' title='bbox 953 1417 1050 1440; x_wconf 89' lang='lat' dir='ltr'>suam</span> <span class='ocrx_word' id='word_1_237' title='bbox 1403 1415 1475 1442; x_wconf 80' lang='lat' dir='ltr'>xix,</span> <span class='ocrx_word' id='word_1_238' title='bbox 1496 1407 1535 1447; x_wconf 55' lang='grc' dir='ltr'>γὲ.</span> <span class='ocrx_word' id='word_1_239' title='bbox 1559 1408 1614 1436; x_wconf 82' lang='grc'>28.</span> <span class='ocrx_word' id='word_1_240' title='bbox 2161 1407 2227 1438; x_wconf 85' lang='grc'>898</span> 
     </span>
     <span class='ocr_line' id='line_1_23' title="bbox 343 1457 2111 1504; baseline -0.002 -11"><span class='ocrx_word' id='word_1_241' title='bbox 343 1459 542 1504; x_wconf 88' lang='lat' dir='ltr'>diligendus</span> <span class='ocrx_word' id='word_1_242' title='bbox 560 1464 619 1493; x_wconf 89' lang='lat' dir='ltr'>est.</span> <span class='ocrx_word' id='word_1_243' title='bbox 1101 1466 1169 1499; x_wconf 70' lang='lat'>848</span> <span class='ocrx_word' id='word_1_244' title='bbox 1237 1470 1288 1492; x_wconf 82' lang='lat' dir='ltr'>xiv</span> <span class='ocrx_word' id='word_1_245' title='bbox 1354 1460 1405 1492; x_wconf 92' lang='lat' dir='ltr'>De</span> <span class='ocrx_word' id='word_1_246' title='bbox 1422 1463 1515 1491; x_wconf 88' lang='lat' dir='ltr'>sexto</span> <span class='ocrx_word' id='word_1_247' title='bbox 1534 1457 1619 1491; x_wconf 85' lang='lat' dir='ltr'>folio</span> <span class='ocrx_word' id='word_1_248' title='bbox 1639 1457 1731 1496; x_wconf 86' lang='lat' dir='ltr'>vitis,</span> <span class='ocrx_word' id='word_1_249' title='bbox 1754 1457 1789 1491; x_wconf 91' lang='lat' dir='ltr'>id</span> <span class='ocrx_word' id='word_1_250' title='bbox 1807 1461 1877 1496; x_wconf 88' lang='lat' dir='ltr'>est,</span> <span class='ocrx_word' id='word_1_251' title='bbox 1896 1462 1989 1490; x_wconf 84' lang='lat' dir='ltr'>sexto</span> <span class='ocrx_word' id='word_1_252' title='bbox 2006 1457 2111 1491; x_wconf 81' lang='lat' dir='ltr'>verbo</span> 
     </span>
    </p>

    <p class='ocr_par' dir='ltr' id='par_1_14' title="bbox 178 1512 2225 1611">
     <span class='ocr_line' id='line_1_24' title="bbox 178 1512 2105 1561; baseline -0.002 -13"><span class='ocrx_word' id='word_1_253' title='bbox 178 1524 267 1548; x_wconf 75' lang='lat' dir='ltr'>xxvii</span> <span class='ocrx_word' id='word_1_254' title='bbox 308 1517 473 1548; x_wconf 87' lang='lat' dir='ltr'>Amorem</span> <span class='ocrx_word' id='word_1_255' title='bbox 507 1514 635 1549; x_wconf 83' lang='lat' dir='ltr'>debore</span> <span class='ocrx_word' id='word_1_256' title='bbox 670 1526 741 1550; x_wconf 86' lang='lat' dir='ltr'>esse</span> <span class='ocrx_word' id='word_1_257' title='bbox 773 1515 983 1561; x_wconf 78' lang='lat' dir='ltr'>prudentem</span> <span class='ocrx_word' id='word_1_258' title='bbox 1018 1523 1052 1552; x_wconf 66' lang='lat' dir='ltr'>et</span> <span class='ocrx_word' id='word_1_259' title='bbox 1401 1512 1528 1546; x_wconf 79' lang='lat' dir='ltr'>Christi</span> <span class='ocrx_word' id='word_1_260' title='bbox 1556 1513 1591 1545; x_wconf 84' lang='lat' dir='ltr'>in</span> <span class='ocrx_word' id='word_1_261' title='bbox 1616 1522 1741 1550; x_wconf 86' lang='lat' dir='ltr'>cruce,</span> <span class='ocrx_word' id='word_1_262' title='bbox 1769 1512 2026 1545; x_wconf 80' lang='lat' dir='ltr'>Consummatmn</span> <span class='ocrx_word' id='word_1_263' title='bbox 2046 1519 2105 1545; x_wconf 75' lang='lat' dir='ltr'>esi.</span> 
     </span>
     <span class='ocr_line' id='line_1_25' title="bbox 344 1568 2225 1611; baseline -0.002 -8"><span class='ocrx_word' id='word_1_264' title='bbox 344 1574 571 1603; x_wconf 85' lang='lat' dir='ltr'>constantem.</span> <span class='ocrx_word' id='word_1_265' title='bbox 1099 1577 1167 1606; x_wconf 87' lang='lat'>850</span> <span class='ocrx_word' id='word_1_266' title='bbox 1400 1568 1500 1600; x_wconf 85' lang='lat' dir='ltr'>Joan.</span> <span class='ocrx_word' id='word_1_267' title='bbox 1523 1576 1597 1611; x_wconf 88' lang='lat' dir='ltr'>cap.</span> <span class='ocrx_word' id='word_1_268' title='bbox 1621 1579 1693 1605; x_wconf 77' lang='lat' dir='ltr'>xix,</span> <span class='ocrx_word' id='word_1_269' title='bbox 1713 1570 1751 1609; x_wconf 59' lang='grc' dir='ltr'>γ.</span> <span class='ocrx_word' id='word_1_270' title='bbox 1775 1570 1830 1598; x_wconf 80' lang='lat'>30.</span> <span class='ocrx_word' id='word_1_271' title='bbox 2158 1570 2225 1601; x_wconf 89' lang='grc'>900</span> 
     </span>
    </p>

    <p class='ocr_par' dir='ltr' id='par_1_15' title="bbox 176 1620 2109 1718">
     <span class='ocr_line' id='line_1_26' title="bbox 176 1620 2109 1672; baseline 0 -14"><span class='ocrx_word' id='word_1_272' title='bbox 176 1635 281 1658; x_wconf 78' lang='lat' dir='ltr'>xxviii</span> <span class='ocrx_word' id='word_1_273' title='bbox 296 1626 410 1659; x_wconf 89' lang='lat' dir='ltr'>Deum</span> <span class='ocrx_word' id='word_1_274' title='bbox 444 1625 548 1658; x_wconf 89' lang='lat' dir='ltr'>etiam</span> <span class='ocrx_word' id='word_1_275' title='bbox 582 1625 617 1659; x_wconf 92' lang='lat' dir='ltr'>in</span> <span class='ocrx_word' id='word_1_276' title='bbox 647 1625 821 1671; x_wconf 87' lang='lat' dir='ltr'>promissis</span> <span class='ocrx_word' id='word_1_277' title='bbox 855 1626 954 1672; x_wconf 85' lang='lat' dir='ltr'>diligi</span> <span class='ocrx_word' id='word_1_278' title='bbox 989 1627 1049 1662; x_wconf 90' lang='lat' dir='ltr'>de-</span> <span class='ocrx_word' id='word_1_279' title='bbox 1233 1635 1273 1656; x_wconf 82' lang='lat' dir='ltr'>xv</span> <span class='ocrx_word' id='word_1_280' title='bbox 1354 1624 1405 1656; x_wconf 72' lang='lat' dir='ltr'>De</span> <span class='ocrx_word' id='word_1_281' title='bbox 1431 1621 1579 1666; x_wconf 65' lang='lat' dir='ltr'>septimo</span> <span class='ocrx_word' id='word_1_282' title='bbox 1608 1621 1693 1654; x_wconf 81' lang='lat' dir='ltr'>s0¹i0</span> <span class='ocrx_word' id='word_1_283' title='bbox 1718 1620 1811 1659; x_wconf 67' lang='lat' dir='ltr'>vilis,</span> <span class='ocrx_word' id='word_1_284' title='bbox 1841 1630 1898 1653; x_wconf 69' lang='lat'>5011</span> <span class='ocrx_word' id='word_1_285' title='bbox 1924 1620 1967 1653; x_wconf 62' lang='lat' dir='ltr'>df?</span> <span class='ocrx_word' id='word_1_286' title='bbox 1985 1620 2109 1654; x_wconf 74' lang='lat' dir='ltr'>ultimo</span> 
     </span>
     <span class='ocr_line' id='line_1_27' title="bbox 342 1675 2107 1718; baseline -0.004 -5"><span class='ocrx_word' id='word_1_287' title='bbox 342 1678 436 1713; x_wconf 90' lang='lat' dir='ltr'>bere.</span> <span class='ocrx_word' id='word_1_288' title='bbox 1098 1687 1165 1718; x_wconf 79' lang='lat'>851</span> <span class='ocrx_word' id='word_1_289' title='bbox 1399 1675 1507 1709; x_wconf 71' lang='lat' dir='ltr'>verbo</span> <span class='ocrx_word' id='word_1_290' title='bbox 1538 1675 1661 1708; x_wconf 86' lang='lat' dir='ltr'>Christi</span> <span class='ocrx_word' id='word_1_291' title='bbox 1691 1675 1727 1708; x_wconf 89' lang='lat' dir='ltr'>in</span> <span class='ocrx_word' id='word_1_292' title='bbox 1761 1685 1883 1713; x_wconf 87' lang='lat' dir='ltr'>cruce,</span> <span class='ocrx_word' id='word_1_293' title='bbox 1916 1676 2039 1713; x_wconf 80' lang='lat' dir='ltr'>Pater,</span> <span class='ocrx_word' id='word_1_294' title='bbox 2075 1676 2107 1708; x_wconf 82' lang='lat' dir='ltr'>in</span> 
     </span>
    </p>

    <p class='ocr_par' dir='ltr' id='par_1_16' title="bbox 177 1730 2104 1779">
     <span class='ocr_line' id='line_1_28' title="bbox 177 1730 2104 1779; baseline -0.002 -12"><span class='ocrx_word' id='word_1_295' title='bbox 177 1746 253 1768; x_wconf 75' lang='lat' dir='ltr'>xxix</span> <span class='ocrx_word' id='word_1_296' title='bbox 293 1735 407 1767; x_wconf 82' lang='lat' dir='ltr'>Deum</span> <span class='ocrx_word' id='word_1_297' title='bbox 429 1734 648 1779; x_wconf 86' lang='lat' dir='ltr'>diligendum</span> <span class='ocrx_word' id='word_1_298' title='bbox 671 1734 708 1768; x_wconf 86' lang='lat' dir='ltr'>in</span> <span class='ocrx_word' id='word_1_299' title='bbox 727 1735 795 1769; x_wconf 85' lang='lat' dir='ltr'>suis</span> <span class='ocrx_word' id='word_1_300' title='bbox 815 1735 971 1779; x_wconf 78' lang='lat' dir='ltr'>judiciis,</span> <span class='ocrx_word' id='word_1_301' title='bbox 1098 1744 1164 1772; x_wconf 83' lang='lat'>852</span> <span class='ocrx_word' id='word_1_302' title='bbox 1400 1743 1512 1763; x_wconf 71' lang='lat' dir='ltr'>ritanus</span> <span class='ocrx_word' id='word_1_303' title='bbox 1533 1737 1604 1763; x_wconf 77' lang='lat' dir='ltr'>tuas</span> <span class='ocrx_word' id='word_1_304' title='bbox 1623 1730 1803 1764; x_wconf 78' lang='lat' dir='ltr'>commendo</span> <span class='ocrx_word' id='word_1_305' title='bbox 1819 1730 1970 1774; x_wconf 78' lang='lat' dir='ltr'>spiritum</span> <span class='ocrx_word' id='word_1_306' title='bbox 1990 1742 2104 1764; x_wconf 80' lang='lat' dir='ltr'>meum.</span> 
     </span>
    </p>

    <p class='ocr_par' dir='ltr' id='par_1_17' title="bbox 177 1787 2222 1832">
     <span class='ocr_line' id='line_1_29' title="bbox 177 1787 2222 1832; baseline 0 -11"><span class='ocrx_word' id='word_1_307' title='bbox 177 1799 239 1821; x_wconf 84' lang='lat' dir='ltr'>xxx</span> <span class='ocrx_word' id='word_1_308' title='bbox 298 1789 411 1822; x_wconf 88' lang='lat' dir='ltr'>Deum</span> <span class='ocrx_word' id='word_1_309' title='bbox 430 1787 526 1832; x_wconf 85' lang='lat' dir='ltr'>diligi</span> <span class='ocrx_word' id='word_1_310' title='bbox 544 1787 670 1822; x_wconf 86' lang='lat' dir='ltr'>debere</span> <span class='ocrx_word' id='word_1_311' title='bbox 688 1789 724 1822; x_wconf 91' lang='lat' dir='ltr'>in</span> <span class='ocrx_word' id='word_1_312' title='bbox 742 1789 811 1822; x_wconf 91' lang='lat' dir='ltr'>suis</span> <span class='ocrx_word' id='word_1_313' title='bbox 836 1790 1021 1824; x_wconf 88' lang='lat' dir='ltr'>mandatis.</span> <span class='ocrx_word' id='word_1_314' title='bbox 1100 1797 1165 1826; x_wconf 82' lang='lat'>853</span> <span class='ocrx_word' id='word_1_315' title='bbox 1399 1787 1481 1818; x_wconf 69' lang='grc' dir='ltr'>ΙΛΙΟ-</span> <span class='ocrx_word' id='word_1_316' title='bbox 1504 1796 1579 1829; x_wconf 72' lang='lat'>⁰²¹1)-</span> <span class='ocrx_word' id='word_1_317' title='bbox 1600 1796 1681 1818; x_wconf 73' lang='lat' dir='ltr'>xxm</span> <span class='ocrx_word' id='word_1_318' title='bbox 1696 1811 1704 1823; x_wconf 79' lang='grc'>,</span> <span class='ocrx_word' id='word_1_319' title='bbox 1725 1788 1764 1827; x_wconf 51' lang='lat' dir='ltr'>N*-</span> <span class='ocrx_word' id='word_1_320' title='bbox 1787 1787 1842 1822; x_wconf 68' lang='lat'>[16-</span> <span class='ocrx_word' id='word_1_321' title='bbox 2157 1787 2222 1819; x_wconf 86' lang='grc'>902</span> 
     </span>
    </p>

    <p class='ocr_par' dir='ltr' id='par_1_18' title="bbox 175 1839 2223 1944">
     <span class='ocr_line' id='line_1_30' title="bbox 175 1839 2108 1888; baseline 0.001 -13"><span class='ocrx_word' id='word_1_322' title='bbox 175 1852 250 1875; x_wconf 77' lang='lat' dir='ltr'>xxxi</span> <span class='ocrx_word' id='word_1_323' title='bbox 295 1842 432 1884; x_wconf 86' lang='lat' dir='ltr'>Quibus</span> <span class='ocrx_word' id='word_1_324' title='bbox 449 1842 586 1876; x_wconf 87' lang='lat' dir='ltr'>indiciis</span> <span class='ocrx_word' id='word_1_325' title='bbox 601 1845 782 1888; x_wconf 80' lang='lat' dir='ltr'>praesentia</span> <span class='ocrx_word' id='word_1_326' title='bbox 803 1845 865 1878; x_wconf 87' lang='lat' dir='ltr'>Dei</span> <span class='ocrx_word' id='word_1_327' title='bbox 880 1845 914 1878; x_wconf 91' lang='lat' dir='ltr'>in</span> <span class='ocrx_word' id='word_1_328' title='bbox 929 1845 1046 1879; x_wconf 84' lang='lat' dir='ltr'>anima</span> <span class='ocrx_word' id='word_1_329' title='bbox 1233 1851 1287 1874; x_wconf 77' lang='lat' dir='ltr'>xvi</span> <span class='ocrx_word' id='word_1_330' title='bbox 1352 1841 1404 1874; x_wconf 83' lang='lat' dir='ltr'>De</span> <span class='ocrx_word' id='word_1_331' title='bbox 1427 1839 1649 1883; x_wconf 80' lang='lat' dir='ltr'>jucunditate</span> <span class='ocrx_word' id='word_1_332' title='bbox 1667 1840 1792 1873; x_wconf 83' lang='lat' dir='ltr'>florum</span> <span class='ocrx_word' id='word_1_333' title='bbox 1811 1839 1903 1878; x_wconf 83' lang='lat' dir='ltr'>vitis,</span> <span class='ocrx_word' id='word_1_334' title='bbox 1926 1839 1962 1872; x_wconf 85' lang='lat' dir='ltr'>id</span> <span class='ocrx_word' id='word_1_335' title='bbox 1979 1844 2045 1879; x_wconf 81' lang='lat' dir='ltr'>est,</span> <span class='ocrx_word' id='word_1_336' title='bbox 2066 1839 2108 1873; x_wconf 86' lang='lat' dir='ltr'>de</span> 
     </span>
     <span class='ocr_line' id='line_1_31' title="bbox 341 1894 2223 1944; baseline -0.003 -13"><span class='ocrx_word' id='word_1_337' title='bbox 341 1897 633 1944; x_wconf 83' lang='lat' dir='ltr'>deprehendatur.</span> <span class='ocrx_word' id='word_1_338' title='bbox 1099 1906 1165 1935; x_wconf 87' lang='lat'>855</span> <span class='ocrx_word' id='word_1_339' title='bbox 1401 1894 1584 1928; x_wconf 71' lang='lat' dir='ltr'>virtutibus</span> <span class='ocrx_word' id='word_1_340' title='bbox 1603 1894 1740 1927; x_wconf 88' lang='lat' dir='ltr'>Christi.</span> <span class='ocrx_word' id='word_1_341' title='bbox 2155 1898 2223 1932; x_wconf 73' lang='lat'>904</span> 
     </span>
    </p>

    <p class='ocr_par' dir='ltr' id='par_1_19' title="bbox 176 1948 2224 1999">
     <span class='ocr_line' id='line_1_32' title="bbox 176 1948 2224 1999; baseline -0.001 -15"><span class='ocrx_word' id='word_1_342' title='bbox 176 1962 264 1984; x_wconf 85' lang='lat' dir='ltr'>xxxn</span> <span class='ocrx_word' id='word_1_343' title='bbox 296 1954 374 1993; x_wconf 89' lang='lat' dir='ltr'>Qua</span> <span class='ocrx_word' id='word_1_344' title='bbox 388 1952 523 1987; x_wconf 88' lang='lat' dir='ltr'>ratione</span> <span class='ocrx_word' id='word_1_345' title='bbox 543 1962 642 1987; x_wconf 87' lang='lat' dir='ltr'>amor</span> <span class='ocrx_word' id='word_1_346' title='bbox 657 1952 700 1986; x_wconf 82' lang='lat' dir='ltr'>sit</span> <span class='ocrx_word' id='word_1_347' title='bbox 718 1954 876 1999; x_wconf 83' lang='lat' dir='ltr'>languor.</span> <span class='ocrx_word' id='word_1_348' title='bbox 1097 1959 1164 1990; x_wconf 80' lang='lat'>857</span> <span class='ocrx_word' id='word_1_349' title='bbox 1233 1961 1301 1983; x_wconf 84' lang='lat' dir='ltr'>xvu</span> <span class='ocrx_word' id='word_1_350' title='bbox 1352 1951 1404 1982; x_wconf 90' lang='lat' dir='ltr'>De</span> <span class='ocrx_word' id='word_1_351' title='bbox 1423 1950 1506 1982; x_wconf 74' lang='lat' dir='ltr'>flore</span> <span class='ocrx_word' id='word_1_352' title='bbox 1523 1949 1747 1988; x_wconf 85' lang='lat' dir='ltr'>humilitatis,</span> <span class='ocrx_word' id='word_1_353' title='bbox 1768 1959 1846 1993; x_wconf 80' lang='lat' dir='ltr'>quae</span> <span class='ocrx_word' id='word_1_354' title='bbox 1864 1953 1912 1982; x_wconf 88' lang='lat' dir='ltr'>est</span> <span class='ocrx_word' id='word_1_355' title='bbox 1931 1948 2032 1982; x_wconf 89' lang='lat' dir='ltr'>viola.</span> <span class='ocrx_word' id='word_1_356' title='bbox 2158 1954 2224 1985; x_wconf 83' lang='lat'>905</span> 
     </span>
    </p>

    <p class='ocr_par' dir='ltr' id='par_1_20' title="bbox 176 2003 2222 2047">
     <span class='ocr_line' id='line_1_33' title="bbox 176 2003 2222 2047; baseline -0.002 -8"><span class='ocrx_word' id='word_1_357' title='bbox 176 2017 279 2039; x_wconf 78' lang='lat' dir='ltr'>xxxiii</span> <span class='ocrx_word' id='word_1_358' title='bbox 298 2007 540 2041; x_wconf 84' lang='lat' dir='ltr'>Dimensiones</span> <span class='ocrx_word' id='word_1_359' title='bbox 557 2007 743 2042; x_wconf 82' lang='lat' dir='ltr'>charitatis,</span> <span class='ocrx_word' id='word_1_360' title='bbox 1098 2016 1164 2046; x_wconf 81' lang='lat'>853</span> <span class='ocrx_word' id='word_1_361' title='bbox 1233 2017 1313 2038; x_wconf 82' lang='lat' dir='ltr'>xviii</span> <span class='ocrx_word' id='word_1_362' title='bbox 1350 2007 1400 2039; x_wconf 89' lang='lat' dir='ltr'>De</span> <span class='ocrx_word' id='word_1_363' title='bbox 1420 2005 1502 2037; x_wconf 84' lang='lat' dir='ltr'>ssore</span> <span class='ocrx_word' id='word_1_364' title='bbox 1522 2004 1700 2042; x_wconf 81' lang='lat' dir='ltr'>castitatis,</span> <span class='ocrx_word' id='word_1_365' title='bbox 1722 2014 1799 2047; x_wconf 82' lang='lat' dir='ltr'>quae</span> <span class='ocrx_word' id='word_1_366' title='bbox 1817 2008 1866 2036; x_wconf 91' lang='lat' dir='ltr'>est</span> <span class='ocrx_word' id='word_1_367' title='bbox 1886 2003 2007 2036; x_wconf 88' lang='lat' dir='ltr'>lilium.</span> <span class='ocrx_word' id='word_1_368' title='bbox 2156 2007 2222 2039; x_wconf 72' lang='lat'>912</span> 
     </span>
    </p>

    <p class='ocr_par' dir='ltr' id='par_1_21' title="bbox 175 2056 2220 2163">
     <span class='ocr_line' id='line_1_34' title="bbox 175 2056 2106 2101; baseline -0.003 -6"><span class='ocrx_word' id='word_1_369' title='bbox 175 2071 270 2094; x_wconf 80' lang='lat' dir='ltr'>xxxtv</span> <span class='ocrx_word' id='word_1_370' title='bbox 295 2060 432 2095; x_wconf 79' lang='lat' dir='ltr'>Animae</span> <span class='ocrx_word' id='word_1_371' title='bbox 463 2064 576 2095; x_wconf 90' lang='lat' dir='ltr'>Deum</span> <span class='ocrx_word' id='word_1_372' title='bbox 616 2063 765 2097; x_wconf 81' lang='lat' dir='ltr'>amantis</span> <span class='ocrx_word' id='word_1_373' title='bbox 792 2068 825 2097; x_wconf 83' lang='lat' dir='ltr'>et</span> <span class='ocrx_word' id='word_1_374' title='bbox 850 2063 1045 2099; x_wconf 73' lang='lat' dir='ltr'>anhelantis</span> <span class='ocrx_word' id='word_1_375' title='bbox 1233 2071 1288 2093; x_wconf 81' lang='lat' dir='ltr'>xix</span> <span class='ocrx_word' id='word_1_376' title='bbox 1348 2061 1400 2093; x_wconf 92' lang='lat' dir='ltr'>De</span> <span class='ocrx_word' id='word_1_377' title='bbox 1419 2058 1535 2092; x_wconf 87' lang='lat' dir='ltr'>radice</span> <span class='ocrx_word' id='word_1_378' title='bbox 1550 2059 1631 2097; x_wconf 92' lang='lat' dir='ltr'>lilii,</span> <span class='ocrx_word' id='word_1_379' title='bbox 1649 2058 1684 2091; x_wconf 86' lang='lat' dir='ltr'>id</span> <span class='ocrx_word' id='word_1_380' title='bbox 1702 2063 1768 2096; x_wconf 87' lang='lat' dir='ltr'>est,</span> <span class='ocrx_word' id='word_1_381' title='bbox 1785 2056 2054 2101; x_wconf 86' lang='lat' dir='ltr'>cogitationibus</span> <span class='ocrx_word' id='word_1_382' title='bbox 2072 2058 2106 2091; x_wconf 92' lang='lat' dir='ltr'>in</span> 
     </span>
     <span class='ocr_line' id='line_1_35' title="bbox 342 2112 2220 2163; baseline 0 -14"><span class='ocrx_word' id='word_1_383' title='bbox 342 2116 510 2150; x_wconf 91' lang='lat' dir='ltr'>continua</span> <span class='ocrx_word' id='word_1_384' title='bbox 527 2117 686 2163; x_wconf 89' lang='lat' dir='ltr'>suspiria.</span> <span class='ocrx_word' id='word_1_385' title='bbox 1098 2123 1164 2156; x_wconf 72' lang='lat'>861</span> <span class='ocrx_word' id='word_1_386' title='bbox 1401 2114 1506 2148; x_wconf 90' lang='lat' dir='ltr'>corde</span> <span class='ocrx_word' id='word_1_387' title='bbox 1525 2112 1718 2148; x_wconf 84' lang='lat' dir='ltr'>latentibus.</span> <span class='ocrx_word' id='word_1_388' title='bbox 2156 2117 2220 2149; x_wconf 83' lang='lat'>91³</span> 
     </span>
    </p>

    <p class='ocr_par' dir='ltr' id='par_1_22' title="bbox 1233 2167 2102 2214">
     <span class='ocr_line' id='line_1_36' title="bbox 1233 2167 2102 2214; baseline -0.002 -10"><span class='ocrx_word' id='word_1_389' title='bbox 1233 2182 1275 2204; x_wconf 85' lang='lat' dir='ltr'>xx</span> <span class='ocrx_word' id='word_1_390' title='bbox 1353 2172 1406 2204; x_wconf 91' lang='lat' dir='ltr'>De</span> <span class='ocrx_word' id='word_1_391' title='bbox 1435 2176 1560 2203; x_wconf 90' lang='lat' dir='ltr'>trunco</span> <span class='ocrx_word' id='word_1_392' title='bbox 1587 2170 1667 2207; x_wconf 91' lang='lat' dir='ltr'>lilii,</span> <span class='ocrx_word' id='word_1_393' title='bbox 1700 2179 1758 2202; x_wconf 87' lang='lat' dir='ltr'>seu</span> <span class='ocrx_word' id='word_1_394' title='bbox 1787 2168 1965 2214; x_wconf 85' lang='lat' dir='ltr'>proposito</span> <span class='ocrx_word' id='word_1_395' title='bbox 1993 2167 2102 2207; x_wconf 90' lang='lat' dir='ltr'>bono,</span> 
     </span>
    </p>

    <p class='ocr_par' dir='ltr' id='par_1_23' title="bbox 471 2222 2222 2323">
     <span class='ocr_line' id='line_1_37' title="bbox 471 2222 2106 2273; baseline -0.002 -15"><span class='ocrx_word' id='word_1_396' title='bbox 471 2232 616 2272; x_wconf 72' lang='lat' dir='ltr'>VlTjs</span> <span class='ocrx_word' id='word_1_397' title='bbox 645 2233 878 2273; x_wconf 68' lang='lat' dir='ltr'><strong>MYSTICA</strong></span> <span class='ocrx_word' id='word_1_398' title='bbox 1401 2224 1496 2268; x_wconf 83' lang='lat' dir='ltr'>quod</span> <span class='ocrx_word' id='word_1_399' title='bbox 1520 2235 1538 2258; x_wconf 89' lang='lat' dir='ltr'>e</span> <span class='ocrx_word' id='word_1_400' title='bbox 1554 2223 1670 2257; x_wconf 84' lang='lat' dir='ltr'>radice</span> <span class='ocrx_word' id='word_1_401' title='bbox 1687 2222 1789 2257; x_wconf 73' lang='lat' dir='ltr'>bonae</span> <span class='ocrx_word' id='word_1_402' title='bbox 1811 2222 2030 2267; x_wconf 76' lang='lat' dir='ltr'>cogitationis</span> <span class='ocrx_word' id='word_1_403' title='bbox 2050 2233 2106 2256; x_wconf 88' lang='lat' dir='ltr'>ex-</span> 
     </span>
     <span class='ocr_line' id='line_1_38' title="bbox 1401 2279 2222 2323; baseline -0.001 -11"><span class='ocrx_word' id='word_1_404' title='bbox 1401 2279 1522 2323; x_wconf 86' lang='lat' dir='ltr'>surgit.</span> <span class='ocrx_word' id='word_1_405' title='bbox 2155 2283 2222 2313; x_wconf 77' lang='grc'>916</span> 
     </span>
    </p>

    <p class='ocr_par' dir='ltr' id='par_1_24' title="bbox 294 2332 2223 2423">
     <span class='ocr_line' id='line_1_39' title="bbox 294 2332 2106 2374; baseline -0.001 -6"><span class='ocrx_word' id='word_1_406' title='bbox 294 2346 358 2369; x_wconf 73' lang='lat' dir='ltr'>stu</span> <span class='ocrx_word' id='word_1_407' title='bbox 386 2347 595 2371; x_wconf 52' lang='lat' dir='ltr'>‘rme-rarus</span> <span class='ocrx_word' id='word_1_408' title='bbox 623 2349 671 2370; x_wconf 60' lang='lat' dir='ltr'>ms</span> <span class='ocrx_word' id='word_1_409' title='bbox 699 2348 873 2373; x_wconf 64' lang='lat' dir='ltr'>mssxONss</span> <span class='ocrx_word' id='word_1_410' title='bbox 902 2350 1055 2374; x_wconf 65' lang='lat' dir='ltr'>nomm,</span> <span class='ocrx_word' id='word_1_411' title='bbox 1235 2346 1288 2367; x_wconf 81' lang='lat' dir='ltr'>xxi</span> <span class='ocrx_word' id='word_1_412' title='bbox 1350 2335 1402 2367; x_wconf 91' lang='lat' dir='ltr'>De</span> <span class='ocrx_word' id='word_1_413' title='bbox 1417 2333 1624 2367; x_wconf 87' lang='lat' dir='ltr'>rectitudine</span> <span class='ocrx_word' id='word_1_414' title='bbox 1646 2333 1725 2372; x_wconf 83' lang='lat' dir='ltr'>lilii,</span> <span class='ocrx_word' id='word_1_415' title='bbox 1747 2332 1782 2365; x_wconf 94' lang='lat' dir='ltr'>id</span> <span class='ocrx_word' id='word_1_416' title='bbox 1800 2338 1866 2371; x_wconf 85' lang='lat' dir='ltr'>est,</span> <span class='ocrx_word' id='word_1_417' title='bbox 1884 2338 1976 2366; x_wconf 85' lang='lat' dir='ltr'>recta</span> <span class='ocrx_word' id='word_1_418' title='bbox 1994 2332 2106 2366; x_wconf 89' lang='lat' dir='ltr'>inten-</span> 
     </span>
     <span class='ocr_line' id='line_1_40' title="bbox 1401 2388 2223 2423; baseline -0.001 -1"><span class='ocrx_word' id='word_1_419' title='bbox 1401 2388 1507 2422; x_wconf 90' lang='lat' dir='ltr'>tione.</span> <span class='ocrx_word' id='word_1_420' title='bbox 2156 2392 2223 2423; x_wconf 80' lang='lat'>917</span> 
     </span>
    </p>

    <p class='ocr_par' dir='ltr' id='par_1_25' title="bbox 292 2439 2108 2482">
     <span class='ocr_line' id='line_1_41' title="bbox 292 2439 2108 2482; baseline 0.002 -9"><span class='ocrx_word' id='word_1_421' title='bbox 292 2439 523 2473; x_wconf 85' lang='lat' dir='ltr'>Prooemium.</span> <span class='ocrx_word' id='word_1_422' title='bbox 1101 2447 1167 2479; x_wconf 83' lang='lat'>865</span> <span class='ocrx_word' id='word_1_423' title='bbox 1235 2455 1301 2477; x_wconf 76' lang='lat' dir='ltr'>xxii</span> <span class='ocrx_word' id='word_1_424' title='bbox 1352 2445 1404 2477; x_wconf 88' lang='lat' dir='ltr'>De</span> <span class='ocrx_word' id='word_1_425' title='bbox 1418 2442 1622 2477; x_wconf 83' lang='lat' dir='ltr'>fortitudine</span> <span class='ocrx_word' id='word_1_426' title='bbox 1635 2442 1769 2482; x_wconf 78' lang='lat' dir='ltr'>trunci,</span> <span class='ocrx_word' id='word_1_427' title='bbox 1787 2453 1843 2475; x_wconf 89' lang='lat' dir='ltr'>seu</span> <span class='ocrx_word' id='word_1_428' title='bbox 1860 2442 1902 2475; x_wconf 89' lang='lat' dir='ltr'>de</span> <span class='ocrx_word' id='word_1_429' title='bbox 1916 2443 2108 2476; x_wconf 84' lang='lat' dir='ltr'>constantia</span> 
     </span>
    </p>

    <p class='ocr_par' dir='ltr' id='par_1_26' title="bbox 176 2493 2224 2542">
     <span class='ocr_line' id='line_1_42' title="bbox 176 2493 2224 2542; baseline 0.002 -17"><span class='ocrx_word' id='word_1_430' title='bbox 176 2503 186 2524; x_wconf 92' lang='grc' dir='ltr'><strong>ι</strong></span> <span class='ocrx_word' id='word_1_431' title='bbox 292 2493 465 2527; x_wconf 86' lang='lat' dir='ltr'>Christum</span> <span class='ocrx_word' id='word_1_432' title='bbox 482 2496 599 2528; x_wconf 84' lang='lat' dir='ltr'>Jesum</span> <span class='ocrx_word' id='word_1_433' title='bbox 620 2506 691 2529; x_wconf 89' lang='lat' dir='ltr'>esse</span> <span class='ocrx_word' id='word_1_434' title='bbox 708 2506 825 2529; x_wconf 89' lang='lat' dir='ltr'>veram</span> <span class='ocrx_word' id='word_1_435' title='bbox 846 2497 962 2531; x_wconf 83' lang='lat' dir='ltr'>vitem.</span> <span class='ocrx_word' id='word_1_436' title='bbox 1100 2502 1166 2533; x_wconf 85' lang='lat'>865</span> <span class='ocrx_word' id='word_1_437' title='bbox 1401 2497 1486 2531; x_wconf 91' lang='lat' dir='ltr'>boni</span> <span class='ocrx_word' id='word_1_438' title='bbox 1504 2497 1686 2542; x_wconf 83' lang='lat' dir='ltr'>propositi.</span> <span class='ocrx_word' id='word_1_439' title='bbox 2158 2502 2224 2533; x_wconf 82' lang='grc'>919</span> 
     </span>
    </p>

    <p class='ocr_par' dir='ltr' id='par_1_27' title="bbox 177 2549 2222 2706">
     <span class='ocr_line' id='line_1_43' title="bbox 177 2549 2104 2598; baseline 0.002 -18"><span class='ocrx_word' id='word_1_440' title='bbox 177 2558 201 2580; x_wconf 89' lang='grc' dir='ltr'>ιι</span> <span class='ocrx_word' id='word_1_441' title='bbox 291 2550 342 2582; x_wconf 85' lang='lat' dir='ltr'>De</span> <span class='ocrx_word' id='word_1_442' title='bbox 359 2549 562 2594; x_wconf 75' lang='lat' dir='ltr'>praecisione</span> <span class='ocrx_word' id='word_1_443' title='bbox 581 2549 675 2590; x_wconf 91' lang='lat' dir='ltr'>vitis,</span> <span class='ocrx_word' id='word_1_444' title='bbox 703 2551 772 2584; x_wconf 87' lang='lat' dir='ltr'>sive</span> <span class='ocrx_word' id='word_1_445' title='bbox 799 2551 842 2584; x_wconf 75' lang='lat' dir='ltr'>de</span> <span class='ocrx_word' id='word_1_446' title='bbox 860 2552 961 2585; x_wconf 88' lang='lat' dir='ltr'>variis</span> <span class='ocrx_word' id='word_1_447' title='bbox 978 2563 1051 2598; x_wconf 81' lang='lat' dir='ltr'>my·</span> <span class='ocrx_word' id='word_1_448' title='bbox 1235 2564 1317 2586; x_wconf 82' lang='lat' dir='ltr'>xxiii</span> <span class='ocrx_word' id='word_1_449' title='bbox 1355 2554 1406 2586; x_wconf 90' lang='lat' dir='ltr'>De</span> <span class='ocrx_word' id='word_1_450' title='bbox 1424 2551 1599 2585; x_wconf 72' lang='lat' dir='ltr'>vermibus</span> <span class='ocrx_word' id='word_1_451' title='bbox 1618 2551 1677 2595; x_wconf 88' lang='lat' dir='ltr'>qui</span> <span class='ocrx_word' id='word_1_452' title='bbox 1703 2551 1896 2585; x_wconf 84' lang='lat' dir='ltr'>corrodunt</span> <span class='ocrx_word' id='word_1_453' title='bbox 1921 2557 2104 2591; x_wconf 89' lang='lat' dir='ltr'>truncum,</span> 
     </span>
     <span class='ocr_line' id='line_1_44' title="bbox 341 2604 2106 2651; baseline 0.002 -15"><span class='ocrx_word' id='word_1_454' title='bbox 341 2604 451 2637; x_wconf 83' lang='lat' dir='ltr'>steriis</span> <span class='ocrx_word' id='word_1_455' title='bbox 470 2605 513 2637; x_wconf 88' lang='lat' dir='ltr'>ad</span> <span class='ocrx_word' id='word_1_456' title='bbox 528 2609 652 2638; x_wconf 87' lang='lat' dir='ltr'>statum</span> <span class='ocrx_word' id='word_1_457' title='bbox 667 2605 912 2640; x_wconf 85' lang='lat' dir='ltr'>exinanitionis</span> <span class='ocrx_word' id='word_1_458' title='bbox 925 2607 1051 2642; x_wconf 86' lang='lat' dir='ltr'>Christi</span> <span class='ocrx_word' id='word_1_459' title='bbox 1402 2607 1437 2641; x_wconf 91' lang='lat' dir='ltr'>id</span> <span class='ocrx_word' id='word_1_460' title='bbox 1459 2612 1526 2646; x_wconf 85' lang='lat' dir='ltr'>est,</span> <span class='ocrx_word' id='word_1_461' title='bbox 1549 2607 1646 2640; x_wconf 87' lang='lat' dir='ltr'>malis</span> <span class='ocrx_word' id='word_1_462' title='bbox 1673 2605 1950 2651; x_wconf 85' lang='lat' dir='ltr'>suggestionibus</span> <span class='ocrx_word' id='word_1_463' title='bbox 1972 2605 2106 2640; x_wconf 89' lang='lat' dir='ltr'>bonum</span> 
     </span>
     <span class='ocr_line' id='line_1_45' title="bbox 342 2658 2222 2706; baseline 0.002 -16"><span class='ocrx_word' id='word_1_464' title='bbox 342 2658 591 2703; x_wconf 87' lang='lat' dir='ltr'>spectantibus.</span> <span class='ocrx_word' id='word_1_465' title='bbox 1100 2667 1167 2696; x_wconf 82' lang='lat'>867</span> <span class='ocrx_word' id='word_1_466' title='bbox 1402 2661 1621 2706; x_wconf 82' lang='lat' dir='ltr'>propositum</span> <span class='ocrx_word' id='word_1_467' title='bbox 1640 2659 1959 2704; x_wconf 84' lang='lat' dir='ltr'>corrumpentibus.</span> <span class='ocrx_word' id='word_1_468' title='bbox 2156 2664 2222 2695; x_wconf 81' lang='lat'>9‘21</span> 
     </span>
    </p>

    <p class='ocr_par' dir='ltr' id='par_1_28' title="bbox 179 2712 2107 2814">
     <span class='ocr_line' id='line_1_46' title="bbox 179 2712 2107 2760; baseline 0.001 -15"><span class='ocrx_word' id='word_1_469' title='bbox 179 2724 217 2746; x_wconf 87' lang='grc' dir='ltr'>ιιι</span> <span class='ocrx_word' id='word_1_470' title='bbox 294 2714 344 2746; x_wconf 90' lang='lat' dir='ltr'>De</span> <span class='ocrx_word' id='word_1_471' title='bbox 362 2712 650 2747; x_wconf 77' lang='lat' dir='ltr'>circumfossione</span> <span class='ocrx_word' id='word_1_472' title='bbox 668 2714 763 2755; x_wconf 91' lang='lat' dir='ltr'>vitis;</span> <span class='ocrx_word' id='word_1_473' title='bbox 785 2715 819 2748; x_wconf 89' lang='lat' dir='ltr'>id</span> <span class='ocrx_word' id='word_1_474' title='bbox 833 2721 900 2755; x_wconf 86' lang='lat' dir='ltr'>est,</span> <span class='ocrx_word' id='word_1_475' title='bbox 916 2716 960 2749; x_wconf 89' lang='lat' dir='ltr'>de</span> <span class='ocrx_word' id='word_1_476' title='bbox 975 2717 1053 2750; x_wconf 84' lang='lat' dir='ltr'>insi·</span> <span class='ocrx_word' id='word_1_477' title='bbox 1236 2727 1310 2749; x_wconf 78' lang='lat' dir='ltr'>xxiv</span> <span class='ocrx_word' id='word_1_478' title='bbox 1353 2718 1404 2749; x_wconf 88' lang='lat' dir='ltr'>De</span> <span class='ocrx_word' id='word_1_479' title='bbox 1428 2715 1650 2760; x_wconf 85' lang='lat' dir='ltr'>longitudine</span> <span class='ocrx_word' id='word_1_480' title='bbox 1676 2715 1814 2753; x_wconf 84' lang='lat' dir='ltr'>trunci,</span> <span class='ocrx_word' id='word_1_481' title='bbox 1841 2725 1898 2747; x_wconf 84' lang='lat' dir='ltr'>seu</span> <span class='ocrx_word' id='word_1_482' title='bbox 1922 2714 1965 2747; x_wconf 88' lang='lat' dir='ltr'>de</span> <span class='ocrx_word' id='word_1_483' title='bbox 1984 2714 2107 2748; x_wconf 69' lang='lat' dir='ltr'>virtute</span> 
     </span>
     <span class='ocr_line' id='line_1_47' title="bbox 341 2767 2107 2814; baseline 0.001 -14"><span class='ocrx_word' id='word_1_484' title='bbox 341 2767 408 2801; x_wconf 87' lang='lat' dir='ltr'>diis</span> <span class='ocrx_word' id='word_1_485' title='bbox 425 2768 628 2802; x_wconf 78' lang='lat' dir='ltr'>Judaeornm</span> <span class='ocrx_word' id='word_1_486' title='bbox 645 2774 677 2802; x_wconf 87' lang='lat' dir='ltr'>et</span> <span class='ocrx_word' id='word_1_487' title='bbox 692 2770 895 2804; x_wconf 89' lang='lat' dir='ltr'>vulneribus</span> <span class='ocrx_word' id='word_1_488' title='bbox 910 2770 1047 2805; x_wconf 90' lang='lat' dir='ltr'>Christi.</span> <span class='ocrx_word' id='word_1_489' title='bbox 1103 2777 1169 2806; x_wconf 92' lang='lat'>870</span> <span class='ocrx_word' id='word_1_490' title='bbox 1404 2770 1676 2814; x_wconf 81' lang='lat' dir='ltr'>longanimitatis</span> <span class='ocrx_word' id='word_1_491' title='bbox 1689 2798 1696 2809; x_wconf 86' lang='lat'>‚</span> <span class='ocrx_word' id='word_1_492' title='bbox 1723 2775 1756 2803; x_wconf 87' lang='lat' dir='ltr'>ct</span> <span class='ocrx_word' id='word_1_493' title='bbox 1790 2769 2041 2814; x_wconf 79' lang='lat' dir='ltr'>perseverantia</span> <span class='ocrx_word' id='word_1_494' title='bbox 2073 2770 2107 2802; x_wconf 92' lang='lat' dir='ltr'>in</span> 
     </span>
    </p>

    <p class='ocr_par' dir='ltr' id='par_1_29' title="bbox 180 2822 2226 2926">
     <span class='ocr_line' id='line_1_48' title="bbox 180 2822 2226 2871; baseline 0.002 -16"><span class='ocrx_word' id='word_1_495' title='bbox 180 2834 210 2855; x_wconf 83' lang='lat' dir='ltr'>iv</span> <span class='ocrx_word' id='word_1_496' title='bbox 299 2824 348 2855; x_wconf 80' lang='lat' dir='ltr'>De</span> <span class='ocrx_word' id='word_1_497' title='bbox 367 2822 515 2856; x_wconf 84' lang='lat' dir='ltr'>vinculis</span> <span class='ocrx_word' id='word_1_498' title='bbox 531 2828 658 2857; x_wconf 89' lang='lat' dir='ltr'>nostrae</span> <span class='ocrx_word' id='word_1_499' title='bbox 677 2824 770 2863; x_wconf 90' lang='lat' dir='ltr'>vitis,</span> <span class='ocrx_word' id='word_1_500' title='bbox 792 2825 826 2859; x_wconf 88' lang='lat' dir='ltr'>id</span> <span class='ocrx_word' id='word_1_501' title='bbox 844 2831 911 2865; x_wconf 88' lang='lat' dir='ltr'>est,</span> <span class='ocrx_word' id='word_1_502' title='bbox 933 2826 976 2859; x_wconf 87' lang='lat' dir='ltr'>de</span> <span class='ocrx_word' id='word_1_503' title='bbox 992 2838 1052 2860; x_wconf 87' lang='lat' dir='ltr'>va-</span> <span class='ocrx_word' id='word_1_504' title='bbox 1403 2825 1498 2859; x_wconf 90' lang='lat' dir='ltr'>bono</span> <span class='ocrx_word' id='word_1_505' title='bbox 1516 2825 1705 2871; x_wconf 80' lang='lat' dir='ltr'>proposito.</span> <span class='ocrx_word' id='word_1_506' title='bbox 2162 2827 2226 2860; x_wconf 62' lang='lat'>9211</span> 
     </span>
     <span class='ocr_line' id='line_1_49' title="bbox 346 2877 2109 2926; baseline 0.001 -16"><span class='ocrx_word' id='word_1_507' title='bbox 346 2878 405 2911; x_wconf 85' lang='lat' dir='ltr'>riis</span> <span class='ocrx_word' id='word_1_508' title='bbox 424 2878 548 2912; x_wconf 75' lang='lat' dir='ltr'>Christi</span> <span class='ocrx_word' id='word_1_509' title='bbox 568 2879 715 2913; x_wconf 81' lang='lat' dir='ltr'>vinculis</span> <span class='ocrx_word' id='word_1_510' title='bbox 731 2885 764 2914; x_wconf 84' lang='lat' dir='ltr'>et</span> <span class='ocrx_word' id='word_1_511' title='bbox 783 2881 906 2926; x_wconf 83' lang='lat' dir='ltr'>poenis.</span> <span class='ocrx_word' id='word_1_512' title='bbox 1103 2887 1170 2917; x_wconf 87' lang='lat'>875</span> <span class='ocrx_word' id='word_1_513' title='bbox 1237 2890 1299 2912; x_wconf 81' lang='lat' dir='ltr'>xxv</span> <span class='ocrx_word' id='word_1_514' title='bbox 1360 2880 1409 2912; x_wconf 90' lang='lat' dir='ltr'>Dc</span> <span class='ocrx_word' id='word_1_515' title='bbox 1427 2879 1516 2912; x_wconf 80' lang='lat' dir='ltr'>soliis</span> <span class='ocrx_word' id='word_1_516' title='bbox 1537 2879 1596 2912; x_wconf 89' lang='lat' dir='ltr'>lilii</span> <span class='ocrx_word' id='word_1_517' title='bbox 1613 2879 1702 2911; x_wconf 84' lang='lat' dir='ltr'>circa</span> <span class='ocrx_word' id='word_1_518' title='bbox 1723 2883 1884 2911; x_wconf 80' lang='lat' dir='ltr'>truncum</span> <span class='ocrx_word' id='word_1_519' title='bbox 1898 2905 1905 2916; x_wconf 93' lang='lat'>‚</span> <span class='ocrx_word' id='word_1_520' title='bbox 1927 2877 1963 2911; x_wconf 86' lang='lat' dir='ltr'>id</span> <span class='ocrx_word' id='word_1_521' title='bbox 1982 2884 2048 2917; x_wconf 80' lang='lat' dir='ltr'>est,</span> <span class='ocrx_word' id='word_1_522' title='bbox 2066 2879 2109 2912; x_wconf 86' lang='lat' dir='ltr'>de</span> 
     </span>
    </p>

    <p class='ocr_par' dir='ltr' id='par_1_30' title="bbox 179 2933 2227 3088">
     <span class='ocr_line' id='line_1_50' title="bbox 179 2933 2226 2979; baseline -0 -13"><span class='ocrx_word' id='word_1_523' title='bbox 179 2945 196 2966; x_wconf 90' lang='lat' dir='ltr'>v</span> <span class='ocrx_word' id='word_1_524' title='bbox 296 2935 347 2967; x_wconf 81' lang='lat' dir='ltr'>Dc</span> <span class='ocrx_word' id='word_1_525' title='bbox 365 2933 500 2967; x_wconf 86' lang='lat' dir='ltr'>cultura</span> <span class='ocrx_word' id='word_1_526' title='bbox 524 2939 558 2967; x_wconf 84' lang='lat' dir='ltr'>ct</span> <span class='ocrx_word' id='word_1_527' title='bbox 576 2935 790 2979; x_wconf 80' lang='lat' dir='ltr'>speciositate</span> <span class='ocrx_word' id='word_1_528' title='bbox 808 2942 935 2970; x_wconf 80' lang='lat' dir='ltr'>nostrae</span> <span class='ocrx_word' id='word_1_529' title='bbox 955 2937 1030 2971; x_wconf 79' lang='lat' dir='ltr'>vitis</span> <span class='ocrx_word' id='word_1_530' title='bbox 1043 2965 1051 2976; x_wconf 83' lang='lat'>‚</span> <span class='ocrx_word' id='word_1_531' title='bbox 1405 2934 1514 2966; x_wconf 63' lang='lat' dir='ltr'>vorbis</span> <span class='ocrx_word' id='word_1_532' title='bbox 1534 2935 1598 2979; x_wconf 78' lang='lat' dir='ltr'>piis</span> <span class='ocrx_word' id='word_1_533' title='bbox 1616 2939 1647 2966; x_wconf 81' lang='lat' dir='ltr'>et</span> <span class='ocrx_word' id='word_1_534' title='bbox 1667 2934 1852 2966; x_wconf 79' lang='lat' dir='ltr'>fructuosis</span> <span class='ocrx_word' id='word_1_535' title='bbox 1869 2934 2056 2977; x_wconf 72' lang='lat' dir='ltr'>virginum.</span> <span class='ocrx_word' id='word_1_536' title='bbox 2159 2939 2226 2968; x_wconf 67' lang='lat'>9⁴2.»</span> 
     </span>
     <span class='ocr_line' id='line_1_51' title="bbox 344 2987 2227 3034; baseline 0.001 -13"><span class='ocrx_word' id='word_1_537' title='bbox 344 2987 379 3021; x_wconf 88' lang='lat' dir='ltr'>id</span> <span class='ocrx_word' id='word_1_538' title='bbox 397 2993 462 3027; x_wconf 86' lang='lat' dir='ltr'>est,</span> <span class='ocrx_word' id='word_1_539' title='bbox 485 2988 528 3021; x_wconf 90' lang='lat' dir='ltr'>dc</span> <span class='ocrx_word' id='word_1_540' title='bbox 553 2989 814 3034; x_wconf 87' lang='lat' dir='ltr'>pulchritudine</span> <span class='ocrx_word' id='word_1_541' title='bbox 833 2991 976 3031; x_wconf 83' lang='lat' dir='ltr'>Christi,</span> <span class='ocrx_word' id='word_1_542' title='bbox 997 2992 1055 3025; x_wconf 92' lang='lat' dir='ltr'>in-</span> <span class='ocrx_word' id='word_1_543' title='bbox 1239 3000 1311 3021; x_wconf 76' lang='lat' dir='ltr'>xxvi</span> <span class='ocrx_word' id='word_1_544' title='bbox 1356 2990 1406 3021; x_wconf 84' lang='lat' dir='ltr'>l)e</span> <span class='ocrx_word' id='word_1_545' title='bbox 1424 2999 1514 3021; x_wconf 78' lang='lat' dir='ltr'>novo</span> <span class='ocrx_word' id='word_1_546' title='bbox 1534 2989 1669 3021; x_wconf 81' lang='lat' dir='ltr'>cantico</span> <span class='ocrx_word' id='word_1_547' title='bbox 1688 2987 1878 3030; x_wconf 63' lang='lat' dir='ltr'>xii-ginihus</span> <span class='ocrx_word' id='word_1_548' title='bbox 1897 2988 2085 3021; x_wconf 83' lang='lat' dir='ltr'>cantando.</span> <span class='ocrx_word' id='word_1_549' title='bbox 2161 2993 2227 3023; x_wconf 81' lang='grc'>927</span> 
     </span>
     <span class='ocr_line' id='line_1_52' title="bbox 345 3042 2112 3088; baseline 0.001 -13"><span class='ocrx_word' id='word_1_550' title='bbox 345 3049 460 3082; x_wconf 75' lang='lat' dir='ltr'>terna,</span> <span class='ocrx_word' id='word_1_551' title='bbox 480 3049 513 3077; x_wconf 87' lang='lat' dir='ltr'>et</span> <span class='ocrx_word' id='word_1_552' title='bbox 529 3049 681 3078; x_wconf 77' lang='lat' dir='ltr'>externa.</span> <span class='ocrx_word' id='word_1_553' title='bbox 1104 3053 1170 3081; x_wconf 79' lang='lat'>880</span> <span class='ocrx_word' id='word_1_554' title='bbox 1238 3055 1326 3076; x_wconf 71' lang='lat' dir='ltr'>xxvii</span> <span class='ocrx_word' id='word_1_555' title='bbox 1356 3044 1405 3076; x_wconf 77' lang='lat' dir='ltr'>Dc</span> <span class='ocrx_word' id='word_1_556' title='bbox 1429 3043 1520 3075; x_wconf 88' lang='lat' dir='ltr'>soliis</span> <span class='ocrx_word' id='word_1_557' title='bbox 1546 3043 1607 3075; x_wconf 84' lang='lat' dir='ltr'>titii</span> <span class='ocrx_word' id='word_1_558' title='bbox 1629 3042 1850 3075; x_wconf 76' lang='lat' dir='ltr'>insci-toribus</span> <span class='ocrx_word' id='word_1_559' title='bbox 1873 3047 1905 3075; x_wconf 82' lang='lat' dir='ltr'>et</span> <span class='ocrx_word' id='word_1_560' title='bbox 1921 3043 2112 3088; x_wconf 79' lang='lat' dir='ltr'>superiori-</span> 
     </span>
    </p>

    <p class='ocr_par' dir='ltr' id='par_1_31' title="bbox 180 3096 2228 3255">
     <span class='ocr_line' id='line_1_53' title="bbox 180 3096 2113 3143; baseline 0.002 -13"><span class='ocrx_word' id='word_1_561' title='bbox 180 3108 212 3130; x_wconf 80' lang='lat' dir='ltr'>vi</span> <span class='ocrx_word' id='word_1_562' title='bbox 296 3099 348 3131; x_wconf 87' lang='lat' dir='ltr'>Dc</span> <span class='ocrx_word' id='word_1_563' title='bbox 375 3098 466 3131; x_wconf 85' lang='lat' dir='ltr'>soliis</span> <span class='ocrx_word' id='word_1_564' title='bbox 491 3099 568 3132; x_wconf 79' lang='lat' dir='ltr'>vitis</span> <span class='ocrx_word' id='word_1_565' title='bbox 596 3099 816 3143; x_wconf 81' lang='lat' dir='ltr'>generaliter,</span> <span class='ocrx_word' id='word_1_566' title='bbox 848 3100 884 3134; x_wconf 87' lang='lat' dir='ltr'>id</span> <span class='ocrx_word' id='word_1_567' title='bbox 913 3107 978 3141; x_wconf 79' lang='lat' dir='ltr'>est,</span> <span class='ocrx_word' id='word_1_568' title='bbox 1012 3101 1055 3135; x_wconf 86' lang='lat' dir='ltr'>dc</span> <span class='ocrx_word' id='word_1_569' title='bbox 1405 3096 1486 3135; x_wconf 80' lang='lat' dir='ltr'>hus,</span> <span class='ocrx_word' id='word_1_570' title='bbox 1515 3108 1573 3130; x_wconf 75' lang='lat' dir='ltr'>scu</span> <span class='ocrx_word' id='word_1_571' title='bbox 1600 3097 1643 3130; x_wconf 82' lang='lat' dir='ltr'>de</span> <span class='ocrx_word' id='word_1_572' title='bbox 1670 3097 1862 3141; x_wconf 81' lang='lat' dir='ltr'>frequentia</span> <span class='ocrx_word' id='word_1_573' title='bbox 1890 3103 1923 3131; x_wconf 84' lang='lat' dir='ltr'>et</span> <span class='ocrx_word' id='word_1_574' title='bbox 1948 3098 2113 3142; x_wconf 79' lang='lat' dir='ltr'>parcitate</span> 
     </span>
     <span class='ocr_line' id='line_1_54' title="bbox 344 3151 2228 3193; baseline 0.001 -8"><span class='ocrx_word' id='word_1_575' title='bbox 344 3153 444 3186; x_wconf 89' lang='lat' dir='ltr'>variis</span> <span class='ocrx_word' id='word_1_576' title='bbox 479 3153 605 3187; x_wconf 84' lang='lat' dir='ltr'>Christi</span> <span class='ocrx_word' id='word_1_577' title='bbox 642 3154 770 3193; x_wconf 85' lang='lat' dir='ltr'>verbis,</span> <span class='ocrx_word' id='word_1_578' title='bbox 804 3155 847 3188; x_wconf 89' lang='lat' dir='ltr'>ad</span> <span class='ocrx_word' id='word_1_579' title='bbox 886 3156 1052 3190; x_wconf 86' lang='lat' dir='ltr'>virtutum</span> <span class='ocrx_word' id='word_1_580' title='bbox 1406 3151 1603 3185; x_wconf 67' lang='lat' dir='ltr'>verborum.</span> <span class='ocrx_word' id='word_1_581' title='bbox 2165 3157 2228 3187; x_wconf 71' lang='lat'>951</span> 
     </span>
     <span class='ocr_line' id='line_1_55' title="bbox 347 3206 2111 3255; baseline -0.001 -14"><span class='ocrx_word' id='word_1_582' title='bbox 347 3208 691 3243; x_wconf 82' lang='lat' dir='ltr'>commendationem</span> <span class='ocrx_word' id='word_1_583' title='bbox 710 3210 957 3255; x_wconf 77' lang='lat' dir='ltr'>spectantibus,</span> <span class='ocrx_word' id='word_1_584' title='bbox 1105 3216 1171 3246; x_wconf 74' lang='lat'>836</span> <span class='ocrx_word' id='word_1_585' title='bbox 1241 3219 1340 3240; x_wconf 71' lang='lat' dir='ltr'>xxviii</span> <span class='ocrx_word' id='word_1_586' title='bbox 1357 3209 1407 3240; x_wconf 80' lang='lat' dir='ltr'>De</span> <span class='ocrx_word' id='word_1_587' title='bbox 1420 3206 1698 3252; x_wconf 79' lang='lat' dir='ltr'>contemplandis</span> <span class='ocrx_word' id='word_1_588' title='bbox 1713 3207 1748 3239; x_wconf 90' lang='lat' dir='ltr'>in</span> <span class='ocrx_word' id='word_1_589' title='bbox 1764 3207 1849 3245; x_wconf 78' lang='lat' dir='ltr'>titio,</span> <span class='ocrx_word' id='word_1_590' title='bbox 1863 3206 1897 3240; x_wconf 82' lang='lat' dir='ltr'>id</span> <span class='ocrx_word' id='word_1_591' title='bbox 1912 3211 1960 3239; x_wconf 77' lang='lat' dir='ltr'>est</span> <span class='ocrx_word' id='word_1_592' title='bbox 1975 3206 2111 3244; x_wconf 77' lang='lat' dir='ltr'>decore,</span> 
     </span>
    </p>

    <p class='ocr_par' dir='ltr' id='par_1_32' title="bbox 184 3261 2238 3418">
     <span class='ocr_line' id='line_1_56' title="bbox 184 3261 2236 3306; baseline -0.001 -10"><span class='ocrx_word' id='word_1_593' title='bbox 184 3271 230 3294; x_wconf 76' lang='lat' dir='ltr'>vn</span> <span class='ocrx_word' id='word_1_594' title='bbox 299 3263 349 3295; x_wconf 81' lang='lat' dir='ltr'>De</span> <span class='ocrx_word' id='word_1_595' title='bbox 378 3262 503 3296; x_wconf 86' lang='lat' dir='ltr'>umbra</span> <span class='ocrx_word' id='word_1_596' title='bbox 533 3264 698 3297; x_wconf 85' lang='lat' dir='ltr'>soliorum</span> <span class='ocrx_word' id='word_1_597' title='bbox 727 3265 819 3303; x_wconf 79' lang='lat' dir='ltr'>vitis,</span> <span class='ocrx_word' id='word_1_598' title='bbox 850 3265 885 3298; x_wconf 88' lang='lat' dir='ltr'>id</span> <span class='ocrx_word' id='word_1_599' title='bbox 914 3271 977 3304; x_wconf 84' lang='lat' dir='ltr'>cst,</span> <span class='ocrx_word' id='word_1_600' title='bbox 1011 3266 1055 3299; x_wconf 78' lang='lat' dir='ltr'>de</span> <span class='ocrx_word' id='word_1_601' title='bbox 1409 3267 1440 3295; x_wconf 85' lang='lat' dir='ltr'>et</span> <span class='ocrx_word' id='word_1_602' title='bbox 1467 3262 1667 3295; x_wconf 75' lang='lat' dir='ltr'>excellentia</span> <span class='ocrx_word' id='word_1_603' title='bbox 1687 3272 1775 3294; x_wconf 70' lang='lat' dir='ltr'>verm</span> <span class='ocrx_word' id='word_1_604' title='bbox 1794 3261 2008 3306; x_wconf 67' lang='lat' dir='ltr'>virginitatis.</span> <span class='ocrx_word' id='word_1_605' title='bbox 2171 3266 2236 3295; x_wconf 77' lang='lat'>935</span> 
     </span>
     <span class='ocr_line' id='line_1_57' title="bbox 347 3316 2120 3357; baseline -0.001 -6"><span class='ocrx_word' id='word_1_606' title='bbox 347 3317 459 3352; x_wconf 86' lang='lat' dir='ltr'>verbis</span> <span class='ocrx_word' id='word_1_607' title='bbox 483 3330 501 3352; x_wconf 85' lang='lat' dir='ltr'>a</span> <span class='ocrx_word' id='word_1_608' title='bbox 531 3318 666 3354; x_wconf 86' lang='lat' dir='ltr'>Christo</span> <span class='ocrx_word' id='word_1_609' title='bbox 690 3319 725 3354; x_wconf 88' lang='lat' dir='ltr'>in</span> <span class='ocrx_word' id='word_1_610' title='bbox 751 3330 891 3354; x_wconf 85' lang='lat' dir='ltr'>crucem</span> <span class='ocrx_word' id='word_1_611' title='bbox 927 3321 1058 3356; x_wconf 68' lang='lat' dir='ltr'>clevato</span> <span class='ocrx_word' id='word_1_612' title='bbox 1242 3328 1316 3350; x_wconf 77' lang='lat' dir='ltr'>xxix</span> <span class='ocrx_word' id='word_1_613' title='bbox 1360 3317 1465 3357; x_wconf 79' lang='lat' dir='ltr'>Quod</span> <span class='ocrx_word' id='word_1_614' title='bbox 1503 3317 1564 3349; x_wconf 82' lang='lat' dir='ltr'>llos</span> <span class='ocrx_word' id='word_1_615' title='bbox 1606 3316 1666 3348; x_wconf 91' lang='lat' dir='ltr'>lilii</span> <span class='ocrx_word' id='word_1_616' title='bbox 1702 3316 1885 3350; x_wconf 83' lang='lat' dir='ltr'>inclinatus</span> <span class='ocrx_word' id='word_1_617' title='bbox 1923 3316 1964 3350; x_wconf 83' lang='lat' dir='ltr'>ad</span> <span class='ocrx_word' id='word_1_618' title='bbox 1997 3322 2120 3350; x_wconf 80' lang='lat' dir='ltr'>terram</span> 
     </span>
     <span class='ocr_line' id='line_1_58' title="bbox 348 3370 2238 3418; baseline -0.002 -12"><span class='ocrx_word' id='word_1_619' title='bbox 348 3373 499 3418; x_wconf 86' lang='lat' dir='ltr'>prolatis.</span> <span class='ocrx_word' id='word_1_620' title='bbox 1107 3381 1171 3411; x_wconf 81' lang='lat'>888</span> <span class='ocrx_word' id='word_1_621' title='bbox 1410 3371 1529 3405; x_wconf 74' lang='lat' dir='ltr'>doceat</span> <span class='ocrx_word' id='word_1_622' title='bbox 1549 3370 1792 3406; x_wconf 79' lang='lat' dir='ltr'>humilitatem.</span> <span class='ocrx_word' id='word_1_623' title='bbox 2171 3376 2238 3406; x_wconf 76' lang='lat'>938</span> 
     </span>
    </p>
   </div>
  </div>
 </body>
</html>
