2418 3949
204 199 276 234 785

848 197 1131 234 TRACTATUS
1158 199 1223 233 DE
1252 198 1437 233 ORDINE
1467 198 1605 232 vlTAE.

203 274 362 310 virtutes
389 282 477 311 sunt
503 287 607 325 spes,
638 274 747 320 fides,
773 274 944 311 charitas.
971 277 1063 311 Nam
1080 272 1234 322 aqui-⁵⁸

2178 195 2251 231 786

1239 271 1442 308 “mortium
1476 273 1714 309 interierunt.
1750 276 1821 309 Per
1853 275 2059 321 AEgyptum
2091 271 2257 320 intellige

202 332 273 370 bus
298 333 507 379 habentur,
539 334 667 383 utique
693 334 877 370 veraciter
893 333 1092 370 habentur.
1119 335 1196 369 Do-
1212 333 1243 366 A
1261 330 1444 367 mundum
1474 346 1481 367 :
1503 344 1572 380 per
1597 332 1849 377 Pharaonem,
1871 331 2088 376 diabolum,
2110 331 2176 379 qui
2201 339 2258 366 est

203 393 344 439 ctrina,
371 392 583 442 jejunium,
605 393 770 438 castitas,
798 393 970 439 scientia,
997 401 1034 429 et
1060 400 1194 429 caetera

202 450 260 487 his
288 452 441 498 similia,
474 452 605 489 mediae
637 453 795 488 virtutes
823 460 932 497 sunt3
963 452 1052 501 quia
1078 459 1116 488 et
1146 450 1193 487 ad

203 511 400 548 utilitatem
412 540 421 556 ,
437 520 474 548 et
489 511 536 548 ad
553 512 755 562 perniciem
773 519 931 561 possunt
946 510 1091 547 haberi.
1109 513 1192 547 Non

202 577 327 619 potest
353 583 433 606 esse
453 570 591 606 veritas
615 582 700 605 cum
725 568 940 614 mendacio,
963 568 1089 618 pudor
1107 580 1193 604 curn

203 630 431 679 petulantia,
469 629 561 666 fides
595 642 681 666 cum
709 628 888 679 perfidia,
927 628 1075 665 castitas
1107 640 1194 663 cum

203 689 364 726 luxuria.
392 688 584 726 Adversus
610 687 773 737 impetus
797 688 974 724 vitiorum
1001 686 1197 724 contrariis

205 747 406 785 virtutibus
422 757 477 784 est
492 747 751 796 pugnandum.
768 749 906 785 Contra
930 747 1117 784 luxuriam
1131 745 1198 782 ad-

203 807 377 844 hibeatur
391 806 516 843 cordis
540 806 724 842 munditia
743 822 752 843 ε
780 815 911 843 contra
931 807 1057 843 odium
1071 835 1081 852 ,
1104 805 1199 842 dile-

203 867 277 903 ctio
296 881 305 903 ι
325 873 458 902 contra
470 865 715 910 iracundiam,
732 866 931 915 patientia:
947 874 1078 903 contra
1092 866 1199 901 timo-

202 937 304 971 rem,
331 925 477 961 fiduciae
504 925 623 960 virtus
642 939 652 961 :
670 933 802 960 contra
828 932 1018 975 torporem
1034 953 1044 971 ‚
1074 925 1200 962 fervor

202 982 295 1020 boni
322 983 446 1020 studii.
469 984 698 1034 Opponatur
715 984 872 1020 tristitiae
889 984 1088 1034 gaudium;
1115 996 1202 1020 ace-

1260 403 1326 426 rex
1358 403 1472 439 super
1495 403 1627 426 omnes
1650 391 1745 427 filios
1765 390 1951 440 superbiae
1981 396 1989 411 ¹
2020 403 2030 426 t
2055 402 2124 439 per
2154 402 2257 425 mare

1257 448 1444 494 Rubrum,
1461 448 1693 485 ablutionem
1711 458 1951 499 peccatorum
1968 449 2137 486 omnium
2158 463 2167 484 τ
2190 461 2258 497 per

1257 509 1456 558 AEgyptios
1487 508 1525 544 in
1554 521 1599 544 co
1629 517 1821 552 mortuos,
1852 508 1932 558 ipsa
1964 516 2140 557 peccata,
2172 519 2256 556 quae

1259 575 1347 602 sunt
1367 567 1553 602 exercitus
1569 567 1789 604 Pharaonis.
1807 571 1862 603 Tu
1881 567 2032 616 quidem
2050 566 2127 615 jam
2140 569 2258 615 [Egy—

1262 634 1370 676 ptum
1406 625 1628 672 deseruisti,
1662 626 1897 663 Pharaonem
1934 627 2080 676 fugisti,
2121 634 2159 662 et
2198 626 2260 662 lo-

1263 693 1323 721 tus
1347 699 1368 721 a
1393 685 1504 721 sorde
1532 693 1615 731 tua,
1643 684 1846 722 submersis
1873 685 2047 722 curribus
2069 685 2256 722 canticum

1263 744 1401 781 laetitiae
1421 745 1588 781 Domino
1606 745 1783 781 cecinisti.
1804 745 1970 781 Tandem
1988 745 2176 794 ingressus
2194 757 2258 781 so-

1264 802 1463 839 litudinem
1497 802 1544 838 ad
1578 811 1746 839 montem
1781 804 1882 840 Sinai
1918 804 2148 852 pervenisti,
2193 802 2261 839 uhi

1264 861 1350 898 data
1380 870 1468 898 sunt
1493 861 1560 897 tibi
1588 870 1776 911 praecepta
1801 863 1912 907 vitae,
1934 870 1971 897 et
1990 862 2161 897 instituta
2187 875 2264 897 coe-

1264 921 1367 957 lestis
1393 920 1600 970 disciplinae
1633 935 1642 957 =
1674 934 1758 970 quae
1789 934 1916 958 coram
1947 923 2028 957 Deo
2060 928 2097 956 et
2126 920 2262 956 sanctis

1266 981 1347 1030 ejus
1371 989 1406 1016 te
1426 981 1617 1030 pollicitus
1639 994 1678 1017 es
1699 980 1913 1017 observare.
1935 980 2114 1028 Quamvis
2135 979 2263 1015 omnia

203 1041 296 1089 diae,
330 1042 534 1088 fortitudo;
571 1042 760 1090 avaritiae,
791 1042 964 1092 largitas;
999 1042 1199 1093 superbiae,
1220 1043 1248 1077 B
1269 1040 1418 1086 feceris,
1445 1040 1522 1076 noli
1545 1048 1668 1076 tamen
1686 1053 1765 1076 esse
1786 1053 1952 1076 securus.
1975 1039 2094 1076 Multa
2114 1038 2262 1075 haben-

203 1102 405 1140 humilitas.

555 1220 733 1259 CAPL'T
762 1221 835 1259 IX.

250 1334 403 1378 Superbia
418 1340 449 1366 et
467 1335 596 1366 avaritia
617 1334 810 1366 detestabilia
831 1334 920 1374 vitia,
940 1335 1014 1378 ipsis
1032 1346 1155 1378 quoque

558 1389 708 1430 religiosis
729 1388 852 1420 infesta.

258 1515 321 1553 27.
345 1515 615 1565 Principalium
642 1523 786 1565 septem
808 1515 986 1552 vitiorum
1014 1515 1142 1564 regina
1162 1523 1199 1552 et

206 1583 327 1612 mater
358 1582 415 1612 est
446 1575 623 1626 superbia
655 1591 662 1612 :
698 1589 783 1625 quae
823 1575 994 1611 omnium
1032 1574 1199 1620 deterior

208 1643 313 1672 tanto
338 1635 377 1672 in
398 1634 474 1672 imo
498 1634 617 1683 jacet,
650 1644 792 1684 quanto
814 1635 850 1671 in
879 1635 994 1671 altum
1021 1648 1059 1671 se
1079 1635 1198 1684 erigit.

210 1696 361 1744 Septem
382 1694 606 1744 principalia
634 1694 787 1743 pariunt
809 1693 854 1729 de
886 1707 924 1730 se
953 1694 1068 1730 multa
1093 1694 1199 1739 vitia,

206 1765 292 1802 quae
309 1753 359 1789 ita
376 1752 525 1789 sibimet
544 1753 704 1802 quadam
725 1753 950 1801 cognatione
966 1752 1202 1801 junguntur,

1267 1108 1329 1136 tur
1350 1099 1518 1149 pericula
1547 1099 1585 1135 in
1612 1100 1718 1148 ipsa,
1748 1112 1823 1148 qua
1845 1099 2006 1144 incedis,
2035 1111 2175 1135 eremo.
2205 1097 2264 1134 Ibi

1267 1167 1368 1196 certe
1397 1159 1503 1209 igniti
1531 1167 1620 1195 sunt
1648 1167 1867 1207 serpentes,
1896 1158 1961 1207 qui
1988 1157 2207 1206 percutiunt
2229 1164 2267 1192 et

1264 1218 1489 1256 interimunt
1517 1226 1827 1254 murmuratores.
1856 1216 1914 1254 Ibi
1936 1217 2064 1266 lepra,
2093 1228 2176 1265 quae
2202 1216 2266 1251 in-

1266 1278 1344 1315 ficit
1364 1287 1401 1314 et
1427 1278 1604 1328 deturpat
1632 1277 1864 1314 detractores
1883 1285 1920 1313 et
1942 1287 2178 1312 susurrones.
2207 1274 2266 1312 Ibi

1267 1351 1387 1374 saevus
1417 1337 1583 1388 gladius,
1615 1337 1681 1386 qui
1713 1336 1872 1373 devorat
1902 1335 2147 1372 fabricatores
2174 1334 2266 1371 idoli

1268 1405 1305 1433 et
1325 1398 1510 1443 cultores;
1540 1397 1625 1433 illos
1651 1396 1827 1433 videlicet
1854 1395 2085 1441 monachos,
2115 1394 2179 1443 qui
2208 1407 2269 1431 se-

1267 1465 1417 1493 ctantur
1436 1457 1651 1502 avaritiam,
1675 1470 1758 1506 quae
1774 1457 1963 1493 idolorum
1985 1464 2041 1492 est
2058 1455 2219 1492 servitus
2240 1460 2266 1490 ².

1267 1520 1375 1554 Hanc
1405 1516 1495 1553 dicit
1521 1517 1726 1566 Apostolus
1751 1517 1914 1553 radicem
1944 1516 2113 1552 omnium
2146 1514 2268 1551 malo-

1266 1589 1348 1613 rum
1373 1574 1398 1612 ³.
1422 1576 1522 1613 Scito
1557 1583 1683 1611 tamen
1714 1576 1802 1625 quia
1824 1588 1901 1611 non
1923 1575 1995 1611 nisi
2018 1573 2269 1624 tepidissimos

1266 1635 1473 1672 monachos
1504 1635 1583 1671 hoe
1605 1635 1804 1684 impugnat
1830 1635 1978 1670 vitium.
2012 1637 2067 1671 Tu
2098 1646 2188 1670 cave
2221 1645 2268 1668 ne

1267 1704 1405 1744 praeter
1424 1695 1563 1731 victum
1583 1703 1619 1731 et
1635 1695 1809 1731 vestitum
1823 1694 1924 1730 aliud
1941 1693 2085 1742 aliquid
2105 1692 2265 1738 habeas,

1269 1763 1333 1791 aut
1361 1754 1453 1790 velis
1483 1753 1634 1790 habere.
1665 1757 1860 1790 Detestare
1890 1753 2105 1803 superbiam
2138 1768 2148 1789 ι
2181 1753 2266 1802 fuge

206 1821 250 1849 ut
268 1825 315 1849 ex
331 1812 450 1848 altero
466 1813 625 1848 alterum
645 1813 801 1849 oriatur.
825 1814 1007 1862 Superbia
1029 1814 1125 1849 sicut
1147 1821 1202 1850 est
1222 1812 1248 1848 C
1269 1815 1568 1852 contentionem.
1587 1817 1766 1851 Rectorcs
1782 1814 1999 1850 monasterii
2017 1813 2128 1862 dilige
2148 1820 2188 1848 ut
2204 1824 2269 1861 pa-

206 1871 312 1921 origo
333 1872 502 1908 omnium
529 1872 751 1918 criminum3
773 1873 824 1908 ita
849 1873 957 1909 ruina
980 1881 1201 1909 cunctarum

206 1932 403 1968 virtutum.
427 1934 512 1981 Ipsa
538 1940 593 1968 est
616 1932 654 1968 in
679 1940 834 1981 peccato
861 1933 983 1982 prima
1006 1947 1013 1969 :
1037 1933 1075 1968 in
1105 1946 1200 1969 con-

208 1991 313 2028 flictu
332 1999 533 2041 postrema.
556 1995 611 2028 De
632 1991 810 2041 superbia
834 1993 998 2029 nascitur
1018 2006 1201 2041 arrogan-

210 2051 282 2097 tia,
302 2064 386 2100 quae
407 2059 480 2087 tam
503 2052 540 2087 in
562 2051 688 2098 factis,
709 2065 820 2100 quam
846 2052 882 2088 in
908 2052 1015 2088 dictis
1034 2052 1202 2088 cavenda

209 2120 278 2149 est.
308 2115 371 2150 Vae
395 2112 428 2149 ei
449 2113 513 2162 qui
544 2111 613 2149 sibi
644 2113 780 2162 magis,
811 2127 924 2162 quam
948 2117 1028 2151 Deo
1054 2114 1202 2163 placere

210 2170 346 2208 studet.
376 2174 448 2208 Per
477 2171 725 2208 cenodoxiam
756 2172 917 2208 maxime
946 2171 1098 2220 subjicit
1131 2172 1201 2209 sibi

209 2230 382 2268 diabolus
405 2231 631 2268 monachum
645 2261 653 2277 ‚
674 2233 761 2281 quia
782 2245 849 2282 per
872 2245 954 2269 eam
981 2231 1027 2267 ab
1049 2232 1203 2268 humili-

210 2290 295 2328 tatis
323 2291 486 2328 culmine
523 2290 710 2340 dejicitur.
745 2295 899 2330 Somnia
927 2292 1053 2340 itaque
1085 2292 1206 2329 virtus

209 2351 384 2388 monachi
408 2351 598 2387 humilitas
628 2365 636 2386 ε
665 2364 853 2387 summum
874 2351 1006 2387 vitium
1032 2350 1113 2399 ejus
1139 2365 1205 2388 su-

210 2410 340 2462 perbia
367 2418 434 2447 est.
460 2409 744 2459 Superbiendo‚
768 2409 1060 2457 contendendo,
1092 2410 1205 2447 dimi-

210 2470 331 2508 cando
346 2499 355 2517 ‚
371 2469 646 2507 murmurando
659 2499 669 2516 ,
691 2469 940 2516 detrahendo,
958 2470 1205 2516 susurrando,

210 2529 456 2580 negligendo,
481 2529 762 2566 contemnendo
776 2558 785 2575 ,
806 2538 843 2566 et
863 2530 1038 2579 proprias
1063 2530 1207 2566 volun-

1268 1883 1414 1922 rentes;
1452 1874 1539 1910 time
1561 1882 1602 1910 ut
1624 1874 1799 1910 dominos
1823 1889 1831 1911 :
1855 1872 1967 1910 crede
1997 1885 2076 1909 esse
2106 1872 2268 1909 salutare

1268 1933 1372 1984 quod
1397 1932 1613 1982 injungunt.

1321 1993 1384 2030 28.
1423 1993 1495 2030 Sed
1536 1992 1615 2029 liaec
1653 1992 1845 2029 custodire
1883 2005 1961 2028 non
1997 1991 2162 2041 poteris,
2198 1990 2270 2026 nisi

1268 2053 1374 2103 prius
1394 2060 1428 2088 te
1449 2052 1604 2088 stultum
1628 2052 1739 2088 facias
1757 2061 1798 2088 ut
1818 2052 1865 2088 sis
1886 2052 2034 2100 sapiens
2055 2066 2064 2087 ι
2085 2050 2177 2086 nihil
2194 2050 2267 2086 sci-

1268 2115 1356 2151 licet
1389 2114 1629 2160 discernens,
1658 2113 1750 2149 nihil
1783 2113 1995 2161 dijudicans
2024 2126 2070 2148 ex
2097 2112 2154 2148 his
2185 2123 2268 2160 quae

1270 2172 1336 2209 tibi
1364 2173 1504 2209 fuerint
1530 2174 1714 2222 imperata
1744 2186 1752 2208 ε
1783 2172 1846 2209 sed
1876 2185 1960 2208 cum
1991 2171 2095 2208 omni
2123 2171 2269 2219 simpli-

1271 2233 1381 2269 citate
1416 2246 1458 2269 ac
1487 2232 1559 2268 fide
1591 2245 1740 2282 semper
1777 2231 2030 2268 obedientiam
2061 2229 2267 2272 exliibens;

1273 2291 1366 2327 illud
1393 2291 1658 2327 tantummodo
1685 2299 1856 2327 sanctum
1873 2319 1882 2335 ,
1914 2290 2006 2326 iilud
2035 2289 2149 2333 utile,
2176 2288 2270 2324 illud

1271 2352 1421 2401 sapiens
1446 2350 1639 2400 judicans,
1669 2351 1771 2400 quod
1803 2351 1869 2387 tibi
1901 2351 1958 2386 vel
1991 2351 2049 2387 lex
2078 2350 2171 2393 Dei,
2208 2349 2268 2384 vel

1271 2412 1430 2449 senioris
1457 2424 1615 2448 examen
1644 2411 1837 2447 indixerit.
1867 2414 2021 2447 Terreat
2052 2419 2086 2446 te
2119 2410 2271 2445 illorum

1272 2472 1514 2521 exemplum,
1550 2471 1615 2520 (lui
1653 2470 1833 2507 adversus
1870 2474 2029 2518 Moysen
2063 2469 2272 2506 rebellave-

1273 2540 1363 2568 runt
1390 2547 1399 2568 :
1427 2544 1591 2580 quorum
1622 2530 1716 2567 alios
1743 2531 1902 2566 coelestis
1929 2530 2078 2566 flamma
2103 2529 2276 2566 combus-

212 2597 305 2626 tates
321 2588 491 2626 faciendo
506 2618 516 2634 ,
535 2589 699 2625 infinitas
717 2589 889 2625 monachi
906 2589 970 2638 qui
987 2602 1087 2625 nunc
1105 2597 1205 2636 sunt,
1225 2595 1258 2629 D
1277 2591 1343 2635 sit,
1386 2590 1478 2626 alios
1505 2599 1629 2626 autem
1660 2590 1830 2626 infernus
1865 2590 2035 2624 viventes
2065 2588 2227 2637 suscepit
2244 2588 2270 2623 ³.

213 2648 344 2697 culpas
375 2647 588 2684 incurrunt.
624 2648 721 2684 Hinc
758 2656 813 2684 est
846 2648 949 2697 quod
985 2662 1031 2685 ex
1069 2649 1206 2685 horum

216 2721 349 2757 magna
363 2707 618 2753 multitudine,
636 2708 701 2756 qui
720 2708 897 2743 saeculum
916 2707 1114 2753 deserunt,
1133 2708 1208 2745 rari

213 2767 322 2804 valde
343 2767 601 2812 inveniuntur,
622 2767 686 2815 qui
705 2766 938 2802 mortificatis
958 2767 1058 2803 vitiis
1077 2780 1208 2803 ascen·

214 2828 304 2865 dere
349 2826 581 2863 contendant
622 2826 667 2861 ad
709 2826 980 2875 perfectionem
1013 2827 1207 2864 virtutum.

214 2890 302 2924 Haec
317 2895 440 2923 autem
459 2885 670 2934 significant
687 2885 748 2921 illa
768 2894 940 2921 sexcenta
957 2887 1070 2922 millia
1088 2900 1211 2923 arma-

216 2955 365 2990 torum,
388 2945 451 2994 qui
476 2944 521 2980 de
543 2953 640 2980 terra
666 2945 814 2994 ,Egypti
841 2944 965 2981 educti
993 2954 1079 2981 sunt
1101 2960 1109 2980 :
1134 2945 1210 2981 dno

215 3014 340 3042 autem
369 3002 608 3041 solummodo
638 3003 832 3048 homines,
866 3003 903 3039 id
933 3013 1009 3049 est,
1040 3008 1153 3040 Josuc
1174 3013 1211 3040 et

217 3063 352 3109 Caleb,
388 3077 434 3100 ex
466 3063 536 3100 illis
571 3062 748 3099 omnibus
780 3072 916 3099 terram
951 3064 1210 3112 promissionis

216 3123 373 3174 ingressi
397 3131 484 3159 sunt
503 3138 510 3159 :
532 3122 678 3171 regredi
702 3131 826 3158 autem
849 3123 1019 3158 volentes
1038 3123 1073 3158 in
1099 3126 1210 3171 :Egy-

216 3193 349 3235 ptum,
382 3183 559 3233 prostrati
586 3182 623 3218 in
649 3182 798 3218 deserto
831 3182 987 3217 diversis
1008 3182 1209 3231 gonoribus

269 3317 274 3331 ¹
297 3309 358 3340 Jol)
373 3319 445 3344 xm,
466 3312 518 3340 21».
539 3326 569 3330 —
594 3314 604 3329 ³
620 3308 736 3338 (juloss.
760 3320 815 3339 ιιι.
843 3313 872 3338 ξι.

1275 2650 1430 2688 Deficiet
1458 2650 1548 2685 mihi
1576 2658 1742 2698 tempus,
1771 2650 1800 2685 si
1825 2649 1935 2684 velim
1964 2648 2091 2683 onmia
2115 2660 2182 2696 per
2207 2659 2272 2683 or·-

1277 2708 1402 2744 dincm
1433 2708 1610 2756 pandere.

1330 2768 1392 2804 29.
1419 2766 1516 2803 lllud
1541 2766 1606 2802 tibi
1630 2765 1894 2801 inculcandum
1918 2765 2046 2809 xidm,
2071 2766 2157 2813 quia
2179 2765 2269 2801 dum

1276 2827 1459 2870 vivimus,
1481 2826 1578 2861 intcr
1596 2826 1749 2874 laqueos
1765 2825 1959 2860 currimus.
1982 2828 2171 2873 Nusquam
2193 2832 2271 2860 tut-1

1277 2899 1372 2935 pax,
1395 2885 1489 2935 proli
1514 2884 1646 2920 dolor!
1673 2897 1856 2932 nusquam
1885 2892 1961 2919 tuta
1985 2884 2112 2932 quics;
2132 2883 2272 2931 ubique

1277 2945 1395 2989 bella,
1426 2944 1591 2992 undiquc
1617 2943 1754 2979 liostrs.
1784 2943 1928 2980 Pharao
1955 2944 2054 2979 enim
2083 2957 2167 2979 cum
2196 2943 2272 2978 suis

1277 3004 1462 3054 sligyptiis
1487 3004 1620 3039 retinet
1638 3011 1838 3039 exeuntem
1861 3017 1868 3037 :
1888 3002 2010 3038 clades
2033 3010 2157 3038 autem
2184 3002 2272 3051 plu-

1278 3065 1379 3100 rimae
1408 3064 1443 3099 in
1471 3063 1597 3098 mcdio
1629 3063 1783 3107 itincre,
1809 3075 1893 3111 ‹111ae
1923 3062 2133 3112 impediunt
2163 3061 2273 3097 nimis

1275 3131 1426 3159 euntem
1459 3137 1467 3157 ι
1492 3123 1527 3157 in
1555 3131 1723 3158 extrema
1747 3135 1838 3159 vcro
1859 3131 1966 3171 parte
1984 3131 2070 3158 ante
2091 3131 2125 3158 tc
2148 3121 2273 3157 hostes

1276 3183 1346 3219 diri
1377 3191 1413 3218 ct
1435 3183 1550 3219 fortes
1565 3211 1573 3227 ,
1597 3183 1662 3231 qui
1682 3182 1853 3220 resistere
1870 3183 2026 3232 cupiunt
2042 3212 2050 3228 ‚
2074 3196 2119 3219 ne
2139 3192 2274 3219 terram

955 3306 966 3327 3
990 3309 1102 3339 1'1‘3111.
1121 3319 1167 3342 w.
1198 3313 1248 3339 10.
1265 3327 1300 3332 ——
1329 3314 1340 3333 θ
1361 3312 1452 3338 Nom.
1474 3319 1526 3337 xxi
1544 3332 1550 3342 ,
1572 3311 1689 3339 :it-35.
