2504 3928
301 181 375 213 {5515

916 187 1038 222 vl‘t'ls
1068 189 1298 232 MYS'l‘lCA,
1329 191 1414 224 stit?
1450 190 1690 223 'rRAC'rA't't
1709 188 1731 221 S

304 257 400 292 'faiis
423 271 510 306 ergo
531 259 673 301 anima,
700 273 782 308 qua·
804 273 902 297 nime
925 261 1078 300 floribus
1103 273 1139 300 et
1161 265 1283 302 fructu
1297 265 1341 284 ⁴⁰⁷
1356 267 1399 301 ad
1422 265 1597 314 gaudium
1619 265 1705 300 solis
1723 263 1915 312 discipulis
1939 277 1945 296 :

2261 190 2336 224 996

1979 263 2053 298 imo
2077 272 2113 300 et
2136 267 2334 302 resurrexit

307 316 398 351 Vitis
421 330 515 353 rera-
540 319 666 366 sponsi
694 319 749 354 sui
776 319 946 366 fulcitur,
973 334 1056 370 quae
1076 324 1190 360 modo
1215 339 1290 375 pra=
1310 328 1336 359 Α
1359 325 1467 361 nobis
1495 333 1531 360 et
1562 325 1627 360 toti
1661 323 1821 367 mundo,
1851 322 2066 358 beatificans
2094 337 2244 370 omnes,
2274 327 2338 374 qui

307 388 432 410 amore
455 376 551 411 illins
573 377 721 424 languet
743 390 860 426 usque
881 378 926 414 ad
951 389 1134 428 mortem,
1165 384 1291 420 dicens

307 448 389 470 cuni
411 435 503 475 an,
528 440 747 484 lhwlwraei,
769 446 1100 486 nequaquamjam
1121 446 1218 479 ultra
1242 447 1293 480 vi-

309 507 386 527 vam
411 501 439 535 ¹;
464 495 565 539 talis,
587 496 760 543 inquam,
791 505 874 546 post
899 497 977 535 hsce
996 501 1123 549 spousi
1154 501 1291 538 dulcis-

308 552 398 588 sima
425 553 575 590 dextera
603 555 843 592 ineffabiliter
865 558 1089 607 amplexari,
1112 569 1148 596 et
1169 561 1289 597 fructu

312 621 459 648 mterna‘
471 612 718 661 jucunditatis
735 616 859 652 satiari
875 617 1098 663 merebitur,
1113 620 1292 668 languore

307 684 380 707 nou
405 673 523 708 solum
542 683 684 715 sanato,
703 675 815 711 sedet
836 685 959 714 aucto.
977 678 1178 715 Sanabitur
1192 680 1290 716 enim

309 730 466 778 languor
496 733 741 770 intolerabilis
772 734 943 772 desiderii
977 737 1012 773 in
1049 739 1292 787 perfruitione

301 789 571 837 jueumlissima
596 792 720 829 dilecti
740 793 961 840 desiderati3
985 810 1058 832 non
1083 806 1204 834 tamen
1227 813 1292 835 au-

312 849 470 892 feretur,
503 850 579 886 imo
605 851 803 900 augebitur
823 852 919 890 idem
949 854 1174 892 desiderium
1197 872 1204 893 :
1229 857 1291 893 scd

308 916 395 942 tunc
428 922 500 944 non
536 910 605 945 erit
634 911 810 959 languor,
843 913 906 948 sed
935 913 1106 963 depulsio
1136 916 1290 961 fastidii,

304 979 387 1001 cum
404 966 620 1004 desiderans
635 969 848 1018 plenissime
862 972 1058 1009 satiabitur
1071 974 1292 1020 desiderato,

302 1033 337 1060 et
356 1026 507 1063 satiatus
524 1027 639 1064 discet
655 1029 692 1065 in
707 1031 876 1068 satietate
889 1031 1098 1069 desiderare
1115 1043 1241 1071 mutua
1258 1044 1294 1071 et
1314 1036 1340 1068 B

303 1085 572 1123 interminabili
594 1097 629 1124 et
647 1089 899 1139 inexplicabili
915 1094 1176 1140 generatione,
1199 1094 1293 1130 desi-

304 1144 408 1180 ‹lerio
428 1156 628 1194 generante
648 1149 853 1186 satietatem
870 1179 879 1196 ,
904 1160 940 1187 et
957 1152 1123 1188 satietate
1145 1153 1290 1190 deside-

305 1204 399 1240 rium
423 1206 602 1253 pariente.
625 1208 694 1243 Sed
712 1208 789 1257 jaim
814 1219 1046 1247 revertamur
1065 1211 1111 1247 ad
1133 1226 1254 1248 iwani.

363 1265 446 1300 170.
484 1268 545 1301 Est
574 1268 723 1303 tertium
751 1282 907 1317 granum
937 1270 973 1305 in
1002 1269 1114 1306 botro
1146 1272 1291 1308 redem-

305 1323 442 1370 ptionis
459 1334 597 1361 uostrae
612 1325 803 1362 (lominica
819 1329 1057 1373 resurrectiO,
1075 1342 1157 1377 quae
1173 1344 1292 1378 quan-

304 1389 380 1416 tum
399 1381 527 1418 habuit
543 1383 750 1433 habeatque
764 1386 990 1433 dulcedinis,
1011 1388 1094 1436 quis
1111 1390 1292 1437 explicet?

308 1442 424 1474 Ponat
448 1441 580 1489 aliquis
612 1451 755 1489 tamen,
781 1446 809 1480 si
838 1446 920 1493 quis
946 1455 1089 1495 potest,
1115 1448 1151 1483 in
1180 1449 1292 1485 corde

303 1511 371 1532 suo
395 1500 687 1547 magnitudinem
707 1503 932 1540 ineffabilem
955 1504 1054 1540 illius
1071 1504 1292 1543 beatissimae

303 1565 338 1592 et
361 1558 578 1595 tristissimae
603 1561 784 1609 passionis
808 1577 813 1597 z
839 1562 963 1599 videat
988 1573 1130 1612 quanto
1154 1565 1290 1615 despe—

303 1618 457 1653 rationis
473 1631 634 1655 moerore
649 1620 710 1656 illa
724 1621 945 1658 dilectorum
963 1623 1058 1671 passi
1072 1628 1159 1660 Jesu
1179 1625 1292 1662 corda

303 1689 479 1724 percussa
501 1679 653 1715 fuerunt
676 1695 681 1715 :
714 1680 835 1717 videat
855 1682 1000 1718 illarum
1022 1682 1187 1719 fidelium
1206 1698 1290 1720 mu—

303 1736 435 1772 lierum
456 1737 742 1776 lamentationes
757 1768 766 1784 ‚
788 1754 870 1789 quae
887 1741 1142 1778 dulcissimum
1163 1747 1289 1780 Jesum

1356 385 1526 433 quamvis
1542 397 1615 419 non
1632 383 1799 426 videant,
1816 381 1972 417 eredunt
1987 390 2108 418 tamen
2124 383 2243 432 ipsum
2261 398 2341 434 pas-

1358 458 1438 480 sum
1467 444 1576 479 fuisse
1608 449 1763 491 propter
1788 440 1922 476 delicta
1948 449 2092 487 nostra,
2113 451 2150 478 et
2171 456 2339 479 resurre-

1358 504 1452 539 xisse
1469 511 1626 552 propter
1642 500 1946 550 justificationem
1967 509 2128 537 nostram
2152 502 2185 548 33
2203 502 2340 551 quibus

1357 562 1558 607 docemur,
1577 561 1754 609 quoniam
1778 560 1806 596 si
1828 560 1916 596 socii
1937 560 2115 597 fuerimus
2136 562 2339 610 passionis,

1357 621 1494 656 erimus
1522 630 1557 656 et
1585 620 1887 664 resurrectionis;
1906 627 1943 655 et
1968 628 2008 655 nt
2030 633 2104 656 non
2125 620 2340 657 dubitemus

1359 682 1528 717 mortalia
1558 694 1717 730 corpora
1756 688 1882 715 nostra
1913 680 2198 716 resurrectionis
2223 681 2339 729 gloria

1358 740 1605 785 sublimanda,
1626 753 1710 775 eum
1727 747 1839 788 caput
1855 747 2022 775 nostrum
2040 749 2159 775 morte
2177 740 2343 790 turpissi-

1360 812 1417 834 ma
1438 798 1726 834 condemnatum
1753 796 1998 833 resurrexisse
2020 796 2229 833 credamus.
2250 801 2340 834 Nam

1360 859 1451 894 sicut
1474 859 1509 893 in
1534 857 1648 893 Adam
1666 869 1796 892 omnes
1812 856 2038 900 moriuntur,
2058 856 2106 892 ita
2124 857 2209 892 etin
2237 856 2343 893 Chri-

1360 926 1416 953 sto
1438 930 1567 952 omnes
1590 914 1889 951 vivificabuntur.
1922 915 2097 951 Primitiae
2118 917 2217 951 enim
2246 915 2337 951 dor-

1806 974 1942 1010 ‹leinde
1967 974 2003 1009 hi
2030 974 2094 1022 qui
2121 984 2209 1011 sunt
2237 975 2342 1012 Chri-

1358 1037 1424 1079 sti,
1448 1036 1484 1071 in
1509 1036 1670 1071 adventu
1689 1034 1769 1082 ejus
1784 1035 1811 1079 ⁴,
1830 1033 1891 1082 qui
1912 1033 1956 1069 ad
1973 1034 2188 1083 exemplum
2209 1033 2342 1070 Christi

1360 1095 1605 1146 resurgentis,
1649 1094 1692 1129 ad
1726 1094 1881 1142 gloriam
1924 1093 2020 1129 ultra
2057 1106 2132 1129 non
2169 1093 2342 1129 morituri

1361 978 1554 1012 mieutium
1577 975 1744 1013 Christus
1767 989 1773 1010 :

1359 1165 1565 1205 resurgent.

1416 1215 1499 1251 172.
1523 1218 1583 1250 list
1600 1222 1635 1248 et
1656 1213 1823 1249 ascensio
1839 1225 1995 1260 granum
2016 1213 2050 1247 in
2069 1211 2179 1248 botro
2199 1211 2344 1248 redem-

1359 1272 1498 1321 ptionis
1515 1286 1582 1321 per
1600 1272 1808 1320 passionem
1830 1271 1932 1306 faetae
1946 1286 1954 1315 ;
1970 1270 2078 1306 dulce
2097 1270 2246 1319 quidem
2262 1284 2346 1318 gra-

1360 1345 1447 1367 num
1465 1360 1473 1376 ‚
1508 1332 1711 1379 plurimum
1744 1331 1779 1365 in
1810 1343 1848 1365 se
1877 1330 2076 1365 continens
2110 1329 2318 1365 dulcedinis
2334 1357 2343 1372 ,

1360 1390 1496 1425 faciens
1522 1389 1697 1437 gaudium
1717 1389 1820 1424 coelis
1839 1397 1875 1423 et
1897 1389 2014 1424 terris.
2038 1388 2129 1435 Quis
2149 1389 2246 1424 enim
2273 1388 2344 1423 du—

1359 1448 1450 1484 bitet
1471 1449 1646 1496 gaudium
1673 1461 1847 1495 magnum
1875 1448 2008 1483 factum
2027 1447 2216 1496 discipulis
2231 1476 2239 1492 ,
2261 1461 2343 1483 cum

1359 1521 1442 1543 eum
1456 1516 1496 1543 ut
1510 1508 1697 1543 hominem
1713 1506 1885 1543 viderent
1895 1506 2057 1542 coelestia
2070 1509 2348 1555 penetrantem?

1358 1566 1512 1603 Stabant
1530 1566 1663 1602 animis
1683 1566 1791 1601 simul
1809 1574 1845 1601 et
1862 1564 2039 1601 cordibus
2056 1565 2092 1601 in
2114 1566 2247 1601 coelum
2266 1579 2348 1602 ere—

1357 1625 1443 1669 ctis,
1472 1624 1584 1660 animi
1608 1624 1663 1659 sui
1689 1623 1863 1672 gaudium
1892 1636 1967 1659 non
1988 1623 2176 1672 capientes
2197 1638 2204 1659 :
2222 1623 2285 1660 sed
2311 1624 2347 1660 in

1359 1683 1695 1732 vocejubilationis
1715 1683 1818 1718 eunti
1836 1682 1996 1719 Domino
2017 1683 2254 1731 gratulantes.
2270 1685 2347 1719 Ex-

1356 1743 1505 1778 §ultavit
1520 1743 1650 1791 procul
1669 1741 1784 1777 dubio
1801 1750 1837 1777 et
1854 1742 1986 1777 coelum
2007 1757 2014 1778 :
2031 1754 2162 1778 omnes
2175 1741 2349 1778 videlicet

302 1795 347 1830 ad
371 1797 555 1844 passionis
583 1799 706 1835 locum
729 1809 881 1837 euntem
897 1830 905 1844 ,
933 1815 1017 1837 cum
1043 1801 1114 1838 sibi
1140 1816 1287 1840 crucem
1311 1806 1337 1841 C
1358 1802 1584 1849 Angelorum
1604 1801 1706 1837 chori
1726 1809 1935 1850 purpurato
1948 1814 2015 1836 suo
2031 1801 2194 1837 Domino
2212 1810 2348 1837 nostr&-

302 1853 507 1901 bajularet,
538 1866 573 1892 et
598 1871 682 1894 cum
705 1859 956 1896 dulcissimam
979 1861 1140 1898 animam
1164 1863 1290 1911 exspi—

301 1923 398 1949 raret
412 1943 420 1959 ,
445 1929 518 1951 non
549 1916 808 1955 deseruerunt.
828 1920 962 1956 Videat
982 1921 1171 1970 praecipue
1191 1922 1290 1958 illam

303 1981 392 2008 tunc
407 1984 636 2023 spectantem
652 1978 926 2023 mulierculam,
945 1992 1044 2015 nune
1058 1992 1149 2015 vcro
1165 1980 1294 2016 mundi

301 2032 491 2069 dominam
510 2038 666 2072 Matrem
682 2038 857 2083 Domini,
874 2052 986 2087 quam
1004 2047 1135 2076 acutus
1153 2039 1295 2076 doloris

302 2092 446 2139 gladius
468 2095 627 2131 animam
643 2095 725 2145 ejus
743 2098 1011 2146 pertransierit.
1030 2098 1162 2134 Videat
1180 2099 1294 2136 totius

300 2152 428 2187 numdi
446 2154 653 2190 machinam
673 2154 886 2192 fabricatori
901 2170 969 2193 suo
983 2158 1289 2207 compatientem,

301 2219 393 2245 tetra
412 2212 568 2258 caligine
589 2213 810 2250 involutam.
830 2215 982 2262 Videat,
1005 2216 1176 2265 inquam,
1199 2218 1293 2264 haee,

302 2277 335 2303 et
363 2278 471 2304 tanne
503 2270 707 2308 turbationi
735 2274 972 2310 serenitatem
996 2276 1114 2311 tertiae
1142 2275 1235 2321 diei,
1256 2285 1293 2312 et

302 2328 526 2375 insperatam
571 2331 734 2366 laetitiam
774 2332 970 2369 laetissimae
1014 2335 1297 2371 resurrectionis

300 2395 492 2431 annectat,
517 2389 770 2438 recogitetque
789 2391 1033 2439 propensius,
1054 2406 1138 2428 cum
1157 2402 1296 2441 quanta

302 2446 546 2482 exsultatione
563 2449 793 2497 susceperint
809 2451 1011 2487 Dominum
1027 2465 1045 2487 a
1062 2453 1221 2488 mortuis
1237 2466 1294 2488 re-

305 2513 540 2552 surgentem,
564 2519 675 2554 quem
697 2520 781 2543 cum
799 2508 938 2556 ingenti
958 2510 1105 2546 tristitia
1123 2511 1296 2548 viderant

1359 1861 1480 1897 carnis
1507 1860 1632 1897 trabea
1657 1870 1916 1905 occurrentes,
1938 1868 1974 1896 et
1991 1873 2136 1896 summa
2156 1873 2239 1895 cum
2266 1860 2346 1896 lau-

1360 1919 1405 1955 de
1431 1933 1618 1955 summum
1649 1919 1895 1967 suscipientes
1920 1919 2114 1954 victorem.
2135 1919 2244 1966 Quod
2263 1920 2291 1955 si
2310 1921 2347 1955 in

1361 1979 1473 2015 unius
1489 1978 1581 2027 justi
1605 1979 1682 2015 sive
1704 1978 1879 2027 martyris
1899 1979 2032 2014 animae
2048 1978 2210 2014 adventu
2227 1979 2350 2014 omnis

1361 2038 1592 2087 Angelorum
1620 2038 1781 2073 exsultat
1800 2037 1960 2083 chorus;
1980 2045 2162 2086 quantum
2183 2045 2291 2087 putas
2311 2038 2348 2074 in

1360 2098 1558 2147 singularis
1574 2098 1629 2133 sui
1646 2098 1887 2146 Imperatoris
1909 2097 2073 2133 adventu
2100 2097 2268 2133 omnium
2285 2110 2348 2133 or—

1357 2157 1487 2194 dinum
1503 2158 1655 2207 spiritus
1675 2157 1896 2193 exsultasse?
1915 2160 2089 2193 Humano
2108 2157 2221 2205 igitur
2240 2155 2352 2192 intel-

1359 2218 1456 2253 lectu
1486 2217 1532 2253 ad
1556 2216 1666 2266 hujus
1692 2216 1811 2252 laudis
1837 2224 1872 2252 et
1902 2215 2026 2265 gaudii
2054 2215 2348 2264 magnitudinem

1359 2276 1647 2322 succumbente,
1678 2276 1906 2325 gaudeamus
1926 2284 1962 2312 et
1992 2288 2081 2320 nos,
2111 2274 2347 2310 dulcedinem

1363 2335 1474 2384 hujus
1501 2337 1606 2385 grani
1627 2335 1864 2371 recolendam
1887 2334 2131 2378 admirando,
2159 2333 2348 2381 diligendo

1362 2407 1560 2442 sugamus,
1587 2395 1812 2430 exsultantes
1836 2394 1871 2429 in
1898 2393 2037 2442 Spiritu
2063 2401 2190 2428 sancto
2216 2405 2284 2441 pro
2304 2405 2350 2428 eo

1360 2453 1461 2502 quod
1477 2454 1597 2489 carnis
1615 2462 1749 2489 nostrae
1767 2453 1889 2502 portio
1904 2453 1940 2488 in
1957 2452 2171 2488 dulcissimo
2185 2451 2349 2488 Domino

1360 2512 1396 2547 in
1424 2525 1572 2548 summo
1598 2512 1787 2549 Trinitatis
1817 2512 1952 2547 throno
1974 2510 2283 2547 excellentissime
2303 2511 2350 2547 sit

306 2564 541 2599 morientem.
566 2565 676 2609 tide,
706 2580 788 2602 cum
811 2576 950 2615 quanta
972 2567 1211 2617 jucunditate
1235 2585 1292 2607 re-
1314 2575 1345 2609 D
1362 2572 1562 2617 collocata;
1592 2571 1830 2607 intendentes
1856 2572 2002 2607 animos
2030 2578 2203 2615 nostros,
2229 2583 2351 2619 quan-

309 2624 611 2671 compcnsaverit
640 2625 675 2659 in
707 2627 981 2663 resurrectione
1010 2628 1202 2678 discipulis
1222 2631 1298 2666 suis

312 2681 496 2717 tristitiam
515 2682 636 2726 illam,
658 2691 694 2718 ct
714 2685 981 2722 sanctissimam
995 2696 1173 2725 extremae
1191 2703 1296 2725 com-

308 2740 460 2774 estionis
485 2753 558 2776 suae
583 2755 748 2786 coenam,
773 2743 807 2778 in
833 2756 906 2792 qua
927 2744 1045 2781 dixit:
1065 2747 1148 2781 Non
1177 2747 1296 2783 bibam

310 2802 442 2833 tinnulo
464 2802 510 2833 tle
527 2807 767 2847 grrzeratione
787 2807 874 2838 vitis
886 2830 898 2847 ,
919 2806 1032 2840 donec
1053 2805 1170 2841 bibam
1193 2809 1294 2842 Illam

309 2857 498 2892 wollin-nm
520 2872 649 2893 navam
680 2866 705 2894 ².
741 2864 830 2896 Ecce
859 2860 936 2909 jam
970 2875 1069 2899 nunc
1095 2866 1297 2902 resurrexit

313 2917 346 2950 in
370 2917 485 2964 gloria
517 2917 607 2953 vitis
641 2931 726 2954 vcra
749 2934 755 2954 :
779 2921 1016 2971 comeditque
1035 2932 1070 2959 et
1092 2923 1187 2960 bibit
1213 2939 1297 2961 cum

311 2975 448 3010 eisdem
479 2975 670 3025 discipulis
697 2991 779 3014 cum
807 2980 943 3028 gaudio
972 2983 1136 3019 maximo
1166 2986 1297 3034 procul

312 3032 450 3078 dubio,
468 3048 582 3083 seque
602 3035 861 3075 dubitantibus
882 3040 1068 3089 aliquibus
1093 3043 1298 3081 videndum

314 3093 452 3140 pariter
476 3101 511 3128 et
529 3094 756 3142 tangendum
778 3098 957 3136 exhibuit.

370 3151 454 3186 171.
478 3155 552 3187 Nec
570 3161 675 3201 putet
695 3155 891 3204 quisquam
905 3186 914 3203 ,
932 3160 1033 3206 quod
1055 3165 1298 3199 resurrexerit

1364 2640 1440 2667 tum
1463 2644 1680 2680 possumus,
1701 2639 1786 2680 post
1806 2630 1927 2679 ipsum
1946 2629 2036 2666 etin
2054 2629 2175 2679 ipsum
2188 2656 2198 2674 ,
2224 2629 2294 2679 ipsi
2312 2629 2350 2665 in

1364 2691 1581 2727 humilitatis
1607 2691 1741 2740 spiritu
1765 2690 2016 2740 supplicantes
2033 2718 2042 2733 ‚
2072 2697 2258 2739 quatenus
2283 2703 2352 2725 nos

1365 2759 1450 2799 post
1468 2763 1506 2786 se
1534 2751 1680 2787 trahere
1703 2750 1896 2799 dignetur,
1923 2759 1964 2785 ut
1984 2750 2020 2785 in
2044 2749 2162 2785 odore
2179 2762 2352 2798 unguen—

1366 2817 1487 2844 torum
1506 2809 1622 2858 ipsius
1637 2818 1845 2854 currentes,
1868 2810 1903 2845 in
1926 2809 1987 2845 illa
2008 2809 2174 2853 cellaria,
2196 2809 2232 2844 in
2252 2809 2352 2845 illam

1363 2882 1575 2917 supremam
1605 2869 1825 2919 apothecam
1849 2878 2056 2905 aromatum
2072 2898 2082 2914 ,
2108 2869 2145 2904 in
2173 2868 2234 2904 illa
2255 2868 2351 2904 inte-

1364 2929 1462 2965 riora
1495 2933 1623 2967 Sancta
1655 2939 1870 2966 sanctorum
1904 2942 2113 2965 mereamur
2140 2926 2350 2970 introduci,

1364 3002 1440 3037 quo
1461 2989 1540 3037 ipsc
1557 2989 1724 3026 Christus
1741 2998 1853 3038 caput
1871 2998 2039 3025 nostrum
2057 2986 2252 3038 praecessit.

1422 3047 1504 3084 173.
1537 3047 1717 3095 Quintum
1750 3048 1849 3084 botri
1885 3048 2003 3084 nostri
2037 3058 2191 3095 granum
2223 3043 2351 3080 missio

1366 3106 1526 3155 Spiritus
1546 3107 1660 3143 sancti
1681 3116 1747 3143 est.
1778 3108 1869 3154 Quis
1889 3108 2016 3143 vinum
2034 3103 2349 3154 jucundissimum

1369 3164 1479 3213 hujus
1499 3166 1602 3213 grani
1625 3167 1740 3201 valeat
1765 3167 1976 3213 explicare?
1998 3166 2151 3207 Vinum,
2173 3162 2323 3210 inquam
2340 3190 2348 3203 ,

360 3282 368 3296 ¹
386 3277 446 3306 Job
465 3289 510 3306 vit
526 3303 532 3311 ,
560 3282 612 3310 16.
627 3299 665 3303 —
686 3289 695 3302 ²
718 3283 830 3313 Matth.
848 3295 946 3322 xxvi,
966 3289 1017 3316 29.
1032 3305 1073 3309 —-
1092 3286 1105 3308 3
1122 3292 1213 3320 Rom.
1239 3301 1283 3326 iv,
1307 3294 1358 3321 211.
1376 3309 1417 3314 -—
1434 3291 1717 3329 41C01·.xi,22,
1738 3295 1791 3322 23.
