2504 3928
350 227 418 264 123

1111 222 1399 258 (HLLEBER‘ri
1434 221 1638 275 ,xnssx'l'ls

2316 217 2381 253 122

399 306 433 340 S.
450 300 521 340 Sed
540 313 613 338 non
629 312 828 350 possumus
845 310 945 334 nunc
963 298 999 333 iu
1020 310 1231 334 sermonem
1254 298 1323 332 lio-
1345 296 1375 313 ³¹⁴
1399 300 1519 332 llouus
1540 295 1704 331 Libanus
1724 307 1782 339 es,
1799 294 1826 329 si
1847 294 2028 329 uuuidum
2046 307 2111 330 cor
2128 294 2259 340 habes,
2279 307 2384 330 mun-

345 361 519 398 dieruum
558 359 622 394 lias
657 357 820 392 inserere
851 356 1055 391 columnas.
1089 359 1196 391 lluuc
1230 355 1329 391 euim
1350 362 1375 394 Α
1400 355 1487 390 dum
1509 368 1528 390 a
1549 353 1775 401 cogitatione
1797 353 1910 397 lix-da,
1934 362 1969 388 ct
1997 368 2016 388 a
2044 354 2268 401 cogitatione
2301 354 2387 389 inli—

346 427 542 456 tractatum
562 416 693 454 Libani
716 423 1075 464 pra-occupaverunt
1096 415 1212 462 ligna,
1235 422 1271 449 et
1293 414 1329 449 in

343 491 474 515 eorum
512 475 630 512 odore
664 474 810 522 longius
841 487 950 523 quam
995 472 1172 523 putabam
1205 481 1332 508 noster

342 551 464 575 sermo
477 537 661 579 excurrit,
681 534 861 570 suavitate
879 534 1022 569 illectus
1043 532 1217 568 materia.
1231 531 1328 576 Tibi,

345 596 508 633 Domine
521 623 530 638 ‚
550 593 648 629 hunc.
671 591 896 628 commendo
914 591 1097 628 Libanum
1113 618 1123 635 ,
1148 589 1330 627 Libanum

343 654 552 704 egregium,
579 652 679 688 hunc
706 651 862 687 chorum
890 650 1120 697 virginemn,
1143 662 1330 685 sacrarum

342 723 479 751 cadum
502 711 737 748 seminarum.
756 713 810 746 Tu
831 709 976 745 custodi
1003 718 1042 744 ut
1066 722 1139 744 nou
1162 707 1330 744 succida—

343 782 422 818 tur,
443 780 484 808 ut
510 783 586 807 nou
608 769 806 813 incidatur,
829 768 893 804 sed
914 782 980 804 sua
1000 768 1051 803 illi
1079 776 1250 803 servetur
1272 767 1329 802 in-

339 832 511 881 tegritas,
531 837 702 866 servetur
721 828 900 864 castitatis
921 827 1075 870 candor,
1096 827 1183 875 quia
1212 825 1329 862 Liba-

342 903 412 928 nus
433 888 634 926 candorem
661 895 768 923 sonat
793 902 799 923 :
821 895 990 923 servetur
1011 886 1152 935 puritas
1175 885 1328 929 mentis,

343 959 383 987 ut
398 957 533 986 sanctae
552 947 623 984 sint
640 955 675 982 et
693 958 852 994 corpore
877 954 913 981 et
927 945 1074 994 spiritu.
1098 944 1250 980 Custodi
1268 944 1330 980 Li-

342 1011 479 1046 banum
501 1008 620 1051 hunc,
642 1004 749 1053 cujus
766 1006 862 1053 ligna
883 1005 918 1040 iu
935 1005 1063 1040 ferculi
1084 1003 1134 1039 tui
1154 1002 1330 1039 dedicasti

1397 414 1483 449 deli.
1514 416 1645 459 Magna
1668 412 1814 447 lo‘ditas
1842 412 2012 460 spiritus,
2046 412 2130 448 {idei
2158 412 2384 462 corruptela.

1397 471 1506 519 Quod
1530 472 1558 506 si
1577 484 1664 506 sana
1685 471 1845 506 fueritin
1866 479 1900 506 te
1920 472 2026 506 lirma
2049 471 2166 507 forma
2189 471 2294 517 lidei,
2308 470 2384 519 jani

1399 544 1509 566 unam
1544 529 1658 565 babes
1695 530 1920 565 columnam.
1943 529 2024 565 Noli
2056 537 2179 565 tamen
2212 542 2290 565 esse
2319 530 2386 566 liae

1397 598 1593 634 contenta,
1611 588 1772 637 adjunge
1789 597 1821 623 ct
1844 589 1997 624 alteram
2018 603 2025 624 :
2049 587 2228 624 meditare
2247 588 2283 624 in
2304 589 2384 636 lege

1398 649 1548 685 Domini
1564 648 1622 683 die
1637 661 1679 683 ac
1698 656 1818 683 nocte.
1841 647 2102 684 Inlidelitatem
2119 656 2156 683 et
2176 647 2386 684 fornicatio-

1400 721 1484 743 nem
1506 715 1619 756 puta,
1637 707 1664 741 si
1682 719 1788 742 mens
1810 715 1870 742 tua
1890 707 1948 741 xel
1973 706 2160 742 modicum
2182 719 2203 742 a
2226 706 2309 742 {idei
2328 719 2387 742 re-

1397 766 1622 813 cogitatione
1655 765 1826 801 declinet.
1849 769 1960 801 Bonae
1983 766 2166 801 eolumnae
2199 773 2304 810 sunt,
2327 764 2386 801 di·-

1397 824 1493 859 vina*
1514 823 1646 860 notitia
1667 832 1703 860 et
1725 824 1904 860 memoria
1925 824 2014 872 legis
2039 837 2045 858 :
2067 832 2165 860 reeta
2187 823 2388 860 credulitas

1396 891 1431 917 ct
1450 882 1660 918 recordatio
1682 882 1779 918 [idei.
1803 882 1982 919 Columna
1999 895 2038 918 es
2052 910 2061 927 ‚
2084 882 2113 918 si
2135 883 2296 919 fuerisin
2315 882 2388 918 fide

1399 943 1504 977 lirina
1524 950 1743 990 :argentea‚
1761 941 1789 977 si
1821 941 1937 977 divini
1965 942 2078 977 fueris
2111 955 2178 978 usu
2209 940 2388 978 instructa

1398 1001 1592 1036 sermonis.
1609 1002 1760 1035 Rectum
1780 1009 1853 1043 est,
1877 1000 2018 1048 inquit,
2037 1000 2188 1036 verbum
2212 1004 2386 1041 Domini,

340 1068 545 1105 materiam.
564 1066 697 1103 Procul
714 1064 760 1100 ab
782 1065 844 1100 illo
865 1065 910 1100 sit
930 1063 1150 1113 prophetica
1171 1062 1329 1098 commi·
1352 1063 1380 1096 B
1400 1068 1435 1094 et
1461 1063 1585 1094 onmia
1615 1073 1727 1106 opem
1754 1060 1832 1103 (jus
1862 1064 1900 1094 in
1917 1060 2003 1106 fide
2014 1057 2041 1095 ὅ.
2064 1063 2174 1095 Bonae
2203 1060 2389 1096 columnae

341 1127 443 1164 natio
474 1141 481 1162 :
509 1129 652 1172 Aperi,
686 1123 852 1167 Ldume,
881 1132 1009 1170 portas
1037 1131 1118 1157 tuus
1133 1149 1142 1165 ‚
1171 1123 1335 1156 comedet

344 1190 438 1235 ignis
457 1186 582 1219 cedros
600 1193 679 1219 tuas
695 1189 718 1218 ¹.
745 1185 866 1218 Portae
884 1182 961 1216 istae
987 1180 1209 1216 claudantur
1231 1180 1332 1225 aliis,

342 1245 410 1282 soli
441 1243 658 1293 aperiantur
689 1240 767 1277 tibi.
791 1244 845 1276 Tu
880 1240 932 1275 illi
965 1240 1078 1275 clavis
1107 1239 1155 1275 sis
1176 1247 1212 1275 et
1230 1239 1332 1275 clau-

341 1313 480 1347 strum,
512 1310 550 1337 tu
570 1302 674 1350 signa
702 1309 736 1336 et
767 1299 931 1347 resigna,
957 1307 997 1334 ut
1018 1310 1086 1334 nec
1101 1298 1332 1346 signaculum

341 1376 409 1399 nec
437 1361 578 1397 clavem
611 1367 748 1408 praeter
782 1366 816 1393 te
850 1357 1024 1406 recipiat,
1052 1357 1197 1394 Christe
1226 1360 1332 1402 Jcsu,

341 1421 405 1470 qui
436 1423 536 1456 Deus
565 1430 603 1454 es
635 1416 855 1453 benedictus
876 1416 912 1451 in
934 1415 1068 1451 saecula
1095 1415 1330 1452 saeculorum.

346 1485 478 1517 Amen.

339 1588 1332 1602 ======================================================================

584 1702 833 1783 SERMO
879 1702 1092 1756 xviii.

397 1834 557 1867 Ferculum
573 1832 631 1864 sibi
654 1833 727 1870 sesi!
743 1844 795 1862 rer
813 1831 964 1863 Salomon
982 1832 1021 1863 de
1039 1832 1134 1876 Ιῐὲηῐσ
1154 1831 1276 1864 Libani.

638 1887 757 1919 Cautio.
776 1898 843 1928 cap.
867 1897 927 1923 ιη,
947 1884 986 1922 ›²-
1005 1890 1035 1917 9.

746 1998 943 2011 ἡ-ΘΘὶιὶθ-ι’-·ἡ

392 2123 424 2157 Ι.
440 2119 572 2168 Lignis
587 2116 722 2154 Libani
741 2116 977 2167 incorruptio
998 2116 1121 2153 carnis
1134 2144 1143 2161 ,
1165 2125 1202 2153 et
1221 2130 1328 2153 mnn-

335 2181 435 2217 ditiae
453 2178 561 2215 vobis
584 2185 640 2213 est
657 2176 800 2212 candor
820 2189 1032 2225 expressus.
1053 2180 1155 2213 Bona
1175 2176 1326 2225 quidem

334 2246 390 2275 est
411 2237 558 2273 castitas
575 2250 583 2271 :
602 2234 666 2270 sed
687 2234 790 2282 quod
818 2246 894 2269 non
913 2240 992 2269 est³
1012 2247 1058 2270 ex
1079 2234 1172 2279 lide,
1196 2247 1327 2283 pecca-

335 2305 413 2333 tum
432 2301 526 2332 est'.
543 2295 658 2337 Fide,
679 2291 769 2328 dicit
790 2292 1220 2341 Scriptura‚purificans
1243 2306 1326 2328 cor-

333 2358 384 2391 da
413 2353 588 2403 eor-[unp.
619 2355 702 2389 Non
730 2351 828 2387 enim
859 2352 937 2387 sola
954 2352 1075 2387 carnis
1096 2351 1327 2388 continentia

334 2414 482 2450 castitas
501 2419 678 2449 censetur
696 2425 703 2446 :
723 2410 846 2446 cordis
873 2411 993 2446 multo
1015 2411 1131 2459 magis
1149 2419 1203 2446 est
1224 2410 1324 2446 aesti-

334 2471 468 2508 manda
489 2471 662 2520 puritate.
683 2470 768 2504 lam
795 2483 883 2514 vos,
911 2469 1035 2517 inquit
1053 2473 1178 2515 Jesus,
1196 2471 1326 2504 mundi

332 2536 417 2567 estis
426 2539 583 2579 propter
595 2542 798 2564 sermonem
814 2542 922 2575 quem
941 2532 1076 2563 lacuna·
1092 2542 1171 2563 sum
1186 2527 1324 2563 v‹›bis⁴.

1400 1117 1512 1163 lides,
1533 1126 1569 1153 et
1595 1117 1753 1154 verbum
1779 1118 1877 1154 lidei.
1907 1117 2072 1155 Verbum
2107 1118 2176 1154 boc
2202 1131 2322 1168 prope
2341 1119 2389 1155 sit

1399 1176 1436 1212 in
1462 1176 1576 1212 corde
1599 1184 1682 1221 tuo;
1702 1190 1785 1213 nam
1806 1178 1842 1213 in
1862 1190 1926 1213 ore
1947 1190 2067 1225 prope
2087 1185 2143 1213 est
2161 1191 2168 1213 :
2188 1190 2309 1226 prope
2330 1179 2388 1222 sit,

1399 1243 1435 1270 et
1461 1244 1644 1284 perpetuo
1670 1235 1721 1271 ibi
1741 1237 1798 1272 sit.
1828 1239 1882 1272 Ex
1913 1235 2142 1272 abundantia
2166 1236 2290 1272 cordis
2313 1238 2389 1273 oris

1399 1306 1522 1330 sermo
1540 1303 1724 1344 erumpat.
1748 1298 1888 1343 Septies
1912 1299 1947 1329 in
1971 1296 2055 1338 die,
2076 1295 2198 1344 inquit
2221 1295 2388 1345 proplie-

1401 1361 1457 1396 ta,
1482 1354 1848 1390 landem‹li.ce'tib1·7.
1867 1358 1960 1398 Vos,
1983 1367 2096 1390 sacrae
2118 1354 2302 1403 virgines,
2323 1353 2386 1390 di—

1400 1412 1471 1448 cite
1487 1425 1646 1462 semper.
1665 1414 1807 1462 Septies
1831 1412 1981 1462 quidem
2000 1412 2111 1449 dicite
2129 1413 2275 1450 laudem
2295 1426 2386 1462 pro-

1399 1479 1484 1520 pter
1508 1471 1619 1508 horas
1643 1473 1828 1508 solemnes
1850 1487 1857 1508 z
1883 1485 2031 1521 semper
2049 1480 2173 1508 autem
2196 1481 2388 1509 cantantes

1397 1537 1432 1565 et
1448 1530 1647 1579 psallentes
1660 1531 1696 1566 in
1718 1529 1896 1566 cordibus
1918 1530 2061 1566 vestris.

1451 1589 1485 1624 2.
1514 1593 1709 1637 Argentea?
1738 1589 1811 1625 sint
1842 1589 1980 1637 linguae
2012 1597 2160 1625 vestrae.
2191 1592 2386 1637 Argenteae

1398 1655 1507 1691 sunt,
1532 1648 1561 1684 si
1580 1647 1625 1683 de
1645 1661 1748 1684 sacra
1769 1648 1954 1684 Christum
1979 1647 2114 1696 pagiua
2139 1655 2286 1684 sonant.
2303 1651 2386 1684 Non

1399 1707 1568 1743 mittatur
1590 1720 1708 1743 massa
1734 1706 1910 1756 plumbea
1941 1708 1977 1743 in
1995 1720 2037 1743 os
2058 1715 2236 1743 vestrum.
2258 1707 2387 1743 Plum—

1400 1764 1510 1801 beum
1532 1778 1573 1801 os
1589 1774 1661 1811 est,
1682 1766 1784 1814 quod
1807 1766 1858 1801 nil
1877 1765 2012 1801 subtile
2028 1766 2216 1814 loquitur,
2231 1766 2281 1801 nil
2303 1779 2387 1802 acu-

1352 1828 1379 1862 C
1401 1832 1496 1869 tum,
1522 1825 1572 1860 nil
1590 1825 1636 1860 de
1653 1825 1843 1873 supernis;
1862 1824 1926 1860 sed
1954 1833 2074 1860 totum
2092 1824 2287 1861 remissum
2309 1835 2382 1869 est,

1397 1889 1517 1918 totum
1549 1882 1683 1927 hebes,
1719 1891 1837 1918 totum
1868 1882 1914 1918 de
1949 1883 2030 1919 imis
2043 1911 2052 1927 ,
2083 1884 2237 1919 sortasse
2272 1891 2309 1918 et
2337 1882 2383 1919 de

1396 1940 1544 1989 iniquis.
1567 1944 1657 1977 Nam
1674 1941 1850 1990 iniquitas
1867 1941 1970 1977 sedet
1989 1942 2026 1978 in
2048 1942 2186 1978 talento
2200 1941 2382 1992 plumbi3.

1396 2002 1520 2035 Homo
1535 2000 1597 2036 ille
1611 2001 1847 2049 evangelicus
1862 2014 2016 2050 peregre
2029 2002 2286 2051 proficiscens,
2306 2015 2381 2038 non

1396 2059 1482 2095 talia
1501 2060 1618 2096 servis
1638 2059 1713 2095 suis
1730 2060 1866 2096 talenta
1882 2059 2072 2096 distribuit
2082 2067 2108 2097 ⁹.
2126 2061 2248 2098 Nolite
2269 2061 2314 2098 de
2333 2070 2384 2098 ta-

1394 2116 1491 2153 libus
1511 2118 1692 2165 negotiari
1711 2118 1857 2153 talentis
1870 2146 1880 2163 ,
1902 2118 1939 2154 in
1957 2119 2138 2155 thesauris
2157 2119 2287 2155 vestris
2306 2120 2354 2155 hu
2368 2142 2382 2147 -

1389 2173 1556 2222 jusmodi
1589 2189 1663 2212 non
1686 2176 1935 2212 inveniantur.
1951 2177 2066 2214 Paulo
2096 2177 2234 2214 dicenti
2255 2179 2381 2214 inten-

1393 2234 1470 2270 dite
1500 2249 1508 2270 ε

1386 2296 1586 2341 pracedat,
1616 2295 1684 2328 sed
1707 2299 1773 2342 qui
1797 2294 1912 2329 bonus
1937 2304 1991 2330 est
2012 2297 2064 2330 ad
2089 2296 2378 2341 (edificationem

1379 2353 1479 2398 fidei
1492 2359 1531 2388 ¹⁰.
1549 2355 1611 2388 Ad
1631 2354 1934 2398 oedficationem,
1955 2353 2088 2402 inquit,
2109 2367 2184 2389 non
2205 2353 2250 2389 ad
2267 2366 2376 2389 ever-

1391 2411 1533 2448 sionem
1556 2411 1654 2447 lidei.
1674 2414 1851 2448 Ferreum
1871 2425 1912 2447 os
1935 2420 1991 2448 est
2010 2411 2110 2461 quod
2136 2412 2246 2448 iidem
2269 2425 2378 2448 ever-

1391 2471 1455 2515 tit,
1494 2471 1595 2519 quod
1631 2479 1796 2507 sanctam
1835 2471 1981 2507 subruit
2026 2472 2350 2508 conversationem
2364 2499 2373 2515 ‚

1390 2529 1491 2578 quod
1512 2530 1802 2566 instrumentum
1820 2539 1875 2567 est
1893 2530 1999 2576 belli,
2018 2531 2256 2567 seminarium
2279 2531 2375 2575 litis,

1545 2236 1673 2270 Omnis
1705 2248 1823 2270 sermo
1852 2239 1972 2271 malus
1998 2250 2047 2272 az·
2073 2250 2134 2271 ore
2159 2245 2281 2272 veura
2307 2251 2381 2272 mm

331 2592 459 2626 Bonus
479 2589 565 2625 fidei
586 2600 709 2624 sermo
726 2587 790 2635 qui
812 2586 967 2623 mundat
986 2601 992 2622 :
1015 2595 1051 2623 et
1078 2586 1162 2623 ideo
1184 2587 1220 2623 in
1253 2587 1324 2623 hoc
1340 2592 1372 2625 D
1389 2588 1490 2638 quod
1520 2601 1692 2624 murmur
1717 2597 1754 2624 et
1787 2589 2073 2625 amaritudinem
2106 2597 2226 2625 sonat.
2255 2589 2376 2626 Bestia

333 2649 464 2686 ferculi
480 2648 582 2684 cultu
601 2655 688 2697 post
708 2647 806 2695 ligna
823 2645 957 2683 Libani
972 2646 1167 2683 columnas
1185 2646 1325 2695 produ-

330 2708 380 2744 cit
407 2715 623 2757 argenteas,
652 2714 689 2742 et
716 2706 907 2754 virginalis
939 2714 1101 2742 mentem
1132 2705 1324 2742 munditiae

331 2767 377 2803 ad
401 2766 494 2803 sacri
523 2772 707 2815 provocat
737 2763 1021 2800 meditationem
1052 2764 1214 2813 eloquii,
1243 2764 1323 2799 elo—

331 2826 408 2875 quii
426 2825 534 2870 casti,
554 2824 693 2872 eloquii
711 2823 813 2872 quod
835 2832 990 2872 argento
1005 2823 1216 2859 examinato
1234 2835 1322 2858 con-

333 2883 488 2920 sertui-⁵.
510 2887 623 2920 Bonae
646 2890 734 2918 sunt
750 2882 786 2917 in
806 2890 960 2930 pectore
981 2881 1167 2929 virginum
1186 2887 1320 2916 erectae

329 2943 534 2986 columnae,
553 2941 581 2977 si
606 2954 719 2977 sacrae
751 2941 889 2976 fuerint
919 2940 1122 2989 Scripturae
1157 2940 1319 2975 sussultae

329 3010 366 3038 et
391 3001 604 3050 cognitione
626 2999 724 3035 lideli
739 3026 748 3044 ,
768 3007 805 3034 et
828 2999 1096 3048 recogitatione
1119 2998 1316 3047 frequenti.

1390 2647 1470 2683 talis
1497 2647 1535 2683 in
1565 2647 1720 2683 Daniele
1749 2647 1991 2694 describitur,
2014 2648 2145 2685 dentes
2171 2656 2208 2684 et
2233 2660 2375 2696 ungues

1389 2706 1530 2742 ferreos
1564 2706 1722 2751 liabens,
1757 2708 2024 2744 commandens
2053 2716 2090 2743 et
2116 2708 2375 2744 comminuens

1388 2766 1566 2801 omnia¹¹.
1588 2766 1695 2801 Nulla
1719 2766 1816 2802 inter
1843 2767 2030 2811 oviculas,
2052 2767 2128 2802 imo
2151 2767 2249 2802 inter
2276 2767 2372 2802 ami-

1387 2836 1447 2859 cas
1470 2824 1616 2859 Domini
1634 2823 1750 2860 bestia
1771 2825 1852 2861 talis
1873 2825 2092 2875 reperiatur.
2107 2828 2149 2861 In
2170 2825 2242 2861 hoc
2259 2838 2369 2874 grege

1386 2883 1554 2930 virgineo
1588 2884 1689 2919 nulla
1722 2884 1930 2929 virulenta,
1963 2885 2064 2920 nulla
2098 2883 2262 2920 violenta
2291 2884 2369 2919 sit:

1387 2941 1511 2977 nullus
1539 2941 1575 2977 in
1609 2941 1678 2978 hoc
1697 2942 1870 2991 paradiso
1891 2943 2074 2992 serpentis
2092 2942 2223 2979 sibilus
2251 2951 2369 2979 sonet.

1384 3000 1599 3048 Virgineum
1615 3013 1657 3036 os
1671 3000 1858 3036 virulenta
1873 3000 1987 3037 verba
2002 3013 2078 3037 non
2091 3001 2236 3038 decent.
2249 3001 2370 3049 Quid?

379 3139 387 3154 ¹
404 3131 532 3163 Zachar.
557 3134 714 3166 xt‚1.—-
732 3134 742 3150 ²
768 3132 858 3160 Rom.
886 3140 956 3168 xiv,
982 3133 1036 3160 23.
1059 3127 1131 3152 ——3
1148 3132 1217 3160 Act.
1245 3140 1301 3168 xv,
1318 3132 1348 3160 9.
1366 3149 1407 3153 —
1430 3129 1443 3155 4
1461 3132 1551 3161 Joan.
1582 3141 1637 3166 xv,
1660 3133 1691 3161 3.
1707 3150 1750 3154 —
1774 3129 1786 3152 ⁵
1813 3131 1891 3162 Psal.
1917 3142 1969 3168 xi,
1989 3134 2018 3162 7.
2042 3149 2084 3153 —
2106 3129 2122 3152 ⁶
2139 3132 2217 3163 Psal.
2248 3143 2342 3163 xxxii
2358 3158 2365 3171 ,

329 3190 451 3218 4.-7
486 3184 565 3215 Psal.
599 3193 716 3218 cxviii,
747 3184 819 3212 lo'a.
849 3200 890 3203 —
922 3180 935 3201 ⁸
961 3181 1088 3212 Zacliar.
1121 3193 1152 3219 v,
1188 3184 1220 3217 7,
1257 3185 1288 3212 8.
1321 3200 1362 3204 —
1399 3188 1414 3211 9
1442 3182 1556 3213 Manli.
1590 3193 1667 3220 xxv,
1704 3185 1762 3220 14,
1799 3187 1851 3215 15.
1889 3201 1932 3205 —
1968 3189 1996 3203 ¹⁰
2019 3183 2129 3225 Ephes.
2160 3196 2204 3222 iv,
2240 3187 2293 3216 29.
2325 3203 2367 3207 —

331 3245 357 3259 ¹¹
375 3242 455 3270 Dan.
474 3247 534 3273 vu,
553 3237 583 3265 7.

369 3303 380 3316 ³
399 3297 506 3335 'l'ii·aq.
522 3300 549 3324 et
567 3296 669 3324 llorst.
687 3304 747 3321 mm
762 3290 814 3332 sil.
834 3294 876 3322 lix
896 3291 1000 3321 iisdem
1017 3291 1107 3331 paulo
1129 3298 1193 3331 post
1216 3292 1402 3321 restituimus
1417 3317 1422 3324 ,
1442 3291 1717 3335 (licitScril›t111-a;
1738 3304 1793 3333 pro
1807 3318 1814 3329 ,
1834 3293 1910 3323 sicu!
1926 3294 2133 3337 Sc1·1'p!11ra.7'
