2504 3928
371 142 378 171 .'
382 140 390 172 3
397 141 416 171 Γ)
423 140 442 170 s)

372 213 544 249 desiderii
578 211 732 246 al'l'eclus
763 210 998 245 concitatus:

1138 135 1428 170 ‹ahta-:luin't't
1463 135 1656 168 inustis

2339 136 2414 170 3513

1023 210 1203 259 languor,
1240 209 1415 245 conti-'⁷⁴‘
1430 217 1547 244 totum
1574 221 1764 257 qua²rere,
1795 208 1967 244 conferre
1992 216 2025 243 et
2047 208 2229 258 colloqui;
2260 210 2306 246 de
2327 211 2389 247 illo
2406 240 2415 257 ,

372 286 478 309 uuus.
498 276 528 308 0
555 271 647 306 male
674 282 825 312 sanum,
856 269 931 304 imo
960 282 1046 304 vere
1079 269 1250 304 insanum
1279 282 1360 311 cor,
1379 270 1407 303 A
1429 269 1580 317 inquam
1594 296 1602 312 ‚
1618 276 1654 303 et
1676 275 1795 303 tecum
1815 281 1821 302 :
1842 275 1998 303 nectam
2018 268 2142 316 loqui,
2163 282 2275 318 quam
2290 270 2419 307 andire

370 332 470 380 quod
492 344 571 365 csse
601 329 716 364 nescit
737 329 806 363 hoc
828 328 982 364 xulncre¹
1007 328 1193 364 sam-ium!
1221 330 1362 363 sulm·-

372 401 477 432 mta,
511 389 650 437 inquit,
683 389 865 423 clun-ital(-
898 401 962 434 ego
989 394 1103 423 surm.
1136 391 1216 424 Non
1251 387 1364 423 modo

372 452 559 493 vulnerat,
586 448 649 484 sed
685 449 795 484 etiam
824 455 953 484 necat:
974 450 1095 483 Fortis
1121 457 1174 483 est
1201 448 1299 483 enim
1329 457 1367 483 nt

742 507 912 556 Denique
947 507 1147 556 Apostolus
1186 521 1191 542 :
1228 509 1367 542 Murem·

371 574 474 610 meis,
502 578 537 603 ct
564 572 641 602 vita
666 577 790 602 vestm
813 566 1026 602 alm-condita
1046 576 1097 602 es!
1116 580 1194 602 cam
1226 567 1365 601 Chrelsto

373 524 468 546 mors
505 511 654 544 dalet-tio
677 514 700 543 ¹.

370 634 408 663 ιἰι
432 631 507 663 Deo
523 627 542 662 ‘.
566 630 663 662 Dum
684 626 755 662 vita
773 626 1010 671 reconditur,
1032 635 1068 662 et
1086 635 1212 662 votum
1231 639 1366 662 accen-

371 688 493 733 ditur3
522 687 660 722 veritas
683 685 802 734 jacet,
837 694 871 721 ct
904 686 1022 722 virtus
1057 687 1234 734 languet:
1265 686 1365 722 anxii

370 757 481 784 :estus
501 746 677 783 desiderii
703 747 906 795 ligurarum
938 746 1178 793 refrigeratur
1204 745 1365 790 umbris,

370 816 404 843 ct
427 807 613 857 primaevis
635 806 785 841 fulciun-
807 804 976 841 floribus.
1011 805 1178 841 Pulchra*⁴
1195 805 1282 841 satis
1308 805 1363 841 11ae

372 867 499 915 ligura}
517 873 601 901 sunt
621 879 627 900 :
650 873 685 899 et
713 862 943 899 laborantem
973 871 1141 899 recreant
1166 863 1361 907 asl'ectum,

371 924 655 974 puerilibusque
682 923 892 959 refocillant
919 921 1205 965 blandimentis,
1230 930 1269 957 ut
1300 935 1363 958 so-

1429 337 1463 364 tc
1480 329 1708 376 loquentem,
1734 330 1882 363 Pressus
1899 335 1953 363 est
1973 340 2095 363 sermo
2112 336 2216 373 tuus,
2236 337 2275 365 ut
2296 337 2418 366 tamen

1430 401 1511 436 qua=
1532 387 1666 430 sentis,
1687 386 1915 422 sul'lieicnter
1931 386 2116 435 exprimas
2134 402 2140 423 :
2161 401 2277 436 pauca
2294 387 2420 432 verba,

1431 447 1495 483 sed
1523 447 1632 496 plena
1657 459 1830 482 sensuum
1847 461 1855 491 ;
1873 445 2013 482 videris
2030 446 2119 482 mihi
2141 448 2287 496 singula
2307 448 2343 484 in
2361 446 2420 495 ju-

1432 506 1570 543 dicium
1597 518 1753 549 vocare,
1773 504 1866 541 adeo
1897 504 1962 540 tibi
1993 505 2135 541 nullum
2167 506 2419 542 inconsultum

1432 566 1603 602 elabitur.
1624 563 1919 613 Deniquefavus
1940 565 2128 600 distillans
2150 564 2249 600 labia
2269 575 2345 602 tua.
2366 569 2420 602 lta

1431 626 1529 661 enim
1565 624 1724 673 quadam
1757 636 1840 659 cum
1867 636 1971 659 mora
1998 632 2034 659 et
2065 623 2358 671 deliberatione,
2388 634 2424 661 et

1432 685 1535 734 quasi
1558 684 1603 719 de
1635 682 1749 727 libra,
1779 695 1862 731 quae
1885 683 2050 731 loqueris
2071 683 2279 732 prodeunt,
2302 692 2343 719 ut
2363 683 2424 719 di-

1433 744 1572 780 stillare
1601 743 1716 790 magis
1743 755 1854 791 quam
1885 742 2075 791 profluere
2105 742 2279 778 credaris.
2312 746 2424 779 Exte-

1434 811 1544 839 nuata
1562 811 1647 838 sunt
1661 830 1670 846 ,
1691 810 1727 838 et
1743 800 1893 837 subtilia
1910 809 1998 838 sunt
2011 830 2020 847 ,
2038 810 2074 838 ct
2095 810 2295 851 evaporata
2314 810 2423 847 sunt;

1431 871 1631 912 propterea
1647 861 1862 897 distillantia
1877 869 1963 897 sunt
1975 890 1984 907 ,
2002 870 2141 898 secreta
2159 870 2247 898 sunt
2261 891 2270 908 ,
2287 870 2323 898 et
2342 875 2424 898 sua-

1431 923 1488 958 via
1523 929 1628 966 sunt,
1661 929 1697 956 ct
1724 920 1769 956 de
1803 920 1945 957 intimis
1977 921 2216 970 erumpentia
2245 928 2332 956 sunt
2357 935 2364 956 ε
2389 928 2425 956 et

371 985 444 1020 litis
464 993 498 1020 et
520 982 764 1020 sensibilibus
791 981 1075 1018 oblectamwntis
1104 981 1369 1017 inusitatorum
1388 983 1415 1016 B
1433 982 1517 1018 ideo
1537 981 1642 1030 quasi
1662 981 1767 1016 savus
1787 988 1887 1016 suut.
1910 983 1991 1015 lloc
2006 978 2076 1016 sibi
2091 980 2172 1016 vult
2187 978 2288 1029 quod
2306 979 2425 1028 sequi-

369 1044 560 1094 eapiamus
584 1042 841 1092 experimenta
858 1040 1095 1090 gaudiorum.
1119 1041 1364 1083 Phameam»,

370 1105 573 1138 Jerusalem
590 1130 599 1145 ,
631 1110 840 1136 slemu'ntur
869 1114 960 1135 (Iuro
991 1099 1163 1134 lllnlnloj.
1197 1102 1366 1135 §Pernam

365 1175 439 1209 Jwr
458 1163 623 1196 ordinem
642 1162 787 1207 lapides
805 1168 884 1194 laos
898 1187 907 1202 ‚
933 1157 1148 1205 etsimdabo
1169 1168 1202 1194 le
1221 1164 1258 1194 in
1278 1173 1368 1206 sas)-

369 1222 489 1269 pluris
504 1220 515 1242 ⁵
538 1235 543 1255 z
565 1234 705 1268 ponam
730 1221 908 1254 desertum
935 1228 1034 1254 laum
1053 1223 1164 1265 quasi
1186 1220 1364 1261 delicias,

373 1291 408 1316 et
436 1282 653 1315 solitudines·
686 1289 765 1314 mas
794 1283 901 1326 (smmi
930 1278 1070 1313 hortum
1100 1276 1300 1323 Donnnis‘,
1333 1286 1370 1314 et

372 1349 504 1376 caetera
536 1352 648 1388 quam
681 1337 843 1387 plurima
864 1351 883 1373 a
904 1337 1100 1385 Prophetis
1126 1345 1163 1372 et
1184 1338 1372 1386 Apostolis

372 1400 409 1435 in
441 1408 531 1447 typo
571 1397 731 1434 coelestis
767 1397 864 1432 dicta
896 1396 1116 1433 Jerusalem.
1153 1398 1245 1432 Cum
1292 1395 1372 1444 ejus

374 1466 492 1506 portae
522 1465 558 1492 et
589 1457 742 1505 plateae,
776 1455 872 1491 muri
906 1463 943 1491 et
974 1455 1139 1498 metalla,
1169 1454 1312 1504 lapides
1334 1463 1370 1491 et

375 1518 491 1565 ligna,
514 1516 634 1552 fontes
650 1524 686 1552 et
703 1515 857 1550 flumina
879 1513 1164 1560 deseribuntur,
1188 1522 1369 1563 quantum

374 1576 543 1612 afficiunt
582 1583 619 1611 et
654 1574 860 1610 oblectant!
889 1587 999 1622 quam
1032 1574 1112 1610 ltete
1143 1573 1368 1619 audiuntur,

375 1635 547 1684 quamvis
578 1648 710 1684 parum
743 1633 904 1670 dilucide
931 1633 1120 1669 dicantur!
1150 1637 1370 1682 Incompre-

377 1694 611 1731 hensibiliter
632 1695 731 1730 enim
753 1694 854 1730 aliud
871 1702 907 1729 et
927 1692 1271 1742 incomparabiliter
1288 1706 1370 1729 am—

378 1755 476 1803 plius
505 1754 732 1803 relinquitur
762 1754 798 1789 in
830 1753 1065 1803 suspicione,
1092 1766 1203 1802 quam
1223 1753 1376 1802 ponitur

378 1815 414 1849 in
437 1814 718 1850 assimilatione.
739 1817 900 1849 Laetatus
924 1821 979 1849 est
1000 1817 1115 1849 Jonas
1137 1813 1377 1849 vehementer

380 1872 450 1909 sub
482 1872 617 1908 umbra
647 1872 815 1918 hederae,
849 1872 912 1909 sed
936 1872 1075 1909 hedera
1107 1872 1167 1908 illa
1197 1872 1317 1915 aruit,
1341 1879 1378 1908 et

381 1932 498 1979 ligura
519 1929 648 1967 abivit.
666 1933 870 1979 Propterea
891 1943 974 1966 cum
994 1929 1040 1966 de
1060 1930 1225 1978 figuratis
1246 1938 1377 1965 texun-

383 1998 443 2026 tur
461 1990 682 2026 collationes
698 1988 953 2034 sermonibus,
974 1989 1079 2037 quasi
1101 1987 1377 2025 confabulatio-

383 2062 450 2086 nes
482 2048 661 2098 quasdam
699 2049 856 2085 licenter
889 2048 1068 2094 dixerim,
1103 2060 1179 2083 non
1222 2055 1379 2096 propter

384 2107 643 2144 adumbratam
674 2107 832 2143 interius
858 2115 1033 2143 {eternam
1065 2107 1282 2151 veritatem,
1314 2104 1379 2142 sed

383 2176 541 2217 propter
554 2166 844 2203 obumbrantem
865 2167 1030 2203 exterius
1048 2167 1248 2202 vanitatem
1269 2180 1276 2202 :
1296 2179 1376 2202 eva-

385 2228 558 2263 cuabitur
586 2227 686 2263 enim
715 2227 817 2275 quod
836 2240 880 2261 ex
902 2235 1008 2275 parte
1027 2234 1093 2262 est.
1113 2225 1285 2274 Denique
1308 2225 1377 2261 ha-

387 2285 453 2322 bes
482 2287 518 2322 in
550 2286 775 2334 Evangelio,
797 2285 843 2321 de
873 2285 1023 2321 duobus
1047 2285 1118 2320 illis
1140 2284 1316 2321 euntibus
1340 2284 1377 2320 in

388 2349 583 2390 Emmaus,
617 2344 719 2392 quod
741 2342 1011 2390 ιῙΓαύιιίτινθηίιιν
1031 2353 1065 2379 et
1089 2356 1210 2378 Secum
1230 2356 1378 2390 (μιαν-ι’-

390 2413 472 2439 rent
491 2417 501 2437 ;
524 2404 678 2439 fortasse
706 2402 793 2450 quia
823 2402 1060 2451 qurerebant,
1087 2410 1122 2437 ct
1146 2401 1315 2437 nondum
1333 2410 1383 2437 te-

391 2462 552 2507 nebant;
581 2460 787 2505 nutabant,
820 2470 855 2497 et
885 2461 958 2497 lide
988 2474 1062 2496 non
1099 2460 1259 2497 stabant.
1294 2460 1384 2496 Ideo

1435 1050 1495 1078 tur
1524 1056 1530 1077 :

1434 1101 1579 1150 inquit;
1599 1108 1632 1136 et
1655 1112 1730 1135 non
1744 1128 1753 1144 ,
1776 1102 1818 1135 In
1837 1098 1977 1147 lingua.
1997 1097 2117 1146 Majus
2131 1098 2231 1134 enim
2252 1105 2306 1134 est
2325 1096 2427 1146 quod

1433 1159 1502 1197 sub
1518 1161 1595 1209 ipsa
1615 1159 1724 1203 latet,
1744 1171 1855 1207 quam
1871 1157 1973 1206 quod
1991 1158 2028 1193 in
2048 1158 2126 1207 ipsa
2153 1157 2262 1194 lucet.
2283 1156 2381 1204 Quid
2399 1157 2428 1192 si

1434 1221 1543 1256 etiam
1565 1231 1678 1268 supra
1695 1219 1884 1267 linguam?
1898 1217 1972 1253 Sal)
1993 1221 2119 1266 lingua
2140 1226 2203 1252 ιιια
2218 1219 2291 1252 mel
2307 1226 2342 1252 et
2358 1219 2426 1252 lac.

1435 1282 1516 1315 Non
1535 1278 1634 1314 enim
1653 1286 1796 1314 tantum
1823 1278 1860 1313 in
1880 1290 2053 1314 sermone
2071 1284 2145 1322 est,
2168 1289 2235 1312 nec
2255 1284 2373 1312 totum
2391 1275 2428 1311 in

1437 1350 1610 1374 sermone
1627 1346 1682 1373 est
1705 1352 1712 1373 :
1731 1336 1794 1372 sed
1812 1337 1907 1373 sicut
1925 1336 2014 1372 nihil
2036 1335 2152 1372 habes
2172 1335 2210 1371 in
2233 1348 2299 1371 ore
2319 1335 2432 1371 simu-

1439 1397 1574 1440 latum,
1595 1396 1642 1432 ita
1662 1396 1821 1432 multum
1841 1404 1894 1431 est
1911 1395 2015 1444 quod
2038 1403 2094 1430 est
2112 1394 2149 1430 in
2168 1393 2281 1430 corde
2301 1394 2431 1430 occul-

1436 1463 1565 1491 tatum.
1583 1458 1624 1491 In
1648 1455 1774 1502 lingua
1802 1462 1889 1490 sunt
1907 1466 1989 1503 quae
2017 1453 2212 1490 manifeste
2236 1452 2401 1501 loqueris
2422 1466 2430 1488 :

1435 1513 1505 1550 sub
1532 1514 1659 1563 lingua
1682 1521 1788 1557 sunt,
1810 1525 1894 1562 quae
1914 1513 2074 1549 latenter
2099 1511 2266 1562 suggeris
2292 1526 2299 1548 :
2320 1524 2433 1560 supra

1435 1574 1599 1623 linguam
1625 1581 1731 1618 sunt,
1755 1573 1791 1608 in
1820 1585 1987 1621 quorum
2009 1571 2255 1609 edissertione
2275 1571 2433 1620 elinguis

1435 1642 1491 1670 est
1507 1632 1714 1683 quamlibet
1733 1633 1934 1681 eloquens,
1956 1641 1994 1669 et
2018 1645 2142 1668 sermo
2166 1632 2366 1669 silentium.

1488 1693 1522 1729 4.
1539 1692 1711 1737 Memini,
1732 1692 1801 1728 nisi
1821 1692 1946 1737 fallor,
1967 1691 2165 1740 aliquoties
2183 1691 2219 1727 in
2241 1691 2323 1740 ipso
2346 1702 2434 1726 ora-

1557 1043 1638 1077 allel
1665 1049 1700 1075 et
1729 1043 1786 1075 lac
1805 1039 1871 1075 sul)
1892 1042 2017 1087 lingua
2046 1048 2111 1074 tua
2127 1037 2154 1075 ⁸.
2178 1038 2250 1074 Sub
2277 1041 2426 1087 lingua,

1397 1754 1423 1788 C
1443 1752 1554 1788 tionis
1583 1764 1762 1801 processu
1790 1751 1966 1800 pressisse
1995 1759 2029 1787 te
2055 1763 2289 1796 sermonem,
2309 1757 2434 1786 atten-

1444 1820 1521 1847 tum
1548 1820 1584 1847 et
1611 1811 1811 1847 attonitum
1838 1810 1883 1847 ad
1907 1819 2167 1859 erumpentem
2196 1810 2231 1845 in
2254 1808 2365 1845 corde
2382 1809 2436 1844 lu-

1443 1884 1524 1907 cem
1541 1871 1598 1907 vel
1617 1871 1782 1906 laetitiam
1796 1899 1805 1916 ,
1820 1883 1952 1906 vocem
1974 1869 2119 1918 rupisse
2135 1896 2144 1913 ‚
2162 1876 2204 1905 ut
2225 1875 2436 1904 verteretur

1443 1932 1480 1967 in
1516 1931 1739 1980 suspirium,
1775 1930 1877 1979 quod
1918 1928 2151 1965 formabatur
2185 1928 2221 1963 in
2260 1925 2430 1962 verbum.

1442 1993 1535 2026 Nam
1569 1989 1637 2025 etsi
1665 1989 1790 2037 lingua
1822 1988 1981 2025 sufliciat
2010 1989 2056 2025 ad
2087 1985 2358 2030 evi‹l‹·ntian¹=·,
2378 1985 2438 2020 in-

1445 2049 1626 2084 trinsecus
1647 2056 1770 2084 tamen
1802 2056 1956 2097 stupor,
1981 2055 2018 2083 et
2036 2059 2160 2091 amor,
2176 2053 2214 2082 et
2239 2043 2437 2081 admiratio

1445 2107 1624 2144 radiantis
1640 2106 1801 2157 desuper
1816 2106 1965 2143 luminis
1979 2135 1988 2152 ,
2004 2105 2255 2156 prodeuntem
2274 2117 2341 2154 per
2357 2116 2438 2140 vcr-

1444 2165 1491 2202 ba
1514 2167 1680 2202 animum
1697 2165 1883 2201 convertit
1899 2164 1945 2201 ad
1967 2178 2024 2210 se,
2047 2164 2145 2213 rapit
2162 2164 2197 2200 in
2215 2176 2273 2207 se,
2295 2171 2331 2198 et
2348 2175 2440 2198 con-

1446 2225 1538 2260 tinet
1562 2225 1658 2260 intra
1676 2237 1714 2259 se
1736 2238 1742 2259 :
1764 2223 2026 2273 spiritualique
2052 2235 2136 2258 eum
2158 2225 2261 2258 Mose
2282 2221 2439 2257 circum-

1443 2283 1563 2319 volvit
1579 2282 1758 2327 nebula9,
1775 2290 1812 2318 et
1835 2281 1973 2317 nubem
1995 2281 2104 2331 ponit
2129 2281 2305 2317 amictum
2327 2279 2409 2328 ejus
2425 2307 2435 2324 ,

1443 2350 1480 2377 et
1501 2340 1672 2376 tenebras
1693 2340 1912 2381 latibulum,
1944 2348 1983 2375 ut
2003 2341 2066 2376 liat
2091 2339 2137 2375 ad
2159 2339 2336 2375 interiora
2356 2346 2438 2374 stu-

1448 2401 1576 2450 pidus,
1595 2401 1641 2436 ad
1660 2401 1845 2436 exteriora
1872 2408 2011 2436 mutus.
2032 2400 2104 2437 Mel
2122 2412 2211 2448 ergo
2230 2398 2298 2435 sul)
2314 2399 2440 2447 lingua

1450 2469 1530 2506 tua,
1561 2468 1598 2496 et
1626 2460 1786 2496 dulcedo
1806 2459 1875 2496 sub
1896 2472 1985 2495 voce
2005 2468 2087 2505 tua,
2112 2472 2187 2495 non
2217 2458 2323 2508 quasi
2342 2458 2440 2494 inse-

390 2529 602 2571 qua‘rentes
618 2529 654 2557 et
673 2520 907 2556 conserentes
921 2549 929 2565 ,
947 2519 1182 2556 ambulantes
1201 2528 1237 2555 et
1257 2520 1383 2555 conl'a-
1404 2525 1435 2559 D
1453 2521 1552 2563 rior,
1570 2520 1634 2556 sed
1654 2520 1759 2568 quasi
1775 2520 1932 2555 interior
1951 2534 1958 2555 :
1975 2520 2050 2555 imo
2070 2527 2107 2555 et
2125 2517 2194 2555 sub
2212 2526 2337 2554 mente
2355 2525 2417 2553 tua
2431 2544 2441 2561 ,

390 2581 562 2617 bulantes
582 2579 670 2615 dicti
691 2587 776 2615 sunt
798 2593 804 2614 :
829 2579 892 2615 scd
921 2588 1043 2616 tamen
1062 2579 1112 2615 ita
1133 2578 1381 2615 confabulan-

394 2640 493 2677 tibus
524 2644 603 2687 ipse
632 2641 734 2674 ,lesus
764 2638 1116 2687 alquopt'nqmlbat,
1137 2649 1171 2674 et
1200 2638 1277 2674 illac
1301 2653 1382 2673 cum

394 2703 469 2735 illis
481 2707 507 2735 7.

449 2761 485 2796 3.
509 2762 637 2797 Unum
664 2759 828 2794 suaviter
856 2758 1005 2803 recolis,
1033 2770 1143 2806 quam
1171 2758 1386 2805 frequenter

395 2828 432 2853 et
460 2831 526 2854 cor
552 2826 721 2854 nostrum
749 2816 884 2852 ardeus
914 2825 993 2852 erat
1020 2817 1056 2852 in
1087 2815 1196 2852 nobis
1212 2816 1258 2851 de
1274 2819 1382 2859 Jesu,

396 2891 480 2913 cum
513 2877 755 2925 loqueremur
778 2876 824 2911 dc
852 2876 916 2911 illo
950 2876 987 2911 in
1010 2876 1081 2911 via.
1107 2880 1198 2922 Quae
1218 2875 1317 2911 enim
1339 2875 1384 2911 de

395 2936 458 2971 illo
489 2935 602 2971 locuti
635 2948 785 2979 sumus,
809 2934 887 2983 ipse
914 2934 1017 2984 prior
1045 2934 1081 2970 in
1104 2933 1214 2970 nobis
1239 2934 1386 2969 locutus

394 3004 460 3032 est.
480 2995 632 3031 I'tinam
652 2995 784 3043 sa·pius
806 2995 901 3030 istud
924 2995 1013 3030 mihi
1031 2995 1242 3042 contingat,
1258 2994 1303 3030 de
1322 2994 1386 3030 illo

1448 2579 1538 2615 dum
1561 2579 1624 2615 illa
1640 2587 1831 2627 conceptae
1849 2578 2009 2614 necdum
2035 2591 2190 2628 compos
2206 2575 2416 2613 dulcedinis
2428 2603 2438 2620 ‚

1450 2639 1670 2687 pullulantia
1698 2639 1883 2675 introrsus
1902 2637 2037 2687 gaudia
2062 2650 2138 2674 non
2168 2644 2291 2687 potest
2316 2636 2374 2672 vel
2395 2634 2442 2671 ad

1451 2699 1604 2747 plenum
1623 2699 1830 2747 explicare,
1851 2698 1909 2734 vel
1935 2706 2088 2747 experta
2116 2697 2275 2734 tolerare
2293 2710 2299 2731 :
2323 2704 2441 2732 totum

1452 2771 1490 2793 se
1511 2758 1582 2794 illis
1604 2758 1741 2794 cedens
1755 2786 1764 2803 ,
1788 2757 1851 2794 sed
1884 2770 1958 2793 non
1979 2771 2023 2793 ex
2049 2765 2127 2793 toto
2147 2757 2211 2792 illa
2237 2754 2442 2805 possidens.

1454 2815 1697 2862 Dafecermzt,
1717 2817 1839 2865 inquit
1860 2816 2052 2853 Psalmista
2065 2845 2074 2862 ,
2095 2819 2189 2852 oculi
2205 2819 2276 2850 mei
2300 2819 2338 2850 in
2366 2817 2440 2850 elo-

1450 2880 1576 2924 quium
1593 2886 1692 2912 tuum
1709 2891 1719 2910 .·
1736 2890 1809 2912 non
1828 2876 1941 2913 modo
1958 2876 2003 2912 ad
2021 2876 2212 2925 eloquium
2225 2903 2234 2919 ,
2251 2874 2316 2911 sed
2331 2874 2439 2908 otiam

1451 2941 1489 2970 1η
1511 2939 1691 2983 eloquiam
1711 2950 1721 2969 :
1739 2935 1774 2971 in
1794 2935 1987 2983 eloquium
2008 2943 2133 2981 tuum,
2155 2933 2245 2971 illud
2265 2928 2443 2978 concupi-

1453 2994 1612 3039 scendo;
1645 2994 1690 3030 ad
1723 2994 1935 3043 eloquium,
1969 2993 2060 3029 illud
2091 2987 2338 3038 concipiendo
2366 3001 2374 3023 :
2404 2987 2441 3023 in

440 3123 577 3153 'Cauticn
595 3134 625 3155 v,
643 3123 724 3161 iuxta
747 3125 843 3152 lxx.
873 3142 903 3144 —
924 3122 1199 3157 ⁷('.autic.v111,t'›.
1217 3141 1258 3145 —
1278 3119 1493 3157 ³(Ioloss.111,
1512 3126 1541 3153 3.
1561 3141 1600 3143 μ
1621 3123 1633 3147 4
1649 3122 1728 3153 Tol).
1746 3133 1821 3155 xiii,
1843 3126 1895 3150 29„
1918 3138 1956 3141 —
1976 3116 1988 3138 5
2009 3117 2074 3147 lsai.
2097 3127 2159 3152 mv,
2185 3120 2233 3146 11.
2253 3134 2293 3137 γ
2308 3114 2322 3135 ⁴5
2336 3114 2379 3145 ld·
2397 3125 2440 3149 Μ,

394 3180 422 3205 lt.
443 3194 482 3197 —
502 3181 514 3203 7
532 3177 604 3204 Luc.
626 3185 715 3208 ¹xxiv,
738 3179 784 3203 Ιίι.

438 3238 447 3249 ²
481 3234 573 3271 ttius,
596 3231 639 3262 ml
657 3231 869 3263 crudirudnm.

867 3179 878 3193 '⁴
896 3175 1012 3203 (Ianlic.
1032 3186 1076 3207 ιν,
1098 3178 1147 3204 11.
1171 3193 1189 3195 ⁴
1203 3192 1209 3194 -
1231 3180 1246 3202 0
1261 3174 1356 3204 Exod.
1375 3187 1468 3212 xxiv,
1493 3179 1543 3204 1.”ι.
