2504 3928
371 225 464 259 lata

366 300 534 344 indigens
568 303 642 330 erat
672 296 768 329 leno.
808 297 854 328 tia
879 301 1035 341 propter
1061 293 1166 329 cibus
1194 294 1352 330 ‹zelosus-

960 220 1024 252 DF.
1052 218 1386 254 EXCELLENTIA
1417 220 1477 254 SS.
1509 219 1816 254 SACRAMENTI

1364 293 1394 309 03⁴¹»
1398 293 1412 309 ss

2308 220 2406 257 1:320

1474 294 1508 330 si.
1540 294 1646 329 l‘auis
1678 293 1746 329 iste
1779 307 1846 342 per
1879 294 2138 331 excellentiam
2170 294 2306 332 dicitur
2332 301 2406 334 Eu-

366 356 522 393 mutavit
544 367 581 389 se
604 354 640 388 iu
663 351 841 400 pabulum
860 352 1018 399 peeoris,
1041 352 1192 387 homine
1210 361 1352 387 mutato
1373 355 1401 388 A
1421 352 1592 387 charistia
1607 379 1615 395 ,
1659 351 1695 387 id
1729 360 1783 387 est
1798 379 1807 395 ‚
1843 350 1940 387 bona
1972 353 2101 400 gratia.
2135 357 2176 390 Iu
2214 354 2282 390 hoc
2306 356 2404 392 enim

367 419 401 451 iu
421 427 546 464 pecus.
572 412 676 448 l‘auis
693 410 792 445 euim
816 410 1044 457 Angelorum
1068 411 1184 446 sactus
1213 419 1269 446 est
1299 411 1353 445 se-

367 487 454 509 num
479 488 485 508 2
525 475 539 508 l
563 472 666 506 uicus
695 469 822 512 Patris,
857 468 953 503 lilius
989 467 1162 504 hominis.
1198 471 1351 503 Verbum

367 534 509 582 quippe
535 529 773 576 carosanum
799 536 851 562 est
871 534 876 548 ¹
902 541 908 561 :
927 535 962 562 et
978 526 1087 574 juxta
1107 526 1352 575 proplietam,

370 596 495 625 Omnis
527 602 613 623 caro
634 587 763 634 ⁸lkmmi
784 592 810 621 ³.
837 585 1048 622 Comeduut
1082 586 1193 634 igitur
1217 586 1350 635 Angeli

365 649 529 687 Verbum
561 648 606 683 ‹le
636 651 713 682 Deo
745 653 872 681 natum

367 709 529 745 Verbum
553 707 679 742 senum
702 705 849 741 lactum.
865 708 963 740 Pane
990 717 1058 739 suo
1077 705 1207 740 vivunt
1223 704 1354 751 Augeli

367 770 401 804 iu
421 767 542 810 cti-lis,
569 773 604 800 et
625 764 722 800 beati
741 771 828 800 sunt
851 776 858 797 :
887 764 973 798 seno
994 775 1063 798 suo
1089 763 1219 798 vivunt
1237 762 1355 799 homi-

366 841 430 863 nes
468 827 505 862 iu
536 825 665 869 terris,
694 831 730 859 et
766 822 881 858 sancti
910 830 1009 858 sunt.
1037 825 1176 859 Fenum
1213 822 1354 871 quippe

364 886 462 922 istud
497 885 542 920 de
572 891 678 932 prato
709 881 898 930 virginalis
931 881 1025 916 uteri
1048 881 1269 925 collectum,
1302 881 1355 917 l'a-

365 955 466 981 rtum
490 952 545 979 est
571 942 727 979 resectio
749 940 1022 989 jumentorum.
1044 939 1210 976 Verbum
1236 948 1276 975 ut
1300 940 1356 975 se-

366 1017 455 1039 uum
488 1004 614 1047 lieret,
651 1000 757 1037 latuit
787 1001 823 1036 in
857 999 1030 1048 Virgine,
1051 1000 1111 1035 Sol
1142 1000 1179 1035 in
1215 998 1354 1045 sidere,

365 1063 505 1099 Artifex
523 1062 559 1097 in
581 1073 709 1110 opere.

417 1124 452 1158 3.
470 1125 549 1158 Iloc
569 1129 693 1157 autem
713 1118 933 1155 liberalioris
959 1117 1191 1154 excellentiae
1209 1116 1351 1153 donum

364 1181 521 1217 eontulit
543 1179 650 1216 nobis
674 1178 797 1227 primo
819 1178 854 1213 in
886 1178 967 1213 loco
988 1184 1222 1212 sacrosancta
1242 1174 1354 1212 Verbi

368 1240 483 1277 Patris
510 1238 736 1281 iucarnati03
757 1245 793 1272 et
825 1249 892 1272 vos
921 1234 1142 1271 secundario
1162 1233 1208 1270 de
1228 1234 1287 1269 die
1316 1234 1353 1269 in

363 1301 460 1336 diem
491 1298 600 1334 nobis
630 1296 847 1333 exhibendo
880 1295 1099 1331 ministratis
1130 1307 1176 1329 ex
1210 1293 1354 1329 collatae

365 1358 558 1408 potestatis
576 1356 714 1392 officio.
739 1358 769 1392 O
795 1355 972 1404 przeclara
988 1381 997 1398 ,
1017 1367 1040 1389 o
1058 1352 1262 1388 reverenda
1284 1364 1355 1400 po-

364 1427 474 1453 testas
490 1418 626 1452 vestra!
646 1418 754 1451 Certe
770 1427 845 1449 non
864 1422 919 1449 est
937 1421 1102 1462 potestas
1117 1419 1203 1460 post
1219 1414 1353 1455 Deum,

366 1478 460 1513 sicut
477 1483 640 1524 potestas
655 1481 791 1509 vestra.
814 1472 982 1509 Forsitan
999 1471 1092 1507 scire
1105 1470 1274 1515 vultis,et
1293 1481 1354 1504 au-

364 1536 443 1570 dire
469 1534 627 1569 delectat
657 1531 846 1580 apertius,
881 1542 1053 1578 quaenam
1083 1528 1130 1564 sit
1154 1528 1221 1564 ista
1251 1535 1354 1563 tanta

364 1602 547 1644 potestas,
568 1592 627 1628 cui
657 1591 746 1627 nihil
777 1590 814 1626 in
840 1589 935 1625 coelo
956 1589 1014 1624 vel
1037 1588 1074 1623 in
1101 1596 1200 1623 terra
1233 1586 1355 1622 valeat

362 1652 596 1702 comparari?
614 1650 671 1687 Ad
693 1649 795 1699 quod
811 1661 880 1697 ego
903 1662 910 1684 ε
932 1650 1160 1685 Consecrare
1180 1645 1355 1682 videlicet

364 1724 502 1760 corpus
528 1719 564 1746 et
593 1709 812 1757 sanguinem
839 1706 1003 1743 Domini.
1026 1708 1147 1755 Super
1171 1712 1354 1755 potestate

364 1779 506 1814 vestra,
528 1781 639 1818 super
656 1776 729 1803 tam
751 1767 887 1815 insigni
903 1766 1130 1815 spectacuIO,
1151 1777 1264 1814 super
1279 1772 1353 1799 tam

365 1829 524 1866 solemni
546 1827 737 1876 dignitatis
758 1834 891 1863 vestrae
914 1825 1111 1875 privilegio
1135 1832 1260 1873 stupet
1284 1836 1355 1859 coe-

365 1890 466 1933 lum,
486 1888 642 1923 miratur
665 1894 762 1922 terra
777 1913 786 1930 ,
810 1884 1063 1921 contremiscit
1086 1884 1199 1919 homo
1216 1912 1225 1929 ,
1247 1896 1354 1919 reve-

366 1957 468 1985 retur
495 1946 702 1996 plurimum
730 1945 897 1994 angelica
926 1943 1121 1981 celsitudo.
1154 1943 1225 1979 Sed
1254 1942 1354 1979 unde

363 2008 435 2043 hoc
456 2006 585 2050 nobis,
608 2006 771 2055 piissime
792 2009 900 2051 Jesu,
922 2013 962 2040 ut
985 2016 1053 2040 nos
1072 2002 1269 2039 vermiculi
1290 2015 1353 2038 re-

363 2075 510 2117 ptantes
526 2078 640 2115 super
663 2065 790 2101 facicm
817 2073 948 2109 terrae3
976 2076 1067 2108 nos,
1091 2064 1263 2111 inquam,
1290 2061 1355 2111 qui

364 2126 487 2176 pulvis
517 2133 553 2161 et
587 2125 680 2160 cinis
710 2136 857 2169 sumus,
892 2131 926 2158 te
958 2131 1180 2172 praesentem
1214 2120 1353 2157 habere

363 2198 575 2222 mereamur
592 2197 668 2234 prae
697 2183 887 2227 manibus,
912 2195 990 2232 prce
1007 2182 1144 2226 oculis,
1170 2181 1235 2230 qui
1254 2189 1355 2217 totus

364 2253 398 2280 et
420 2245 563 2292 integer
589 2244 695 2280 sedes
714 2243 759 2279 ad
778 2242 969 2278 dexteram
992 2241 1109 2278 Patris
1131 2256 1138 2277 z
1161 2240 1224 2289 qui
1243 2240 1353 2276 etiam

365 2304 475 2340 unius
505 2304 606 2339 horae
636 2311 829 2338 momento
856 2301 903 2338 ab
933 2309 1017 2338 ortu
1047 2301 1135 2336 solis
1162 2312 1280 2348 usque
1309 2299 1355 2335 ad

364 2376 552 2406 occasum,
571 2361 617 2397 ab
638 2362 814 2409 aquilone
829 2374 946 2410 usque
965 2360 1010 2397 ad
1031 2367 1197 2396 austrum
1217 2367 1354 2408 praesto

364 2435 403 2457 es
435 2420 611 2456 omnibus
627 2449 635 2465 ,
659 2433 755 2456 unus
781 2421 817 2455 in
840 2420 988 2465 multis,
1016 2419 1114 2455 idem
1140 2419 1176 2455 in
1196 2418 1354 2455 diversis

365 2481 466 2517 locis.
487 2479 595 2517 Unde
611 2480 698 2525 hoc,
722 2480 898 2528 inquam?
916 2481 1023 2516 Certe
1041 2491 1117 2514 non
1139 2492 1182 2514 ex
1203 2477 1329 2513 debito
1343 2506 1352 2523 ,

363 2540 420 2575 vel
441 2552 485 2574 ex
509 2539 642 2574 merito
666 2547 814 2583 nostr03
836 2537 899 2574 sed
926 2551 970 2574 ex
994 2538 1187 2573 voluntate
1214 2545 1296 2583 tua,
1317 2544 1354 2573 et

910 660 917 681 z
951 645 1154 681 comeduut
1185 644 1354 680 homiues

1420 414 1660 446 Sat-ramento
1678 424 1753 446 uon
1777 411 1898 446 solum
1919 410 2114 459 quzelibet,
2135 412 2198 447 sed
2216 412 2276 449 ille
2293 426 2313 449 a
2330 427 2406 462 quo

1419 479 1474 504 est
1493 470 1616 505 omnis
1633 470 1765 518 gratia,
1781 470 1951 506 sumitur.
1968 471 2134 507 Christus
2151 472 2248 507 euim
2267 486 2336 521 pro
2353 487 2408 509 sa-

1421 528 1496 563 lute
1518 528 1647 563 muudi
1664 529 1776 563 semel
1796 528 1913 564 sactus
1928 537 1983 565 est
2003 529 2120 566 hostia
2141 531 2332 577 salutaris,
2352 545 2407 568 re-

1420 587 1632 622 conciliatio
1652 587 1848 635 generalis,
1871 587 2047 624 omnibus
2063 590 2314 635 sacramentis,
2331 599 2405 627 tam

1422 645 1740 694 prawedeutibus,
1759 659 1869 694 quam
1897 645 2213 696 subsequentibus
2230 650 2406 686 virtutem

1421 706 1524 741 dedit
1545 714 1581 741 et
1605 706 1828 751 el'licaciam,
1852 715 1891 742 ut
1918 715 2017 743 tanta
2040 716 2076 743 et
2101 708 2162 744 tali
2183 708 2301 745 hostia
2321 722 2407 745 san-

1419 765 1672 800 ctificarentur
1703 778 1834 801 omnes
1865 764 2046 803 liberandi
2072 779 2141 816 per
2162 767 2273 804 illam.
2296 768 2407 805 Unde

1421 824 1576 872 legitur,
1612 823 1699 871 quia
1732 828 1861 873 Agnus
1893 829 2028 860 occisus
2053 835 2104 860 est
2126 825 2173 861 ab
2195 828 2300 862 inhio
2327 841 2406 862 soe-

1420 885 1496 918 culi
1518 883 1545 928 ⁴,
1563 882 1618 918 his
1638 882 1811 919 videlieet
1831 884 1894 932 qui
1910 883 2119 920 sueruntab
2140 884 2248 921 initio
2268 885 2342 921 :ita
2366 893 2408 922 ut

1421 955 1488 990 per
1503 942 1573 977 hoc
1597 941 1698 990 quod
1720 940 1867 986 dicitur,
1885 941 1931 976 ab
1948 946 2066 986 initio,
2086 942 2313 980 determines
2329 956 2406 980 non

1422 1009 1568 1049 tempus
1588 1001 1803 1045 occisionis,
1825 1000 1888 1036 sed
1907 1001 2046 1037 salutis.
2064 1001 2170 1037 Prius
2185 1002 2284 1038 enim
2306 1014 2408 1039 mors

1375 1059 1400 1092 B
1421 1058 1502 1107 ejus
1528 1059 1688 1108 profuit,
1721 1073 1832 1108 quam
1864 1059 1944 1095 suit.
1977 1061 2083 1096 Prius
2110 1061 2334 1109 promissiO,
2366 1074 2408 1098 ac

1421 1118 1556 1154 deinde
1580 1118 1773 1155 exhibitio.
1805 1118 1863 1155 Ab
1889 1119 1993 1154 initio
2013 1132 2102 1168 ergo
2123 1119 2246 1155 saeculi
2263 1119 2408 1157 occisus

1420 1191 1479 1224 es,
1513 1178 1777 1228 benignissime
1803 1182 1913 1223 Jesu,
1950 1178 2224 1215 nobilissimum
2259 1191 2408 1228 sponsae

1421 1244 1493 1272 tuse
1513 1237 1726 1273 dotalitium
1752 1236 1953 1282 indulsisti,
1970 1245 2011 1272 ut
2031 1237 2088 1273 vel
2109 1237 2160 1273 sie
2184 1245 2327 1273 teneret
2342 1251 2408 1274 co-

1420 1294 1547 1331 lumba
1576 1303 1637 1331 tua
1665 1295 1922 1331 dulcissimum
1953 1296 2168 1332 memoriale
2193 1296 2316 1332 dilecti
2339 1297 2405 1332 sui.

1420 1353 1587 1390 Christus
1607 1353 1706 1389 enim
1722 1353 1843 1401 pridie
1863 1366 1974 1401 quam
1998 1362 2201 1402 pateretur,
2217 1354 2408 1404 discipulis

1421 1412 1495 1447 suis
1514 1412 1625 1460 hujus
1642 1412 1869 1448 Sacramenti
1887 1412 2043 1447 somnam
2060 1413 2305 1462 praescripsit,
2325 1414 2407 1450 effi-

1422 1469 1560 1504 caciam
1583 1468 1771 1515 exhibuit,
1794 1468 1830 1504 id
1858 1476 1932 1513 est,
1951 1469 2032 1505 lieri
2052 1470 2241 1520 praecepit.
2263 1473 2407 1508 Formae

1419 1528 1652 1577 praescriptio
1673 1528 1709 1563 in
1731 1540 1826 1577 pane
1843 1528 1933 1564 etin
1952 1527 2054 1564 vino.
2073 1532 2206 1565 Notate
2218 1529 2404 1566 ordinem.

1419 1590 1510 1625 Cum
1530 1587 1651 1624 adhuc
1679 1596 1905 1633 coenaretur,
1925 1600 1944 1623 a
1965 1601 2071 1624 coena
2089 1589 2270 1634 surrexit,
2293 1589 2407 1625 disci-

1419 1646 1594 1694 pulorum
1611 1645 1725 1695 pedes
1744 1645 1924 1681 Dominus
1940 1645 2202 1682 universorum
2215 1646 2328 1691 lavit;
2346 1646 2409 1683 de-

1419 1704 1507 1740 hinc
1533 1704 1580 1740 ad
1603 1717 1768 1740 mensam
1792 1716 1981 1752 regressus
2007 1704 2157 1740 ordinat
2183 1705 2406 1741 sacrificium

1420 1764 1591 1812 corporis
1613 1772 1649 1799 et
1672 1763 1863 1812 sanguinis
1888 1763 1962 1808 sui,
1984 1776 2152 1799 seorsum
2175 1777 2331 1813 panem,
2348 1777 2408 1801 se—

1375 1826 1401 1863 C
1422 1836 1548 1859 orsum
1572 1823 1722 1859 tradens
1749 1831 1786 1858 et
1807 1822 1951 1858 vinum.
1968 1826 2024 1858 De
2050 1835 2146 1872 pane
2170 1824 2220 1859 ita
2249 1823 2376 1860 dicens
2396 1838 2404 1858 ι

1419 1885 1592 1930 Accipite
1612 1892 1646 1917 et
1664 1883 1864 1925 comedite,
1891 1882 1957 1916 lmc
1973 1890 2026 1917 est
2041 1895 2172 1930 eorpus
2195 1895 2329 1918 meum.
2352 1886 2408 1919 De

1419 1943 1508 1978 vino
1537 1943 1648 1979 etiam
1679 1941 1730 1978 sic
1751 1954 1759 1976 ε
1785 1940 1904 1977 Bibite
1930 1955 1979 1977 ex
2008 1943 2074 1977 lmc
2100 1955 2236 1978 onmes.
2269 1943 2336 1977 Hic
2356 1950 2410 1977 esc

1419 2006 1572 2049 sanguis
1591 2014 1712 2044 meus,
1740 2005 1803 2048 qui
1818 2013 1889 2047 pro
1916 2003 2041 2035 multis
2065 1998 2279 2047 cjfimdetur
2295 2005 2333 2035 in
2351 2014 2409 2036 re-

1421 2065 1633 2096 missionem
1661 2068 1894 2108 pet-catorum
1922 2059 1947 2095 ⁵.
1980 2062 2011 2095 E
2005 2058 2228 2106 jsnndetar,
2265 2059 2406 2096 dictum

1421 2128 1500 2166 est,
1521 2121 1608 2169 quia
1637 2120 1772 2170 passim
1790 2128 1826 2156 et
1843 2119 1986 2165 viliter;
2016 2131 2127 2168 quern
2159 2119 2289 2168 utique
2314 2132 2410 2169 pun—

1421 2189 1536 2216 cturae
1558 2180 1750 2229 veprium,
1779 2179 1892 2215 fossio
1914 2191 2093 2215 manuum
2111 2187 2147 2215 et
2165 2178 2303 2228 pedum
2323 2191 2408 2215 cum

1420 2239 1547 2285 clavis,
1568 2239 1690 2275 lateris
1707 2239 1850 2288 apertio
1872 2251 1954 2275 cum
1970 2239 2096 2275 lancea
2111 2238 2260 2274 militari
2279 2238 2410 2275 fortius

1421 2299 1686 2348 exprimentes,
1711 2298 1757 2334 ad
1779 2298 1932 2334 modum
1956 2299 2134 2334 torrentis
2151 2298 2410 2334 fuderuntex-

1422 2359 1622 2403 trinsecus;
1635 2367 1788 2406 cratque
1800 2358 1860 2393 ille
1874 2358 2022 2406 sanguis
2033 2357 2232 2407 pretiosior
2243 2357 2410 2393 charior-

1420 2431 1492 2466 que
1509 2417 1687 2462 balsamo,
1702 2430 1769 2466 per
1782 2430 1891 2465 quem
1904 2416 2071 2453 sordium
2089 2425 2301 2452 nostrarum
2315 2417 2409 2452 sacta

1418 2485 1471 2512 cst
1490 2476 1698 2512 mundatio.
1719 2476 1885 2512 Christus
1902 2476 1938 2511 in
1954 2489 2059 2512 coena
2076 2476 2138 2511 illa
2156 2488 2357 2512 munerans
2373 2485 2410 2512 et

1419 2548 1577 2581 munus;
1594 2534 1724 2571 cibans
1739 2544 1776 2571 ct
1795 2534 1921 2581 cibus;
1943 2535 2101 2571 conviva
2117 2543 2153 2571 et
2166 2535 2408 2582 convivium5

364 2599 575 2634 dulcedinis
607 2606 677 2634 tuae
714 2598 962 2646 beneplacito.
995 2598 1136 2633 Parasti
1173 2597 1272 2633 enim
1316 2594 1584 2632 inDofferens
1603 2594 1812 2630 etoblatiO.

364 2658 562 2694 dulcedine
594 2666 654 2694 tua
685 2658 860 2707 pauperi,
883 2661 985 2693 Deus
1003 2657 1028 2693 ³.
1048 2661 1194 2706 Pauper
1213 2665 1268 2692 est
1287 2669 1354 2705 ge-

365 2731 434 2753 nus
452 2717 680 2761 humanum,
705 2717 764 2752 cui
785 2716 927 2752 bonum
950 2716 1048 2752 istud
1066 2716 1212 2752 coelitus
1232 2715 1354 2752 indul-

365 2785 440 2812 tum
458 2785 523 2812 est.
546 2781 632 2812 llaec
652 2785 707 2812 cst
729 2790 815 2812 vere
830 2775 1064 2824 indulgentia
1082 2775 1256 2820 coelestis,
1275 2774 1353 2811 haec

362 2843 417 2869 est
440 2848 528 2871 vere
557 2835 744 2871 cumulata
765 2835 899 2883 gratia,
924 2834 1002 2870 haec
1025 2843 1079 2870 est
1106 2847 1193 2870 vere
1216 2847 1350 2883 supcr-

362 2895 548 2930 excellens
576 2895 692 2942 gloria
725 2894 984 2938 sacerdotum,
1013 2897 1131 2930 Deum
1162 2907 1270 2929 suum
1300 2901 1351 2929 te-

363 2965 470 2997 nere,
506 2962 538 2989 et
571 2954 650 2989 aliis
686 2953 810 2989 dando
844 2954 1046 3002 porrigere.
1081 2956 1112 2989 O
1143 2965 1277 2988 novam
1317 2960 1354 2988 et

362 3012 526 3048 divinam
562 3021 784 3061 potestatem
807 3041 816 3056 ,
858 3012 964 3061 cujus
998 3012 1202 3047 ministerio
1246 3011 1353 3061 panis

361 3072 590 3119 Angelorum
615 3080 651 3107 et
682 3072 787 3117 vitae,
821 3071 1043 3108 mortalibus
1067 3071 1236 3120 quotidie
1257 3085 1353 3120 prae-

362 3138 514 3179 paratur
531 3133 537 3165 !

1474 2654 1508 2689 5.
1536 2652 1701 2689 Audistis
1727 2652 1884 2689 sormam
1909 2653 2157 2699 Sacramenti;
2179 2652 2306 2689 audite
2329 2654 2410 2690 effi-

1420 2712 1558 2748 caciam
1585 2719 1621 2747 et
1639 2711 1945 2747 communionem
1969 2711 2138 2761 corporis
2158 2720 2194 2748 et
2219 2711 2411 2761 sanguinis

1421 2772 1583 2808 Domini.
1606 2775 1651 2808 Et
1670 2784 1737 2807 nos
1762 2775 1849 2807 Jesu
1870 2771 2038 2816 Christo,
2059 2780 2095 2808 et
2120 2775 2228 2808 Jesus
2245 2771 2411 2808 Christus

1421 2830 1529 2867 nobis
1556 2831 1592 2867 in
1616 2831 1758 2867 unitate
1783 2831 2013 2867 foederantur
2032 2829 2294 2877 inenarrabili,
2315 2831 2410 2867 sicut

1420 2890 1498 2939 ipse
1515 2890 1625 2926 dicit:
1643 2892 1716 2936 Qui
1732 2893 1934 2926 manducat
1949 2904 2096 2927 carnem
2115 2904 2250 2936 meam,
2267 2899 2303 2927 et
2321 2891 2411 2928 bibit

1420 2963 1539 2984 numm
1559 2956 1778 2997 sangumem
1791 2978 1799 2994 ,
1828 2955 1863 2985 in
1885 2965 1941 2986 me
1962 2960 2108 2995 manet,
2131 2961 2164 2987 el
2183 2965 2248 2999 ego
2268 2955 2307 2986 in
2323 2965 2365 2986 eo
2381 2950 2410 2988 ⁶.

1418 3012 1473 3045 De
1502 3007 1612 3044 bonis
1631 3017 1667 3045 et
1689 3010 1800 3059 digne
1823 3009 2058 3047 sumentibus
2078 3010 2150 3046 hoc
2170 3010 2408 3047 sentiendum

1419 3077 1486 3114 est,
1504 3082 1580 3104 non
1595 3068 1640 3104 de
1656 3069 1846 3117 flagitiosis
1863 3078 1899 3105 et
1917 3070 2098 3119 pessimis.
2119 3073 2213 3107 Sane
2228 3070 2263 3106 in
2283 3082 2410 3107 mensa

1420 3142 1513 3172 una,
1536 3127 1572 3163 iu
1591 3141 1696 3164 coena
1717 3129 1885 3174 Domini,
1909 3129 1955 3164 de
1977 3142 2053 3165 uno
2075 3142 2171 3178 pane
2191 3136 2410 3165 consecrato

411 3264 418 3277 ¹
436 3260 526 3287 Joau.
549 3269 577 3293 ι,
603 3261 653 3289 ιἰ.
678 3277 712 3280 -
734 3258 1018 3295 ²1⁵41i.xr„t'›.——
1035 3255 1048 3280 3
1067 3258 1145 3289 l'sal.
1166 3269 1257 3289 mxvii
1274 3283 1281 3296 ,
1306 3262 1356 3290 11.
1374 3278 1415 3282 -
1436 3259 1449 3285 4
1471 3261 1570 3300 Apoc.
1593 3267 1676 3294 xiii,
1699 3259 1729 3287 8.
1746 3273 1791 3278 —
1809 3253 1822 3276 5
1839 3254 2051 3287 Mauh.xxv1
2067 3278 2076 3294 ,
2094 3257 2206 3286 26-28.
2225 3272 2266 3277 —
2284 3252 2299 3276 ⁶
2314 3257 2406 3287 Joau.

474 3312 489 3320 ιι.

366 3321 418 3345 VI,
452 3313 503 3338 51.
