2418 3949
83 154 156 190 225

80 230 290 266 conciliatio
305 231 319 265 ?
339 233 383 267 Et
402 230 448 266 de
465 228 726 266 conciliatione
743 237 779 265 et
796 229 974 265 charitate
991 228 1065 265 fra·
1078 224 1105 242 ¹⁰

757 153 807 187 IN
835 151 1059 195 CANTICA‚
1089 150 1250 186 SERMO
1280 153 1442 188 XXXII.

1109 224 1235 275 ’quod
1264 240 1340 263 non
1366 241 1450 263 cum
1484 228 1599 276 gratia
1627 228 1795 265 offertur.
1819 229 1985 265 Charitas
2018 229 2122 267 radix

2053 154 2127 190 226

78 297 183 325 terna
199 288 288 325 dicit
316 288 381 325 tibi
406 289 573 326 Psalmus
595 302 602 324 :
624 290 720 323 Ecce
745 301 856 336 quam
878 287 1010 323 bonum
1031 295 1068 322 et
1085 289 1113 322 A
1133 293 1207 330 est,
1221 286 1326 334 quasi
1344 286 1603 323 ramivirtutes
1621 295 1762 324 caeterae
1781 287 1826 324 de
1842 288 1903 325 illa
1918 289 2121 338 pullulant3

73 361 186 395 quam
207 349 434 393 jucundum,
463 347 634 386 ‚habitare
658 346 802 395 fratres
830 351 869 382 in
901 360 1011 383 unum
1034 348 1065 381 ¹!

77 409 164 444 Haec
184 415 239 443 est
258 407 501 443 excellentior
521 407 580 443 via
594 406 705 455 juxta
730 407 903 452 Paulum,
923 414 961 442 et
985 406 1065 442 aliis

77 466 196 515 major
209 465 492 503 charismatibus
502 472 530 511 ²,
548 465 654 515 quasi
669 465 810 502 cunctis
822 463 1062 501 aromatibus.

76 529 320 574 Unguentum
340 525 410 561 hoc
430 524 622 561 deseendit
641 524 688 560 de
712 524 834 573 capite
853 523 890 559 in
908 521 1062 558 barbam

76 592 114 620 et
138 597 242 621 oram
272 584 482 620 vestimenti
499 583 525 618 3.
547 584 714 619 Christus
732 582 830 619 enim
850 590 963 631 caput
990 594 1062 617 no-

75 651 192 680 strum
211 643 314 692 prius
333 637 464 677 dilexit
484 655 572 687 nos,
592 650 635 678 ut
663 654 731 678 nos
750 641 946 690 diligamus
962 653 1060 676 eum.

127 703 165 738 6.
193 701 283 738 Ideo
313 708 350 736 et
368 712 505 749 sponsa
530 713 569 736 se
596 712 746 736 currere
778 699 868 736 dicit
886 699 923 735 in
944 698 1062 736 odore

73 759 280 804 unctionis,
297 758 335 794 id
350 767 405 794 est
422 759 460 794 in
475 759 713 794 aemulatione
729 758 953 795 dilectionis.
976 760 1060 794 Non

72 818 184 863 dicit,
211 817 422 866 Unguenti3
456 817 540 861 sed,
564 825 830 865 unguentorum
851 831 862 851 .·
882 829 928 853 eo
957 816 1060 866 quod

70 876 217 925 gemina
234 877 281 913 sit
299 875 461 912 dilectio.
480 879 583 921 Una,
606 887 681 924 qua
697 874 886 923 diligimus
914 875 1036 925 ipsum
1050 904 1059 921 ,

68 935 248 983 quoniam
273 934 353 983 ipse
374 934 478 984 prior
499 934 630 970 dilexit
646 947 714 970 nos
739 948 747 970 :
765 934 836 970 alia
850 962 860 980 ,
880 947 954 983 qua
971 934 1059 971 dili-

1132 351 1168 378 et
1189 342 1273 379 ideo
1290 344 1529 392 pinguedinis
1545 344 1645 382 illius
1663 347 1861 396 participes
1877 360 1956 384 esse
1969 347 2120 384 debent.

1131 402 1229 449 Quid
1246 402 1400 452 prodest
1419 416 1544 440 ramus
1561 404 1598 440 in
1620 404 1720 441 bona
1736 406 1834 442 oliva
1849 434 1858 451 ,
1876 406 1997 442 sinon
2017 407 2055 442 in
2075 420 2121 443 eo

1129 462 1290 498 sentitur
1310 462 1443 498 radicis
1463 463 1653 512 pinguedo
1674 473 1710 500 et
1730 465 1876 514 gratia?
1895 469 1950 502 Ita
1969 465 2121 515 quidem

1129 532 1197 555 nec
1218 528 1376 556 vlrtutes
1390 549 1399 566 ,
1418 534 1486 556 nec
1505 534 1620 570 opera
1635 530 1816 558 virtutum
1833 551 1842 567 ,
1863 523 1891 558 si
1911 535 1988 559 non
2004 523 2040 558 in
2069 524 2121 559 eis

1129 577 1316 614 charitatis
1333 587 1369 614 et
1389 579 1600 615 dilectionis
1619 581 1737 616 virtus
1755 581 1933 617 redoleat.

1183 637 1215 672 7.
1247 637 1363 673 Maria
1387 636 1494 685 cujus
1526 638 1635 673 etiam
1670 640 1784 675 modo
1811 639 1878 675 tibi
1908 653 2044 676 nomen
2072 641 2118 676 de

1127 696 1329 744 Evangelio
1357 697 1505 740 sonuit,
1527 696 1617 745 quid
1650 697 1687 732 in
1719 711 1761 733 ea
1793 698 1892 734 aliud
1923 712 2036 747 quam
2061 700 2118 736 di-

1126 754 1237 790 lectio
1258 753 1480 790 redolebat?
1498 757 1663 790 Dimissa
1685 765 1769 790 sient
1790 760 1842 799 ei,
1868 756 2009 805 inquit,
2027 772 2119 805 pec-

1125 823 1210 848 cata
1238 815 1378 856 multa,
1404 817 1582 860 quonium
1604 815 1738 848 dilexit
1769 816 1921 849 multum
1940 822 1964 850 7.
1992 819 2117 851 Bonus

1127 871 1240 920 hujus
1264 872 1443 920 unguenti
1464 871 1574 916 odor,
1601 870 1709 920 cujus
1734 873 1851 921 gratia
1872 873 2008 908 veteris
2031 886 2118 909 cor—

1126 931 1284 980 ruptelae
1306 931 1461 967 fetorem
1483 930 1622 967 delevit
1642 931 1818 975 omnino,
1842 939 1879 967 et
1909 940 2022 968 totam
2048 935 2118 968 Ec-

67 993 189 1042 gimus
207 993 368 1030 invicem
383 1021 392 1038 ‚
423 993 519 1029 sicut
537 1001 574 1029 et
598 993 677 1042 ipse
697 992 828 1029 dilexit
851 1006 933 1029 nos.
957 993 1060 1031 Utri·
1077 992 1104 1026 B
1124 991 1245 1026 clesiae
1277 990 1432 1027 domum
1462 991 1644 1026 suavitate
1676 999 1780 1039 grata
1811 990 1988 1039 perfudit.
2017 995 2116 1027 Dum

68 1064 190 1100 usque
204 1051 412 1088 dilectionis
427 1051 608 1088 habemus
629 1050 676 1087 ab
692 1051 773 1101 ipso
790 1059 828 1087 et
843 1052 1058 1101 exemplum

68 1119 106 1147 et
126 1111 281 1148 donum.
310 1114 395 1161 Ipse
417 1110 516 1147 enim
537 1110 748 1146 dilectionis
768 1118 805 1146 et
828 1110 925 1146 viam
946 1123 1058 1147 mon-

68 1178 183 1215 strat,
202 1178 239 1206 et
259 1170 445 1206 ministrat
460 1169 647 1206 virtutem.
669 1168 760 1206 Ideo
777 1170 958 1219 scriptum
977 1179 1056 1207 est:

66 1231 111 1264 In
143 1231 255 1264 odore
288 1237 556 1278 unguentorum
590 1233 668 1274 eJus
699 1242 888 1264 curremus
902 1230 934 1265 4'.
970 1232 1056 1279 Ipsa

65 1287 251 1324 connexio
267 1295 305 1323 et
330 1288 515 1333 suavitas,
544 1295 581 1324 et
598 1300 705 1324 amor
720 1288 840 1325 Patris
852 1316 862 1334 ,
892 1297 930 1325 et
951 1290 1054 1335 Filii,

64 1354 102 1383 et
127 1355 257 1383 mutua
289 1347 501 1397 complexio
522 1360 590 1397 per
620 1347 800 1396 Spiritum
830 1347 1027 1385 amborum
1043 1377 1053 1394 ‚

63 1417 191 1444 nonne
207 1414 312 1455 grato
328 1419 396 1442 nos
413 1406 530 1442 odore
543 1405 738 1455 perfundit
750 1434 759 1451 ,
776 1413 813 1441 et
828 1406 874 1442 ad
896 1407 1053 1443 similem

63 1477 131 1501 nos
148 1465 282 1501 invitat
309 1465 584 1501 aemulationem
600 1492 609 1510 ,
640 1473 682 1501 ut
702 1472 739 1500 et
769 1477 838 1500 nos
866 1478 982 1501 unum
1004 1465 1055 1502 si-

64 1535 164 1569 mus,
181 1523 275 1560 sicut
289 1532 327 1560 et
347 1523 418 1573 ipsi
435 1536 554 1559 unum
570 1524 680 1559 sunt?
699 1524 802 1560 Felix
821 1523 972 1572 quidem
990 1524 1053 1573 qui

64 1582 234 1631 sequitur
249 1591 286 1619 et
300 1583 418 1619 currit
434 1583 472 1619 in
488 1582 606 1619 odore
622 1582 811 1618 charitatis
832 1583 931 1619 illius
942 1612 951 1629 ‚
972 1596 1053 1619 sua-

62 1640 190 1678 vitatis
209 1641 329 1687 illius,
352 1641 562 1678 dilectionis
581 1641 681 1677 illius
694 1670 704 1686 ‚
733 1641 920 1678 unctionis
939 1642 1050 1678 illius.

60 1702 145 1748 Ipse
180 1701 279 1736 enim
314 1700 476 1750 Spiritus
501 1708 680 1749 utrosque
712 1700 818 1749 quasi
854 1702 1069 1750 perungit,-

1125 1058 1221 1085 csset
1241 1052 1322 1087 Rex
1345 1050 1384 1086 in
1407 1048 1583 1086 accubitu
1607 1062 1695 1095 suo,
1719 1050 1826 1085 nardi
1853 1050 1974 1098 pistici
1995 1050 2118 1086 alaba-

1124 1117 1241 1145 strum
1264 1108 1467 1158 confregit,
1489 1117 1527 1145 et
1553 1108 1686 1145 effudit
1708 1121 1821 1159 super
1837 1118 1951 1158 caput
1966 1123 2117 1146 recum-

1123 1167 1247 1204 bentis
1261 1167 1287 1204 ⁸.
1318 1171 1364 1204 Et
1385 1167 1525 1204 nardus
1548 1168 1613 1203 illa
1634 1167 1756 1212 dedit,
1775 1176 1813 1204 et
1837 1167 1959 1204 adhuc
1979 1168 2060 1213 dat,
2082 1177 2118 1204 et

1123 1227 1160 1262 in
1187 1228 1298 1263 finem
1319 1227 1444 1263 saeculi
1466 1225 1570 1262 dabit
1592 1225 1749 1262 odorem
1771 1239 1893 1263 suum.
1912 1230 2055 1264 Bonum
2078 1228 2114 1263 in

1120 1299 1183 1322 ara
1199 1286 1364 1335 pectoris
1379 1286 1434 1322 sui
1453 1285 1600 1322 Christo
1618 1285 1772 1322 domino
1789 1285 1957 1323 incendit
1974 1299 2116 1332 aroma,

1120 1358 1162 1381 ac
1179 1345 1208 1381 si
1229 1353 1463 1394 unguentum
1485 1344 1717 1380 exinanitum
1735 1357 1802 1380 eor
1821 1343 1923 1393 ejus,
1944 1353 1982 1381 et
2000 1345 2116 1394 lique-

1121 1405 1259 1441 factum
1275 1404 1425 1440 flamma
1439 1404 1641 1439 charitatis.
1659 1403 1814 1452 Sepulto
1831 1404 1996 1440 Domino
2007 1434 2017 1451 ,
2030 1405 2116 1441 vide

1120 1476 1233 1512 quam
1254 1463 1441 1506 officiosa,
1463 1475 1573 1510 quam
1592 1461 1720 1498 sedula
1737 1471 2026 1500 monumentum
2047 1465 2116 1501 fre—

1119 1530 1286 1570 quentat.
1314 1525 1347 1558 It
1368 1529 1405 1557 et
1430 1520 1548 1566 redit,
1576 1520 1680 1556 videt
1707 1521 1891 1570 Angelos,
1912 1523 2116 1571 Apostolos

1118 1580 1277 1625 invitat,
1299 1579 1526 1616 abeuntibus
1552 1579 1622 1616 illis
1655 1593 1730 1616 non
1755 1579 1845 1616 abiit
1865 1581 1938 1617 illa.
1966 1581 2115 1619 Ardens

1118 1649 1197 1686 est,
1222 1640 1366 1688 inquit,
1388 1652 1454 1675 cor
1475 1651 1597 1674 meum
1618 1653 1627 1683 3
1653 1638 1825 1675 desidero
1844 1639 1971 1675 videre
1992 1643 2112 1677 Deum

1119 1712 1241 1735 meum
1262 1712 1269 1734 ε
1289 1711 1418 1748 quaero
1432 1727 1441 1744 ,
1460 1706 1495 1734 et
1513 1710 1588 1733 non
1609 1697 1763 1733 invenio
1779 1710 1879 1733 eum.
1897 1702 2030 1736 Nonne
2048 1699 2114 1736 tibi

59 1770 155 1806 quos
181 1767 282 1795 tanta
302 1759 440 1795 amoris
467 1759 665 1795 dulcedine
694 1757 901 1809 conjungit.
924 1760 1052 1796 Imite-
1071 1759 1098 1794 C
1118 1759 1283 1795 anxietas
1308 1760 1376 1794 ista
1407 1757 1628 1806 quaerentis,
1649 1757 1796 1793 eximiae
1823 1757 2030 1795 dilectionis
2055 1760 2114 1795 vi—

60 1828 144 1852 mur
161 1817 378 1854 unctionem
400 1818 529 1863 istam,
549 1831 743 1854 curramus
762 1819 800 1854 in
822 1818 901 1866 ejus
920 1818 1047 1855 odore.

59 1874 203 1911 Divinae
225 1876 324 1912 illius
348 1885 385 1912 et
405 1878 610 1913 essentialis
638 1877 790 1913 unitatis
811 1878 944 1914 aemula
970 1886 1047 1923 est,

59 1940 96 1968 et
125 1935 229 1982 quasi
256 1935 379 1984 imago
412 1935 573 1971 fraterna
600 1936 783 1980 charitas,
809 1944 845 1972 et
877 1936 1047 1984 quaedam

59 1991 162 2027 velut
190 1992 322 2029 umbra
348 1995 527 2042 unguenti
555 1994 653 2030 illius
685 2003 721 2029 et
751 1993 980 2040 dulcedinis,
1011 2004 1048 2032 et

59 2052 196 2088 amoris
216 2053 350 2088 mutui.
366 2055 463 2088 Ecce
483 2053 580 2089 enim
598 2067 706 2101 quam
729 2052 860 2088 bonam
880 2064 914 2090 et
931 2068 1045 2102 quam

51 2111 273 2155 jucundum,
295 2109 614 2156 habitarefi·(1tres
637 2116 676 2146 m
697 2124 811 2146 unum
828 2116 841 2146 .'
863 2114 963 2148 Sicut
981 2126 1051 2147 un-

56 2178 231 2216 guentum
251 2174 289 2204 in
307 2174 443 2217 capite,
463 2172 564 2218 quod
580 2172 768 2205 descendit
786 2169 798 2191 ⁵
813 2199 822 2215 ,
842 2180 912 2207 etc.
927 2175 1051 2219 Atque

60 2228 201 2264 utinam
235 2228 281 2264 de
310 2229 432 2278 capite
464 2237 594 2265 nostro
611 2257 620 2274 ,
655 2229 758 2277 quod
792 2242 939 2266 sursum
970 2239 1047 2275 est,

58 2285 228 2334 quaedam
249 2286 431 2336 unguenti
453 2287 558 2323 istius
578 2287 616 2323 in
641 2300 710 2323 nos
735 2287 868 2323 umbra
891 2287 1049 2324 descen-

58 2344 146 2390 dat,
166 2354 206 2381 ut
223 2354 259 2382 et
281 2346 350 2395 ipsi
366 2346 496 2382 audire
516 2359 740 2392 mereamur,
760 2347 938 2395 quoniam
959 2349 1052 2382 octor

59 2414 320 2452 unguentorum
338 2413 479 2441 tuorum
499 2419 611 2453 saper
622 2409 747 2440 omnia
764 2415 946 2441 aromata.
963 2409 1047 2443 Per-

58 2475 167 2498 curre
187 2463 312 2499 animo
338 2464 495 2500 virtutes
524 2465 709 2513 reliquas,
739 2477 846 2501 usum
875 2473 913 2501 et
932 2478 1045 2514 opera

1117 1818 1228 1854 detur
1248 1818 1405 1854 odorem
1427 1817 1591 1865 spirare?
1622 1819 1710 1852 Haec
1729 1815 1845 1852 verba
1862 1817 1950 1852 dum
1975 1818 2012 1853 in
2036 1817 2116 1866 ejus

1117 1877 1296 1913 memoria
1327 1884 1548 1920 cantantur,
1582 1888 1710 1911 nonne
1736 1876 1799 1924 qui
1820 1884 1973 1912 cantant
1991 1885 2028 1912 et
2044 1877 2113 1926 ipsi

1114 1948 1267 1985 qnoque
1286 1935 1594 1971 inflammantur?
1621 1935 1793 1983 Denique
1812 1943 1848 1970 et
1869 1935 1949 1984 ipse
1978 1939 2085 1972 Jesus
2105 1965 2114 1980 ‚

1113 1995 1177 2043 qui
1196 1993 1442 2037 desideratur,
1459 1992 1641 2040 unguenti
1657 1993 1755 2028 illius
1769 1994 2007 2041 fragrantiam
2023 1994 2114 2031 odo-

1120 2062 1248 2097 ratur;
1271 2061 1307 2088 ct
1335 2052 1439 2100 quasi
1463 2052 1579 2087 currit
1605 2051 1650 2086 ad
1677 2052 1776 2087 illam
1802 2052 1837 2087 in
1863 2051 1980 2088 odore
2001 2053 2114 2089 vehe-

1118 2112 1254 2148 mentis
1281 2111 1429 2147 amoris.
1458 2110 1597 2157 Quidni
1624 2110 1669 2146 ad
1690 2119 1847 2159 cognata
1869 2110 2031 2148 libenter
2054 2126 2114 2148 rc.-

1117 2179 1242 2206 currat
1262 2171 1477 2219 unguenta?
1495 2171 1608 2216 Quasi
1634 2170 1670 2205 in
1693 2170 1879 2206 matutino
1899 2171 2045 2207 festinat
2066 2172 2112 2208 ad

1116 2229 1238 2274 illam,
1261 2237 1298 2265 et
1325 2241 1481 2277 surgens
1515 2242 1624 2264 mane
1653 2229 1773 2277 prima
1799 2228 1961 2274 sabbati,
1989 2230 2112 2278 primo

1116 2296 1273 2337 apparet
1292 2288 1418 2324 Mariae
1435 2296 1450 2317 9
1467 2317 1476 2333 ,
1493 2296 1529 2324 et
1547 2288 1653 2336 ungit
1674 2300 1753 2323 eam
1778 2289 1862 2323 oleo
1881 2289 2015 2324 laetitiae
2034 2303 2112 2339 prce

1116 2345 1355 2384 consortibus
1376 2346 1452 2382 suis
1467 2375 1476 2391 ‚
1496 2346 1584 2382 dum
1606 2359 1645 2382 se
1663 2345 1741 2394 jam
1763 2347 2009 2383 resurrexisse
2030 2361 2110 2384 ma—

1115 2407 1264 2443 nifestat
1288 2407 1325 2442 in
1358 2406 1488 2455 gloria.
1527 2410 1608 2442 Jam
1639 2413 1806 2441 aromata
1841 2406 1938 2442 illius
1967 2407 2004 2442 in
2036 2421 2110 2444 un—

1113 2474 1251 2515 guenta
1279 2465 1484 2509 convertit,
1508 2472 1544 2500 et
1565 2464 1747 2500 desideria
1770 2464 1850 2512 ejus
1879 2466 1914 2501 in
1945 2465 2110 2503 delecta-

58 2521 287 2571 singularum
316 2536 485 2570 recense;
515 2524 604 2560 nihil
631 2524 667 2560 in
693 2524 764 2561 illis
789 2533 860 2561 tam
882 2525 1093 2562 suaviterD
1112 2525 1250 2561 tionem
1271 2531 1488 2560 commutat.

60 2580 204 2617 redolet
221 2591 401 2630 quantum
423 2597 517 2632 pura
534 2583 580 2620 de
600 2583 712 2620 corde
731 2583 901 2621 charitas.
923 2587 1043 2632 Quem

59 2640 215 2677 odorem
230 2640 294 2678 tibi
307 2642 451 2691 spirent
462 2642 605 2691 jejunia
617 2671 626 2688 ,
646 2656 758 2692 quem
773 2643 929 2680 odorem
950 2645 1044 2680 elee-

61 2711 245 2748 mosynae,
265 2701 295 2737 si
317 2714 391 2737 non
424 2702 461 2738 in
490 2702 560 2739 illis
590 2702 749 2739 charitas
766 2703 870 2739 olet?
889 2704 1044 2741 Castitas

60 2758 138 2806 ipsa
152 2766 188 2794 et
201 2760 394 2797 tolerantia
412 2762 650 2810 passionum,
667 2762 695 2798 si
717 2775 791 2799 non
808 2762 946 2799 fuerint
960 2763 1043 2800 clia·

60 2817 168 2853 ritate
179 2818 347 2866 condita,
362 2820 453 2869 quid
465 2820 529 2857 tibi
542 2820 666 2858 suavis
676 2821 802 2858 odoris
818 2822 1043 2858 refundent?

59 2877 100 2911 Si
113 2879 311 2923 tradidero,
330 2879 451 2928 inquit
470 2881 607 2917 Paulus
619 2908 628 2925 ,
648 2895 778 2929 corpus
797 2895 918 2917 meum
937 2886 989 2917 ita
1004 2891 1044 2917 ut

60 2936 232 2979 ardeam,
255 2944 291 2972 et
319 2938 422 2986 quasi
455 2951 582 2975 aroma
613 2939 804 2976 incensum
839 2929 1040 2989 liq11055a1u

60 3001 159 3030 totus
186 2994 222 3030 in
249 2995 354 3046 igne,
377 2997 591 3034 charitatem
618 3008 740 3035 autem
771 3013 843 3034 non
869 2999 1042 3043 habeam,

59 3054 153 3089 nihil
174 3055 265 3089 milti
284 3057 434 3103 prodest
448 3054 474 3093 ⁶.
498 3060 580 3094 Non
605 3066 727 3107 potest
750 3058 864 3107 gratis
889 3058 1041 3108 suscipi,

1164 2586 1199 2621 8.
1222 2588 1362 2622 Aroma
1393 2582 1483 2618 mihi
1509 2582 1660 2618 videtur
1682 2582 1819 2618 offerre
1834 2611 1843 2627 ,
1865 2584 1928 2632 qui
1959 2592 2041 2619 orat
2070 2593 2105 2620 et

1111 2651 1229 2693 optat.
1253 2647 1358 2679 Tunc
1379 2650 1502 2678 autem
1526 2651 1720 2689 unguento
1741 2642 1994 2690 perfunditur,
2020 2655 2103 2678 cum

1110 2703 1191 2752 ejus
1213 2716 1323 2752 quem
1346 2710 1468 2745 amat,
1488 2702 1635 2750 potitur
1652 2702 1781 2750 copia,
1802 2715 1886 2737 cum
1907 2702 2104 2750 prresentia

1110 2763 1329 2799 delectatur.
1352 2765 1497 2798 Bonum
1527 2760 1678 2809 quidem
1705 2773 1813 2796 orare
1830 2769 1866 2796 et
1892 2760 2105 2797 desiderare

1110 2822 1336 2866 Dominum;
1367 2821 1430 2857 scd
1451 2833 1576 2856 amare
1592 2848 1601 2864 ,
1627 2828 1663 2855 ct
1680 2818 1818 2856 habere
1833 2848 1841 2864 ‚
1864 2828 1901 2855 et
1927 2820 1998 2855 frui
2026 2833 2106 2856 me-

1110 2882 1193 2918 lius.
1217 2884 1280 2926 Et,
1302 2889 1341 2916 ut
1361 2881 1408 2916 ita
1434 2879 1577 2925 dicam,
1599 2893 1682 2915 cum
1708 2892 1783 2914 non
1805 2878 1936 2922 habes,
1960 2877 2103 2915 bonum

1108 2949 1164 2977 est
1184 2939 1415 2984 mendicare,
1433 2938 1496 2975 sed
1519 2938 1651 2974 melius
1677 2938 1917 2973 manducare.
1938 2937 1973 2973 Si
1996 2946 2104 2986 potes

1109 3000 1301 3037 absentem
1320 3012 1465 3043 amare,
1485 3006 1626 3046 quanto
1646 2997 1760 3047 magis
1781 3011 1864 3033 eum
1881 2997 2005 3041 adest,
2019 3010 2101 3032 cum

1111 3059 1258 3108 copiam
1292 3058 1348 3093 sui
1384 3057 1572 3105 indulget,
1605 3070 1690 3092 cum
1722 3056 1954 3105 experientia
1985 3056 2104 3092 dulcis

109 3185 116 3199 ¹
143 3180 220 3211 Psal.
236 3191 348 3212 cxxxii
363 3206 370 3219 ‚
399 3185 424 3213 Ι.
442 3200 484 3205 —-
504 3186 630 3215 ²1Cor.
648 3195 708 3220 xii,
727 3188 763 3215 31
782 3208 789 3221 ,
804 3190 832 3215 ct
853 3195 923 3214 xiii.
941 3202 982 3206 -—
1004 3183 1017 3206 3
1034 3186 1111 3216 Psal.
1132 3195 1257 3220 cxxxii,
1280 3188 1308 3215 2.
1325 3203 1366 3208 -
1382 3183 1394 3208 5
1410 3184 1526 3214 Cantic.
1548 3196 1572 3222 i,
1592 3188 1622 3214 13.
1638 3203 1678 3206 —
1698 3182 1717 3204 fr
1733 3184 1809 3214 l‘sal.
1826 3194 1949 3220 cxxxii,
1970 3186 1998 3217 1,
2020 3185 2045 3210 a.
2063 3199 2102 3204 ι

59 3229 75 3251 ⁵
93 3233 102 3260 1
121 3232 190 3262 Cor.
207 3243 285 3270 xiii,
304 3236 335 3264 3.
354 3254 395 3258 —
417 3239 517 3266 71,ιιε,
537 3248 596 3273 vii,
621 3238 675 3271 37.
694 3238 748 3267 47.
765 3255 807 3258 —
826 3236 838 3259 ⁸
857 3239 956 3268 Mau-c.
972 3249 1041 3273 xiv,
1063 3242 1094 3269 3.
1123 3258 1150 3261 -
1172 3244 1187 3267 9
1209 3237 1253 3268 Id.
1276 3249 1343 3274 xvi,
1366 3241 1430 3267 1-9.

188 3303 275 3325 Tou.
308 3304 339 3327 Υ.

1960 3296 1980 3323 S
