2418 3949
135 204 209 240 505

132 295 198 323 est.
215 287 439 336 Assequitur
456 301 546 338 ergo
563 287 666 337 quod
686 287 873 325 desiderat
889 288 1058 337 quisquis
1074 280 1168 325 ibi²⁰

133 346 273 395 aliquid
298 347 496 384 desiderat.

186 407 220 441 8.
253 406 351 454 Quid
370 407 537 443 dicemus
557 405 603 442 ad
623 406 725 442 haec?
746 405 837 455 quid
857 406 1009 455 inquam
1029 406 1131 443 dice-

133 466 241 500 mus?
266 469 459 514 Loquere,
489 464 668 510 obsecro,
698 465 879 510 Domine,
909 465 997 514 quia
1027 465 1132 501 audit

131 536 262 561 servus
288 533 386 561 tuus.
412 524 605 574 Numquid
628 533 665 561 et
686 524 830 573 magni,
853 532 889 560 et
910 524 1018 574 parvi
1045 537 1130 560 om-

131 595 197 619 nes
222 584 287 632 qui
310 591 397 620 sunt
416 584 453 619 in
475 596 591 632 regno
611 582 705 628 Dei,
725 582 986 631 unusquisque
1006 583 1043 619 in
1060 596 1130 619 suo

130 642 264 678 ordine
282 650 402 687 amat,
418 651 455 679 et
471 655 597 678 amare
614 641 819 687 desiderat,
837 650 874 678 et
889 642 1027 678 amoris
1047 643 1132 678 uni-

131 708 186 736 tas
210 713 286 737 non
314 701 404 737 sinit
427 709 469 737 ut
495 701 542 737 sit
568 701 788 746 diversita53
811 700 902 737 dum
929 709 1050 747 amat,
1074 701 1134 738 cui

129 758 258 796 datum
293 767 351 796 est
385 759 480 803 hoc,
513 759 706 796 ardentius
739 774 747 796 :
780 760 906 796 minor
938 768 1061 796 autem
1093 761 1133 796 in

130 829 260 853 amore
291 818 370 854 sine
401 817 544 853 invidia
575 817 718 853 bonum
748 817 979 867 ubicumque
1009 818 1134 867 videt,

129 885 229 912 amat
251 876 354 926 quod
376 876 457 926 ipse
482 875 553 912 sibi
573 875 783 922 desiderat3
810 884 846 912 et
870 876 984 913 habet
1003 877 1134 926 utique

127 948 315 983 amorem,
338 945 668 986 quantuscumque
689 944 767 982 est,
786 949 898 985 quem
923 937 960 972 in
983 946 1133 974 amante

126 994 241 1032 habet
262 1004 300 1033 et
319 997 440 1032 amat?
462 996 648 1032 Nimirum
667 1008 774 1031 amor
795 1004 850 1031 est
872 997 938 1044 qui
959 1005 1128 1042 amatur,

763 206 910 241 LIBER
939 206 1002 240 DE
1032 205 1428 242 CONTEMPLANDO
1458 209 1568 244 DEO.

2122 209 2199 244 30ss

1542 348 1718 387 CAPUT
1748 350 1818 388 IV.

1196 463 1298 492 Deum
1323 468 1451 503 propter
1470 473 1501 493 se
1515 486 1522 500 ,
1551 469 1661 494 czrtera
1686 464 1788 494 omnia
1808 465 1928 495 nonnisi
1950 471 2078 507 propter
2095 468 2198 496 Deum

1569 516 1655 557 diligi
1694 516 1820 547 debere.

1253 641 1289 677 9.
1311 644 1357 677 Et
1372 641 1445 677 hoc
1459 650 1514 677 est
1530 653 1654 679 amare
1672 651 1776 680 tuum
1790 673 1798 688 ‚
1814 658 1890 693 quo
1903 658 2005 682 amas
2019 653 2054 682 te
2071 659 2198 682 amau-

1200 706 1272 744 tes‚
1297 712 1317 735 a
1346 699 1546 737 dulcedine
1570 700 1748 738 bonitatis
1779 711 1850 738 tuae
1875 717 1986 752 quam
2008 704 2123 741 habes
2150 704 2197 741 ad

1201 766 1410 794 creaturam
1446 767 1568 805 tuam,
1599 763 1754 797 Creator
1781 761 1899 805 bone,
1929 763 2112 811 inspirare
2144 764 2196 799 eis

1200 816 1273 853 hoc
1307 817 1535 854 desiderium
1567 819 1717 855 amandi
1750 827 1805 865 te;
1841 828 1877 856 et
1913 833 2080 857 amorem
2119 835 2195 870 quo

1199 884 1346 922 amant,
1378 885 1416 913 et
1444 877 1657 914 desiderare
1689 886 1725 914 et
1751 892 1876 915 amare
1904 888 1950 915 te.
1981 883 2065 916 Non
2095 881 2196 916 enim

1198 935 1358 972 afficeris
1387 936 1434 972 ad
1468 949 1555 982 nos,
1578 938 1637 973 vel
1667 950 1687 973 a
1715 937 1845 983 nobis,
1867 951 1949 974 cum
1972 951 2042 974 nos
2062 951 2163 974 amas
2188 953 2196 975 ;

1196 994 1262 1030 sed
1283 1007 1335 1039 es,
1356 996 1421 1044 qui
1441 1008 1592 1044 semper
1604 995 1641 1031 id
1660 996 1782 1045 ipsum
1800 1009 1860 1042 es3
1881 996 1941 1032 cui
1958 996 2030 1032 hoc
2047 1005 2101 1032 est
2117 1009 2198 1033 esse

128 1055 259 1104 quiex
277 1068 412 1104 magna
433 1054 613 1091 bonitatis
634 1067 710 1091 suae
731 1054 924 1091 affluentia
944 1063 980 1091 et
998 1064 1132 1093 natura
1150 1055 1176 1088 Β
1197 1052 1302 1101 quod
1321 1065 1402 1089 esse
1421 1053 1565 1089 bonum
1585 1068 1592 1089 τ
1615 1053 1758 1091 bonum
1781 1063 1905 1090 autem
1929 1054 1996 1090 tibi
2021 1055 2058 1090 in
2081 1063 2139 1099 te,
2161 1064 2198 1091 et

126 1123 294 1151 amantes
326 1123 364 1151 et
392 1122 633 1159 coamantes,
657 1113 863 1162 gaudentes
892 1123 930 1151 et
960 1128 1130 1164 congau-

127 1172 279 1218 dentes,
306 1173 388 1223 pari
419 1172 551 1222 implet
579 1173 720 1221 gratia,
742 1172 829 1209 licet
855 1172 993 1222 dispari
1021 1187 1130 1210 men-

126 1245 213 1268 sura
234 1247 242 1268 :
264 1240 302 1269 et
329 1240 472 1281 quanto
500 1244 539 1268 se
566 1232 774 1268 amantium
796 1231 967 1269 sensibus
992 1233 1130 1282 largius

124 1290 316 1336 infundit,
337 1299 443 1327 tanto
468 1302 534 1326 eos
554 1290 613 1326 sui
633 1291 849 1339 capaciores
870 1291 1005 1336 efficit,
1023 1292 1129 1328 satie-

126 1358 238 1387 tatem
269 1350 428 1395 faciens,
450 1349 515 1386 sed
538 1350 619 1386 sine
648 1349 821 1396 fastidi03
843 1350 889 1386 de
910 1351 990 1400 ipsa
1013 1351 1130 1387 satie·-

126 1416 200 1446 tate
225 1422 302 1446 non
330 1409 506 1445 minuens
527 1408 774 1454 desiderium,
798 1409 862 1445 sed
886 1423 1047 1459 augens,
1068 1424 1128 1447 re-

125 1476 232 1511 mota
256 1468 362 1505 omni
397 1468 652 1504 anxietudinis
684 1469 845 1505 miseria.
873 1475 993 1506 Amor
1025 1471 1126 1506 enim

123 1536 196 1574 est,
215 1536 256 1564 ut
271 1528 411 1565 dictum
428 1536 505 1575 est,
526 1529 588 1577 qui
611 1536 758 1564 amatur
772 1557 781 1575 ‚
795 1529 859 1577 qui
877 1542 897 1565 a
918 1529 1123 1578 voluptatis

123 1600 199 1624 suae
226 1597 394 1624 torrente
422 1600 573 1624 omnem
602 1586 649 1624 ab
679 1595 845 1624 amatore
872 1601 941 1624 suo
972 1589 1123 1637 repellit

122 1647 182 1683 vel
207 1647 244 1683 in
270 1646 439 1683 satietate
460 1646 614 1692 fastidii,
638 1646 698 1682 vel
718 1647 755 1682 in
778 1646 965 1682 desiderio
991 1648 1121 1684 anxie-

124 1706 289 1751 tudinis,
310 1706 369 1742 vel
398 1707 436 1742 in
462 1705 620 1742 zelando
639 1706 792 1742 invidiae
814 1707 1002 1742 miseriam
1031 1721 1038 1743 :
1074 1707 1122 1742 il-

121 1765 312 1802 luminans
331 1778 413 1811 eos,
438 1774 479 1802 ut
496 1765 586 1801 dicit
603 1765 830 1815 Apostolus,
848 1779 871 1801 a
891 1769 1062 1802 claritate
1083 1770 1120 1802 in

1197 1111 1300 1148 omni
1319 1120 1392 1148 tuae
1409 1113 1446 1148 in
1465 1121 1500 1148 te
1520 1121 1714 1149 creaturae.
1733 1118 1809 1150 Nos
1825 1122 1949 1150 autem
1972 1127 1992 1150 a
2009 1122 2058 1159 te,
2077 1115 2123 1150 ad
2145 1124 2194 1161 te,

1197 1179 1233 1207 ct
1255 1172 1292 1207 in
1316 1180 1350 1208 te
1372 1172 1579 1218 afficimur,
1597 1186 1683 1209 cum
1706 1182 1740 1209 te
1761 1186 1930 1210 amamus
1946 1202 1955 1217 ,
1979 1174 2042 1222 qui
2062 1187 2198 1223 possu—

1197 1243 1280 1267 mus
1310 1231 1448 1268 misero
1478 1233 1606 1281 aliquo
1633 1232 1748 1269 modo
1780 1246 1883 1276 esse,
1914 1242 1950 1269 et
1973 1245 2051 1269 non
2072 1246 2198 1270 amare

1197 1297 1255 1335 te;
1280 1290 1319 1326 id
1347 1299 1424 1335 est,
1446 1305 1548 1338 esse,
1573 1300 1610 1327 et
1630 1293 1726 1328 male
1747 1304 1840 1328 esse.
1862 1291 1945 1328 Tibi
1975 1300 2099 1328 autem
2133 1294 2195 1342 qui

1193 1362 1344 1399 semper
1371 1350 1470 1387 idem
1492 1365 1552 1398 es,
1574 1352 1666 1388 nihil
1686 1352 1848 1397 accedit,
1875 1352 1904 1388 si
1925 1351 2087 1388 amando
2108 1366 2197 1402 pro—

1193 1409 1340 1446 ficimus
1363 1410 1409 1446 ad
1433 1419 1466 1447 te
1492 1425 1499 1446 ε
1527 1411 1618 1447 nihil
1645 1411 1814 1457 decedit,
1832 1412 1860 1448 si
1879 1411 2075 1448 deficimus
2101 1425 2120 1448 a
2147 1420 2194 1448 te.

1192 1471 1283 1505 Cum
1319 1478 1443 1505 autem
1475 1483 1544 1506 nos
1573 1483 1697 1518 amas,
1722 1471 1870 1509 nonnisi
1896 1479 2055 1521 propter
2074 1479 2109 1507 te
2127 1484 2196 1507 nos

1192 1540 1315 1574 amas;
1349 1543 1433 1565 cum
1467 1530 1660 1566 verissima
1694 1543 1850 1566 summae
1874 1529 2032 1579 justitiae
2065 1531 2194 1579 regula

1187 1588 1300 1623 etiam
1322 1601 1391 1625 nos
1413 1590 1463 1625 nil
1486 1603 1612 1626 amare
1629 1591 1823 1639 permittat
1841 1598 1946 1626 extra
1964 1599 2010 1626 te.
2030 1593 2077 1627 Et
2093 1600 2194 1627 certe

1187 1647 1366 1695 possibile
1392 1657 1448 1685 est
1468 1649 1588 1685 amori
1618 1653 1738 1686 Deum
1766 1650 1927 1686 amantis
1942 1678 1951 1695 ,
1972 1649 2038 1686 ubi
2059 1662 2195 1698 magna

1187 1707 1353 1743 occurrit
1383 1708 1499 1757 gratia
1515 1736 1525 1754 ‚
1543 1721 1589 1745 eo
1618 1709 1826 1758 proficere,
1847 1717 1888 1745 ut
1915 1722 1983 1745 nec
2007 1717 2042 1745 te
2061 1722 2130 1745 nec
2155 1722 2193 1745 se

1186 1779 1316 1803 amans
1334 1776 1493 1816 propter
1511 1781 1569 1812 se,
1590 1777 1626 1804 et
1654 1776 1688 1804 te
1712 1777 1748 1805 et
1772 1781 1810 1805 se
1837 1777 1995 1818 propter
2015 1777 2049 1804 te
2070 1769 2191 1805 solum

122 1827 328 1860 claritatem
344 1831 352 1846 ¹
370 1853 379 1870 ,
400 1832 442 1860 ut
467 1824 504 1860 in
529 1824 671 1860 lumine
691 1824 845 1860 videant
865 1824 1011 1870 lumen,
1029 1833 1065 1861 et
1085 1827 1123 1861 in
1146 1824 1172 1860 C
1192 1835 1316 1863 amet:
1335 1835 1372 1863 et
1389 1840 1457 1876 per
1472 1827 1544 1864 hoc
1561 1828 1788 1865 reformatur
1803 1828 1849 1864 ad
1868 1828 2069 1877 imaginem
2090 1837 2189 1865 tuam

121 1897 250 1920 amore
284 1883 500 1933 concipiant
526 1896 707 1919 amorem.
736 1884 805 1921 Hic
832 1892 888 1920 est
912 1885 1012 1920 enim
1040 1884 1124 1920 fons

120 1944 207 1980 vitae
239 1943 304 1992 qni
339 1955 490 1992 semper
518 1942 625 1988 fluit,
646 1951 682 1978 et
704 1955 897 1991 nunquam
918 1942 1120 1991 pereffluit.

120 2005 209 2038 Haec
239 2010 295 2038 est
322 2002 459 2051 gloria,
483 2001 538 2037 hae
557 2009 646 2037 sunt
669 2001 808 2038 divitiae
831 2002 868 2037 in
887 2001 1002 2037 domo
1023 2001 1122 2038 beati

120 2061 298 2097 amatoris
331 2061 408 2105 tui,
441 2060 529 2109 quia
562 2068 701 2109 praesto
734 2068 789 2096 est
822 2060 1050 2097 desideranti
1081 2069 1118 2097 et

122 2121 262 2156 amanti
292 2120 395 2169 quod
429 2120 635 2166 desiderat,
661 2128 698 2156 et
733 2120 837 2169 quod
872 2129 983 2156 amat.
1004 2120 1118 2157 Ideo-

120 2192 195 2228 que
215 2187 252 2215 et
271 2179 334 2228 qui
363 2178 569 2224 desiderat,
591 2192 741 2229 semper
761 2188 860 2216 amat
881 2179 1116 2225 desiderare3

120 2246 157 2274 et
183 2238 248 2287 qui
267 2243 387 2284 am'at,
408 2251 557 2288 semper
577 2237 765 2274 desiderat
784 2250 929 2283 amare;
953 2246 990 2273 et
1016 2237 1115 2274 desi-

119 2297 266 2334 deranti
294 2306 331 2334 et
357 2298 496 2334 amanti
526 2296 630 2346 quod
659 2297 848 2334 desiderat
874 2305 911 2333 et
937 2305 1037 2333 amat
1064 2297 1116 2333 sic

119 2357 208 2393 facis
227 2356 440 2403 abundare,
462 2370 484 2393 o
505 2357 688 2402 Domine,
713 2365 754 2393 ut
773 2370 842 2393 nec
863 2357 1031 2393 anxietas
1051 2356 1115 2393 de-

118 2416 364 2463 siderantem,
386 2430 455 2454 nec
475 2416 663 2454 fastidium
686 2417 826 2466 affligat
845 2416 1116 2454 abundantem.

119 2479 166 2514 Et
196 2476 400 2526 numquid,
428 2475 605 2522 obsecro,
637 2477 817 2521 Domine,
845 2476 924 2513 haec
954 2485 1010 2513 est
1041 2477 1118 2512 vita

118 2543 276 2580 aeterna,
297 2535 344 2571 de
367 2548 441 2584 qua
461 2543 587 2572 cantat
607 2536 801 2572 Psalmus¹:
819 2537 869 2571 Ee
890 2538 979 2571 vide
998 2540 1031 2570 si
1051 2540 1119 2571 via

120 2598 330 2643 iniquitatis
352 2600 390 2630 iu
415 2609 474 2630 me
495 2604 560 2639 est,
586 2605 621 2631 et
642 2597 762 2630 deduc
781 2609 839 2630 me
857 2600 895 2630 ise
916 2600 982 2630 via
1006 2604 1120 2630 (υτον-

120 2667 169 2688 ηα
187 2656 226 2690 ²?
258 2657 345 2691 Haec
372 2662 428 2690 est
450 2654 622 2700 affectio,
645 2655 723 2690 liaec
748 2663 804 2691 est
830 2654 1010 2704 perfectio
1032 2669 1039 2690 :
1067 2654 1118 2690 sic

119 2725 270 2763 semper
295 2714 370 2760 ire,
388 2713 459 2750 hoc
479 2722 535 2750 est
554 2714 764 2763 pervenire.
782 2714 894 2751 Unde
913 2714 1119 2763 Apostolus

120 2780 206 2808 tuus
219 2801 228 2819 ‚
244 2773 308 2822 qui
329 2773 443 2822 paulo
460 2781 546 2809 ante
566 2773 733 2818 dixerat,
750 2775 832 2809 Non
850 2776 950 2822 quod
963 2787 1119 2822 accepe—

118 2836 188 2867 rint
209 2841 276 2868 aut
289 2831 476 2880 perfectus
494 2837 584 2876 sim,
608 2847 741 2881 sequor
756 2843 878 2869 autem
899 2839 930 2868 si
954 2847 1120 2881 compre-

118 2891 276 2927 ltemlmn
291 2906 315 2926 a
332 2906 402 2940 quo
417 2892 699 2941 comprehensas
711 2906 790 2928 sitm
807 2897 843 2928 ιἸι
860 2893 996 2928 Christo
1011 2894 1097 2928 lesu
1107 2907 1117 2926 .-

119 2964 231 2986 unum
257 2960 378 2986 autem
406 2965 494 2999 (μαι)
519 2961 613 2987 retro
637 2962 721 2988 sicut
745 2952 971 2996 oblivisciviv,
996 2954 1050 2987 ml
1075 2966 1119 2987 ea

118 3023 208 3045 vero
225 3024 312 3058 quoe
324 3020 411 3046 sient
422 3012 553 3058 priora
571 3014 776 3047 extendens
791 3025 864 3055 me,
883 3014 936 3047 ml
953 3013 1120 3047 (leutitia-

119 3078 195 3104 tum
212 3083 440 3118 persequor,
466 3073 520 3107 ml
536 3070 701 3106 bravium
722 3085 894 3120 superine
918 3077 1122 3107 vocationis

119 3131 189 3164 Dei
209 3134 247 3165 ιἸι
278 3131 418 3167 Christo
435 3132 523 3166 ,lesu
543 3145 554 3166 .·
580 3132 813 3179 Quicumque
840 3145 947 3180 eigo,
976 3131 1119 3180 inquit,

115 3187 277 3235 perfecti
295 3203 438 3235 sumus,
460 3190 541 3226 laec
561 3195 763 3226 sentiamus
782 3191 804 3226 ³.

1189 1885 1235 1921 ad
1261 1898 1373 1934 quam
1400 1887 1534 1923 creasti
1552 1900 1656 1933 eum,
1678 1888 1744 1936 qui
1763 1900 1810 1922 cx
1832 1887 1987 1923 veritate
2007 1896 2192 1936 praestan-

1189 1945 1340 1981 tissimae
1359 1954 1502 1982 naturae
1520 1955 1605 1993 tuae,
1623 1956 1660 1983 et
1678 1956 1812 1983 natura
1829 1947 1997 1984 veritatis
2016 1956 2102 1990 tuae,
2122 1961 2192 1984 nec

1189 2013 1224 2041 te
1248 2004 1319 2040 nisi
1343 2014 1502 2054 propter
1520 2015 1574 2052 te,
1595 2019 1662 2043 nec
1685 2008 1881 2056 angelum,
1903 2019 1973 2043 nec
1994 2007 2188 2044 hominem

1185 2076 1311 2099 amare
1332 2072 1441 2112 potes
1461 2064 1531 2100 nisi
1553 2073 1711 2114 propter
1731 2074 1778 2101 te.

1250 2122 1308 2158 10.
1339 2125 1409 2168 Et,
1440 2135 1463 2158 o
1494 2123 1637 2159 felicem
1670 2132 1707 2159 et
1746 2125 1993 2161 felicissimam
2025 2126 2188 2162 animam

1182 2194 1266 2230 qnae
1285 2185 1365 2218 Deo
1387 2183 1438 2217 sic
1458 2195 1479 2217 a
1500 2186 1579 2218 Deo
1599 2191 1765 2219 meretur
1783 2184 1894 2228 affici,
1916 2193 1957 2220 ut
1977 2198 2046 2234 per
2065 2187 2190 2222 unita-

1183 2249 1256 2276 tem
1285 2240 1448 2289 Spiritus
1478 2241 1517 2277 in
1548 2245 1630 2278 Deo
1658 2242 1780 2278 solum
1808 2251 1908 2278 amet
1939 2247 2086 2289 Deum,
2111 2257 2189 2280 non

1181 2313 1292 2337 suum
1321 2301 1463 2349 aliquid
1492 2301 1702 2350 privatum,
1725 2314 1793 2337 nec
1816 2302 1887 2338 nisi
1917 2303 1955 2338 in
1978 2307 2060 2340 Deo
2089 2312 2190 2340 amet

1182 2374 1221 2397 se
1241 2361 1364 2410 ipsum
1395 2376 1402 2397 :
1429 2369 1466 2397 et
1489 2365 1590 2398 Deus
1618 2362 1655 2397 in
1681 2361 1764 2411 ipso
1794 2371 1893 2398 amet
1921 2363 1978 2399 vel
2000 2363 2191 2412 approbet

1182 2421 1286 2470 quod
1307 2433 1432 2457 amare
1457 2421 1515 2456 vel
1537 2420 1752 2471 approbare
1773 2420 1886 2458 debet
1906 2425 2027 2465 Deus,
2050 2422 2087 2458 id
2109 2431 2166 2459 est
2181 2451 2190 2467 ,

1184 2494 1222 2517 se
1251 2480 1396 2530 ipsunu
1417 2480 1494 2515 imo
1520 2480 1622 2529 quod
1650 2481 1772 2516 solum
1799 2480 1911 2517 debet
1938 2483 2082 2527 amari,
2111 2491 2146 2518 et
2168 2496 2189 2517 a

1184 2548 1354 2576 creatore
1383 2543 1484 2583 Deo,
1507 2547 1543 2575 et
1564 2553 1584 2575 a
1607 2548 1778 2575 creattn·a
1807 2540 1888 2576 Dei.
1914 2541 2066 2578 Amoris
2087 2542 2187 2577 enim

1138 2603 1170 2636 D
1189 2599 1245 2634 vel
1267 2612 1404 2635 nomen
1419 2628 1428 2643 ,
1450 2598 1507 2633 x-cl
1532 2598 1710 2644 affectus,
1734 2599 1824 2634 nulli
1846 2601 2029 2649 competit
2051 2601 2107 2636 vel
2128 2600 2190 2636 de-

1184 2657 1314 2703 betur,
1344 2658 1412 2694 nisi
1447 2657 1511 2693 tibi
1539 2658 1625 2701 soli,
1652 2671 1674 2693 o
1709 2671 1794 2693 vere
1823 2672 1930 2695 amor
1963 2668 1999 2694 ct
2029 2660 2188 2695 amand(-

1185 2708 1359 2754 Domine.
1379 2720 1423 2752 lit
1443 2716 1520 2751 lime
1541 2725 1595 2751 est
1617 2717 1653 2752 in
1673 2715 1781 2752 nobis
1801 2717 1976 2753 voluntas
2006 2717 2086 2754 Filii
2115 2719 2188 2762 tui,

1185 2777 1264 2812 lia‘c
1290 2790 1359 2826 pro
1381 2775 1488 2812 nobis
1513 2777 1634 2811 oratio
1661 2775 1742 2824 ejus
1769 2776 1814 2811 ad
1840 2785 1872 2812 tc
1898 2780 2017 2813 Deum
2040 2781 2186 2813 Patrem

1186 2847 1294 2871 suum
1321 2849 1327 2869 z
1358 2837 1446 2868 l'nlo
1470 2838 1618 2870 insistet
1638 2849 1702 2881 ¹2³⁰
1723 2845 1758 2870 ct
1779 2844 1816 2870 tu
1839 2849 1950 2870 unum
1971 2850 2114 2880 smmis,
2138 2841 2189 2871 im

1186 2905 1221 2930 et
1249 2900 1286 2930 in
1317 2894 1421 2930 'mltis
1449 2898 1519 2942 ipsi
1541 2908 1654 2929 nuum
1677 2905 1749 2928 sim
1773 2903 1792 2930 ¹.
1821 2896 1886 2930 llic
1911 2904 1963 2931 cst
1987 2896 2088 2941 linis,
2112 2896 2189 2932 lime

1187 2963 1241 2991 est
1275 2954 1576 2996 consummatis»,
1609 2954 1685 2989 lnrc
1711 2963 1763 2989 cst
1796 2955 1998 3003 perfectum
2027 2956 2104 2991 lure
2134 2966 2188 2992 est

1188 3012 1639 3063 pax,l10ccstgandium
1668 3014 1831 3049 Domini.
1851 3014 1919 3048 hoc
1937 3022 1990 3049 cst
2008 3015 2185 3062 gandium

1189 3074 1224 3108 in
1257 3072 1396 3120 Spiritu
1427 3080 1578 3115 sancto,
1609 3072 1678 3106 lior
1708 3081 1760 3107 (εἰ
1791 3071 1978 3107 silentium
2009 3073 2045 3108 in
2073 3074 2182 3109 arlo.

1189 3130 1376 3179 Quamdiu
1405 3130 1548 3179 qnippe
1576 3131 1611 3165 in
1641 3131 1708 3166 liac
1736 3144 1865 3167 sunnis
1891 3132 1963 3167 vita
1981 3160 1989 3171 ,
2012 3132 2080 3167 Ιιυι·
2109 3133 2186 3167 scli-

1190 3190 1347 3227 cissima»
1370 3189 1471 3238 pacis
1498 3189 1646 3225 silentio
1675 3190 1712 3225 in
1740 3191 1852 3231 coelo.
1874 3190 1908 3226 id
1933 3199 1986 3225 cst
2010 3191 2045 3226 in
2067 3191 2189 3227 anima

170 3320 180 3337 ¹
198 3317 226 3346 ΙΙ
240 3316 312 3346 Cor.
339 3327 391 3354 ιιι,
412 3319 519 3348 18.-
543 3323 554 3338 ²
572 3318 651 3349 Psal.
671 3328 838 3351 cxxxviii.
863 3320 916 3349 22.
933 3336 975 3341 —-
996 3316 1008 3338 3
1026 3317 1159 3360 Philipp.
1178 3329 1227 3351 ιιι,
1254 3320 1364 3348 urz-15.
1387 3336 1428 3339 —
1450 3316 1463 3340 ⁴
1486 3318 1579 3346 Joan.
1604 3327 1687 3348 xvii.
1718 3320 1750 3345 11
1772 3340 1778 3347 .
1806 3320 1859 3345 ἸΙ.
