2504 3928
1042 210 1402 248 MEDl'l‘A't'wM-:s
1434 215 1662 250 t‘ttssttttslss.
2303 219 2380 255 676

332 294 366 320 et
385 288 446 335 qui
470 287 569 322 illam
594 286 630 321 in
651 299 689 321 se
708 284 912 334 ‹purrendo
933 286 1117 322 invenerit
1133 315 1142 329 .,
1165 287 1200 322 in
1220 287 1321 322 omni
1335 287 1382 303 ''³“
1399 290 1608 326 restaurari.
1635 289 1839 338 Diligenter
1858 300 2031 339 quaerunt
2046 319 2055 336 ‚
2078 301 2115 328 et
2134 293 2294 331 libenter
2312 308 2380 331 au-

335 344 486 381 liumiue
505 358 583 381 ram
606 344 808 393 cognoscit.
832 345 934 380 visio
963 345 1063 381 enim
1091 346 1223 381 auima-
1237 375 1245 390 ‚
1268 347 1327 382 iu—
1348 350 1373 381 Λ
1394 349 1500 384 diunt
1523 349 1620 385 bona
1639 349 1685 385 ‹le
1703 349 1810 385 uobis
1831 351 2002 386 :solliciti
2033 351 2248 388 discurrunt
2269 353 2379 389 medii

334 213 356 243 b'
363 211 380 246 7
386 213 406 244 J)

336 405 503 441 tellectus
523 413 590 440 est.
627 405 662 441 Si
693 416 783 452 crgo
814 412 848 440 te
877 404 1005 447 vides,
1030 418 1088 440 mc
1115 406 1239 447 vides,
1264 406 1326 454 qui

337 463 426 498 nilul
448 463 548 499 aliud
579 476 660 500 sum
681 475 793 512 quam
826 471 877 498 tu.
901 465 943 498 Et
965 463 994 498 si
1028 466 1147 499 Deum
1182 464 1324 511 diligis,

337 535 395 557 me
428 523 626 571 imaginem
653 523 722 560 Dei
753 522 902 571 diligis:
938 530 974 558 et
997 536 1066 571 ego
1089 527 1206 560 Deum
1240 524 1326 559 ‹lili-

336 582 459 630 gendo
474 612 482 627 ,
506 583 620 631 diligo
642 591 688 619 te.
714 586 757 619 Et
776 583 824 619 ita
845 583 935 619 dum
955 596 1072 619 unum
1100 584 1301 633 quaerimus
1317 612 1325 627 ,

336 649 371 676 et
399 641 444 677 ad
476 655 594 678 unum
617 641 828 685 tendimus,
863 656 1011 691 semper
1036 643 1194 679 invicem
1228 657 1325 692 prce,-

335 709 458 737 sentes
473 715 602 738 sumus
616 730 625 747 ,
643 701 706 738 sed
730 702 764 737 in
786 705 865 738 Deo
886 703 1013 751 inquo
1035 716 1103 738 nos
1123 702 1325 753 diligimus.

696 859 871 898 CAPUT
899 861 919 898 Χ
937 861 967 898 Ι.

466 989 512 1018 De
527 987 699 1019 attentione
711 987 860 1019 orationis
876 994 1014 1030 tempore
1032 988 1187 1020 habenda.

390 1120 445 1156 16.
477 1123 569 1157 Cmn
592 1120 637 1157 ad
670 1121 855 1157 orandum
892 1121 970 1157 sive
1006 1121 1053 1157 ad
1091 1121 1324 1170 psallendum

330 1179 523 1216 ecclesiam
541 1181 738 1217 intraveris
750 1210 758 1226 ,
777 1181 1038 1217 fluctuantium
1054 1181 1323 1229 cogitationum

332 1239 514 1275 tumultus
531 1239 697 1275 exterius
719 1240 914 1288 relinque,
937 1252 1140 1288 curamque
1161 1240 1325 1276 exterio-

332 1311 414 1334 rum
437 1299 587 1348 penitus
607 1297 829 1334 obliviscere
845 1327 854 1342 ‚
875 1307 914 1334 ut
934 1299 1003 1334 soli
1023 1302 1103 1335 Deo
1124 1299 1242 1347 possis
1263 1312 1322 1334 va-

330 1370 428 1393 care.
465 1358 558 1395 Fieri
581 1358 679 1394 enim
705 1371 781 1393 non
805 1366 927 1407 potest
953 1366 993 1393 ut
1013 1358 1217 1406 aliquando
1239 1372 1324 1394 cum

329 1419 408 1452 Deo
427 1417 616 1465 loquatur,
633 1416 795 1464 quicum
813 1424 892 1451 toto
911 1416 1054 1452 mundo
1072 1417 1181 1452 etiam
1202 1425 1325 1454 tacens

328 1474 529 1511 fabulatur.
563 1475 722 1511 Intende
756 1488 846 1524 ergo
878 1475 929 1511 illi
953 1476 1017 1524 qui
1048 1476 1210 1512 intendit
1237 1476 1322 1523 tibi3

328 1534 415 1570 audi
445 1534 548 1570 illum
577 1534 794 1583 loquentem
835 1534 927 1580 tibi,
961 1543 1001 1571 ut
1035 1535 1114 1584 ipse
1149 1535 1324 1572 exaudiat

329 1602 363 1629 te
391 1594 609 1643 loquentem
633 1593 716 1630 sibi.
740 1597 794 1631 Ita
823 1595 908 1640 fiet,
937 1595 966 1630 si
987 1594 1123 1631 divinis
1152 1595 1324 1631 laudibus

329 1653 520 1689 solvendis
538 1652 663 1689 debita
687 1653 896 1689 reverentia
923 1661 959 1689 et
985 1653 1236 1690 sollicitudine
1262 1667 1322 1691 as-

325 1712 457 1758 sistas,
492 1725 606 1762 super
639 1712 782 1761 singula
809 1711 925 1748 verba
957 1712 1095 1749 divinae
1121 1714 1322 1763 Scriptura*

327 1770 527 1820 diligenter
552 1771 738 1807 intendas.
765 1775 848 1807 Non
876 1771 978 1820 quod
1007 1785 1077 1821 ego
1098 1773 1168 1808 ista
1189 1772 1319 1808 faciam

1396 409 1492 444 iuter
1518 422 1586 443 uos
1604 417 1639 444 et
1662 412 1801 455 Deum,
1827 418 1976 445 nostros
1992 411 2150 458 gemitus
2171 411 2381 448 fidelissime

1394 468 1438 503 ad
1467 481 1551 503 eum
1576 476 1769 516 portantes
1784 497 1793 512 ,
1816 468 2008 517 ipsiusque
2036 470 2190 517 gratiani
2209 471 2382 507 devotis-

1395 528 1485 563 sime
1517 527 1561 562 ad
1596 541 1664 563 nos
1691 536 1936 577 reportantes.
1966 531 2048 564 Non
2079 528 2383 577 dedignabuntur

1394 602 1473 624 esse
1500 589 1588 624 socii
1617 588 1760 633 nostri,
1793 588 1855 637 qui
1873 587 1951 637 jam
1984 589 2068 625 facti
2100 598 2187 625 sunt
2222 590 2381 626 ministri

1396 647 1523 682 nostri.
1547 647 1742 682 Exsultam
1761 659 1825 682 eos
1848 646 2020 692 fecimus,
2040 646 2191 695 quando
2209 648 2381 683 conversi

1396 719 1524 741 sumus
1560 706 1606 741 ad
1640 705 1912 754 pu‘nitentiani.
1944 706 2177 742 Festinemus
2211 719 2300 755 ergo
2336 707 2382 742 de

1397 765 1505 801 nobis
1521 779 1651 801 eortmi
1674 766 1834 801 laetitiam
1856 765 2073 815 adimplere.
2091 770 2154 803 Vae
2185 766 2276 812 tibi,
2297 767 2382 816 qui-

1395 838 1556 874 cumque
1578 838 1616 860 es
1631 854 1639 870 ,
1663 825 1726 874 qui
1751 824 1938 861 desideras
1957 824 2078 861 redire
2107 825 2152 861 ad
2171 825 2353 861 vomitum
2369 853 2378 870 ,

1396 885 1530 920 reverti
1555 884 1600 920 ad
1618 885 1748 920 lutum.
1780 888 1940 921 Putasne
1958 885 2122 934 placatos
2144 884 2299 920 babebis
2318 897 2382 920 eos

1395 944 1429 979 iu
1450 942 1621 991 judicio,
1647 956 1742 992 quos
1770 951 1873 979 tanto
1893 952 1929 979 et
1955 951 2027 979 tam
2056 951 2205 993 sperato
2233 944 2382 993 privare

1393 1002 1447 1037 vis
1467 1002 1632 1049 gaudio?
1657 1001 1948 1038 Exsultaverunt
1968 1001 2121 1050 ‹piando
2145 1002 2316 1038 venimus
2335 1001 2381 1038 ad

1346 1061 1372 1094 R
1393 1061 1634 1109 religionem,
1664 1069 1839 1109 tanquam
1869 1074 1982 1110 super
2013 1061 2068 1097 bis
2098 1073 2193 1109 quos
2221 1060 2268 1097 ab
2302 1061 2383 1110 ipsa

1394 1121 1528 1156 inserui
1561 1129 1670 1170 porta
1705 1129 1902 1157 cernerent
1939 1120 2120 1156 revocari.
2157 1120 2255 1168 Quid
2290 1133 2382 1156 vero

1395 1189 1483 1216 tunc
1509 1181 1601 1226 erit,
1629 1180 1657 1216 si
1692 1179 1738 1216 ab
1774 1180 1854 1229 ipsa
1876 1180 1994 1229 janua
2023 1179 2188 1229 paradisi
2221 1179 2383 1215 viderint

1393 1239 1540 1285 redire,
1561 1249 1597 1275 et
1628 1248 1831 1276 retrorsum
1858 1239 1960 1275 abire
1989 1252 2076 1285 cos,
2100 1239 2165 1288 qui
2186 1237 2263 1287 jam
2288 1239 2382 1274 alte-

1393 1311 1476 1334 rum
1499 1298 1630 1347 pedem
1661 1298 1852 1335 habebant
1876 1299 1912 1334 in
1933 1299 2056 1334 coelo?
2085 1301 2177 1334 Nam
2205 1297 2273 1334 etsi
2295 1310 2381 1333 cor-

1391 1369 1486 1405 pora
1509 1358 1664 1393 inferius
1679 1387 1688 1403 ,
1709 1358 1774 1393 sed
1795 1358 1909 1393 corda
1931 1371 2093 1394 sursum.

1449 1417 1505 1452 17.
1532 1418 1735 1452 Curramus
1767 1429 1856 1465 ergo
1883 1429 1957 1452 non
1994 1416 2164 1466 passibus
2188 1415 2380 1465 corporis,

1391 1475 1454 1511 sed
1472 1474 1668 1511 affectibus
1692 1476 1846 1521 mentis,
1868 1476 1931 1512 sed
1950 1475 2161 1521 desideriis,
2182 1475 2245 1512 sed
2264 1476 2381 1524 suspi-

1393 1535 1476 1581 riis,
1505 1535 1681 1584 quoniam
1704 1548 1780 1571 non
1799 1536 1920 1571 solum
1940 1535 2073 1584 Angeli
2088 1564 2098 1581 ,
2125 1535 2190 1571 sed
2215 1535 2381 1584 Angelo-

1390 1608 1473 1630 rum
1494 1598 1649 1632 Creator
1669 1607 1737 1631 nos
1756 1603 1958 1644 exspectat.
1976 1598 2176 1644 Exspectat
2193 1607 2260 1630 nos
2283 1597 2382 1630 Deus

1389 1658 1510 1700 Pater,
1532 1663 1708 1704 tanquam
1733 1655 1827 1691 titios
1847 1663 1883 1691 et
1908 1654 2074 1691 haeredes
2090 1682 2100 1699 ,
2120 1663 2162 1691 ut
2180 1653 2382 1691 constituat

1390 1728 1458 1751 nos
1480 1728 1595 1764 super
1620 1715 1747 1751 omnia
1774 1714 1874 1751 bona
1897 1727 1976 1752 sua.
2006 1718 2204 1764 Exspectat
2224 1727 2292 1750 nos
2312 1713 2379 1750 Dei

1387 1775 1502 1811 Filius
1517 1782 1693 1823 tanquam
1711 1775 1842 1811 fratres
1857 1782 1894 1810 et
1907 1773 2139 1819 cohaeredes,
2159 1781 2200 1809 ut
2217 1773 2378 1809 fructum

325 1831 432 1874 (lico,
469 1830 531 1866 sed
562 1830 664 1879 quod
698 1830 817 1866 facere
841 1831 997 1876 vellem,
1029 1839 1065 1867 et
1088 1845 1163 1867 non
1195 1832 1365 1871 l'ecisseC
1387 1848 1463 1871 sure
1489 1834 1712 1879 nativitatis,
1737 1843 1773 1870 et
1802 1834 1965 1883 pretium
1997 1834 2054 1870 sui
2084 1832 2275 1882 sanguinis
2299 1835 2378 1868 Deo

326 1891 510 1940 poenitet,
534 1898 571 1926 et
601 1903 676 1925 non
709 1890 828 1925 facere
849 1890 965 1938 piget.
987 1893 1042 1926 Tu
1059 1904 1148 1926 vero
1166 1892 1225 1927 cui
1244 1904 1320 1927 ma—

319 1948 384 1997 jor
409 1948 527 1997 gratia
553 1961 729 1984 concessa
758 1956 813 1984 est
830 1977 839 1994 ,
874 1948 971 1985 votis
1002 1957 1039 1985 et
1067 1949 1213 1986 devotis
1235 1964 1321 1999 pre-

325 2007 432 2044 cibus
450 2007 529 2057 pias
550 2020 658 2043 aures
678 2007 830 2044 Domini
861 2007 907 2043 ad
930 2016 964 2044 te
987 2008 1117 2053 flecte,
1148 2010 1321 2058 lacrymis

321 2074 358 2102 et
389 2066 560 2115 suspiriis
589 2079 660 2115 pro
693 2066 764 2102 tuis
792 2066 1007 2103 excessibus
1031 2068 1135 2104 illum
1157 2069 1321 2106 clemen—

324 2133 380 2161 ter
410 2138 548 2170 exora,
578 2133 691 2174 atque
718 2126 871 2162 canticis
895 2127 1155 2176 spiritualibus
1179 2129 1215 2164 in
1238 2143 1322 2165 om-

330 2183 440 2220 nibus
467 2183 649 2233 operibus
680 2184 756 2221 suis
791 2185 895 2221 illum
927 2186 1036 2222 lauda
1066 2196 1102 2224 et
1141 2188 1320 2236 glorifica.

324 2242 419 2278 Nihil
453 2243 552 2277 enim
583 2243 698 2291 magis
719 2245 891 2292 supernis
920 2245 1064 2282 civibus
1084 2256 1251 2296 spectare
1275 2249 1322 2284 li-

327 2301 410 2347 bet;
428 2302 478 2337 nil
502 2303 592 2349 Regi
618 2303 983 2351 summojucundius
999 2306 1209 2353 exhibetur,
1227 2308 1323 2344 sicut

323 2361 403 2408 ipse
425 2367 582 2396 testatur
606 2374 614 2395 :
646 2362 874 2407 &nv-[ficium
908 2366 1031 2398 laudis
1061 2365 1324 2413 honorificabit

324 2433 382 2453 me
403 2425 425 2453 ¹.
449 2421 479 2455 O
501 2431 613 2467 quam
637 2419 722 2455 felix
743 2433 841 2456 esses
857 2449 867 2466 ,
886 2422 914 2456 si
932 2422 1188 2470 spiritualibus
1203 2427 1319 2462 oculis

323 2478 436 2513 semel
478 2478 616 2514 intueri
651 2491 779 2528 posses
798 2508 806 2524 ‚
846 2481 1039 2528 quomodo
1080 2485 1318 2532 przeveniunt

322 2537 511 2586 principes
542 2537 735 2586 conjuncti
761 2539 1009 2587 psallentibus
1037 2541 1072 2577 in
1101 2542 1225 2579 medio
1254 2544 1316 2592 ju—

1387 1895 1485 1931 Patri
1507 1895 1651 1931 offerat.
1682 1898 1883 1943 Exspectat
1914 1907 1984 1930 nos
2009 1894 2168 1943 Spiritus
2196 1901 2346 1929 sanctus
2369 1906 2377 1928 ε

1386 1954 1467 2003 ipse
1495 1953 1677 2002 siquidem
1704 1962 1758 1989 est
1781 1953 1942 1990 charitas
1963 1961 2000 1989 et
2020 1951 2230 2001 benignitas
2248 1951 2284 1987 in
2306 1964 2379 1999 qua

1387 2013 1433 2049 ab
1469 2021 1609 2049 aeterno
1645 2012 1900 2062 praedestinati
1935 2025 2084 2057 sumus;
2117 2024 2186 2048 nec
2220 2010 2376 2047 dubium

1387 2072 1478 2121 quin
1513 2071 1878 2121 praedestinationem
1907 2083 2011 2107 suam
2044 2069 2241 2119 adimpleri
2276 2068 2375 2104 velit.

1388 2135 1486 2181 Ergo
1518 2132 1603 2181 quia
1632 2132 1755 2167 omnis
1783 2131 1942 2167 coelestis
1969 2131 2072 2167 curia
2097 2137 2289 2179 exspectat
2308 2141 2377 2164 nos

1387 2199 1424 2227 et
1447 2191 1654 2235 desiderat,
1675 2190 1932 2226 desideremus
1957 2202 2036 2225 eam
2066 2196 2208 2237 quanto
2237 2199 2375 2236 possu-

1388 2263 1470 2286 mus
1490 2250 1687 2286 desiderio.
1706 2251 1797 2285 Cum
1819 2262 1952 2297 magna
1976 2261 2136 2296 namque
2156 2246 2377 2283 confusione

1386 2317 1423 2345 et
1441 2308 1579 2345 rubore
1603 2308 1649 2344 ad
1670 2309 1771 2344 illam
1796 2308 1944 2352 veniet,
1965 2307 2133 2356 quisquis
2153 2305 2280 2341 videre
2295 2317 2373 2340 eam

1386 2367 1629 2403 veliementer
1663 2379 1739 2402 non
1783 2365 1979 2402 desiderat.
2015 2365 2250 2412 Quicumque
2284 2376 2374 2399 vero

1381 2425 1461 2476 jugi
1485 2426 1655 2462 oratione
1677 2434 1713 2461 et
1733 2425 1879 2461 assidua
1899 2425 2124 2473 cogitatione
2145 2424 2181 2459 in
2201 2423 2262 2459 illa
2283 2435 2375 2459 con·

1384 2495 1577 2530 versatum
1604 2494 1640 2521 et
1667 2498 1819 2521 securus
1848 2485 1932 2520 binc
1963 2484 2196 2534 egredictur,
2224 2491 2260 2519 et
2289 2495 2372 2518 cum

1384 2559 1515 2594 magna
1545 2545 1669 2581 lfetitia
1699 2545 1899 2594 recipietur
1928 2544 1964 2580 in
1992 2545 2105 2580 illam.
2135 2542 2374 2591 Ijbicumque

318 2595 562 2631 vencularuni
592 2598 938 2645 tympanistriarum
957 2602 987 2635 ²!
1010 2600 1164 2637 Videres
1183 2604 1314 2652 procul
1335 2611 1470 2653 Dei-go
1505 2605 1642 2649 fueris,
1679 2605 1778 2640 intra
1808 2604 2044 2654 temetipsum
2084 2617 2161 2639 ora.
2195 2603 2231 2641 Si
2266 2603 2375 2651 longe

319 2653 463 2700 dubio,
504 2667 576 2703 qua
615 2668 730 2699 cura,
773 2669 898 2704 quove
937 2658 1100 2707 tripudio
1136 2660 1317 2697 intersunt

319 2712 559 2749 cantantibus
575 2742 584 2759 ‚
603 2715 779 2750 assistunt
797 2716 1013 2763 orantibus,
1032 2718 1168 2755 adsunt
1193 2721 1313 2757 medi-

317 2772 507 2817 tantibus,
539 2784 743 2822 supersunt
771 2775 1076 2823 quiescentibus,
1109 2779 1316 2827 providen-

317 2832 417 2868 tibus
455 2839 568 2881 atque
601 2833 895 2882 procurantibus
930 2845 1109 2885 praesunt.
1147 2838 1316 2888 Diligunt

315 2891 500 2941 siquidem
523 2904 609 2927 suos
630 2893 804 2929 concives
826 2906 1000 2942 supernae
1029 2904 1254 2945 potestates,
1278 2906 1314 2934 et

314 2963 384 2999 pro
406 2951 450 2986 iis
477 2950 541 2999 qui
568 2951 824 2987 liaereditatem
855 2954 1009 3002 capiunt
1033 2956 1162 2992 salutis
1179 2985 1188 3001 ,
1211 2958 1315 2994 solli—

313 3009 384 3044 cite
405 3009 669 3058 congaudent,
698 3010 936 3058 eonfortant,
971 3013 1187 3060 instruunt,
1222 3029 1312 3065 pro-

314 3076 469 3115 tegunt,
504 3069 783 3118 providentque
812 3071 1001 3109 omnibus.
1037 3078 1177 3111 Omnes
1210 3077 1310 3112 enim

313 3129 382 3176 ipsi
415 3128 629 3164 desiderant
655 3130 862 3167 adventum
899 3141 1097 3180 nostrum,
1131 3137 1309 3184 quoniam

313 3188 381 3236 ipsi
414 3187 458 3223 de
487 3186 597 3223 nobis
626 3198 846 3238 exspectant
875 3192 1034 3228 civitatis
1069 3207 1144 3230 suae
1182 3197 1309 3233 ruinas

363 3321 368 3333 ¹
394 3314 665 3351 t‘s.·t.xt.1›.,2.'t.
691 3330 724 3334 —-
743 3319 752 3334 ²
772 3315 846 3344 psat.
867 3326 955 3344 ixvii
971 3342 977 3353 ‚
999 3320 1050 3346 21¹1.

1385 2664 1495 2700 fueris
1521 2663 1568 2699 ab
1594 2663 1778 2709 orat'orio,
1805 2664 1881 2699 noli
1908 2677 2077 2712 qtiaerere
2103 2664 2248 2708 locum,
2276 2675 2373 2711 quo-

1383 2724 1481 2759 niam
1509 2732 1547 2759 tu
1578 2723 1656 2772 ipse
1676 2723 1780 2759 locus
1801 2736 1850 2758 es.
1877 2723 1914 2759 si
1936 2723 2048 2759 fueris
2075 2723 2111 2758 in
2135 2723 2231 2758 lecto
2250 2730 2314 2758 aut
2335 2722 2371 2757 in

1381 2783 1455 2818 alio
1479 2784 1582 2828 loco;
1610 2796 1697 2826 ora,
1723 2791 1759 2818 ct
1783 2782 1832 2818 ibi
1854 2791 1909 2818 est
1930 2783 2123 2832 templum.
2142 2785 2375 2831 Frequenter

1381 2842 1588 2886 orandum,
1615 2850 1651 2877 et
1677 2842 1774 2878 flexo
1794 2856 1952 2892 corpore
1981 2854 2084 2878 mens
2113 2850 2169 2877 est
2196 2840 2371 2890 erigenda

1379 2901 1424 2937 ad
1453 2905 1586 2937 Deum.
1610 2902 1711 2939 Sicut
1736 2901 1834 2937 enim
1858 2902 2001 2937 nullum
2026 2909 2081 2937 est
2111 2909 2343 2936 momentum
2359 2928 2368 2943 ,

1379 2972 1456 3008 quo
1484 2960 1597 2996 homo
1619 2974 1696 2996 non
1723 2969 1850 2996 utatur
1867 2961 1925 2996 vel
1954 2961 2099 2996 fruatur
2117 2960 2187 2996 Dei
2205 2959 2371 2995 bonitate

1379 3028 1416 3056 et
1435 3020 1687 3056 misericordia
1705 3035 1713 3056 :
1733 3021 1783 3056 sic
1811 3020 1954 3056 nullum
1977 3019 2089 3055 debet
2104 3031 2184 3055 esse
2200 3031 2370 3054 momen-

1380 3087 1477 3125 tum,
1498 3092 1574 3128 quo
1602 3093 1688 3115 eum
1713 3087 1936 3129 praescntem
1965 3092 2041 3115 uon
2069 3077 2202 3114 babeat
2227 3078 2264 3113 in
2290 3085 2367 3108 nte-

1378 3138 1507 3174 moria.
2311 3149 2313 3151 ’

1435 3198 1490 3232 18.
1521 3196 1590 3233 Sed
1609 3197 1699 3233 dicis
1716 3211 1723 3233 :
1747 3200 1823 3245 Ego
1844 3196 2011 3245 quotidie
2026 3203 2094 3226 01'0
2107 3219 2116 3235 ‚
2133 3198 2169 3226 et
2185 3189 2366 3226 orationi-5
