2418 3949
164 203 239 240 929

160 280 330 330 loquitur
359 277 552 315 mendacia
590 278 779 316 contraria
815 279 975 316 veritati.
1016 281 1153 316 Cavete

920 203 985 239 DE
1012 202 1243 239 PASSIONE
1271 203 1462 239 DOMINI.

1165 275 1209 295 ⁴8!

2133 197 2210 233 930

1227 277 1390 326 virgines
1407 277 1560 324 Christi,
1581 290 1664 327 quae
1683 290 1704 314 a
1721 276 1908 314 viriditate
1929 287 2068 312 nomen
2092 273 2211 310 habe-

161 339 406 376 nihilominus
425 338 612 375 canticum
639 337 889 375 excusationis
909 339 946 375 in
968 337 1152 388 peccatis,
1173 336 1202 369 A
1221 335 1295 385 tis)
1333 349 1416 384 quae
1444 336 1613 382 vireant,
1643 344 1680 372 et
1708 349 1792 385 quae
1821 332 2117 384 apostematibus
2146 345 2212 369 su-

159 411 309 449 semper
338 397 520 435 habentes
541 397 579 434 in
608 405 732 434 mente
758 397 852 433 illud
878 397 979 434 beati
997 396 1153 435 Joannis

159 458 314 508 virginis
340 457 487 494 veritati
506 463 520 478 ³
545 457 802 494 testimonium
827 457 1072 507 perhibentis.
1091 459 1153 492 Fi—

160 521 257 563 lioli,
281 518 420 567 inquit,
452 522 484 553 si
507 518 715 552 dixerimus
746 522 836 565 quia
856 526 1050 565 peccatum
1079 529 1152 551 non

159 576 354 622 habemus,
381 582 622 624 nosmetipsos
646 577 874 620 seducimus,
896 585 932 612 el
956 580 1096 612 veritas
1115 579 1151 610 in

159 635 262 672 nobis
274 650 347 671 non
363 645 425 672 est.
442 637 482 672 Si
498 645 618 672 autem
639 635 796 683 confessi
802 634 988 683 suerimuf
994 644 1154 684 peccata

160 705 305 739 nostra,
315 696 449 743 fidelis
479 704 514 730 et
534 700 660 741 justus
678 703 730 730 est
755 697 879 740 Deus,
907 700 972 742 qui
1001 697 1156 730 (limittit

158 753 263 790 nobis
278 762 436 803 peccata
458 762 600 797 nostra,
633 762 670 788 et
694 755 877 790 emundat
897 767 964 789 nos
984 753 1032 789 ab
1051 758 1154 789 omni

161 818 358 861 iniquitate
375 819 400 849 ¹.
420 815 539 849 Nemo
557 812 671 860 igitur
687 811 844 848 aestimet
863 825 901 849 se
924 813 1003 849 sine
1015 826 1151 862 ⁵pecca-

160 871 206 908 tis
225 883 304 908 esse
325 885 333 906 :
356 883 424 906 nec
451 883 535 906 cum
567 870 787 919 cognoverit
809 871 894 916 illa,
918 880 1072 908 excuset
1088 884 1126 908 se
1141 901 1152 918 ,

158 930 255 967 sicut
268 930 373 966 stulti
394 930 539 975 solent,
565 929 687 966 adhuc
714 929 826 965 hodie
857 930 1055 979 loquentes
1083 944 1147 967 ex-

159 989 392 1026 cusationem
424 988 540 1034 Adae,
569 996 607 1024 et
637 987 804 1024 dicentes
830 1003 837 1025 ε
867 990 1004 1026 Mulier
1038 1003 1151 1038 quam

1217 396 1410 445 perposita
1439 404 1617 445 rumpant
1635 396 1717 440 illa,
1737 403 1775 432 et
1803 395 1962 440 levient,
1992 401 2029 430 et
2058 400 2210 437 sanent,

1217 455 1319 491 sanie
1336 455 1427 491 foris
1448 454 1565 504 ejecta
1587 471 1594 492 :
1616 456 1718 505 quod
1742 457 1782 492 fit
1799 455 1948 504 quoties
1964 454 2145 490 incestum
2163 452 2209 488 ad

1218 514 1423 550 castitatem
1436 543 1446 560 ,
1465 515 1671 564 superbum
1689 515 1736 551 ad
1763 515 2012 550 humilitatem
2025 541 2034 558 ,
2056 513 2210 548 iracun-

1217 573 1307 609 dum
1325 573 1372 609 ad
1385 575 1724 621 mansuetudinem,
1742 587 1896 610 avarum
1921 573 1968 609 ad
1985 571 2208 621 largitatem,

1218 633 1392 681 gulosum
1413 633 1459 669 ad
1484 633 1745 679 sobrietatem,
1771 633 1942 669 invidum
1974 631 2020 668 ad
2048 630 2212 667 charita-

1219 699 1312 736 tem,
1341 691 1557 728 acediosum
1585 692 1631 728 ad
1651 693 1880 728 alacritatem
1898 690 2024 727 verbis
2043 689 2155 726 bonis
2175 697 2211 725 et

1217 751 1365 787 veritati
1379 752 1641 788 consentaneis
1657 752 1991 801 perducimus.Ista
2006 750 2094 785 vitia
2106 748 2212 798 quasi

1219 810 1345 846 ulcera
1372 811 1534 847 animam
1561 819 1736 860 gravant,
1765 809 1996 846 continentia
2023 808 2061 843 in
2090 820 2128 843 se
2147 820 2213 843 ve-

1219 882 1360 905 nenum
1384 869 1632 906 immunditiae
1652 879 1688 907 et
1703 883 1829 919 pravae
1849 867 2150 911 consuetudinis,
2166 865 2212 902 de

1219 929 1356 979 quibus
1385 930 1540 980 singulis
1564 931 1652 980 quia
1679 944 1748 967 nos
1779 931 1817 966 in
1846 937 2006 965 tractatu
2039 927 2085 963 de
2116 927 2213 963 foliis

1218 990 1305 1026 vitis
1326 991 1498 1039 exempla
1520 991 1688 1039 posuisse
1705 989 1962 1033 meminimus,
1986 999 2096 1024 causa
2123 986 2212 1022 bre-

159 1047 263 1085 dedit
282 1048 372 1084 mihi
396 1051 518 1094 Deus,
538 1047 686 1084 seduxit
706 1060 776 1083 me.
800 1051 923 1095 Quare
944 1049 1052 1084 talem
1068 1062 1148 1085 mu-
1168 1051 1195 1086 Β
1218 1050 1343 1086 vitatis
1362 1050 1400 1086 in
1422 1049 1824 1099 praesentijudicamus
1841 1046 2116 1098 praetcreunda.
2131 1049 2213 1082 Hoc

158 1108 289 1145 lierem
309 1107 414 1144 dedit
433 1107 524 1144 mihi
542 1111 665 1152 Deus,
687 1120 772 1156 quae
793 1121 852 1144 me
876 1107 1053 1145 seducat?
1069 1111 1154 1145 Mu-

158 1168 229 1204 lier
252 1168 322 1204 ista
337 1167 521 1204 seducens
544 1167 686 1212 virum,
703 1175 758 1203 est
777 1179 865 1203 caro
885 1168 1059 1217 spiritum
1081 1181 1153 1204 no-

159 1235 280 1264 strum
296 1226 488 1263 adducens
502 1226 548 1263 ad
562 1227 874 1263 consentiendum
890 1227 1066 1276 peccatis,
1084 1240 1154 1277 pro

160 1298 235 1335 qua
254 1285 358 1322 stulti
378 1289 500 1323 Deum
521 1284 694 1334 quotidie
710 1294 908 1332 accusant,
928 1299 967 1322 se
987 1285 1090 1336 ipsos
1114 1286 1154 1322 in

159 1345 324 1395 peccatis
344 1345 560 1390 volventes,
585 1352 623 1381 et
645 1344 811 1381 dicentes
833 1357 872 1381 se
890 1345 1011 1382 carnis
1026 1346 1155 1382 illece-

160 1405 240 1442 bris
267 1418 344 1442 non
370 1418 481 1455 posse
510 1405 702 1450 resistere,
736 1418 848 1454 quam
879 1414 1105 1455 acceperunt
1136 1419 1157 1442 a

143 1498 146 1501 .
161 1468 256 1502 Deo.
272 1464 423 1503 Grande
439 1464 548 1501 valde
563 1473 619 1500 est
638 1472 835 1513 peccatum
855 1464 948 1500 illud
962 1493 971 1510 ,
985 1478 1157 1502 accusare

161 1526 284 1560 Deum
317 1524 526 1573 optimum,
554 1523 618 1573 qui
652 1523 738 1559 fecit
768 1524 895 1559 omnia
925 1522 1025 1560 bona
1050 1524 1158 1560 valde

164 1591 320 1633 propter
347 1591 406 1628 te3
427 1591 464 1619 et
493 1582 684 1632 praecipue
711 1583 834 1632 ipsum
857 1583 1048 1620 hominem
1081 1597 1158 1634 prae

164 1642 307 1679 caeteris
332 1642 513 1678 creaturis
545 1642 754 1678 exornavit.
774 1645 920 1678 Bonum
943 1642 1022 1678 sine
1043 1642 1158 1679 dubio

164 1701 300 1738 fecitte
315 1704 417 1738 Deus
436 1699 561 1737 bonus
573 1728 583 1744 ,
601 1701 667 1750 qui
686 1700 773 1736 fecit
785 1701 912 1736 omnia
928 1700 1042 1745 bona,
1059 1700 1160 1738 bona

164 1760 273 1797 valde
295 1768 454 1810 propter
478 1767 524 1796 te.
546 1762 675 1809 Neque
708 1760 807 1795 enim
838 1758 962 1796 bonus
987 1769 1105 1806 esset,
1131 1761 1160 1797 si

167 1828 203 1857 te
234 1820 331 1857 male
363 1819 528 1864 fecisset,
567 1828 726 1869 propter
755 1833 868 1869 quem
900 1821 1027 1857 omnia
1053 1822 1159 1868 fecit,

164 1893 249 1930 quae
273 1887 430 1930 propter
451 1887 485 1915 te
513 1877 615 1915 bona
647 1879 741 1916 facta
763 1879 872 1916 valde
904 1880 990 1916 fecit
1018 1881 1156 1917 omnia.

164 1941 310 1976 Bonum
337 1951 426 1988 ergo
454 1946 492 1974 et
506 1938 616 1974 valde
635 1938 780 1975 bonum
802 1939 938 1975 fecitte
955 1943 1068 1976 Deus.
1084 1943 1161 1977 Bo-

166 2011 238 2034 nus
259 2006 298 2034 tu
318 1997 420 2047 ipse,
450 2006 485 2034 te
505 2011 593 2035 vere
625 1999 764 2035 malum
787 1999 887 2036 facis.
917 1999 953 2036 Si
977 1999 1162 2036 deleveris

166 2057 205 2093 in
222 2065 257 2094 te
277 2055 381 2107 quod
406 2065 443 2093 tu
466 2057 546 2106 ipse
565 2057 652 2094 facis
666 2087 675 2103 ,
697 2058 866 2095 invenies
885 2058 993 2095 valde
1017 2058 1161 2095 bonum

167 2124 203 2153 te
218 2128 298 2153 esse
322 2117 420 2153 inter
437 2124 626 2153 creaturas
645 2130 736 2166 quas
753 2118 832 2167 ipse
850 2119 946 2155 fecit.
965 2119 1066 2156 Fecit
1083 2119 1163 2168 ipse

165 2175 291 2225 primo
315 2183 349 2211 te
363 2175 571 2212 secundum
593 2189 650 2222 se,
671 2185 708 2212 et
729 2176 847 2214 factus
867 2185 922 2213 est
946 2186 1076 2226 postea
1104 2190 1165 2214 se-

167 2233 333 2270 cundum
355 2242 403 2271 te.
421 2234 523 2272 Fecit
547 2234 626 2284 ipse
644 2243 679 2271 te
703 2235 809 2284 prior
829 2235 875 2272 ad
899 2236 1100 2285 imaginem
1127 2245 1165 2273 et

167 2293 449 2330 similitudinem
471 2307 594 2340 suam,
611 2303 648 2331 et
667 2295 785 2332 factus
806 2304 862 2333 est
881 2297 960 2346 ipse
976 2298 1164 2346 posterior

166 2353 282 2391 homo
297 2353 343 2391 ad
359 2353 642 2391 similitudinem
659 2363 772 2391 tuam.
784 2353 952 2392 Verbum
965 2357 1062 2392 enim
1076 2369 1163 2392 caro

166 2413 306 2450 factum
326 2421 382 2450 est
398 2419 424 2449 ².
440 2412 654 2450 Laudemus
675 2426 765 2462 ergo
780 2417 922 2461 Deum,
943 2414 1009 2464 qui
1035 2427 1164 2451 secun-

167 2471 258 2508 dum
279 2484 318 2509 se
338 2472 425 2509 fecit
444 2485 523 2509 nos.
546 2477 726 2510 Amemus
750 2476 870 2511 Deum
884 2503 893 2520 ,
912 2474 976 2523 qui
1006 2483 1164 2524 propter

168 2543 239 2568 nos
261 2531 378 2568 factus
392 2540 448 2568 est
460 2531 668 2569 secundum
685 2546 765 2570 nos.
779 2536 938 2571 Oremus
959 2534 1080 2583 ipsum
1096 2563 1104 2579 ,
1122 2542 1164 2570 ut

1219 1117 1343 1146 autem
1375 1108 1535 1145 dicimus
1566 1117 1731 1153 tantum,
1762 1107 1865 1158 quod
1895 1104 2211 1143 considerandum

1198 1167 1329 1209 ,nobis
1358 1177 1434 1214 est,
1465 1182 1542 1218 quo
1572 1169 1664 1204 vitio
1690 1167 1951 1216 unusquisque
1970 1163 2137 1209 laboret,
2172 1171 2215 1199 ut

1219 1227 1428 1264 secundum
1455 1227 1595 1264 laboris
1623 1227 1679 1264 sui
1710 1224 2009 1275 magnitudinem
2038 1230 2076 1259 et
2099 1222 2217 1271 quali-

1221 1295 1354 1332 tatem,
1379 1286 1585 1323 verborum
1615 1286 1838 1323 medicinam
1869 1284 2145 1327 ministremus,
2179 1290 2217 1318 et

1221 1345 1392 1382 similiter
1411 1345 1457 1382 de
1475 1346 1555 1382 aliis
1575 1346 1692 1391 vitiis,
1712 1345 1808 1381 sicut
1829 1356 1942 1392 supra
1962 1341 2127 1392 positum
2149 1348 2216 1377 est.

1223 1409 1305 1442 Hoc
1333 1405 1433 1442 enim
1460 1404 1655 1441 sciendum
1681 1412 1754 1450 est,
1775 1403 1863 1453 quia
1887 1415 1962 1439 non
1986 1414 2136 1451 semper
2167 1401 2217 1437 si-

1224 1464 1339 1501 lentio
1363 1463 1613 1510 studendum,
1638 1463 1726 1500 licet
1751 1476 1835 1500 cum
1861 1475 1997 1511 magno
2022 1460 2147 1497 studio
2167 1461 2217 1497 si-

1223 1524 1380 1560 lentium
1405 1523 1452 1560 sit
1472 1522 1698 1560 servandum
1722 1536 1729 1557 :
1753 1521 1817 1558 sed
1831 1520 1985 1570 januam
2004 1520 2080 1556 oris
2101 1520 2219 1556 nostri

1224 1583 1453 1633 quandoque
1473 1583 1667 1628 claudere,
1689 1582 1918 1632 quandoque
1941 1579 2087 1630 aperire
2101 1578 2219 1616 debe-

1226 1656 1330 1689 mus,
1362 1651 1548 1692 quatenus
1587 1643 1638 1679 ita
1668 1650 1861 1679 taceantur
1897 1640 2014 1684 mala,
2050 1652 2096 1675 ne
2131 1653 2217 1676 cum

1227 1703 1333 1739 malis
1344 1702 1454 1738 etiam
1469 1701 1571 1738 bona
1586 1710 1623 1738 et
1640 1702 1746 1738 utilia
1764 1708 1969 1737 taceantur.
1985 1698 2094 1746 Quod
2108 1699 2218 1735 etiam

1225 1763 1264 1799 in
1283 1762 1466 1812 petitione
1485 1775 1552 1798 sua
1570 1761 1695 1798 innuit
1713 1760 1920 1810 Propheta,
1941 1771 2026 1794 cum
2042 1756 2191 1794 dicebat
2211 1770 2219 1791 ε

1181 1827 1207 1862 C
1227 1824 1354 1865 Pone,
1377 1825 1558 1865 Domirze,
1583 1822 1791 1857 custodiam
1819 1823 1875 1854 ori
1896 1832 1997 1862 ηιιό,
2028 1825 2063 1852 et
2085 1821 2220 1852 ostium

1225 1886 1516 1918 circumstantia>
1535 1880 1643 1916 labiis
1661 1885 1751 1916 mei5
1765 1877 1791 1915 3.
1814 1878 1959 1917 Ostium
1985 1877 2126 1926 quippe
2144 1889 2219 1912 non

1227 1953 1376 1989 semper
1410 1947 1536 1989 patet,
1562 1951 1630 1974 nec
1663 1950 1812 1987 semper
1841 1935 2028 1972 clauditur
2054 1948 2062 1968 ε
2093 1934 2157 1971 sed
2183 1934 2222 1970 in

1227 1999 1342 2035 domo
1377 1998 1555 2048 sapientis
1598 2005 1700 2048 patet
1734 1994 1966 2046 sapientibus
1998 1993 2036 2029 in
2082 1993 2225 2029 nuntiis

1228 2057 1467 2101 emittendis-3
1504 2056 1690 2093 clauditur
1713 2068 1804 2091 vero
1836 2067 1906 2104 pro
1938 2053 2061 2090 stultis
2088 2053 2223 2088 intrin-

1229 2129 1334 2152 secus
1351 2114 1568 2152 retinendis.
1602 2115 1659 2152 Sic
1677 2122 1712 2150 et
1747 2127 1789 2150 os
1810 2121 2004 2156 nostrum,
2039 2110 2143 2160 quod
2168 2119 2224 2146 est

1229 2174 1366 2209 ostium
1395 2172 1519 2209 cordis
1552 2172 1691 2216 nostri,
1727 2183 1796 2220 per
1829 2169 1932 2219 quod
1969 2168 2083 2205 verba
2119 2168 2224 2218 quasi

1229 2232 1402 2281 quaedam
1429 2232 1561 2269 nuntia
1584 2230 1853 2281 egrediuntur,
1888 2228 2100 2265 nuntiantia
2133 2227 2224 2277 quid

1230 2291 1388 2327 interius
1426 2299 1558 2339 agatur
1590 2291 1629 2326 in
1663 2289 1797 2333 corde,
1837 2287 1942 2337 quod
1975 2287 2099 2323 verbis
2135 2299 2225 2336 pru-

1229 2349 1406 2386 dentibus
1440 2358 1478 2385 et
1508 2348 1664 2386 utilibus
1701 2348 1814 2384 estin
1846 2355 2018 2395 tempore
2053 2358 2225 2382 reseran-

1229 2409 1341 2455 dum3
1372 2409 1498 2459 pravis
1526 2421 1617 2445 vero
1648 2406 1774 2444 verbis
1809 2419 1893 2456 quae
1923 2405 1968 2442 de
2003 2405 2108 2441 malis
2141 2418 2225 2441 mo-

1230 2469 1330 2506 tibus
1355 2469 1479 2505 cordis
1508 2476 1690 2518 surgunt,
1715 2466 1857 2516 jugiter
1873 2474 1930 2502 est
1958 2464 2225 2501 claudendum.

1229 2533 1393 2579 Tempus
1426 2529 1524 2565 enim
1560 2526 1762 2577 loquendi,
1797 2534 1833 2562 et
1874 2533 2022 2573 tempus
2066 2524 2225 2561 tacendi.

168 2590 367 2639 imaginem
383 2603 488 2628 suam
505 2619 514 2637 ,
535 2591 654 2628 sicubi
674 2591 881 2629 deformata
901 2593 1012 2630 estin
1039 2593 1163 2630 anima
1180 2598 1212 2632 D
1234 2593 1309 2627 Nee
1342 2589 1466 2625 minus
1504 2596 1634 2638 peccat
1678 2587 1708 2623 is
1743 2586 1806 2636 qui
1844 2583 2005 2621 verbum
2044 2583 2231 2620 subtrahit

171 2657 301 2686 nostra
316 2677 325 2694 ,
342 2649 634 2686 misericorditer
652 2651 859 2688 reformare
877 2651 1074 2700 dignetur3
1105 2652 1164 2688 ni-

169 2706 376 2744 hilominus
405 2716 442 2744 et
467 2721 606 2758 corpus
638 2717 829 2755 nostrum,
860 2710 963 2759 quod
993 2710 1039 2746 ad
1066 2711 1165 2747 simi-

169 2765 366 2803 litudinem
383 2775 419 2803 ct
433 2775 604 2804 naturam
618 2777 783 2805 nostram
799 2770 956 2818 accepit,
970 2770 1021 2806 sic
1037 2770 1166 2807 imma-

170 2826 336 2863 culatum
360 2839 584 2864 conservare
611 2827 798 2877 dignetur.
830 2832 876 2865 Et
896 2829 1029 2866 viridia
1054 2830 1163 2876 folia,

170 2885 209 2922 id
232 2894 288 2922 est
315 2884 430 2922 verba
452 2887 611 2924 virtutes
633 2888 886 2933 continentia,
912 2889 1166 2939 proferamus,

171 2945 202 2981 si
232 2944 386 2995 quidem
419 2946 595 2983 volumus
619 2959 699 2983 esse
724 2960 813 2984 vcra
836 2948 928 2993 lilia,
950 2961 1034 2997 quae
1051 2947 1165 2985 verba

171 3012 341 3041 veterum
361 3005 594 3042 canticorum
616 3018 692 3042 non
707 3004 868 3053 habent,
885 3005 947 3042 sed
965 3020 1047 3055 quse
1065 3019 1164 3042 novo

172 3063 339 3109 cantico,
370 3063 407 3100 id
440 3072 495 3100 est
524 3063 714 3110 charitati,
746 3065 843 3113 spei,
873 3065 1092 3110 humilitati,
1128 3073 1165 3100 ct

173 3123 316 3160 caeteris
343 3122 561 3168 virtutibus,
589 3124 794 3160 convenire
817 3132 1034 3160 noscantur.

227 3183 290 3220 87.
324 3184 563 3220 Proseramus
597 3183 683 3220 folia
709 3183 771 3234 (et
801 3197 868 3220 vos
900 3184 1112 3234 praecipue,
1143 3197 1165 3220 ο

226 3314 234 3328 ¹
257 3310 428 3345 IJoan.¹,
451 3311 546 3345 8.9.
568 3308 1198 3348 ——2Joan.1,t4.-—³t‘sal.cu,³.

309 3393 399 3414 Tou.
424 3393 457 3414 V.

1230 2649 1268 2686 in
1301 2657 1473 2698 tempore
1503 2655 1742 2698 opportuno,
1771 2657 1882 2694 quam
1915 2644 1980 2692 qui
2013 2656 2130 2692 prava
2167 2643 2227 2679 lo-

1231 2707 1404 2758 quendo,
1438 2707 1530 2743 alios
1563 2706 1799 2742 scandalizat.
1818 2703 1936 2740 Nimis
1954 2702 2054 2738 enim
2076 2700 2227 2738 videtur

1231 2780 1367 2804 avarus
1386 2780 1466 2803 csse
1493 2775 1529 2802 ct
1554 2765 1723 2809 invidus,
1743 2764 1807 2813 qui
1829 2761 1942 2798 verba
1963 2761 2076 2810 gratis
2101 2760 2227 2798 habita

1232 2827 1278 2864 ad
1303 2827 1499 2862 utilitatem
1529 2825 1792 2875 proximorum
1822 2821 1974 2870 negligit
2001 2819 2225 2857 ministrare.

1231 2885 1391 2934 Quando
1414 2884 1513 2920 enim
1534 2891 1644 2932 putas
1657 2895 1744 2918 eum
1762 2879 2008 2918 substantiam
2032 2878 2226 2927 propriam

1231 2944 1413 2993 indigenti
1438 2943 1614 2992 proximo
1644 2941 1889 2988 largiturum,
1917 2950 2001 2987 quae
2023 2936 2140 2972 divisa
2162 2938 2226 2973 mi-

1232 3004 1374 3048 nuitur,
1393 3003 1457 3052 qui
1476 3001 1590 3038 verba
1612 3013 1804 3050 nunquam
1827 2996 2038 3034 deficientia
2055 3009 2132 3032 non
2150 2996 2226 3032 lar-

1231 3063 1353 3112 gitur?
1389 3066 1506 3099 Ponat
1526 3074 1616 3109 ergo
1638 3060 1822 3097 Dominus
1842 3056 2051 3094 custodiam
2072 3056 2128 3092 ori
2159 3069 2228 3092 no-
2260 3059 2268 3065 “
2286 3102 2294 3109 ·

1231 3132 1310 3161 stro
1325 3152 1334 3167 ‚
1366 3131 1405 3159 ut
1436 3122 1596 3158 sciamus
1618 3120 1770 3170 qnando
1790 3128 1826 3155 et
1846 3118 1994 3167 qualem
2024 3115 2228 3152 debeamus

1233 3183 1403 3234 proferre
1425 3194 1638 3218 sermonem
1672 3193 1679 3213 :
1714 3187 1751 3215 et
1771 3178 1908 3215 ostium
1937 3176 2228 3212 circumstantia*

1602 3307 1613 3320 ³
1633 3305 1732 3340 Ati-u,
1756 3303 1943 3343 rirgznilalt.

1971 3373 2019 3403 30
