2418 3949
201 202 275 240 993

200 279 246 316 de
276 280 428 328 alienis,
459 281 523 319 sed
552 281 598 319 de
630 281 703 319 tuis
734 281 912 330 floribus,
937 282 1057 319 dulcis
1084 279 1229 319 Jesu.⁴⁹

951 208 1016 242 DE
1044 204 1274 242 PASSIONE
1303 205 1493 241 DOMINI.

1233 279 1403 327 Β(ῑθῐηοε,
1421 280 1598 318 Satiabor
1624 296 1704 318 cum
1727 287 1948 332 apparuerit
1971 286 2094 333 gloria
2119 284 2208 320 tua-‘⁵
2235 300 2242 320 :

2167 206 2239 242 994

198 338 291 374 Veni
313 352 403 389 ergo
423 348 460 376 et
485 353 645 389 agnosce
666 348 750 377 tuos
770 340 882 377 flores
906 355 914 377 :
936 338 1127 388 requiesce
1146 337 1186 373 in
1201 344 1234 377 A
1253 348 1290 377 et
1306 341 1344 378 in
1366 341 1439 377 alio
1456 342 1538 377 loco
1553 370 1563 387 ‚
1585 342 1817 390 Adimplebis
1836 344 2142 389 mesae-undante
2159 358 2241 381 cam

197 397 336 435 lectulo
358 399 429 436 tuis
447 399 604 436 floribus
621 399 817 436 adornato.
835 400 904 436 His
920 412 1009 448 ergo
1030 396 1187 435 floribus

196 457 291 506 petit
310 472 330 495 a
351 459 460 496 sociis
489 459 637 509 sponsi,
659 458 706 496 ab
730 458 1060 496 annuntiatoribus
1078 455 1186 493 verbi

196 517 267 553 Dei
288 530 326 554 se
346 531 484 568 sponsa
505 519 646 565 fulciri3
662 519 783 556 sciens
805 519 975 568 profecto
995 517 1087 567 quid
1106 516 1186 552 vir-

197 576 286 613 tutis
312 577 492 624 habeant,
524 578 674 628 qualem
704 578 880 615 effectum
910 584 1117 627 operentur
1145 575 1185 611 in

195 634 275 684 ipsa
303 637 393 673 tales
420 637 531 674 flores
562 651 632 688 per
660 638 870 674 ministrum
898 636 1005 673 verbi
1035 635 1081 672 ad
1106 648 1186 671 me-

196 695 354 732 moriam
384 697 570 742 revocati3
589 705 771 746 quantum
800 696 919 746 ipsam
944 696 981 732 in
1006 694 1185 731 tentatio-

195 752 306 790 nibus
334 763 371 790 et
399 755 574 804 periculis
603 756 800 805 praesentis
827 756 913 791 vitae
941 755 1181 798 confortent,

194 821 377 860 quantum
397 813 441 849 ad
461 827 635 863 supernae
658 814 788 864 patriae
808 814 1036 852 desiderium
1054 825 1183 849 accen-

194 871 296 908 dant.
315 875 390 909 Nec
409 872 542 909 dubito
562 874 654 923 quin
670 874 800 910 eadem
819 887 956 924 sponsa
974 874 1012 910 in
1031 873 1183 909 hortum

194 940 404 969 sanctarum
425 934 703 983 Scripturarum
726 934 783 970 sui
805 935 934 983 sponsi
955 933 1185 983 quandoque

193 991 305 1028 fuerit
320 992 556 1040 introducta,
572 993 637 1030 ubi
658 994 790 1043 procul
807 993 924 1030 dubio
941 993 1085 1043 lignum
1099 992 1185 1028 vitae

1252 403 1356 436 vultu
1380 409 1442 436 tao
1469 415 1480 436 .·
1513 402 1774 436 delectationes
1795 405 1832 437 in
1859 403 2016 437 dextera
2040 412 2106 439 tua
2133 417 2244 456 usque

1251 460 1420 507 infinem
1436 459 1465 494 ⁴².
1488 462 1543 496 De
1564 473 1637 508 qua
1658 460 1811 496 dextera
1832 461 1920 497 alias
1943 462 2079 512 legitur
2098 477 2107 499 :
2128 467 2242 499 Loeva

1252 519 1329 563 ejus
1353 518 1420 554 sub
1440 523 1562 566 capite
1581 532 1677 564 mec),
1698 528 1735 555 et
1752 522 1906 556 dextera
1926 523 2024 556 illius
2044 525 2244 571 amplexa-

1252 577 1350 614 bitur
1373 591 1430 613 me
1445 576 1471 613 ⁵.
1502 581 1547 614 Et
1572 578 1658 614 vide
1689 592 1799 628 quam
1829 579 1926 616 bene
1950 580 2019 616 ista
2040 583 2241 620 auctoritas

1251 648 1336 672 cum
1371 635 1631 685 superioribus
1659 637 1864 673 concordat
1891 652 1898 673 :
1932 647 1972 674 ut
1995 642 2088 675 lawa
2114 640 2242 677 dilecti

1250 695 1463 744 appelletur
1480 695 1693 731 recordatio
1710 696 1808 732 illius
1827 696 2035 743 charitatis,
2050 712 2120 747 qua
2140 701 2244 737 nulla

1251 753 1372 802 major
1400 761 1476 798 est,
1503 767 1614 802 quam
1636 766 1677 790 ea
1706 767 1778 803 qua
1800 755 1924 804 posuit
1949 755 2109 793 animam
2138 773 2243 795 suam

1249 825 1319 861 pro
1350 813 1479 850 amicis
1499 813 1588 849 suis.
1609 817 1652 850 In
1673 816 1828 850 dextera
1848 828 1939 851 vero
1959 815 2067 852 beata
2088 818 2157 854 Dei
2182 819 2242 855 vi-

1249 871 1327 916 sio,
1350 884 1461 920 quam
1482 872 1657 922 promisit
1675 873 1806 910 amicis
1827 874 1921 919 suis,
1942 883 1978 910 et
1998 875 2174 924 gaudium
2197 877 2243 913 de

1249 932 1449 981 praesentia
1475 931 1612 968 divinae
1638 931 1850 981 majestatis.
1876 933 2011 969 Merito
2034 935 2096 970 illa
2119 936 2185 971 Dei
2207 945 2245 972 et

1250 990 1381 1027 deifica
1402 991 1519 1036 visio,
1538 992 1600 1028 illa
1615 991 1752 1028 divinae
1772 993 1981 1042 praesentiae
1999 994 2244 1031 inaestimabi-

193 1051 314 1088 Vitem
343 1065 470 1089 veram
499 1053 664 1099 invenit,
695 1052 802 1102 cujus
831 1054 1003 1090 alacriter
1025 1053 1187 1089 fructum
1205 1053 1232 1087 B
1251 1050 1296 1086 lis
1322 1050 1472 1087 dileetio
1501 1051 1539 1087 in
1567 1051 1721 1087 dextera
1742 1050 1966 1100 deputatur,
1986 1052 2031 1088 (le
2049 1066 2122 1102 qua
2143 1054 2244 1091 dele—

193 1111 463 1160 apprehendst,
490 1112 648 1148 volvens
676 1112 716 1148 in
743 1121 868 1149 mente
893 1125 959 1149 sua
991 1120 1029 1148 et
1060 1111 1185 1148 revol-

195 1182 285 1206 vens
327 1179 365 1207 et
400 1171 552 1208 intuens
585 1171 783 1220 diligenter
816 1184 859 1208 ac
893 1170 1183 1221 perspicaciter,

192 1230 342 1278 qualem
365 1244 411 1267 ex
441 1230 576 1267 ardore
600 1230 727 1268 dilecti
747 1231 825 1277 sui,
841 1231 919 1268 imo
949 1245 996 1268 ex
1023 1231 1105 1281 ipso
1126 1229 1187 1267 di-

191 1288 288 1325 lecto
308 1289 420 1326 fuerit
440 1291 604 1327 fructum
621 1300 822 1328 consecuta
840 1305 847 1327 z
868 1291 1059 1340 sensitque
1076 1290 1185 1326 infal-

193 1347 367 1395 libiliter,
391 1359 573 1399 quantum
591 1351 729 1388 amoris
755 1351 790 1387 ei
817 1350 974 1396 debeat,
998 1358 1184 1400 quantum

190 1407 237 1444 ad
268 1409 395 1445 omnia
426 1410 593 1460 pericula
626 1410 844 1447 sustinenda
880 1410 1014 1446 merito
1050 1409 1188 1445 debeat

190 1468 393 1505 confortari
417 1477 564 1518 gustato
584 1469 719 1519 spiritu
736 1469 1050 1514 fructuosissimo,
1072 1481 1185 1518 quem

190 1539 238 1562 ex
257 1526 391 1564 arbore
412 1537 485 1564 tam
507 1528 642 1565 dilecta
662 1529 836 1579 suscepit.
858 1532 974 1578 Optat
996 1541 1085 1578 ergo
1113 1527 1185 1565 sibi

191 1586 326 1635 saepius
364 1587 409 1623 ad
443 1588 663 1624 memoriam
698 1588 866 1624 revocari
898 1588 967 1624 hos
1000 1588 1113 1624 flores
1148 1595 1185 1624 et

190 1644 291 1682 hunc
308 1646 468 1682 fructum
492 1660 499 1682 :
521 1647 610 1695 quia
626 1655 664 1682 et
684 1647 756 1683 illis
772 1647 914 1692 fulciri,
933 1660 979 1683 ne
1000 1646 1129 1692 cadat3
1147 1654 1185 1682 et

190 1704 246 1740 his
263 1705 413 1754 stipari,
433 1718 480 1742 ne
495 1706 622 1755 aliquo
643 1706 758 1742 modo
779 1713 999 1751 moveatur,
1020 1713 1152 1741 exorat
1172 1718 1179 1740 :

188 1764 309 1801 sciens
332 1765 510 1802 nimirum
531 1765 622 1814 quid
637 1766 776 1802 virium
793 1764 959 1802 habeant
975 1774 1012 1801 et
1029 1765 1182 1802 illorum

188 1824 306 1870 odor,
321 1833 359 1861 et
379 1823 490 1873 hujus
507 1838 632 1875 sapor.

245 1884 329 1922 168.
346 1884 456 1933 Quod
473 1893 597 1922 autem
617 1885 734 1932 addit,
750 1887 851 1932 Quia
865 1898 992 1921 amore
1008 1887 1180 1933 langueo,

187 1943 277 1992 quid
298 1953 367 1990 est,
400 1945 470 1981 nisi
489 1945 591 1994 quod
624 1958 761 1995 sponsa
792 1945 980 1982 desiderio
1008 1958 1182 1994 supernae

187 2004 318 2052 patriae
345 2017 501 2041 accensa
525 2005 745 2042 dilationem
774 2005 990 2042 diuturnam
1012 2018 1089 2042 non
1111 2017 1181 2055 pa—

187 2063 306 2100 titur?
325 2064 436 2102 Unde
457 2064 494 2100 in
516 2064 649 2102 eodem
671 2080 678 2101 :
701 2067 816 2100 Filioe
837 2067 1058 2110 Jerusalem,
1083 2078 1181 2100 nun-

186 2127 275 2158 tiate
306 2126 440 2159 dilecto
478 2126 564 2172 quia
599 2139 725 2160 amore
757 2128 916 2173 langueo
935 2132 960 2161 ¹.
999 2124 1090 2172 Quis
1126 2133 1181 2161 est

186 2194 293 2218 amor
312 2183 381 2219 iste
398 2191 471 2220 tam
492 2183 636 2220 validus
650 2213 659 2230 ,
681 2192 717 2220 et
736 2184 954 2233 languorem
973 2183 1181 2220 inducens?

185 2241 377 2290 Numquid
404 2254 482 2278 non
508 2250 563 2279 est
585 2255 712 2288 amor,
730 2241 776 2279 de
796 2255 872 2291 quo
892 2242 1071 2292 scriptum
1097 2249 1152 2277 est
1170 2255 1178 2277 :

185 2303 220 2336 F
221 2306 310 2337 ortis·
330 2311 385 2338 est
403 2311 441 2338 uc
456 2316 552 2338 mors
574 2304 718 2338 dilectio
732 2304 770 2338 ²?
792 2303 918 2350 Qualis
939 2311 995 2339 est
1013 2303 1083 2338 ista
1104 2301 1180 2337 sor-

185 2359 321 2406 titudo,
343 2375 427 2410 quae
444 2362 700 2398 infirmitatem
722 2362 893 2398 inducit?
909 2361 1179 2411 Respondeant

181 2420 236 2456 illi
265 2421 329 2470 qui
355 2421 392 2458 in
419 2420 515 2457 libro
543 2421 787 2470 experientiae
816 2420 930 2470 hujus
958 2420 1177 2470 quaestionis

182 2480 408 2517 solutionem
440 2481 694 2530 perlegerunt.
724 2481 977 2531 Experientiae
1008 2480 1099 2517 dixi.
1131 2483 1177 2517 Et

183 2551 299 2587 quare
320 2553 396 2576 non
424 2540 638 2589 sapientiae‚
661 2553 745 2589 quae
769 2553 789 2576 a
816 2553 950 2589 sapore
978 2539 1075 2576 dicta
1096 2540 1177 2575 est?

185 2599 257 2645 Qui
280 2612 370 2649 ergo
398 2600 435 2636 in
459 2600 557 2636 libro
587 2600 781 2649 sapientiae
805 2601 1001 2650 legerunt,
1033 2599 1069 2635 id
1097 2607 1175 2644 est,

182 2657 247 2706 qui
272 2671 446 2707 saporem
473 2659 664 2695 internum
689 2660 836 2709 experti
863 2668 971 2705 sunt,
994 2659 1121 2695 dicant
1140 2667 1177 2694 et

182 2717 341 2754 doceant
370 2731 456 2764 nos,
485 2719 568 2767 quis
594 2718 640 2754 sit
664 2719 732 2755 iste
762 2732 888 2764 amor,
915 2719 980 2768 qui
1011 2732 1095 2755 cum
1130 2719 1176 2755 sit

183 2776 291 2812 sortis
310 2785 350 2812 ut
367 2789 485 2821 mors,
508 2776 593 2812 l'acit
613 2785 781 2813 amantes
800 2778 977 2826 languere
994 2790 1113 2826 usque
1130 2777 1175 2813 ad

182 2842 341 2871 mortem
361 2849 368 2870 :
393 2836 480 2884 quia
504 2835 540 2871 in
562 2844 682 2872 morte
701 2835 814 2884 hujus
837 2836 1026 2886 corporis,
1044 2844 1080 2872 et
1098 2849 1174 2872 non

183 2903 268 2931 ante
289 2904 481 2932 sanantur.
503 2899 659 2932 Possent
673 2896 825 2945 quidem
846 2897 969 2933 medio
987 2905 1173 2946 tempore,

184 2951 273 2987 dum
297 2954 334 2990 in
362 2955 438 2990 vita
457 2954 525 2991 liae
547 2956 695 2991 mortali
722 2955 799 2991 sive
825 2955 862 2992 in
884 2956 952 2992 hac
973 2965 1093 2992 morte
1116 2957 1174 2992 vi-

185 3011 247 3047 tali
275 3010 434 3061 degunt,
454 3014 578 3050 dilecti
601 3028 643 3051 ac
667 3014 927 3053 desiderabilis
954 3015 1112 3053 [loribus
1139 3024 1175 3052 et

185 3070 368 3108 fructibus
396 3074 600 3119 consolari,
626 3082 662 3111 at
691 3088 766 3111 non
795 3076 941 3121 satiari3
964 3076 1086 3112 donee
1112 3088 1178 3111 vc-

184 3129 261 3165 niat
289 3129 387 3176 dies,
410 3145 522 3181 qucm
554 3147 638 3171 cum
665 3135 850 3185 propheta
880 3135 1093 3172 desiderant
1117 3135 1176 3171 di-

1251 1108 1438 1146 ctabiliter
1454 1110 1604 1146 canitur
1621 1124 1629 1146 t
1649 1112 1922 1146 Delectationes
1944 1115 1982 1146 in
2004 1114 2159 1148 dextera
2182 1123 2244 1149 tua

1251 1183 1363 1217 usque
1385 1170 1565 1216 infinem.
1588 1170 1723 1206 Merito
1750 1170 1788 1205 in
1820 1170 1912 1206 laeva
1933 1171 2161 1207 memorialis
2183 1173 2244 1209 illa

1251 1238 1288 1265 et
1308 1242 1457 1279 semper
1483 1229 1731 1266 memoranda
1758 1229 1906 1266 dilectio
1934 1230 2162 1278 collocatur3
2181 1240 2243 1278 ut,

1252 1289 1374 1326 donec
1395 1298 1557 1327 transeat
1577 1289 1755 1339 iniquitas
1768 1318 1777 1335 ‚
1800 1302 1914 1339 super
1931 1303 2011 1326 eam
2033 1303 2171 1339 sponsa
2190 1304 2245 1327 re-

1251 1350 1420 1399 quiescat
1447 1358 1484 1386 et
1510 1348 1719 1386 recumbat.
1743 1349 1879 1386 Merito
1899 1362 1988 1399 ergo
2008 1350 2099 1386 laeva
2116 1352 2243 1401 sponsi

1251 1408 1320 1446 sub
1340 1409 1462 1458 capite
1482 1421 1652 1459 sponsae,
1675 1421 1790 1458 super
1808 1422 1920 1458 quam
1942 1409 2116 1446 videlicet
2134 1419 2245 1460 caput

1252 1479 1360 1504 suum
1389 1467 1567 1504 inclinata
1599 1475 1801 1512 sustentet,
1830 1467 1868 1503 id
1895 1475 1975 1514 est,
2005 1470 2140 1506 mentis
2170 1482 2245 1506 suae

1252 1527 1463 1564 intentione
1500 1527 1745 1572 incurvetur,
1773 1539 1820 1563 ne
1851 1527 2054 1564 inclinetur
2088 1529 2133 1565 ad
2161 1543 2243 1566 car-

1250 1587 1347 1623 nalia
1367 1594 1404 1623 et
1424 1586 1616 1623 saecularia
1636 1585 1820 1623 desideria
1842 1601 1849 1622 z
1881 1587 1969 1636 quia
1988 1600 2124 1638 corpus
2142 1589 2244 1638 quod

1249 1646 1529 1696 corrumpitur,
1560 1654 1736 1696 aggravat
1775 1646 1960 1692 animam,
1996 1656 2032 1683 et
2067 1648 2245 1698 deprimit

1250 1714 1398 1742 terrena
1418 1704 1643 1742 inhabitatio
1663 1719 1813 1742 sensum
1835 1706 1952 1743 multa
1972 1706 2239 1756 cogitantemf’.

1249 1765 1352 1802 Idem
1374 1778 1464 1815 ergo
1491 1778 1559 1815 per
1586 1765 1699 1802 flores
1729 1774 1765 1801 et
1787 1765 1947 1801 fructum
1973 1775 2110 1803 nostrae
2134 1768 2240 1814 vitis,

1205 1826 1232 1861 C
1251 1832 1289 1860 et
1305 1837 1374 1874 per
1392 1824 1523 1860 laevam
1540 1824 1656 1873 ipsius
1675 1823 1802 1873 sponsi
1825 1825 2008 1873 liguratur
2026 1839 2033 1860 t
2051 1826 2243 1875 languoris

1248 1892 1373 1921 autem
1390 1884 1534 1920 sanatio
1549 1896 1618 1933 per
1635 1883 1827 1920 dexteram
1849 1882 1942 1932 ejus.

1305 1945 1389 1981 169.
1409 1947 1480 1980 Per
1499 1944 1567 1980 hos
1585 1956 1674 1993 ergo
1696 1943 1807 1980 flores
1824 1952 1860 1979 et
1881 1944 2041 1980 fructum
2061 1945 2152 1981 vitis
2168 1958 2239 1982 no-

1247 2011 1333 2040 strae
1350 2010 1485 2053 petunt
1501 2016 1539 2039 se
1556 2003 1676 2039 fulciri
1692 2031 1701 2048 ‚
1724 2015 1792 2039 nec
1813 2003 1932 2039 aliena
1946 2002 2145 2040 dilectione
2160 2005 2241 2054 glo-

1247 2063 1393 2099 riantur
1406 2075 1444 2098 se
1461 2061 1677 2108 sustentari,
1693 2061 1757 2111 qui
1772 2075 1876 2111 spem
1892 2071 1929 2098 et
1947 2062 2118 2099 fiduciam
2134 2077 2239 2101 suam

1247 2135 1324 2159 non
1352 2123 1390 2158 in
1411 2121 1524 2158 rebus
1545 2120 1695 2158 caducis
1720 2129 1931 2171 posuerunt
1957 2135 1964 2157 ε
1988 2122 2052 2158 sed
2073 2123 2134 2159 illa
2156 2132 2240 2160 tan-

1248 2191 1326 2219 tum
1347 2182 1492 2228 anima,
1513 2195 1598 2231 quae
1620 2181 1735 2217 modo
1758 2194 1829 2230 pro
1850 2194 1978 2217 amore
1997 2190 2033 2217 et
2053 2182 2240 2219 desiderio

1247 2242 1371 2279 dilecti
1392 2240 1655 2291 corporalibus
1672 2249 1709 2277 et
1729 2241 1930 2277 mundanis
1947 2242 2046 2278 curis
2067 2243 2239 2291 languet,

1246 2302 1323 2337 imo
1339 2309 1375 2338 et
1393 2301 1566 2346 moritur,
1581 2300 1641 2336 cui
1658 2308 1694 2336 et
1711 2299 1845 2336 dicitur
1857 2329 1866 2345 ‚
1889 2301 1985 2346 Quoe
2002 2311 2054 2336 cst
2069 2305 2139 2337 ism
2155 2317 2240 2350 (ματ

1247 2363 1417 2397 ascendit
1433 2363 1479 2396 de
1494 2363 1638 2397 deserto
1658 2361 1800 2396 deliciis
1818 2363 1976 2408 affluens
1987 2389 1998 2404 ,
2020 2366 2155 2397 Iunia-(1
2172 2376 2238 2397 stc-

1235 2434 1310 2470 per
1332 2423 1502 2456 dilectum
1523 2433 1627 2455 suum
1652 2421 1690 2455 7?
1714 2422 1769 2455 De
1789 2418 1938 2455 deserto
1963 2419 2105 2470 quippe
2125 2421 2240 2470 hujus

1243 2480 1375 2517 mundi
1400 2479 1586 2524 ascendit,
1614 2492 1698 2528 quae
1715 2492 1782 2515 cor
1802 2492 1910 2515 suum
1936 2493 2021 2516 cum
2048 2481 2161 2518 corde
2183 2482 2240 2518 di-

1242 2541 1326 2577 lecti
1344 2540 1380 2576 in
1402 2553 1444 2576 ea
1459 2539 1638 2575 charitate
1655 2539 1880 2584 connexuit,
1908 2553 2080 2588 quaercns
2097 2555 2138 2577 ea
2156 2555 2240 2590 quae

1193 2607 1225 2641 D
1244 2613 1391 2638 sursum
1408 2608 1517 2643 sunt,
1538 2611 1613 2634 non
1636 2611 1720 2647 quae
1739 2611 1854 2647 super
1871 2607 2020 2635 terram.
2044 2600 2153 2636 I'nde
2172 2601 2238 2637 de-

1242 2660 1336 2696 liciis
1355 2660 1538 2695 virtutum
1561 2658 1703 2703 affluit,
1726 2665 1902 2705 tanquam
1926 2668 2120 2706 unguento
2142 2659 2237 2696 deli—

1242 2718 1334 2755 buta
1351 2718 1585 2754 diversorum
1607 2725 1814 2752 aromatum
1830 2745 1838 2760 ,
1861 2729 1944 2764 quae
1966 2717 2011 2752 de
2028 2717 2151 2754 dilecti
2168 2733 2237 2768 pa-

1243 2779 1367 2815 radiso
1391 2777 1558 2825 collegit,
1580 2789 1740 2825 sequens
1760 2789 1844 2811 eum
1867 2776 1932 2824 qui
1954 2790 2023 2825 pro
2044 2791 2084 2813 ca
2105 2791 2233 2826 passus

1242 2851 1349 2875 suum
1373 2837 1441 2886 ipsi
1464 2835 1613 2883 reliquit
1631 2834 1861 2883 exemplum.
1879 2835 1988 2870 [mle
2006 2844 2039 2870 ct
2066 2835 2161 2871 bcnc
2179 2837 2234 2872 di-

1244 2898 1359 2942 citur‚
1388 2899 1530 2930 Iunia-a
1557 2908 1667 2942 snper
1686 2896 1857 2929 dilectum
1878 2908 2003 2937 mcum,
2026 2908 2100 2930 non
2122 2909 2234 2945 super

1243 2957 1435 2992 homiuem
1452 2955 1560 3003 ;quia
1578 2953 1798 2989 maledictus
1815 2953 1928 2988 homo
1941 2954 2004 3001 qui
2023 2955 2177 2990 conlidit
2198 2957 2232 2992 in

1243 3015 1408 3059 homine,
1424 3022 1459 3049 ct
1474 3014 1582 3063 ponit
1600 3026 1749 3049 caruem
1767 3011 1962 3048 brachium
1980 3026 2088 3048 suum
2108 3013 2120 3033 ⁸
2140 3029 2146 3049 :
2167 3027 2235 3050 ucc

1243 3087 1357 3123 super
1377 3074 1519 3122 aliquas
1541 3086 1599 3108 res
1620 3081 1804 3116 terrenas,
1823 3085 1906 3119 quae
1931 3072 2057 3107 omnia
2078 3082 2232 3121 rcputa·

1244 3135 1297 3170 vit
1328 3133 1434 3182 quasi
1469 3140 1656 3177 stercora,
1693 3139 1733 3167 ut
1765 3131 1952 3168 Clu-istum
1987 3131 2233 3167 lucrifaceret.

234 3266 241 3280 ¹
260 3262 377 3294 Caulic.
397 3276 427 3301 ν,
448 3268 478 3296 8.
496 3283 538 3288 -
561 3273 572 3288 ²
598 3267 644 3299 Id.
666 3279 726 3298 vin
743 3293 750 3305 ‚
772 3273 802 3299 ὓ.
821 3286 861 3290 —-
885 3266 898 3289 ³
914 3268 991 3300 Psal.
1010 3279 1084 3306 xvi,
1111 3271 1162 3299 15.
1179 3285 1220 3291 ——-
1237 3266 1250 3293 4
1266 3265 1345 3299 Psal.
1363 3277 1417 3303 xv,
1440 3269 1488 3297 11.
1506 3284 1547 3288 -
1571 3263 1584 3286 ⁵
1600 3265 1784 3301 Cantic.11,
1809 3269 1840 3294 ὃ.
1861 3282 1899 3287 -
1926 3264 2028 3305 “Sap.
2052 3267 2175 3296 ιι.1.ἰ.
2216 3282 2235 3285 --

183 3321 195 3343 7
214 3315 334 3347 Cantic.
351 3329 434 3356 vm,
456 3323 485 3351 5.
502 3338 539 3342 ——
563 3319 577 3342 ⁸
591 3323 795 3353 Jerem.xv11
809 3346 816 3360 ‚
836 3326 865 3352 5.

315 3387 405 3410 Toni.
435 3390 469 3411 V.

2034 3374 2082 3408 32
