2418 3949
127 259 222 295 1193
775 260 839 293 DE
869 259 1042 294 VERBIS
1072 258 1249 293 DOMINI
1278 259 1327 292 IN
1359 258 1524 294 COENA.
2076 258 2170 294 1194

122 334 318 383 quinatur,
346 333 482 373 iterum
510 346 605 383 opus
631 342 686 370 est
712 333 826 382 pedes
852 334 988 370 lavare.
1009 331 1343 382 Quos⁰⁰⁹pedibus
1357 345 1433 368 non
1449 332 1545 369 dico.
1565 335 1595 370 O
1611 332 1720 369 beate
1740 337 1846 370 Petre
1861 362 1870 379 ,
1893 347 1915 370 o
1936 334 2058 371 felices
2072 338 2176 384 Apo—

121 394 221 429 lavat
242 393 428 430 Dominus
446 393 688 442 interpellans
718 406 788 442 pro
816 392 948 438 nobis;
979 401 1016 429 et
1043 406 1111 429 nos
1128 397 1159 430 A
1175 391 1281 436 stoli,
1305 399 1391 427 ante
1420 392 1534 440 pedes
1563 406 1726 441 quorum
1748 393 1863 429 astitit
1887 393 2038 429 humilis
2062 396 2175 430 Crea—

121 451 193 501 ipsi
217 452 380 498 orando,
399 453 437 488 in
455 452 685 488 contritione
701 452 846 498 cordis,
867 461 903 488 et
930 465 1116 501 compun—

121 512 245 548 ctione
261 513 524 560 lacrymarum.

173 572 211 608 6.
231 572 299 608 Ille
315 571 426 608 etiam
450 571 514 620 qui
532 570 569 606 in
587 571 665 607 otio
684 570 809 607 studet
834 571 981 607 veritati
998 599 1007 616 ,
1026 571 1115 607 dum

120 630 159 666 in
185 630 266 667 aliis
298 630 461 680 pulsanti
485 642 633 679 sponsae
655 630 802 678 aperire
830 630 975 679 pergit,
1002 629 1117 679 pedes

121 689 294 738 inquinat
327 704 335 726 ε
362 689 451 739 quia
471 689 611 726 veritas
637 690 830 725 humiliter
849 690 1026 733 auditur,
1052 688 1116 725 sed

121 749 201 785 sine
216 749 385 799 periculo
402 762 477 786 non
494 749 735 798 praedicatur.
757 752 845 785 Haec
864 749 963 784 enim
982 761 1118 798 sponsa

121 809 160 845 in
180 808 338 846 Canticis
364 809 596 845 canticorum
624 821 663 845 se
691 808 814 844 vitare
839 808 935 844 velle
953 808 1115 844 demon-

121 874 231 912 strat,
250 866 315 903 ubi
342 880 424 903 eam
449 880 590 916 sponso
614 867 829 904 exhortanti
845 866 891 903 ad
909 865 1117 916 praedicati-

120 938 255 972 onem,
281 926 334 962 sic
365 926 541 976 inquiens
563 926 614 963 ait
633 941 640 963 :
665 929 884 974 Exspolmvi
911 939 969 961 me
992 929 1117 960 tunica

120 998 226 1031 mea,
259 987 440 1034 quomodo
467 989 609 1021 induar
629 989 724 1022 illa?
753 988 827 1021 lavi
848 987 966 1034 pedes
990 997 1113 1030 meos,

119 1047 299 1091 quomodo
321 1045 524 1094 inquinabo
546 1049 658 1082 illos?
684 1046 840 1082 Dixerat
861 1045 895 1082 ei
915 1056 1076 1094 sponsus
1105 1057 1113 1079 ι

1183 458 1242 486 tor
1261 451 1492 498 Angelorum
1515 454 1522 486 ἔ
1543 465 1565 487 0
1586 451 1693 488 beata
1713 453 1887 502 purgatio
1908 455 1915 487 !
1942 466 1964 489 o
1986 452 2095 489 beata
2118 454 2174 489 la-

1182 509 1302 555 vatio,
1333 522 1416 557 quae
1450 510 1606 546 mundat
1634 512 1822 560 leprosos,
1852 520 1957 548 curat
1989 521 2148 561 :egrotos
2166 541 2175 556 ,

1181 568 1340 604 vulnera
1366 577 1494 614 sanat,
1523 570 1711 606 cicatrices
1731 571 1886 617 solidat,
1910 572 2036 607 lumen
2061 572 2177 608 donat

1182 628 1287 664 caecis
1302 656 1311 674 ,
1330 641 1495 677 gressum
1521 630 1682 676 claudis,
1704 631 2021 679 pulchritudinem
2041 631 2148 667 foedis
2165 659 2173 676 ,

1182 687 1329 723 divitias
1358 688 1506 736 egenis,
1528 690 1669 726 moestis
1696 690 1859 726 laetitiam
1877 720 1885 736 ,
1908 691 2178 740 poenitentibus

1183 747 1354 792 veniam,
1388 748 1545 784 mortuis
1575 749 1712 786 vitam!
1747 753 1777 787 Ο
1807 751 1945 799 grande
1975 751 2174 800 gaudium,

1182 807 1363 843 immensa
1384 807 1510 843 laetitia
1527 810 1534 844 l

1247 868 1283 902 8.
1308 867 1475 903 Christus
1502 876 1701 917 postquam
1728 869 1842 915 lavit,
1867 870 2088 906 vestimenta
2112 883 2176 905 sua

1182 926 1344 975 accepit,
1379 935 1465 976 post
1499 935 1657 964 mortem
1687 929 1830 974 carnis,
1862 929 2018 977 gloriam
2047 928 2179 965 habuit

1182 986 1482 1023 resurrectionis.
1502 989 1591 1022 Post
1606 987 1797 1035 sanguinis
1812 988 2033 1023 effusionem
2050 1016 2059 1033 ,
2079 1000 2179 1023 acce—

1182 1045 1238 1093 pit
1263 1045 1432 1094 corporis
1452 1045 1783 1082 immortalitatem.
1808 1047 1952 1083 Deinde
1977 1046 2174 1091 recubuit,

119 1104 240 1151 Aperi
259 1105 367 1151 milei,
390 1118 493 1141 soror
514 1119 619 1152 neca,
647 1110 772 1141 amica
799 1119 882 1140 mea
898 1132 907 1150 ‚
931 1109 1113 1139 inimctcic-
1134 1107 1160 1140 B
1178 1103 1315 1140 deinde
1337 1104 1548 1152 requievit,
1567 1105 1678 1140 coelos
1695 1105 1881 1151 ascendit,
1900 1106 1965 1142 ubi
1990 1107 2093 1143 sedet
2113 1107 2179 1142 bc-

120 1164 199 1198 lata
218 1177 301 1199 mea
313 1193 322 1210 ,
344 1166 430 1212 qnia
444 1173 559 1213 caput
574 1178 692 1199 meum
709 1167 861 1212 plenum
880 1172 936 1199 est
955 1175 1034 1198 rore
1047 1190 1056 1208 ,
1082 1171 1118 1197 et

119 1224 282 1258 cincinni
293 1228 484 1272 meigattis
500 1227 660 1259 noctium
678 1230 702 1259 ¹.
720 1226 770 1260 Ac
787 1222 816 1258 si
832 1221 948 1258 dicat:
962 1224 993 1259 Ο
1011 1233 1119 1257 soror

119 1294 220 1328 mea,
237 1283 402 1319 cohaeres
422 1295 524 1329 mea,
541 1283 660 1319 amica
676 1295 757 1318 mea
768 1310 777 1327 ,
799 1280 947 1318 conscia
961 1288 1120 1317 secreto-

118 1353 202 1377 rum
225 1354 416 1389 meorum,
439 1341 614 1379 columba
642 1354 724 1378 mea
755 1340 895 1390 Spiritu
921 1347 1049 1376 sancto
1075 1339 1140 1394 il-·

119 1401 292 1449 lustrata,
313 1402 550 1440 immaculata
573 1415 655 1439 mea
682 1400 841 1438 terrenis
866 1400 965 1436 curis
990 1407 1114 1444 exuta,

120 1463 235 1509 Aperi
251 1463 356 1508 milii,
378 1463 416 1499 id
436 1471 513 1509 est,
533 1463 589 1499 fac
610 1462 700 1498 mihi
721 1460 849 1511 pervia
863 1459 977 1496 corda
993 1472 1118 1495 erran-

120 1520 213 1557 tium
235 1521 487 1571 praedicando.
510 1523 630 1570 Caput
644 1534 761 1556 mcum
778 1522 929 1568 plenam
945 1528 995 1555 cst
1015 1532 1119 1561 rore,-

119 1578 157 1615 id
172 1588 247 1625 est,
265 1580 394 1617 Deitas
414 1594 496 1618 mea
511 1580 739 1618 circumdata
759 1578 951 1615 charitatis
972 1577 1119 1622 fervore

120 1647 188 1675 est.
211 1642 262 1675 Et
280 1644 443 1676 cincinni
461 1645 535 1676 mci
552 1645 665 1689 guttis
684 1643 843 1675 noctium
857 1652 871 1682 ;
887 1637 925 1674 id
946 1645 1001 1673 est
1014 1666 1023 1683 ,
1041 1637 1120 1673 col-

120 1698 302 1737 lectiones
329 1700 497 1737 fidelium
530 1700 726 1737 sententiis
755 1697 1032 1734 haereticorum.
1061 1695 1119 1733 Ad

119 1771 232 1807 quem
252 1771 414 1809 sponsa:
435 1761 656 1808 Exspoliavi
676 1771 734 1795 mc
755 1761 882 1794 tunica
900 1770 982 1792 men
992 1784 1004 1800 ,
1025 1769 1118 1804 quo-

120 1821 228 1855 modo
260 1822 398 1855 induar
422 1822 489 1856 illa
505 1824 524 1856 ‚³
548 1819 584 1856 id
610 1827 685 1864 est,
717 1817 866 1854 deserui
898 1816 1116 1860 saecularia,

1183 1163 1354 1200 nedictus
1376 1164 1411 1199 in
1435 1163 1589 1200 dextera
1608 1164 1676 1200 Dei
1694 1165 1826 1201 Patris.
1846 1169 1902 1201 Dc
1919 1166 1985 1202 illo
2006 1165 2180 1202 accubitu

1183 1223 1374 1272 discipulis
1394 1223 1564 1270 intonat,
1585 1223 1758 1268 instruit,
1785 1224 1895 1260 docet
1915 1238 1982 1274 per
1999 1225 2178 1274 Spiritum

1184 1291 1373 1329 sanctum,
1394 1291 1430 1319 et
1450 1296 1518 1333 per
1535 1283 1636 1333 ipsos
1656 1284 1806 1320 intonat
1825 1284 2000 1334 gentibus
2020 1286 2175 1321 cunctis.

1184 1346 1232 1380 Et
1251 1342 1342 1392 quid
1359 1342 1474 1379 dicit?
1492 1343 1599 1378 Scitis
1615 1342 1866 1391 qniclsccerim
1885 1344 2018 1383 vobis?
2038 1347 2108 1380 Vos
2123 1359 2180 1380 me

1184 1406 1349 1446 vocatis,
1381 1403 1586 1450 llIagister‚
1608 1411 1643 1437 et
1664 1405 1842 1447 Donu·ne;
1864 1413 1899 1439 ct
1921 1403 2012 1439 bene
2038 1407 2179 1450 (licitis,

1184 1475 1264 1497 sum
1285 1466 1433 1497 etenim.
1455 1465 1537 1498 Hoc
1557 1470 1613 1498 est
1629 1462 1730 1511 quod
1749 1463 1973 1512 promiserat
1990 1467 2100 1501 Petro
2119 1465 2179 1501 di-

1185 1535 1292 1568 cens,
1312 1522 1411 1557 Scies
1427 1530 1549 1557 autem
1565 1531 1712 1570 postea.
1733 1523 1803 1559 Hic
1832 1523 1968 1559 invitat
1986 1523 2031 1561 ad
2053 1525 2177 1562 scien-

1186 1580 1275 1616 dum
1305 1579 1407 1629 quod
1434 1580 1538 1630 prius
1568 1580 1797 1618 nesciebant.
1825 1582 1933 1630 Quod
1960 1582 2067 1629 dicit,
2108 1587 2179 1621 Vos

1184 1645 1325 1676 vocatis
1346 1653 1423 1684 me,
1443 1641 1648 1688 fllagisler,
1666 1649 1700 1675 et
1720 1643 1877 1677 Domine
1891 1657 1903 1686 ‚·
1925 1651 1961 1677 et
1978 1642 2069 1678 bene
2087 1647 2181 1680 (lici-

1184 1702 1251 1742 tis,
1276 1712 1354 1734 sum
1376 1702 1530 1742 etenim;
1549 1711 1624 1734 non
1643 1707 1698 1735 est
1716 1699 1762 1735 de
1788 1702 2021 1750 arrogantia,
2047 1703 2111 1739 sed
2133 1704 2179 1741 de

1183 1758 1354 1795 veritate.
1375 1757 1449 1805 Qui
1472 1757 1571 1793 enim
1589 1758 1809 1795 necessitate
1825 1769 1982 1809 cogente
1994 1790 2003 1807 ,
2027 1775 2114 1799 vera
2132 1763 2178 1800 de

1185 1830 1224 1855 se
1242 1817 1345 1854 bona
1363 1816 1553 1865 loquitur,
1576 1824 1680 1853 tanto
1702 1818 1816 1867 magis
1837 1819 1961 1856 verius
1978 1820 2179 1859 humilitati

119 1877 315 1927 quomodo
336 1887 503 1928 repetam
523 1878 612 1915 illa?
630 1876 790 1914 Removi
812 1889 871 1913 me
892 1888 912 1912 a
934 1875 1117 1925 praediea-
1137 1877 1369 1928 Cjungitur,
1390 1885 1533 1926 quanto
1556 1884 1593 1913 et
1613 1877 1760 1913 veritati
1777 1878 1993 1915 associatur.
2020 1884 2091 1916 Vos
2115 1895 2178 1916 vo-

121 1939 224 1975 tione
239 1967 248 1984 ‚
270 1938 463 1987 quomodo
484 1937 728 1987 reincipiam?
756 1936 848 1973 Lavi
872 1934 1118 1984 cogitationes

121 2006 158 2035 et
183 1998 424 2044 affectiones,
456 1997 651 2047 quomodo
680 1994 912 2045 inquinabor
940 1992 1118 2031 sordibus

122 2057 279 2095 mundi?
296 2057 367 2094 Sed
384 2058 453 2094 hos
471 2057 587 2107 pedes
605 2055 798 2106 discipulis
814 2055 913 2091 lavat
932 2053 1118 2091 Dominus

122 2130 191 2166 per
204 2117 448 2167 sponsionem
464 2130 540 2154 suae
554 2115 735 2152 orationis
749 2143 758 2161 ,
779 2114 845 2151 ubi
863 2114 1001 2150 dicitur
1023 2127 1030 2148 z
1050 2115 1117 2148 Di-

122 2180 223 2212 mitte
237 2177 338 2213 nobis
355 2177 480 2213 debita
506 2185 645 2222 nostra,
661 2179 754 2210 ssent
772 2182 807 2209 ct
822 2187 887 2209 nos
905 2175 1118 2208 dimittimus

123 2235 343 2272 debitoribus
362 2240 494 2272 nostris
508 2241 535 2272 ².

177 2295 211 2332 7.
233 2296 344 2344 Quod
364 2295 557 2345 sequitur,
581 2297 652 2329 Vos
672 2295 802 2329 mundi
827 2296 934 2337 estis,
957 2293 1024 2327 secl
1043 2304 1115 2326 non

121 2369 269 2401 omnes,
289 2357 445 2406 exponit
461 2355 698 2404 Evangelista
710 2383 719 2400 ,
737 2366 822 2390 cum
840 2352 928 2388 dicit
944 2366 951 2388 :
972 2351 1120 2387 Sciebat

121 2420 228 2454 Jcsns
245 2421 329 2465 qais
349 2429 430 2451 eum
450 2423 530 2450 crat
546 2416 748 2450 traditurus
762 2427 775 2457 ;
789 2421 990 2461 propterea
1006 2413 1117 2454 (lixit,

123 2478 208 2513 Non
240 2480 326 2511 estis
353 2476 482 2510 mundi
508 2487 645 2510 omncs,
675 2472 853 2521 Sequitur
880 2485 887 2506 :
914 2472 1117 2518 Poseqmvm

123 2540 212 2572 lavit
226 2537 342 2584 peiles
361 2547 486 2570 eorum
501 2562 510 2577 ‚
531 2542 566 2569 et
581 2537 780 2581 accepisset
793 2535 1012 2567 vestimenta
1032 2543 1114 2574 sica,

123 2609 204 2630 cum
228 2594 470 2636 recubuisset,
496 2595 595 2628 dicit
620 2597 749 2628 iterum
772 2596 825 2627 cis
851 2605 862 2625 :
894 2592 1001 2626 Scitis
1028 2591 1121 2638 qnid

1184 1942 1277 1973 catis
1293 1951 1368 1980 mc,
1390 1938 1576 1985 IlIagistcr
1588 1965 1598 1983 ‚
1619 1946 1652 1972 ct
1678 1939 1855 1982 Domine,·
1873 1948 1908 1973 ct
1927 1939 2018 1974 bene
2035 1943 2175 1986 dialis,

1185 2009 1261 2033 snm
1279 1999 1424 2031 etenim.
1446 1998 1523 2044 Ego
1539 2008 1620 2032 sum
1643 1995 1836 2044 magister,
1858 2010 1927 2045 ego
1947 2011 2029 2034 sum
2048 2001 2180 2035 Domi-

1184 2069 1266 2093 nus.
1296 2059 1374 2104 Ego
1399 2068 1481 2091 sum
1509 2055 1686 2103 magister
1706 2055 1785 2091 sine
1815 2068 1965 2102 errore,
1998 2071 2067 2107 ego
2095 2072 2177 2095 sum

1184 2115 1360 2164 magister
1379 2115 1458 2151 sine
1482 2115 1640 2151 falsitate
1657 2130 1664 2151 :
1683 2128 1752 2163 ego
1775 2128 1857 2152 sum
1879 2117 2054 2165 magister
2069 2117 2179 2154 lioni-

1185 2176 1289 2220 tatis,
1309 2187 1378 2224 ego
1396 2187 1478 2210 sum
1497 2174 1672 2223 magister
1687 2175 1905 2210 sanctitatis.
1925 2177 1995 2222 Qui
2010 2178 2179 2224 sequitur

1184 2247 1262 2280 me,
1294 2233 1390 2270 benc
1417 2233 1539 2277 vadit,
1567 2232 1762 2269 ambulare
1793 2233 1888 2269 male
1918 2246 1993 2270 non
2025 2237 2176 2283 poterit.

1185 2296 1264 2341 Ego
1281 2306 1362 2329 sum
1387 2292 1573 2328 Dominus
1593 2292 1702 2336 vitm,
1725 2292 1912 2327 Dominus
1931 2294 2080 2339 mortis,
2103 2298 2179 2331 Do-

1184 2352 1308 2388 minus
1336 2352 1440 2397 coeli,
1470 2351 1656 2388 Dominus
1685 2358 1813 2396 terrae,
1842 2354 1996 2388 Creator
2023 2364 2179 2390 cuncto-

1183 2424 1288 2457 rum,
1327 2419 1364 2447 et
1398 2410 1580 2447 Dominus
1614 2410 1798 2446 omnium.
1829 2411 1871 2444 Si
1894 2424 1959 2459 ego
1993 2425 2082 2461 crgo
2110 2416 2180 2448 lavi

1176 2473 1295 2519 pedes
1314 2479 1452 2506 vestros
1468 2471 1646 2505 Dominus
1661 2478 1696 2504 ct
1710 2474 1899 2517 magister,
1917 2480 1950 2506 ct
1963 2485 2027 2506 vos
2047 2472 2182 2509 dobras

1183 2534 1281 2566 alter
1296 2533 1446 2565 alterins
1467 2531 1728 2577 lavarepctlcs.
1752 2530 1854 2565 Sicut
1872 2531 1976 2579 prius
1993 2533 2180 2582 cxcuiplo,

1183 2589 1236 2626 sic
1263 2602 1364 2625 nunc
1385 2602 1448 2625 eos
1474 2588 1592 2624 verbo
1614 2588 1767 2625 instruit
1794 2589 1971 2638 Magister
1999 2592 2178 2628 veritatis.

115 2654 272 2702 stem-im
291 2653 395 2690 vobi<
407 2681 416 2697 ,
436 2667 501 2701 ego
517 2656 695 2688 Dominus
709 2660 743 2687 et
761 2653 963 2699 magister?
979 2651 1122 2685 Ean-
1138 2657 1170 2690 D
1184 2649 1253 2685 IIic
1273 2649 1373 2684 enim
1392 2648 1552 2684 sumitur
1571 2655 1834 2696 argumentum
1857 2647 2039 2684 habendi·
2058 2650 2177 2685 lunni-

117 2718 224 2764 plum
241 2718 337 2749 enim
354 2714 438 2747 dedi
457 2711 574 2756 vobis,
597 2721 635 2747 ut
650 2721 686 2747 et
706 2725 770 2746 vos
791 2709 1020 2757 itctflu·i{1tis.
1039 2712 1119 2744 Iloc

125 2774 156 2810 si
172 2773 362 2810 memorien
378 2771 686 2815 commendastis,
702 2769 914 2819 expositum
932 2776 998 2803 cst.
1016 2771 1119 2804 Post-

125 2847 237 2883 quam
255 2833 345 2870 lavit
363 2832 476 2882 pedes
493 2831 763 2880 discipulmwn
777 2858 786 2875 ,
809 2829 844 2865 id
863 2837 918 2864 est
933 2856 942 2872 ,
968 2827 1121 2876 impleta

126 2893 349 2943 purgatione
370 2905 437 2942 pcr
453 2891 672 2941 sanguinem
694 2903 802 2925 suum
817 2917 826 2934 ,
846 2887 989 2936 accepit
1009 2887 1122 2923 vcsti-

126 2961 271 2998 menta,
292 2952 379 3001 quia
404 2951 622 2994 immortalis
644 2951 773 2986 sactus.
801 2952 892 2985 Cum
921 2945 1119 2983 recubuis-

126 3021 205 3058 set,
228 3012 263 3048 id
284 3020 360 3057 cst,
381 3025 466 3047 eum
493 3010 540 3047 ad
572 3010 763 3046 dexteram
794 3007 913 3045 Patris
939 3006 1119 3051 sedisset,

126 3071 221 3108 dixit
250 3083 317 3120 per
340 3070 520 3119 Spiritum
541 3077 708 3105 sanctum
731 3067 903 3111 missum,
925 3065 961 3101 in
984 3064 1120 3113 linguis

127 3131 256 3180 igneis.
278 3133 308 3167 Ο
329 3129 459 3165 beatos
477 3128 609 3178 pcdcs,
631 3142 653 3164 ο
674 3127 789 3177 pedes
807 3126 951 3170 felices,
976 3125 1039 3173 qui
1064 3133 1120 3160 ta—

129 3191 199 3227 lem
230 3203 272 3226 ac
301 3197 445 3226 tantum
475 3195 697 3224 meruerunt
723 3186 861 3223 habere
889 3180 1118 3222 lavatorem!

129 3254 182 3286 Dc
204 3248 363 3298 podibus
382 3250 587 3285 electorum
609 3247 692 3283 dico
709 3275 718 3292 ,
741 3246 786 3282 dc
805 3245 911 3282 Judae
933 3242 1122 3281 traditoris

180 3379 185 3394 ¹
204 3373 321 3404 (Iuntic.
339 3385 369 3410 v,
397 3377 414 3403 ῖὶ
430 3397 437 3411 ,
459 3377 488 3403 Ἷὶ.
574 3378 585 3393 ²
604 3371 718 3403 Manli.
744 3383 772 3400 xi
792 3395 798 3407 ‚
829 3374 880 3401 112.

1184 2708 1296 2743 litatis
1319 2722 1326 2743 ;
1349 2720 1391 2743 ac
1415 2708 1442 2743 si
1468 2707 1584 2749 dicat,
1605 2708 1641 2742 Si
1660 2720 1728 2755 rgo
1746 2706 1809 2755 qui
1828 2720 1909 2743 sum
1940 2710 2124 2744 Dominus
2142 2719 2175 2745 et

1185 2767 1378 2815 magister,
1407 2767 1479 2802 lavi
1508 2766 1621 2815 pedes
1651 2774 1821 2810 vestrm,
1851 2775 1884 2802 et
1918 2780 1983 2801 vos
2008 2769 2070 2816 qui
2105 2783 2179 2805 nou

1186 2827 1272 2863 estis
1290 2826 1452 2874 magistri
1473 2839 1540 2861 ncc
1567 2825 1730 2869 domini,
1755 2825 1896 2861 delictis
1917 2827 2008 2861 altcr
2028 2828 2181 2862 ulterius

1188 2887 1312 2922 lavare
1338 2885 1462 2935 pedes.
1496 2886 1720 2933 Ii.1·‹=nil›lnm
1741 2886 1826 2919 dull
1851 2885 1972 2926 wluin
1997 2896 2033 2920 :ss
2051 2901 2180 2934 ‹lumn-

1185 2943 1478 2991 aclmmliimfi’ci
1499 2945 1597 2980 vobis
1613 2973 1622 2988 ,
1647 2949 1697 2980 im
1721 2954 1754 2979 (τ
1780 2959 1840 2979 ros·
1856 2944 2026 2991 *ska-meis.
2061 2949 2099 2982 lit
2127 2956 2177 2982 cst

1184 3018 1315 3042 sensus
1333 3020 1339 3040 :
1359 3005 1394 3040 Si
1413 3018 1483 3052 ego
1501 3004 1570 3040 lavi
1592 3003 1706 3053 pcdcs
1722 3013 1885 3049 vesu-os,
1906 3005 1939 3039 id
1960 3014 2012 3040 cst
2028 3034 2036 3045 ,
2058 3007 2092 3041 si
2112 3022 2180 3054 «gn

1187 3064 1309 3101 dimisi
1337 3063 1446 3098 vobis
1474 3071 1645 3112 peccata,
1669 3063 1734 3111 qui
1765 3076 1846 3098 sum
1880 3064 2062 3099 Dominus
2083 3068 2182 3100 nom

1187 3131 1320 3173 potens
1339 3122 1463 3157 onmia
1481 3136 1489 3166 3
1509 3130 1545 3157 ct
1570 3121 1766 3169 magister,
1791 3122 1910 3157 sciens
1936 3125 2060 3158 ‹nnnia
2078 3134 2152 3158 anu
2166 3147 2183 3150 —

1187 3194 1298 3231 quam
1316 3182 1401 3216 liant
1421 3195 1428 3216 ε
1446 3194 1513 3216 vos
1534 3179 1598 3228 qui
1622 3180 1710 3215 estis
1734 3181 1830 3215 sors-i
1847 3188 1880 3215 ct
1900 3180 2071 3229 discipuli
2085 3210 2093 3219 ,
2116 3182 2182 3216 ‹lc-

1188 3242 1283 3278 bctis
1308 3241 1343 3276 in
1371 3253 1437 3277 vos
1463 3240 1706 3291 peccantibus
1734 3240 1941 3279 dimittere,
1973 3251 2004 3275 ‹·;
2035 3254 2103 3289 pru
2131 3243 2182 3276 ck
