<?xml version="1.0" encoding="UTF-8"?>
<!DOCTYPE html PUBLIC "-//W3C//DTD XHTML 1.0 Transitional//EN"
    "http://www.w3.org/TR/xhtml1/DTD/xhtml1-transitional.dtd">
<html xmlns="http://www.w3.org/1999/xhtml" xml:lang="en" lang="en">
 <head>
  <title>
</title>
<meta http-equiv="Content-Type" content="text/html;charset=utf-8" />
  <meta name='ocr-system' content='tesseract 3.04.00' />
  <meta name='ocr-capabilities' content='ocr_page ocr_carea ocr_par ocr_line ocrx_word'/>
</head>
<body>
  <div class='ocr_page' id='page_1' title='image "./operaomniapostho05bern/operaomniapostho05bern_0117.png"; bbox 0 0 2418 3949; ppageno 0'>
   <div class='ocr_carea' id='block_1_1' title="bbox 77 185 146 223">
    <p class='ocr_par' dir='ltr' id='par_1_1' title="bbox 77 185 146 223">
     <span class='ocr_line' id='line_1_1' title="bbox 77 185 146 223; baseline -0.014 0"><span class='ocrx_word' id='word_1_1' title='bbox 77 185 146 223; x_wconf 81' lang='lat'><strong>221</strong></span> 
     </span>
    </p>
   </div>
   <div class='ocr_carea' id='block_1_2' title="bbox 753 182 1441 226">
    <p class='ocr_par' dir='ltr' id='par_1_2' title="bbox 753 182 1441 226">
     <span class='ocr_line' id='line_1_2' title="bbox 753 182 1441 226; baseline 0.004 -8"><span class='ocrx_word' id='word_1_2' title='bbox 753 185 802 218; x_wconf 74' lang='lat' dir='ltr'><strong>IN</strong></span> <span class='ocrx_word' id='word_1_3' title='bbox 832 183 1058 226; x_wconf 67' lang='lat' dir='ltr'><strong>CANTICA,</strong></span> <span class='ocrx_word' id='word_1_4' title='bbox 1087 182 1250 219; x_wconf 83' lang='lat' dir='ltr'><strong>SERMO</strong></span> <span class='ocrx_word' id='word_1_5' title='bbox 1279 185 1441 221; x_wconf 88' lang='lat' dir='ltr'><strong>XXXII.</strong></span> 
     </span>
    </p>
   </div>
   <div class='ocr_carea' id='block_1_3' title="bbox 2044 184 2120 223">
    <p class='ocr_par' dir='ltr' id='par_1_3' title="bbox 2044 184 2120 223">
     <span class='ocr_line' id='line_1_3' title="bbox 2044 184 2120 223; baseline 0.053 -3"><span class='ocrx_word' id='word_1_6' title='bbox 2044 184 2120 223; x_wconf 86' lang='grc'><strong>222</strong></span> 
     </span>
    </p>
   </div>
   <div class='ocr_carea' id='block_1_4' title="bbox 76 256 2119 310">
    <p class='ocr_par' dir='ltr' id='par_1_4' title="bbox 76 256 2119 310">
     <span class='ocr_line' id='line_1_4' title="bbox 76 256 2119 310; baseline 0 -11"><span class='ocrx_word' id='word_1_7' title='bbox 76 275 207 299; x_wconf 88' lang='lat' dir='ltr'><strong>omnes</strong></span> <span class='ocrx_word' id='word_1_8' title='bbox 221 260 357 310; x_wconf 87' lang='lat' dir='ltr'><strong>jubent</strong></span> <span class='ocrx_word' id='word_1_9' title='bbox 377 274 384 296; x_wconf 74' lang='grc' dir='ltr'><em>τ</em></span> <span class='ocrx_word' id='word_1_10' title='bbox 402 268 440 296; x_wconf 87' lang='lat' dir='ltr'><strong>et</strong></span> <span class='ocrx_word' id='word_1_11' title='bbox 459 259 489 296; x_wconf 89' lang='lat' dir='ltr'><strong>si</strong></span> <span class='ocrx_word' id='word_1_12' title='bbox 508 258 642 295; x_wconf 84' lang='lat' dir='ltr'><strong>merita</strong></span> <span class='ocrx_word' id='word_1_13' title='bbox 661 258 816 295; x_wconf 88' lang='lat' dir='ltr'><strong>inferius</strong></span> <span class='ocrx_word' id='word_1_14' title='bbox 831 265 976 302; x_wconf 83' lang='lat' dir='ltr'><strong>essent,</strong></span> <span class='ocrx_word' id='word_1_15' title='bbox 994 269 1062 293; x_wconf 85' lang='lat' dir='ltr'><strong>nu-</strong></span> <span class='ocrx_word' id='word_1_16' title='bbox 1077 256 1320 307; x_wconf 72' lang='lat' dir='ltr'><strong>¹⁰³loquatur.</strong></span> <span class='ocrx_word' id='word_1_17' title='bbox 1358 260 1537 297; x_wconf 87' lang='lat' dir='ltr'><strong>Recentia</strong></span> <span class='ocrx_word' id='word_1_18' title='bbox 1570 259 1608 295; x_wconf 92' lang='lat' dir='ltr'><strong>in</strong></span> <span class='ocrx_word' id='word_1_19' title='bbox 1640 266 1676 295; x_wconf 89' lang='lat' dir='ltr'><strong>te</strong></span> <span class='ocrx_word' id='word_1_20' title='bbox 1706 258 1781 295; x_wconf 92' lang='lat' dir='ltr'><strong>sint</strong></span> <span class='ocrx_word' id='word_1_21' title='bbox 1806 267 1843 295; x_wconf 88' lang='lat' dir='ltr'><strong>et</strong></span> <span class='ocrx_word' id='word_1_22' title='bbox 1881 261 1988 309; x_wconf 85' lang='lat' dir='ltr'>quasi</span> <span class='ocrx_word' id='word_1_23' title='bbox 2020 274 2119 300; x_wconf 84' lang='lat' dir='ltr'><strong>nova</strong></span> 
     </span>
    </p>
   </div>
   <div class='ocr_carea' id='block_1_5' title="bbox 77 316 1496 370">
    <p class='ocr_par' dir='ltr' id='par_1_5' title="bbox 77 316 1496 370">
     <span class='ocr_line' id='line_1_5' title="bbox 77 316 1496 370; baseline -0.001 -12"><span class='ocrx_word' id='word_1_24' title='bbox 77 334 203 358; x_wconf 90' lang='lat' dir='ltr'><strong>merus</strong></span> <span class='ocrx_word' id='word_1_25' title='bbox 222 321 302 370; x_wconf 91' lang='lat' dir='ltr'><strong>ipse</strong></span> <span class='ocrx_word' id='word_1_26' title='bbox 326 319 451 368; x_wconf 86' lang='lat' dir='ltr'><strong>magni</strong></span> <span class='ocrx_word' id='word_1_27' title='bbox 471 319 582 355; x_wconf 91' lang='lat' dir='ltr'><strong>unius</strong></span> <span class='ocrx_word' id='word_1_28' title='bbox 601 317 759 366; x_wconf 89' lang='lat' dir='ltr'><strong>alicujus</strong></span> <span class='ocrx_word' id='word_1_29' title='bbox 779 325 929 367; x_wconf 89' lang='lat' dir='ltr'><strong>poterat</strong></span> <span class='ocrx_word' id='word_1_30' title='bbox 945 316 1065 353; x_wconf 89' lang='lat' dir='ltr'><strong>vicem</strong></span> <span class='ocrx_word' id='word_1_31' title='bbox 1080 316 1111 350; x_wconf 94' lang='lat' dir='ltr'>A</span> <span class='ocrx_word' id='word_1_32' title='bbox 1133 330 1282 367; x_wconf 84' lang='lat' dir='ltr'><strong>semper</strong></span> <span class='ocrx_word' id='word_1_33' title='bbox 1305 328 1496 369; x_wconf 85' lang='lat' dir='ltr'><strong>unguenta</strong></span> 
     </span>
    </p>
   </div>
   <div class='ocr_carea' id='block_1_6' title="bbox 75 375 1068 1018">
    <p class='ocr_par' dir='ltr' id='par_1_6' title="bbox 75 375 1068 1018">
     <span class='ocr_line' id='line_1_6' title="bbox 76 375 1067 430; baseline -0.006 -13"><span class='ocrx_word' id='word_1_34' title='bbox 76 381 268 430; x_wconf 82' lang='lat' dir='ltr'><strong>supplere.</strong></span> <span class='ocrx_word' id='word_1_35' title='bbox 307 377 502 417; x_wconf 91' lang='lat' dir='ltr'><strong>Instillabo</strong></span> <span class='ocrx_word' id='word_1_36' title='bbox 535 391 625 427; x_wconf 80' lang='lat' dir='ltr'><strong>ergo</strong></span> <span class='ocrx_word' id='word_1_37' title='bbox 655 377 796 427; x_wconf 91' lang='lat' dir='ltr'><strong>aliquid</strong></span> <span class='ocrx_word' id='word_1_38' title='bbox 830 376 877 413; x_wconf 93' lang='lat' dir='ltr'><strong>de</strong></span> <span class='ocrx_word' id='word_1_39' title='bbox 901 375 1067 425; x_wconf 88' lang='lat' dir='ltr'><strong>reliquiis</strong></span> 
     </span>
     <span class='ocr_line' id='line_1_7' title="bbox 77 435 1066 490; baseline -0.007 -13"><span class='ocrx_word' id='word_1_40' title='bbox 77 448 371 490; x_wconf 83' lang='lat' dir='ltr'><strong>unguentorum.</strong></span> <span class='ocrx_word' id='word_1_41' title='bbox 394 441 486 476; x_wconf 76' lang='lat' dir='ltr'><strong>Nam</strong></span> <span class='ocrx_word' id='word_1_42' title='bbox 512 438 592 487; x_wconf 88' lang='lat' dir='ltr'><strong>ipsa</strong></span> <span class='ocrx_word' id='word_1_43' title='bbox 612 437 650 473; x_wconf 93' lang='lat' dir='ltr'><strong>in</strong></span> <span class='ocrx_word' id='word_1_44' title='bbox 669 437 788 486; x_wconf 90' lang='lat' dir='ltr'><strong>capite</strong></span> <span class='ocrx_word' id='word_1_45' title='bbox 809 435 896 472; x_wconf 86' lang='lat' dir='ltr'>libri</span> <span class='ocrx_word' id='word_1_46' title='bbox 915 435 1066 484; x_wconf 87' lang='lat' dir='ltr'><strong>copiose</strong></span> 
     </span>
     <span class='ocr_line' id='line_1_8' title="bbox 76 493 1066 540; baseline -0.009 -3"><span class='ocrx_word' id='word_1_47' title='bbox 76 508 114 536; x_wconf 91' lang='lat' dir='ltr'><strong>et</strong></span> <span class='ocrx_word' id='word_1_48' title='bbox 143 499 373 536; x_wconf 83' lang='lat' dir='ltr'><strong>sufficienter</strong></span> <span class='ocrx_word' id='word_1_49' title='bbox 405 498 525 534; x_wconf 87' lang='lat' dir='ltr'><strong>effusa</strong></span> <span class='ocrx_word' id='word_1_50' title='bbox 549 495 790 540; x_wconf 79' lang='lat' dir='ltr'><strong>meministis,</strong></span> <span class='ocrx_word' id='word_1_51' title='bbox 812 503 850 531; x_wconf 91' lang='lat' dir='ltr'><strong>et</strong></span> <span class='ocrx_word' id='word_1_52' title='bbox 881 494 976 530; x_wconf 91' lang='lat' dir='ltr'><strong>forte</strong></span> <span class='ocrx_word' id='word_1_53' title='bbox 996 493 1066 529; x_wconf 83' lang='lat' dir='ltr'><strong>faex</strong></span> 
     </span>
     <span class='ocr_line' id='line_1_9' title="bbox 76 552 1066 602; baseline -0.007 -8"><span class='ocrx_word' id='word_1_54' title='bbox 76 558 227 594; x_wconf 89' lang='lat' dir='ltr'><strong>illorum</strong></span> <span class='ocrx_word' id='word_1_55' title='bbox 250 557 418 594; x_wconf 89' lang='lat' dir='ltr'><strong>nondum</strong></span> <span class='ocrx_word' id='word_1_56' title='bbox 437 563 493 592; x_wconf 88' lang='lat' dir='ltr'><strong>est</strong></span> <span class='ocrx_word' id='word_1_57' title='bbox 509 554 711 592; x_wconf 85' lang='lat' dir='ltr'><strong>exinanita.</strong></span> <span class='ocrx_word' id='word_1_58' title='bbox 732 552 923 602; x_wconf 75' lang='lat' dir='ltr'><strong>Numquid</strong></span> <span class='ocrx_word' id='word_1_59' title='bbox 941 560 978 588; x_wconf 90' lang='lat' dir='ltr'><strong>et</strong></span> <span class='ocrx_word' id='word_1_60' title='bbox 997 563 1066 600; x_wconf 83' lang='lat' dir='ltr'><strong>ego</strong></span> 
     </span>
     <span class='ocr_line' id='line_1_10' title="bbox 78 610 1065 660; baseline -0.008 -6"><span class='ocrx_word' id='word_1_61' title='bbox 78 616 191 654; x_wconf 90' lang='lat' dir='ltr'><strong>modo</strong></span> <span class='ocrx_word' id='word_1_62' title='bbox 207 629 288 654; x_wconf 91' lang='lat' dir='ltr'><strong>sum</strong></span> <span class='ocrx_word' id='word_1_63' title='bbox 310 615 560 652; x_wconf 85' lang='lat' dir='ltr'><strong>exhausturus</strong></span> <span class='ocrx_word' id='word_1_64' title='bbox 586 614 687 650; x_wconf 89' lang='lat' dir='ltr'><strong>illam</strong></span> <span class='ocrx_word' id='word_1_65' title='bbox 705 613 719 648; x_wconf 75' lang='grc' dir='ltr'><strong><em>Ρ</em></strong></span> <span class='ocrx_word' id='word_1_66' title='bbox 738 615 793 649; x_wconf 83' lang='lat' dir='ltr'><strong>Ne</strong></span> <span class='ocrx_word' id='word_1_67' title='bbox 812 611 968 660; x_wconf 82' lang='lat' dir='ltr'><strong>speretis</strong></span> <span class='ocrx_word' id='word_1_68' title='bbox 987 610 1024 646; x_wconf 94' lang='lat' dir='ltr'><strong>id</strong></span> <span class='ocrx_word' id='word_1_69' title='bbox 1044 623 1065 646; x_wconf 88' lang='lat' dir='ltr'><strong>a</strong></span> 
     </span>
     <span class='ocr_line' id='line_1_11' title="bbox 78 670 1063 722; baseline -0.007 -9"><span class='ocrx_word' id='word_1_70' title='bbox 78 688 137 712; x_wconf 90' lang='lat' dir='ltr'><strong>me</strong></span> <span class='ocrx_word' id='word_1_71' title='bbox 156 690 165 712; x_wconf 76' lang='grc' dir='ltr'>ε</span> <span class='ocrx_word' id='word_1_72' title='bbox 183 688 252 712; x_wconf 92' lang='lat' dir='ltr'><strong>nec</strong></span> <span class='ocrx_word' id='word_1_73' title='bbox 270 674 367 710; x_wconf 80' lang='lat' dir='ltr'><strong>enim</strong></span> <span class='ocrx_word' id='word_1_74' title='bbox 389 685 589 722; x_wconf 88' lang='lat' dir='ltr'><strong>praesumo.</strong></span> <span class='ocrx_word' id='word_1_75' title='bbox 604 670 752 709; x_wconf 87' lang='lat' dir='ltr'><strong>Fertilis</strong></span> <span class='ocrx_word' id='word_1_76' title='bbox 771 670 870 720; x_wconf 90' lang='lat' dir='ltr'><strong>apud</strong></span> <span class='ocrx_word' id='word_1_77' title='bbox 889 682 1063 720; x_wconf 87' lang='lat' dir='ltr'><strong>sponsam</strong></span> 
     </span>
     <span class='ocr_line' id='line_1_12' title="bbox 76 729 1067 783; baseline -0.006 -11"><span class='ocrx_word' id='word_1_78' title='bbox 76 743 132 772; x_wconf 91' lang='lat' dir='ltr'><strong>est</strong></span> <span class='ocrx_word' id='word_1_79' title='bbox 159 741 438 783; x_wconf 86' lang='lat' dir='ltr'><strong>unguentorum</strong></span> <span class='ocrx_word' id='word_1_80' title='bbox 468 732 663 782; x_wconf 78' lang='lat' dir='ltr'><strong>apotheca.</strong></span> <span class='ocrx_word' id='word_1_81' title='bbox 684 735 768 768; x_wconf 83' lang='lat' dir='ltr'><strong>Non</strong></span> <span class='ocrx_word' id='word_1_82' title='bbox 790 739 847 767; x_wconf 88' lang='lat' dir='ltr'><strong>est</strong></span> <span class='ocrx_word' id='word_1_83' title='bbox 876 730 979 780; x_wconf 92' lang='lat' dir='ltr'><strong>quod</strong></span> <span class='ocrx_word' id='word_1_84' title='bbox 1009 729 1067 766; x_wconf 89' lang='lat' dir='ltr'><strong>di-</strong></span> 
     </span>
     <span class='ocr_line' id='line_1_13' title="bbox 75 788 1067 839; baseline -0.005 -9"><span class='ocrx_word' id='word_1_85' title='bbox 75 794 166 830; x_wconf 90' lang='lat' dir='ltr'><strong>catis</strong></span> <span class='ocrx_word' id='word_1_86' title='bbox 191 808 200 830; x_wconf 88' lang='lat'>:</span> <span class='ocrx_word' id='word_1_87' title='bbox 222 791 451 837; x_wconf 84' lang='lat' dir='ltr'><strong>Exhaurite,</strong></span> <span class='ocrx_word' id='word_1_88' title='bbox 483 790 673 827; x_wconf 84' lang='lat' dir='ltr'><strong>exinanite</strong></span> <span class='ocrx_word' id='word_1_89' title='bbox 704 802 823 839; x_wconf 89' lang='lat' dir='ltr'><strong>usque</strong></span> <span class='ocrx_word' id='word_1_90' title='bbox 854 789 901 825; x_wconf 90' lang='lat' dir='ltr'><strong>ad</strong></span> <span class='ocrx_word' id='word_1_91' title='bbox 929 788 1067 826; x_wconf 90' lang='lat' dir='ltr'><strong>funda-</strong></span> 
     </span>
     <span class='ocr_line' id='line_1_14' title="bbox 76 847 1068 898; baseline -0.006 -9"><span class='ocrx_word' id='word_1_92' title='bbox 76 861 244 889; x_wconf 90' lang='lat' dir='ltr'><strong>mentum</strong></span> <span class='ocrx_word' id='word_1_93' title='bbox 264 852 302 888; x_wconf 91' lang='lat' dir='ltr'><strong>in</strong></span> <span class='ocrx_word' id='word_1_94' title='bbox 331 863 386 887; x_wconf 87' lang='lat' dir='ltr'><strong>ea.</strong></span> <span class='ocrx_word' id='word_1_95' title='bbox 415 850 569 888; x_wconf 90' lang='lat' dir='ltr'><strong>Utinam</strong></span> <span class='ocrx_word' id='word_1_96' title='bbox 601 849 795 898; x_wconf 84' lang='lat' dir='ltr'><strong>contingat</strong></span> <span class='ocrx_word' id='word_1_97' title='bbox 822 848 913 884; x_wconf 90' lang='lat' dir='ltr'><strong>mihi</strong></span> <span class='ocrx_word' id='word_1_98' title='bbox 938 848 978 884; x_wconf 92' lang='lat' dir='ltr'><strong>in</strong></span> <span class='ocrx_word' id='word_1_99' title='bbox 999 847 1068 884; x_wconf 90' lang='lat' dir='ltr'><strong>hac</strong></span> 
     </span>
     <span class='ocr_line' id='line_1_15' title="bbox 77 907 1067 960; baseline -0.006 -12"><span class='ocrx_word' id='word_1_100' title='bbox 77 911 165 948; x_wconf 75' lang='lat' dir='ltr'><strong>faece</strong></span> <span class='ocrx_word' id='word_1_101' title='bbox 183 909 312 960; x_wconf 84' lang='lat' dir='ltr'><strong>infigi,</strong></span> <span class='ocrx_word' id='word_1_102' title='bbox 334 922 403 946; x_wconf 88' lang='lat' dir='ltr'><strong>nec</strong></span> <span class='ocrx_word' id='word_1_103' title='bbox 426 909 548 945; x_wconf 88' lang='lat' dir='ltr'><strong>solum</strong></span> <span class='ocrx_word' id='word_1_104' title='bbox 577 908 712 958; x_wconf 88' lang='lat' dir='ltr'><strong>pedem</strong></span> <span class='ocrx_word' id='word_1_105' title='bbox 733 907 867 956; x_wconf 87' lang='lat' dir='ltr'><strong>intingi</strong></span> <span class='ocrx_word' id='word_1_106' title='bbox 891 907 929 943; x_wconf 90' lang='lat' dir='ltr'><strong>in</strong></span> <span class='ocrx_word' id='word_1_107' title='bbox 957 907 1042 943; x_wconf 89' lang='lat' dir='ltr'><strong>oleo</strong></span> <span class='ocrx_word' id='word_1_108' title='bbox 1056 935 1067 953; x_wconf 92' lang='lat'><strong>,</strong></span> 
     </span>
     <span class='ocr_line' id='line_1_16' title="bbox 75 965 1066 1018; baseline -0.006 -11"><span class='ocrx_word' id='word_1_109' title='bbox 75 970 170 1007; x_wconf 83' lang='lat' dir='ltr'><strong>sieut</strong></span> <span class='ocrx_word' id='word_1_110' title='bbox 194 969 373 1018; x_wconf 87' lang='lat' dir='ltr'><strong>scriptum</strong></span> <span class='ocrx_word' id='word_1_111' title='bbox 407 976 463 1005; x_wconf 85' lang='lat' dir='ltr'><strong>cst</strong></span> <span class='ocrx_word' id='word_1_112' title='bbox 489 967 536 1004; x_wconf 93' lang='lat' dir='ltr'><strong>de</strong></span> <span class='ocrx_word' id='word_1_113' title='bbox 568 972 662 1004; x_wconf 87' lang='lat' dir='ltr'><strong>Aser</strong></span> <span class='ocrx_word' id='word_1_114' title='bbox 681 974 705 1004; x_wconf 87' lang='lat'><strong>¹.</strong></span> <span class='ocrx_word' id='word_1_115' title='bbox 737 970 905 1012; x_wconf 84' lang='lat' dir='ltr'><strong>Fratres,</strong></span> <span class='ocrx_word' id='word_1_116' title='bbox 926 965 956 1002; x_wconf 93' lang='lat' dir='ltr'><strong>si</strong></span> <span class='ocrx_word' id='word_1_117' title='bbox 989 978 1066 1002; x_wconf 91' lang='lat' dir='ltr'><strong>non</strong></span> 
     </span>
    </p>
   </div>
   <div class='ocr_carea' id='block_1_7' title="bbox 1131 322 2127 1020">
    <p class='ocr_par' dir='ltr' id='par_1_7' title="bbox 1131 322 2127 1020">
     <span class='ocr_line' id='line_1_17' title="bbox 1523 322 2122 365; baseline 0.008 -11"><span class='ocrx_word' id='word_1_118' title='bbox 1523 333 1531 355; x_wconf 89' lang='lat'>:</span> <span class='ocrx_word' id='word_1_119' title='bbox 1560 331 1638 355; x_wconf 93' lang='lat' dir='ltr'><strong>non</strong></span> <span class='ocrx_word' id='word_1_120' title='bbox 1667 326 1857 365; x_wconf 85' lang='lat' dir='ltr'><strong>arescant,</strong></span> <span class='ocrx_word' id='word_1_121' title='bbox 1888 331 1965 356; x_wconf 90' lang='lat' dir='ltr'><strong>non</strong></span> <span class='ocrx_word' id='word_1_122' title='bbox 1998 322 2122 359; x_wconf 81' lang='lat' dir='ltr'><strong>exsic-</strong></span> 
     </span>
     <span class='ocr_line' id='line_1_18' title="bbox 1132 379 2119 425; baseline 0.004 -11"><span class='ocrx_word' id='word_1_123' title='bbox 1132 386 1285 425; x_wconf 85' lang='lat' dir='ltr'><strong>centur,</strong></span> <span class='ocrx_word' id='word_1_124' title='bbox 1311 391 1388 415; x_wconf 89' lang='lat' dir='ltr'><strong>non</strong></span> <span class='ocrx_word' id='word_1_125' title='bbox 1423 380 1698 416; x_wconf 84' lang='lat' dir='ltr'><strong>exinaniantur.</strong></span> <span class='ocrx_word' id='word_1_126' title='bbox 1726 379 1860 416; x_wconf 88' lang='lat' dir='ltr'><strong>Oleum</strong></span> <span class='ocrx_word' id='word_1_127' title='bbox 1886 380 2119 418; x_wconf 82' lang='lat' dir='ltr'><strong>exinanitum</strong></span> 
     </span>
     <span class='ocr_line' id='line_1_19' title="bbox 1132 438 2121 491; baseline 0.005 -17"><span class='ocrx_word' id='word_1_128' title='bbox 1132 451 1272 475; x_wconf 90' lang='lat' dir='ltr'><strong>nomen</strong></span> <span class='ocrx_word' id='word_1_129' title='bbox 1304 438 1439 476; x_wconf 88' lang='lat' dir='ltr'><strong>dilecti.</strong></span> <span class='ocrx_word' id='word_1_130' title='bbox 1473 440 1545 477; x_wconf 92' lang='lat' dir='ltr'><strong>Sed</strong></span> <span class='ocrx_word' id='word_1_131' title='bbox 1565 439 1650 475; x_wconf 82' lang='lat' dir='ltr'><strong>vide</strong></span> <span class='ocrx_word' id='word_1_132' title='bbox 1668 447 1710 475; x_wconf 90' lang='lat' dir='ltr'><strong>ut</strong></span> <span class='ocrx_word' id='word_1_133' title='bbox 1734 439 1971 476; x_wconf 81' lang='lat' dir='ltr'><strong>exinaniatur</strong></span> <span class='ocrx_word' id='word_1_134' title='bbox 2001 454 2121 491; x_wconf 90' lang='lat' dir='ltr'><strong>usque</strong></span> 
     </span>
     <span class='ocr_line' id='line_1_20' title="bbox 1132 497 2122 543; baseline 0.004 -10"><span class='ocrx_word' id='word_1_135' title='bbox 1132 497 1168 533; x_wconf 93' lang='lat' dir='ltr'><strong>in</strong></span> <span class='ocrx_word' id='word_1_136' title='bbox 1186 505 1244 543; x_wconf 92' lang='lat' dir='ltr'><strong>te,</strong></span> <span class='ocrx_word' id='word_1_137' title='bbox 1275 511 1352 534; x_wconf 91' lang='lat' dir='ltr'><strong>non</strong></span> <span class='ocrx_word' id='word_1_138' title='bbox 1371 499 1609 535; x_wconf 86' lang='lat' dir='ltr'><strong>exinaniatur</strong></span> <span class='ocrx_word' id='word_1_139' title='bbox 1631 512 1651 534; x_wconf 89' lang='lat' dir='ltr'><strong>a</strong></span> <span class='ocrx_word' id='word_1_140' title='bbox 1671 506 1719 534; x_wconf 91' lang='lat' dir='ltr'><strong>te.</strong></span> <span class='ocrx_word' id='word_1_141' title='bbox 1748 502 1893 535; x_wconf 90' lang='lat' dir='ltr'><strong>Bonum</strong></span> <span class='ocrx_word' id='word_1_142' title='bbox 1911 507 1966 535; x_wconf 91' lang='lat' dir='ltr'><strong>est</strong></span> <span class='ocrx_word' id='word_1_143' title='bbox 1986 500 2017 536; x_wconf 92' lang='lat' dir='ltr'><strong>si</strong></span> <span class='ocrx_word' id='word_1_144' title='bbox 2037 514 2122 537; x_wconf 89' lang='lat' dir='ltr'><strong>cum</strong></span> 
     </span>
     <span class='ocr_line' id='line_1_21' title="bbox 1131 557 2121 606; baseline 0.002 -13"><span class='ocrx_word' id='word_1_145' title='bbox 1131 570 1270 606; x_wconf 86' lang='lat' dir='ltr'><strong>sponsa</strong></span> <span class='ocrx_word' id='word_1_146' title='bbox 1290 557 1442 594; x_wconf 83' lang='lat' dir='ltr'><strong>inchoes</strong></span> <span class='ocrx_word' id='word_1_147' title='bbox 1461 557 1508 594; x_wconf 87' lang='lat' dir='ltr'><strong>ab</strong></span> <span class='ocrx_word' id='word_1_148' title='bbox 1534 557 1734 606; x_wconf 78' lang='lat' dir='ltr'><strong>unguentis</strong></span> <span class='ocrx_word' id='word_1_149' title='bbox 1758 571 1765 592; x_wconf 92' lang='lat'>:</span> <span class='ocrx_word' id='word_1_150' title='bbox 1787 557 1851 594; x_wconf 91' lang='lat' dir='ltr'><strong>sed</strong></span> <span class='ocrx_word' id='word_1_151' title='bbox 1873 570 1949 594; x_wconf 92' lang='lat' dir='ltr'><strong>non</strong></span> <span class='ocrx_word' id='word_1_152' title='bbox 1977 557 2121 595; x_wconf 89' lang='lat' dir='ltr'><strong>bonum</strong></span> 
     </span>
     <span class='ocr_line' id='line_1_22' title="bbox 1132 617 2123 668; baseline 0.004 -16"><span class='ocrx_word' id='word_1_153' title='bbox 1132 617 1202 653; x_wconf 90' lang='lat' dir='ltr'><strong>nisi</strong></span> <span class='ocrx_word' id='word_1_154' title='bbox 1232 618 1504 654; x_wconf 88' lang='lat' dir='ltr'><strong>consummeris</strong></span> <span class='ocrx_word' id='word_1_155' title='bbox 1529 618 1568 653; x_wconf 90' lang='lat' dir='ltr'><strong>in</strong></span> <span class='ocrx_word' id='word_1_156' title='bbox 1601 617 1814 664; x_wconf 83' lang='lat' dir='ltr'><strong>unguentis.</strong></span> <span class='ocrx_word' id='word_1_157' title='bbox 1848 618 2026 668; x_wconf 86' lang='lat' dir='ltr'><strong>Alioquin</strong></span> <span class='ocrx_word' id='word_1_158' title='bbox 2055 619 2123 656; x_wconf 92' lang='lat' dir='ltr'><strong>tibi</strong></span> 
     </span>
     <span class='ocr_line' id='line_1_23' title="bbox 1132 674 2123 722; baseline 0.005 -12"><span class='ocrx_word' id='word_1_159' title='bbox 1132 674 1223 711; x_wconf 90' lang='lat' dir='ltr'><strong>dicit</strong></span> <span class='ocrx_word' id='word_1_160' title='bbox 1241 675 1378 711; x_wconf 88' lang='lat' dir='ltr'><strong>Paulus</strong></span> <span class='ocrx_word' id='word_1_161' title='bbox 1395 690 1402 711; x_wconf 93' lang='lat'><strong>:</strong></span> <span class='ocrx_word' id='word_1_162' title='bbox 1425 675 1515 710; x_wconf 84' lang='lat' dir='ltr'><strong>Cum</strong></span> <span class='ocrx_word' id='word_1_163' title='bbox 1545 679 1676 722; x_wconf 76' lang='lat' dir='ltr'><strong>spirita</strong></span> <span class='ocrx_word' id='word_1_164' title='bbox 1695 679 1872 722; x_wconf 74' lang='lat' dir='ltr'><strong>coeperi5‚</strong></span> <span class='ocrx_word' id='word_1_165' title='bbox 1893 690 1989 712; x_wconf 77' lang='lat' dir='ltr'><strong>nunc</strong></span> <span class='ocrx_word' id='word_1_166' title='bbox 2008 692 2123 715; x_wconf 83' lang='lat' dir='ltr'><strong>came</strong></span> 
     </span>
     <span class='ocr_line' id='line_1_24' title="bbox 1133 733 2121 786; baseline 0.008 -18"><span class='ocrx_word' id='word_1_167' title='bbox 1133 738 1398 770; x_wconf 79' lang='lat' dir='ltr'><strong>consummaris</strong></span> <span class='ocrx_word' id='word_1_168' title='bbox 1412 740 1439 770; x_wconf 87' lang='lat'><strong>².</strong></span> <span class='ocrx_word' id='word_1_169' title='bbox 1462 737 1562 771; x_wconf 92' lang='lat' dir='ltr'><strong>Bene</strong></span> <span class='ocrx_word' id='word_1_170' title='bbox 1581 733 1750 782; x_wconf 80' lang='lat' dir='ltr'><strong>ungeris,</strong></span> <span class='ocrx_word' id='word_1_171' title='bbox 1766 733 1796 769; x_wconf 92' lang='lat' dir='ltr'><strong>si</strong></span> <span class='ocrx_word' id='word_1_172' title='bbox 1811 735 1945 783; x_wconf 90' lang='lat' dir='ltr'><strong>spiritu</strong></span> <span class='ocrx_word' id='word_1_173' title='bbox 1959 739 2121 786; x_wconf 80' lang='lat' dir='ltr'><strong>ungeris.</strong></span> 
     </span>
     <span class='ocr_line' id='line_1_25' title="bbox 1132 791 2124 844; baseline 0.004 -16"><span class='ocrx_word' id='word_1_174' title='bbox 1132 791 1223 829; x_wconf 92' lang='lat' dir='ltr'><strong>Ideo</strong></span> <span class='ocrx_word' id='word_1_175' title='bbox 1249 791 1301 828; x_wconf 92' lang='lat' dir='ltr'><strong>sic</strong></span> <span class='ocrx_word' id='word_1_176' title='bbox 1320 804 1460 841; x_wconf 81' lang='lat' dir='ltr'><strong>ungere</strong></span> <span class='ocrx_word' id='word_1_177' title='bbox 1474 819 1483 837; x_wconf 94' lang='lat'><strong>,</strong></span> <span class='ocrx_word' id='word_1_178' title='bbox 1504 799 1546 828; x_wconf 90' lang='lat' dir='ltr'><strong>ut</strong></span> <span class='ocrx_word' id='word_1_179' title='bbox 1574 803 1662 827; x_wconf 90' lang='lat' dir='ltr'><strong>caro</strong></span> <span class='ocrx_word' id='word_1_180' title='bbox 1680 791 1718 826; x_wconf 92' lang='lat' dir='ltr'><strong>in</strong></span> <span class='ocrx_word' id='word_1_181' title='bbox 1745 799 1779 827; x_wconf 88' lang='lat' dir='ltr'><strong>te</strong></span> <span class='ocrx_word' id='word_1_182' title='bbox 1796 791 2015 830; x_wconf 80' lang='lat' dir='ltr'><strong>immutetur</strong></span> <span class='ocrx_word' id='word_1_183' title='bbox 2034 808 2124 844; x_wconf 89' lang='lat' dir='ltr'><strong>pro-</strong></span> 
     </span>
     <span class='ocr_line' id='line_1_26' title="bbox 1133 850 2126 902; baseline 0.003 -14"><span class='ocrx_word' id='word_1_184' title='bbox 1133 860 1219 902; x_wconf 91' lang='lat' dir='ltr'><strong>pter</strong></span> <span class='ocrx_word' id='word_1_185' title='bbox 1231 851 1370 888; x_wconf 90' lang='lat' dir='ltr'><strong>oleum.</strong></span> <span class='ocrx_word' id='word_1_186' title='bbox 1383 852 1516 889; x_wconf 88' lang='lat' dir='ltr'><strong>Oleum</strong></span> <span class='ocrx_word' id='word_1_187' title='bbox 1531 863 1608 887; x_wconf 92' lang='lat' dir='ltr'><strong>non</strong></span> <span class='ocrx_word' id='word_1_188' title='bbox 1620 850 1843 886; x_wconf 88' lang='lat' dir='ltr'><strong>immutetur</strong></span> <span class='ocrx_word' id='word_1_189' title='bbox 1855 859 1920 887; x_wconf 89' lang='lat' dir='ltr'><strong>aut</strong></span> <span class='ocrx_word' id='word_1_190' title='bbox 1935 852 2126 891; x_wconf 89' lang='lat' dir='ltr'><strong>minuatur</strong></span> 
     </span>
     <span class='ocr_line' id='line_1_27' title="bbox 1132 909 2125 960; baseline 0.002 -13"><span class='ocrx_word' id='word_1_191' title='bbox 1132 919 1291 960; x_wconf 90' lang='lat' dir='ltr'><strong>propter</strong></span> <span class='ocrx_word' id='word_1_192' title='bbox 1303 923 1467 948; x_wconf 89' lang='lat' dir='ltr'><strong>carnem.</strong></span> <span class='ocrx_word' id='word_1_193' title='bbox 1487 910 1620 948; x_wconf 90' lang='lat' dir='ltr'><strong>Oleum</strong></span> <span class='ocrx_word' id='word_1_194' title='bbox 1633 937 1642 954; x_wconf 96' lang='lat'><strong>,</strong></span> <span class='ocrx_word' id='word_1_195' title='bbox 1659 909 1736 945; x_wconf 93' lang='lat' dir='ltr'><strong>imo</strong></span> <span class='ocrx_word' id='word_1_196' title='bbox 1747 917 1784 946; x_wconf 91' lang='lat' dir='ltr'><strong>et</strong></span> <span class='ocrx_word' id='word_1_197' title='bbox 1800 919 2031 959; x_wconf 82' lang='lat' dir='ltr'><strong>unguentum</strong></span> <span class='ocrx_word' id='word_1_198' title='bbox 2050 925 2125 949; x_wconf 92' lang='lat' dir='ltr'><strong>non</strong></span> 
     </span>
     <span class='ocr_line' id='line_1_28' title="bbox 1133 967 2127 1020; baseline 0.001 -14"><span class='ocrx_word' id='word_1_199' title='bbox 1133 969 1179 1006; x_wconf 92' lang='lat' dir='ltr'><strong>de</strong></span> <span class='ocrx_word' id='word_1_200' title='bbox 1195 970 1317 1020; x_wconf 89' lang='lat' dir='ltr'><strong>capite</strong></span> <span class='ocrx_word' id='word_1_201' title='bbox 1337 978 1400 1006; x_wconf 82' lang='lat' dir='ltr'><strong>tuo</strong></span> <span class='ocrx_word' id='word_1_202' title='bbox 1419 969 1586 1006; x_wconf 91' lang='lat' dir='ltr'><strong>discedat</strong></span> <span class='ocrx_word' id='word_1_203' title='bbox 1599 997 1609 1015; x_wconf 94' lang='lat'><strong>,</strong></span> <span class='ocrx_word' id='word_1_204' title='bbox 1630 967 1695 1004; x_wconf 87' lang='lat' dir='ltr'><strong>sed</strong></span> <span class='ocrx_word' id='word_1_205' title='bbox 1714 967 1896 1005; x_wconf 78' lang='lat' dir='ltr'><strong>exuberet</strong></span> <span class='ocrx_word' id='word_1_206' title='bbox 1912 977 1950 1005; x_wconf 90' lang='lat' dir='ltr'><strong>et</strong></span> <span class='ocrx_word' id='word_1_207' title='bbox 1969 969 2127 1007; x_wconf 89' lang='lat' dir='ltr'><strong>descen-</strong></span> 
     </span>
    </p>
   </div>
   <div class='ocr_carea' id='block_1_8' title="bbox 77 1025 2127 1078">
    <p class='ocr_par' dir='ltr' id='par_1_8' title="bbox 77 1025 2127 1078">
     <span class='ocr_line' id='line_1_29' title="bbox 77 1025 2127 1078; baseline 0.001 -14"><span class='ocrx_word' id='word_1_208' title='bbox 77 1041 266 1066; x_wconf 85' lang='lat' dir='ltr'><strong>meremur</strong></span> <span class='ocrx_word' id='word_1_209' title='bbox 292 1028 331 1064; x_wconf 92' lang='lat' dir='ltr'><strong>in</strong></span> <span class='ocrx_word' id='word_1_210' title='bbox 358 1027 431 1064; x_wconf 85' lang='lat' dir='ltr'><strong>olei</strong></span> <span class='ocrx_word' id='word_1_211' title='bbox 451 1027 593 1063; x_wconf 87' lang='lat' dir='ltr'><strong>dolium</strong></span> <span class='ocrx_word' id='word_1_212' title='bbox 607 1054 617 1072; x_wconf 89' lang='lat'>‚</span> <span class='ocrx_word' id='word_1_213' title='bbox 639 1026 678 1063; x_wconf 90' lang='lat' dir='ltr'><strong>in</strong></span> <span class='ocrx_word' id='word_1_214' title='bbox 705 1033 984 1075; x_wconf 81' lang='lat' dir='ltr'><strong>unguentorum</strong></span> <span class='ocrx_word' id='word_1_215' title='bbox 1008 1038 1070 1061; x_wconf 84' lang='lat' dir='ltr'><strong>CO·</strong></span> <span class='ocrx_word' id='word_1_216' title='bbox 1089 1025 1116 1059; x_wconf 91' lang='grc' dir='ltr'><strong>Β</strong></span> <span class='ocrx_word' id='word_1_217' title='bbox 1134 1028 1198 1066; x_wconf 89' lang='lat' dir='ltr'><strong>dat</strong></span> <span class='ocrx_word' id='word_1_218' title='bbox 1228 1041 1348 1078; x_wconf 91' lang='lat' dir='ltr'><strong>usque</strong></span> <span class='ocrx_word' id='word_1_219' title='bbox 1376 1028 1424 1065; x_wconf 92' lang='lat' dir='ltr'><strong>ad</strong></span> <span class='ocrx_word' id='word_1_220' title='bbox 1443 1028 1559 1078; x_wconf 86' lang='lat' dir='ltr'><strong>pedes</strong></span> <span class='ocrx_word' id='word_1_221' title='bbox 1580 1042 1588 1064; x_wconf 72' lang='grc' dir='ltr'><strong><em>ε</em></strong></span> <span class='ocrx_word' id='word_1_222' title='bbox 1610 1027 1698 1076; x_wconf 88' lang='lat' dir='ltr'><strong>quia</strong></span> <span class='ocrx_word' id='word_1_223' title='bbox 1731 1035 1891 1076; x_wconf 88' lang='lat' dir='ltr'><strong>utraque</strong></span> <span class='ocrx_word' id='word_1_224' title='bbox 1910 1028 1948 1064; x_wconf 92' lang='lat' dir='ltr'><strong>in</strong></span> <span class='ocrx_word' id='word_1_225' title='bbox 1978 1029 2127 1067; x_wconf 90' lang='lat' dir='ltr'><strong>Christo</strong></span> 
     </span>
    </p>
   </div>
   <div class='ocr_carea' id='block_1_9' title="bbox 48 1085 1073 1784">
    <p class='ocr_par' dir='ltr' id='par_1_9' title="bbox 48 1085 1073 1731">
     <span class='ocr_line' id='line_1_30' title="bbox 76 1085 1069 1139; baseline -0.005 -13"><span class='ocrx_word' id='word_1_226' title='bbox 76 1089 197 1139; x_wconf 87' lang='lat' dir='ltr'><strong>piam,</strong></span> <span class='ocrx_word' id='word_1_227' title='bbox 216 1101 300 1125; x_wconf 92' lang='lat' dir='ltr'><strong>cum</strong></span> <span class='ocrx_word' id='word_1_228' title='bbox 321 1087 548 1137; x_wconf 79' lang='lat' dir='ltr'><strong>evangelista</strong></span> <span class='ocrx_word' id='word_1_229' title='bbox 567 1090 712 1124; x_wconf 88' lang='lat' dir='ltr'><strong>Joanne</strong></span> <span class='ocrx_word' id='word_1_230' title='bbox 729 1085 928 1135; x_wconf 86' lang='lat' dir='ltr'><strong>immergi,</strong></span> <span class='ocrx_word' id='word_1_231' title='bbox 944 1086 974 1122; x_wconf 91' lang='lat' dir='ltr'><strong>si</strong></span> <span class='ocrx_word' id='word_1_232' title='bbox 991 1097 1069 1121; x_wconf 91' lang='lat' dir='ltr'><strong>non</strong></span> 
     </span>
     <span class='ocr_line' id='line_1_31' title="bbox 77 1144 1071 1194; baseline -0.005 -9"><span class='ocrx_word' id='word_1_233' title='bbox 77 1161 266 1185; x_wconf 89' lang='lat' dir='ltr'><strong>meremur</strong></span> <span class='ocrx_word' id='word_1_234' title='bbox 284 1155 358 1184; x_wconf 89' lang='lat' dir='ltr'><strong>tam</strong></span> <span class='ocrx_word' id='word_1_235' title='bbox 375 1146 530 1184; x_wconf 88' lang='lat' dir='ltr'><strong>uberem</strong></span> <span class='ocrx_word' id='word_1_236' title='bbox 545 1146 780 1192; x_wconf 91' lang='lat' dir='ltr'><strong>unctionem;</strong></span> <span class='ocrx_word' id='word_1_237' title='bbox 801 1144 989 1194; x_wconf 91' lang='lat' dir='ltr'><strong>numquid</strong></span> <span class='ocrx_word' id='word_1_238' title='bbox 1007 1144 1071 1180; x_wconf 87' lang='lat' dir='ltr'><strong>de-</strong></span> 
     </span>
     <span class='ocr_line' id='line_1_32' title="bbox 76 1204 1067 1257; baseline -0.004 -13"><span class='ocrx_word' id='word_1_239' title='bbox 76 1206 310 1257; x_wconf 83' lang='lat' dir='ltr'><strong>sperabimus</strong></span> <span class='ocrx_word' id='word_1_240' title='bbox 334 1207 394 1243; x_wconf 87' lang='lat' dir='ltr'><strong>vel</strong></span> <span class='ocrx_word' id='word_1_241' title='bbox 425 1206 686 1242; x_wconf 87' lang='lat' dir='ltr'><strong>intinctionem</strong></span> <span class='ocrx_word' id='word_1_242' title='bbox 700 1235 710 1252; x_wconf 89' lang='lat'>‚</span> <span class='ocrx_word' id='word_1_243' title='bbox 731 1204 917 1253; x_wconf 88' lang='lat' dir='ltr'><strong>numquid</strong></span> <span class='ocrx_word' id='word_1_244' title='bbox 936 1204 1067 1240; x_wconf 88' lang='lat' dir='ltr'><strong>saltem</strong></span> 
     </span>
     <span class='ocr_line' id='line_1_33' title="bbox 77 1264 1069 1304; baseline -0.004 0"><span class='ocrx_word' id='word_1_245' title='bbox 77 1267 257 1304; x_wconf 84' lang='lat' dir='ltr'><strong>odorem?</strong></span> <span class='ocrx_word' id='word_1_246' title='bbox 272 1270 365 1304; x_wconf 87' lang='lat' dir='ltr'><strong>Nam</strong></span> <span class='ocrx_word' id='word_1_247' title='bbox 382 1274 419 1303; x_wconf 92' lang='lat' dir='ltr'><strong>et</strong></span> <span class='ocrx_word' id='word_1_248' title='bbox 435 1265 530 1303; x_wconf 90' lang='lat' dir='ltr'><strong>odor</strong></span> <span class='ocrx_word' id='word_1_249' title='bbox 547 1265 606 1302; x_wconf 85' lang='lat' dir='ltr'><strong>hic</strong></span> <span class='ocrx_word' id='word_1_250' title='bbox 622 1273 766 1302; x_wconf 89' lang='lat' dir='ltr'><strong>tantum</strong></span> <span class='ocrx_word' id='word_1_251' title='bbox 785 1264 1069 1301; x_wconf 89' lang='lat' dir='ltr'><strong>commendatus</strong></span> 
     </span>
     <span class='ocr_line' id='line_1_34' title="bbox 76 1326 1072 1376; baseline -0.004 -13"><span class='ocrx_word' id='word_1_252' title='bbox 76 1334 143 1364; x_wconf 87' lang='lat' dir='ltr'><strong>est.</strong></span> <span class='ocrx_word' id='word_1_253' title='bbox 165 1328 216 1362; x_wconf 77' lang='lat' dir='ltr'><strong>Et</strong></span> <span class='ocrx_word' id='word_1_254' title='bbox 229 1328 332 1371; x_wconf 85' lang='lat' dir='ltr'><strong>odor,</strong></span> <span class='ocrx_word' id='word_1_255' title='bbox 348 1326 492 1376; x_wconf 90' lang='lat' dir='ltr'><strong>inquit,</strong></span> <span class='ocrx_word' id='word_1_256' title='bbox 514 1334 780 1375; x_wconf 79' lang='lat' dir='ltr'><strong>unguentorum</strong></span> <span class='ocrx_word' id='word_1_257' title='bbox 801 1333 942 1360; x_wconf 82' lang='lat' dir='ltr'><strong>tuorum</strong></span> <span class='ocrx_word' id='word_1_258' title='bbox 959 1337 1072 1372; x_wconf 77' lang='lat' dir='ltr'><strong>super</strong></span> 
     </span>
     <span class='ocr_line' id='line_1_35' title="bbox 76 1385 1069 1435; baseline -0.003 -13"><span class='ocrx_word' id='word_1_259' title='bbox 76 1391 202 1422; x_wconf 83' lang='lat' dir='ltr'><strong>omnia</strong></span> <span class='ocrx_word' id='word_1_260' title='bbox 219 1395 403 1422; x_wconf 81' lang='lat' dir='ltr'><strong>aromata.</strong></span> <span class='ocrx_word' id='word_1_261' title='bbox 423 1385 551 1423; x_wconf 88' lang='lat' dir='ltr'><strong>Ubera</strong></span> <span class='ocrx_word' id='word_1_262' title='bbox 571 1393 731 1435; x_wconf 88' lang='lat' dir='ltr'><strong>prosunt</strong></span> <span class='ocrx_word' id='word_1_263' title='bbox 748 1392 788 1421; x_wconf 90' lang='lat' dir='ltr'><strong>ut</strong></span> <span class='ocrx_word' id='word_1_264' title='bbox 810 1396 974 1430; x_wconf 84' lang='lat' dir='ltr'><strong>crescas,</strong></span> <span class='ocrx_word' id='word_1_265' title='bbox 995 1396 1069 1420; x_wconf 90' lang='lat' dir='ltr'><strong>un-</strong></span> 
     </span>
     <span class='ocr_line' id='line_1_36' title="bbox 77 1443 1068 1495; baseline -0.004 -14"><span class='ocrx_word' id='word_1_266' title='bbox 77 1453 216 1495; x_wconf 82' lang='lat' dir='ltr'><strong>guenta</strong></span> <span class='ocrx_word' id='word_1_267' title='bbox 232 1457 279 1481; x_wconf 89' lang='lat' dir='ltr'><strong>ne</strong></span> <span class='ocrx_word' id='word_1_268' title='bbox 297 1444 458 1481; x_wconf 85' lang='lat' dir='ltr'><strong>deficias.</strong></span> <span class='ocrx_word' id='word_1_269' title='bbox 480 1446 641 1480; x_wconf 80' lang='lat' dir='ltr'><strong>Meliora</strong></span> <span class='ocrx_word' id='word_1_270' title='bbox 657 1452 742 1480; x_wconf 81' lang='lat' dir='ltr'><strong>sunt</strong></span> <span class='ocrx_word' id='word_1_271' title='bbox 758 1443 868 1479; x_wconf 80' lang='lat' dir='ltr'><strong>ubera</strong></span> <span class='ocrx_word' id='word_1_272' title='bbox 885 1452 947 1478; x_wconf 82' lang='lat' dir='ltr'><strong>tua</strong></span> <span class='ocrx_word' id='word_1_273' title='bbox 964 1447 1068 1486; x_wconf 80' lang='lat' dir='ltr'><strong>vino,</strong></span> 
     </span>
     <span class='ocr_line' id='line_1_37' title="bbox 77 1493 1071 1552; baseline -0.003 -12"><span class='ocrx_word' id='word_1_274' title='bbox 77 1514 114 1540; x_wconf 67' lang='lat' dir='ltr'><strong>et</strong></span> <span class='ocrx_word' id='word_1_275' title='bbox 132 1505 224 1540; x_wconf 75' lang='lat' dir='ltr'><em>Odor</em></span> <span class='ocrx_word' id='word_1_276' title='bbox 243 1513 506 1552; x_wconf 66' lang='lat' dir='ltr'><strong>unguc&#39;lnorllnl</strong></span> <span class='ocrx_word' id='word_1_277' title='bbox 533 1512 674 1539; x_wconf 75' lang='lat' dir='ltr'><strong>luorum</strong></span> <span class='ocrx_word' id='word_1_278' title='bbox 697 1517 808 1551; x_wconf 73' lang='lat' dir='ltr'><em>SIIPCI‘</em></span> <span class='ocrx_word' id='word_1_279' title='bbox 831 1507 956 1538; x_wconf 75' lang='lat' dir='ltr'><strong>omnia</strong></span> <span class='ocrx_word' id='word_1_280' title='bbox 983 1493 1071 1537; x_wconf 42' lang='lat' dir='ltr'><strong>ario·</strong></span> 
     </span>
     <span class='ocr_line' id='line_1_38' title="bbox 48 1561 1073 1612; baseline 0 -15"><span class='ocrx_word' id='word_1_281' title='bbox 48 1589 56 1597; x_wconf 97' lang='lat'><strong>.</strong></span> <span class='ocrx_word' id='word_1_282' title='bbox 79 1572 193 1600; x_wconf 83' lang='lat' dir='ltr'><strong>mata.</strong></span> <span class='ocrx_word' id='word_1_283' title='bbox 213 1567 258 1600; x_wconf 89' lang='lat' dir='ltr'><strong>Et</strong></span> <span class='ocrx_word' id='word_1_284' title='bbox 270 1571 311 1600; x_wconf 90' lang='lat' dir='ltr'><strong>ut</strong></span> <span class='ocrx_word' id='word_1_285' title='bbox 330 1562 555 1599; x_wconf 84' lang='lat' dir='ltr'><strong>hodiernum</strong></span> <span class='ocrx_word' id='word_1_286' title='bbox 573 1563 778 1612; x_wconf 89' lang='lat' dir='ltr'><strong>capitulum</strong></span> <span class='ocrx_word' id='word_1_287' title='bbox 795 1575 879 1598; x_wconf 90' lang='lat' dir='ltr'><strong>cum</strong></span> <span class='ocrx_word' id='word_1_288' title='bbox 897 1561 1073 1598; x_wconf 89' lang='lat' dir='ltr'><strong>hesterno</strong></span> 
     </span>
     <span class='ocr_line' id='line_1_39' title="bbox 78 1620 1070 1673; baseline -0.003 -14"><span class='ocrx_word' id='word_1_289' title='bbox 78 1622 297 1673; x_wconf 88' lang='lat' dir='ltr'><strong>copulemus</strong></span> <span class='ocrx_word' id='word_1_290' title='bbox 311 1650 321 1667; x_wconf 93' lang='lat'><strong>,</strong></span> <span class='ocrx_word' id='word_1_291' title='bbox 357 1621 524 1658; x_wconf 88' lang='lat' dir='ltr'><strong>dicamus</strong></span> <span class='ocrx_word' id='word_1_292' title='bbox 559 1620 675 1658; x_wconf 88' lang='lat' dir='ltr'><strong>ubera</strong></span> <span class='ocrx_word' id='word_1_293' title='bbox 717 1630 933 1658; x_wconf 91' lang='lat' dir='ltr'><strong>tenerorum</strong></span> <span class='ocrx_word' id='word_1_294' title='bbox 972 1632 1070 1666; x_wconf 84' lang='lat' dir='ltr'><strong>csse,</strong></span> 
     </span>
     <span class='ocr_line' id='line_1_40' title="bbox 79 1682 457 1731; baseline 0 -13"><span class='ocrx_word' id='word_1_295' title='bbox 79 1690 270 1731; x_wconf 83' lang='lat' dir='ltr'><strong>unguenta</strong></span> <span class='ocrx_word' id='word_1_296' title='bbox 291 1682 457 1718; x_wconf 84' lang='lat' dir='ltr'><strong>fortium.</strong></span> 
     </span>
    </p>

    <p class='ocr_par' dir='ltr' id='par_1_10' title="bbox 132 1737 1068 1784">
     <span class='ocr_line' id='line_1_41' title="bbox 132 1737 1068 1784; baseline -0.003 -7"><span class='ocrx_word' id='word_1_297' title='bbox 132 1741 167 1777; x_wconf 90' lang='grc'><strong>2.</strong></span> <span class='ocrx_word' id='word_1_298' title='bbox 189 1741 434 1779; x_wconf 80' lang='lat' dir='ltr'><strong>Conferamus</strong></span> <span class='ocrx_word' id='word_1_299' title='bbox 451 1740 549 1776; x_wconf 91' lang='lat' dir='ltr'><strong>inter</strong></span> <span class='ocrx_word' id='word_1_300' title='bbox 567 1752 606 1776; x_wconf 91' lang='lat' dir='ltr'><strong>se</strong></span> <span class='ocrx_word' id='word_1_301' title='bbox 630 1739 699 1776; x_wconf 87' lang='lat' dir='ltr'><strong>ista</strong></span> <span class='ocrx_word' id='word_1_302' title='bbox 719 1739 786 1776; x_wconf 87' lang='lat' dir='ltr'><strong>tria</strong></span> <span class='ocrx_word' id='word_1_303' title='bbox 810 1753 818 1774; x_wconf 88' lang='lat'>:</span> <span class='ocrx_word' id='word_1_304' title='bbox 842 1739 949 1784; x_wconf 86' lang='lat' dir='ltr'><strong>vina,</strong></span> <span class='ocrx_word' id='word_1_305' title='bbox 973 1737 1068 1775; x_wconf 91' lang='lat' dir='ltr'><strong>ube-</strong></span> 
     </span>
    </p>
   </div>
   <div class='ocr_carea' id='block_1_10' title="bbox 1133 1087 2132 1789">
    <p class='ocr_par' dir='ltr' id='par_1_11' title="bbox 1133 1087 2132 1789">
     <span class='ocr_line' id='line_1_42' title="bbox 1133 1087 2127 1137; baseline 0 -11"><span class='ocrx_word' id='word_1_306' title='bbox 1133 1093 1222 1127; x_wconf 90' lang='lat' dir='ltr'><strong>Jesu</strong></span> <span class='ocrx_word' id='word_1_307' title='bbox 1251 1102 1329 1125; x_wconf 90' lang='lat' dir='ltr'><strong>non</strong></span> <span class='ocrx_word' id='word_1_308' title='bbox 1362 1097 1437 1125; x_wconf 88' lang='lat' dir='ltr'><strong>tam</strong></span> <span class='ocrx_word' id='word_1_309' title='bbox 1471 1096 1584 1125; x_wconf 89' lang='lat' dir='ltr'><strong>uncta</strong></span> <span class='ocrx_word' id='word_1_310' title='bbox 1605 1100 1718 1137; x_wconf 89' lang='lat' dir='ltr'><strong>quam</strong></span> <span class='ocrx_word' id='word_1_311' title='bbox 1748 1087 1901 1136; x_wconf 91' lang='lat' dir='ltr'><strong>perfusa</strong></span> <span class='ocrx_word' id='word_1_312' title='bbox 1933 1096 2021 1125; x_wconf 90' lang='lat' dir='ltr'><strong>sunt</strong></span> <span class='ocrx_word' id='word_1_313' title='bbox 2050 1102 2127 1126; x_wconf 89' lang='lat' dir='ltr'><strong>un-</strong></span> 
     </span>
     <span class='ocr_line' id='line_1_43' title="bbox 1135 1146 2129 1198; baseline 0 -13"><span class='ocrx_word' id='word_1_314' title='bbox 1135 1157 1288 1198; x_wconf 83' lang='lat' dir='ltr'><strong>guento,</strong></span> <span class='ocrx_word' id='word_1_315' title='bbox 1308 1152 1428 1185; x_wconf 87' lang='lat' dir='ltr'><strong>Intret</strong></span> <span class='ocrx_word' id='word_1_316' title='bbox 1455 1148 1579 1184; x_wconf 90' lang='lat' dir='ltr'><strong>oleum</strong></span> <span class='ocrx_word' id='word_1_317' title='bbox 1604 1146 1785 1183; x_wconf 87' lang='lat' dir='ltr'><strong>interiora</strong></span> <span class='ocrx_word' id='word_1_318' title='bbox 1804 1155 1866 1183; x_wconf 90' lang='lat' dir='ltr'><strong>tua</strong></span> <span class='ocrx_word' id='word_1_319' title='bbox 1880 1175 1889 1193; x_wconf 94' lang='lat'><strong>,</strong></span> <span class='ocrx_word' id='word_1_320' title='bbox 1907 1147 1997 1197; x_wconf 92' lang='lat' dir='ltr'><strong>ipsis</strong></span> <span class='ocrx_word' id='word_1_321' title='bbox 2015 1148 2129 1185; x_wconf 89' lang='lat' dir='ltr'><strong>imbi-</strong></span> 
     </span>
     <span class='ocr_line' id='line_1_44' title="bbox 1133 1206 2128 1254; baseline 0.001 -10"><span class='ocrx_word' id='word_1_322' title='bbox 1133 1207 1245 1244; x_wconf 89' lang='lat' dir='ltr'><strong>batur</strong></span> <span class='ocrx_word' id='word_1_323' title='bbox 1262 1206 1477 1254; x_wconf 85' lang='lat' dir='ltr'><strong>affectibus,</strong></span> <span class='ocrx_word' id='word_1_324' title='bbox 1495 1215 1538 1244; x_wconf 93' lang='lat' dir='ltr'><strong>ut</strong></span> <span class='ocrx_word' id='word_1_325' title='bbox 1563 1206 1761 1244; x_wconf 88' lang='lat' dir='ltr'><strong>carnalitas</strong></span> <span class='ocrx_word' id='word_1_326' title='bbox 1784 1206 1906 1243; x_wconf 91' lang='lat' dir='ltr'><strong>omnis</strong></span> <span class='ocrx_word' id='word_1_327' title='bbox 1925 1208 1963 1243; x_wconf 87' lang='lat' dir='ltr'><strong>iu</strong></span> <span class='ocrx_word' id='word_1_328' title='bbox 1985 1215 2021 1244; x_wconf 92' lang='lat' dir='ltr'><strong>te</strong></span> <span class='ocrx_word' id='word_1_329' title='bbox 2040 1221 2128 1245; x_wconf 91' lang='lat' dir='ltr'><strong>mu-</strong></span> 
     </span>
     <span class='ocr_line' id='line_1_45' title="bbox 1134 1265 2129 1317; baseline 0.001 -13"><span class='ocrx_word' id='word_1_330' title='bbox 1134 1276 1232 1304; x_wconf 89' lang='lat' dir='ltr'><strong>tetur</strong></span> <span class='ocrx_word' id='word_1_331' title='bbox 1251 1276 1409 1317; x_wconf 89' lang='lat' dir='ltr'><strong>propter</strong></span> <span class='ocrx_word' id='word_1_332' title='bbox 1428 1267 1566 1304; x_wconf 90' lang='lat' dir='ltr'><strong>oleum.</strong></span> <span class='ocrx_word' id='word_1_333' title='bbox 1593 1266 1674 1303; x_wconf 90' lang='lat' dir='ltr'><strong>Erit</strong></span> <span class='ocrx_word' id='word_1_334' title='bbox 1693 1265 1791 1302; x_wconf 90' lang='lat' dir='ltr'><strong>enim</strong></span> <span class='ocrx_word' id='word_1_335' title='bbox 1810 1265 1963 1315; x_wconf 88' lang='lat' dir='ltr'><strong>quando</strong></span> <span class='ocrx_word' id='word_1_336' title='bbox 1987 1275 2024 1302; x_wconf 88' lang='lat' dir='ltr'><strong>et</strong></span> <span class='ocrx_word' id='word_1_337' title='bbox 2042 1281 2129 1305; x_wconf 89' lang='lat' dir='ltr'><strong>caro</strong></span> 
     </span>
     <span class='ocr_line' id='line_1_46' title="bbox 1133 1327 2128 1377; baseline 0 -13"><span class='ocrx_word' id='word_1_338' title='bbox 1133 1327 1397 1364; x_wconf 85' lang='lat' dir='ltr'><strong>immutabitur</strong></span> <span class='ocrx_word' id='word_1_339' title='bbox 1413 1335 1572 1377; x_wconf 89' lang='lat' dir='ltr'><strong>propter</strong></span> <span class='ocrx_word' id='word_1_340' title='bbox 1587 1327 1726 1363; x_wconf 90' lang='lat' dir='ltr'><strong>oleum.</strong></span> <span class='ocrx_word' id='word_1_341' title='bbox 1747 1329 1893 1363; x_wconf 76' lang='lat' dir='ltr'><strong>L&#39;nctus</strong></span> <span class='ocrx_word' id='word_1_342' title='bbox 1908 1335 1964 1362; x_wconf 91' lang='lat' dir='ltr'><strong>est</strong></span> <span class='ocrx_word' id='word_1_343' title='bbox 1983 1335 2019 1363; x_wconf 92' lang='lat' dir='ltr'><strong>et</strong></span> <span class='ocrx_word' id='word_1_344' title='bbox 2037 1340 2128 1377; x_wconf 90' lang='lat' dir='ltr'><strong>per-</strong></span> 
     </span>
     <span class='ocr_line' id='line_1_47' title="bbox 1134 1384 2130 1436; baseline 0.001 -13"><span class='ocrx_word' id='word_1_345' title='bbox 1134 1386 1238 1423; x_wconf 89' lang='lat' dir='ltr'><strong>fusus</strong></span> <span class='ocrx_word' id='word_1_346' title='bbox 1260 1387 1344 1423; x_wconf 89' lang='lat' dir='ltr'><strong>oleo</strong></span> <span class='ocrx_word' id='word_1_347' title='bbox 1363 1387 1499 1423; x_wconf 85' lang='lat' dir='ltr'><strong>laetitiae</strong></span> <span class='ocrx_word' id='word_1_348' title='bbox 1525 1399 1603 1436; x_wconf 90' lang='lat' dir='ltr'><strong>prae</strong></span> <span class='ocrx_word' id='word_1_349' title='bbox 1627 1384 1866 1422; x_wconf 89' lang='lat' dir='ltr'><strong>consortibus</strong></span> <span class='ocrx_word' id='word_1_350' title='bbox 1891 1385 1967 1422; x_wconf 89' lang='lat' dir='ltr'><strong>suis</strong></span> <span class='ocrx_word' id='word_1_351' title='bbox 1987 1384 2013 1423; x_wconf 82' lang='lat'><strong>³.</strong></span> <span class='ocrx_word' id='word_1_352' title='bbox 2040 1387 2130 1424; x_wconf 90' lang='lat' dir='ltr'><strong>Ideo</strong></span> 
     </span>
     <span class='ocr_line' id='line_1_48' title="bbox 1136 1443 2129 1495; baseline 0 -12"><span class='ocrx_word' id='word_1_353' title='bbox 1136 1447 1238 1483; x_wconf 91' lang='lat' dir='ltr'><strong>solus</strong></span> <span class='ocrx_word' id='word_1_354' title='bbox 1255 1455 1340 1483; x_wconf 89' lang='lat' dir='ltr'><strong>ante</strong></span> <span class='ocrx_word' id='word_1_355' title='bbox 1361 1445 1647 1483; x_wconf 88' lang='lat' dir='ltr'><strong>resurrectionis</strong></span> <span class='ocrx_word' id='word_1_356' title='bbox 1669 1453 1818 1494; x_wconf 87' lang='lat' dir='ltr'><strong>tempus</strong></span> <span class='ocrx_word' id='word_1_357' title='bbox 1840 1443 1964 1481; x_wconf 89' lang='lat' dir='ltr'><strong>dicere</strong></span> <span class='ocrx_word' id='word_1_358' title='bbox 1980 1446 2129 1495; x_wconf 89' lang='lat' dir='ltr'><strong>potuit:</strong></span> 
     </span>
     <span class='ocr_line' id='line_1_49' title="bbox 1141 1504 2132 1552; baseline 0.003 -12"><span class='ocrx_word' id='word_1_359' title='bbox 1141 1506 1234 1541; x_wconf 81' lang='lat' dir='ltr'><strong>Caro</strong></span> <span class='ocrx_word' id='word_1_360' title='bbox 1259 1518 1341 1540; x_wconf 81' lang='lat' dir='ltr'><strong>mea</strong></span> <span class='ocrx_word' id='word_1_361' title='bbox 1365 1509 1560 1540; x_wconf 78' lang='lat' dir='ltr'><strong>immutata</strong></span> <span class='ocrx_word' id='word_1_362' title='bbox 1589 1512 1643 1539; x_wconf 81' lang='lat' dir='ltr'><strong>est</strong></span> <span class='ocrx_word' id='word_1_363' title='bbox 1664 1512 1821 1552; x_wconf 77' lang='lat' dir='ltr'><strong>propter</strong></span> <span class='ocrx_word' id='word_1_364' title='bbox 1845 1506 1964 1539; x_wconf 77' lang='lat' dir='ltr'><strong>oleum</strong></span> <span class='ocrx_word' id='word_1_365' title='bbox 1981 1504 2008 1539; x_wconf 65' lang='grc' dir='ltr'><strong>-ῑ,</strong></span> <span class='ocrx_word' id='word_1_366' title='bbox 2039 1509 2132 1543; x_wconf 87' lang='lat' dir='ltr'><strong>Jure</strong></span> 
     </span>
     <span class='ocr_line' id='line_1_50' title="bbox 1138 1562 2132 1613; baseline 0.001 -13"><span class='ocrx_word' id='word_1_367' title='bbox 1138 1564 1359 1613; x_wconf 76' lang='lat' dir='ltr'><strong>anticipavit</strong></span> <span class='ocrx_word' id='word_1_368' title='bbox 1372 1563 1582 1600; x_wconf 91' lang='lat' dir='ltr'><strong>communis</strong></span> <span class='ocrx_word' id='word_1_369' title='bbox 1605 1562 1736 1598; x_wconf 86' lang='lat' dir='ltr'><strong>horam</strong></span> <span class='ocrx_word' id='word_1_370' title='bbox 1759 1562 2028 1600; x_wconf 89' lang='lat' dir='ltr'><strong>immutationis</strong></span> <span class='ocrx_word' id='word_1_371' title='bbox 2043 1577 2132 1601; x_wconf 90' lang='lat' dir='ltr'><strong>caro</strong></span> 
     </span>
     <span class='ocr_line' id='line_1_51' title="bbox 1139 1621 2132 1671; baseline 0.002 -12"><span class='ocrx_word' id='word_1_372' title='bbox 1139 1622 1317 1659; x_wconf 87' lang='lat' dir='ltr'><strong>immunis</strong></span> <span class='ocrx_word' id='word_1_373' title='bbox 1332 1636 1351 1658; x_wconf 87' lang='lat' dir='ltr'><strong>a</strong></span> <span class='ocrx_word' id='word_1_374' title='bbox 1365 1622 1594 1659; x_wconf 82' lang='lat' dir='ltr'><strong>carnalitate.</strong></span> <span class='ocrx_word' id='word_1_375' title='bbox 1612 1625 1643 1659; x_wconf 93' lang='lat' dir='ltr'>O</span> <span class='ocrx_word' id='word_1_376' title='bbox 1659 1622 1752 1658; x_wconf 87' lang='lat' dir='ltr'><strong>hora</strong></span> <span class='ocrx_word' id='word_1_377' title='bbox 1771 1621 1965 1671; x_wconf 85' lang='lat' dir='ltr'><strong>optabilis,</strong></span> <span class='ocrx_word' id='word_1_378' title='bbox 1983 1636 2006 1659; x_wconf 92' lang='lat'>0</span> <span class='ocrx_word' id='word_1_379' title='bbox 2024 1623 2132 1661; x_wconf 88' lang='lat' dir='ltr'><strong>dulce</strong></span> 
     </span>
     <span class='ocr_line' id='line_1_52' title="bbox 1137 1680 2132 1732; baseline 0.001 -14"><span class='ocrx_word' id='word_1_380' title='bbox 1137 1689 1371 1732; x_wconf 82' lang='lat' dir='ltr'><strong>unguentum</strong></span> <span class='ocrx_word' id='word_1_381' title='bbox 1383 1710 1392 1727; x_wconf 90' lang='lat'>‚</span> <span class='ocrx_word' id='word_1_382' title='bbox 1411 1680 1564 1730; x_wconf 85' lang='lat' dir='ltr'><strong>quando</strong></span> <span class='ocrx_word' id='word_1_383' title='bbox 1580 1688 1617 1716; x_wconf 91' lang='lat' dir='ltr'><strong>et</strong></span> <span class='ocrx_word' id='word_1_384' title='bbox 1635 1693 1704 1729; x_wconf 91' lang='lat' dir='ltr'><strong>per</strong></span> <span class='ocrx_word' id='word_1_385' title='bbox 1719 1681 1822 1729; x_wconf 89' lang='lat' dir='ltr'><strong>quod</strong></span> <span class='ocrx_word' id='word_1_386' title='bbox 1845 1694 1932 1717; x_wconf 88' lang='lat' dir='ltr'><strong>caro</strong></span> <span class='ocrx_word' id='word_1_387' title='bbox 1951 1682 2132 1720; x_wconf 89' lang='lat' dir='ltr'><strong>dissoluta</strong></span> 
     </span>
     <span class='ocr_line' id='line_1_53' title="bbox 1136 1739 2131 1789; baseline 0.001 -12"><span class='ocrx_word' id='word_1_388' title='bbox 1136 1740 1313 1777; x_wconf 83' lang='lat' dir='ltr'><strong>ascendet</strong></span> <span class='ocrx_word' id='word_1_389' title='bbox 1334 1740 1371 1776; x_wconf 93' lang='lat' dir='ltr'><strong>in</strong></span> <span class='ocrx_word' id='word_1_390' title='bbox 1404 1739 1754 1789; x_wconf 87' lang='lat' dir='ltr'><strong>incorruptionem!</strong></span> <span class='ocrx_word' id='word_1_391' title='bbox 1783 1743 1876 1776; x_wconf 70' lang='lat' dir='ltr'><strong>Nam</strong></span> <span class='ocrx_word' id='word_1_392' title='bbox 1905 1748 1990 1776; x_wconf 87' lang='lat' dir='ltr'><strong>ante</strong></span> <span class='ocrx_word' id='word_1_393' title='bbox 2025 1741 2131 1778; x_wconf 92' lang='lat' dir='ltr'><strong>illum</strong></span> 
     </span>
    </p>
   </div>
   <div class='ocr_carea' id='block_1_11' title="bbox 78 1797 2042 1849">
    <p class='ocr_par' dir='ltr' id='par_1_12' title="bbox 78 1797 2042 1849">
     <span class='ocr_line' id='line_1_54' title="bbox 78 1797 2042 1849; baseline 0.001 -14"><span class='ocrx_word' id='word_1_394' title='bbox 78 1812 118 1835; x_wconf 88' lang='lat' dir='ltr'><strong>ra</strong></span> <span class='ocrx_word' id='word_1_395' title='bbox 131 1827 141 1845; x_wconf 96' lang='lat'><strong>,</strong></span> <span class='ocrx_word' id='word_1_396' title='bbox 155 1807 356 1848; x_wconf 83' lang='lat' dir='ltr'><strong>unguenta.</strong></span> <span class='ocrx_word' id='word_1_397' title='bbox 372 1802 414 1836; x_wconf 91' lang='lat' dir='ltr'><strong>In</strong></span> <span class='ocrx_word' id='word_1_398' title='bbox 432 1798 538 1843; x_wconf 66' lang='lat' dir='ltr'><strong>vino,</strong></span> <span class='ocrx_word' id='word_1_399' title='bbox 556 1798 694 1835; x_wconf 87' lang='lat' dir='ltr'><strong>veteris</strong></span> <span class='ocrx_word' id='word_1_400' title='bbox 714 1797 878 1835; x_wconf 88' lang='lat' dir='ltr'><strong>hominis</strong></span> <span class='ocrx_word' id='word_1_401' title='bbox 896 1797 1074 1843; x_wconf 89' lang='lat' dir='ltr'><strong>defectio;</strong></span> <span class='ocrx_word' id='word_1_402' title='bbox 1093 1798 1120 1834; x_wconf 92' lang='lat' dir='ltr'>C</span> <span class='ocrx_word' id='word_1_403' title='bbox 1140 1808 1276 1836; x_wconf 83' lang='lat' dir='ltr'><strong>statum</strong></span> <span class='ocrx_word' id='word_1_404' title='bbox 1298 1798 1431 1848; x_wconf 88' lang='lat' dir='ltr'><strong>quidni</strong></span> <span class='ocrx_word' id='word_1_405' title='bbox 1450 1797 1653 1835; x_wconf 85' lang='lat' dir='ltr'><strong>descendat</strong></span> <span class='ocrx_word' id='word_1_406' title='bbox 1668 1799 1705 1834; x_wconf 93' lang='lat' dir='ltr'><strong>in</strong></span> <span class='ocrx_word' id='word_1_407' title='bbox 1729 1799 2042 1849; x_wconf 82' lang='lat' dir='ltr'><strong>corruptionem?</strong></span> 
     </span>
    </p>
   </div>
   <div class='ocr_carea' id='block_1_12' title="bbox 78 1855 1078 2560">
    <p class='ocr_par' dir='ltr' id='par_1_13' title="bbox 78 1855 1078 2560">
     <span class='ocr_line' id='line_1_55' title="bbox 79 1855 1070 1905; baseline -0.002 -12"><span class='ocrx_word' id='word_1_408' title='bbox 79 1857 115 1893; x_wconf 92' lang='lat' dir='ltr'><strong>in</strong></span> <span class='ocrx_word' id='word_1_409' title='bbox 137 1855 270 1901; x_wconf 90' lang='lat' dir='ltr'><strong>ubere,</strong></span> <span class='ocrx_word' id='word_1_410' title='bbox 298 1857 386 1893; x_wconf 84' lang='lat' dir='ltr'><strong>novi</strong></span> <span class='ocrx_word' id='word_1_411' title='bbox 409 1856 561 1893; x_wconf 88' lang='lat' dir='ltr'><strong>refectio</strong></span> <span class='ocrx_word' id='word_1_412' title='bbox 579 1872 589 1902; x_wconf 75' lang='lat'><em>3</em></span> <span class='ocrx_word' id='word_1_413' title='bbox 607 1857 644 1892; x_wconf 93' lang='lat' dir='ltr'><strong>in</strong></span> <span class='ocrx_word' id='word_1_414' title='bbox 666 1856 883 1905; x_wconf 86' lang='lat' dir='ltr'><strong>unguentis,</strong></span> <span class='ocrx_word' id='word_1_415' title='bbox 899 1855 1070 1904; x_wconf 84' lang='lat' dir='ltr'><strong>quaedam</strong></span> 
     </span>
     <span class='ocr_line' id='line_1_56' title="bbox 80 1914 1072 1958; baseline -0.002 -6"><span class='ocrx_word' id='word_1_416' title='bbox 80 1916 292 1952; x_wconf 88' lang='lat' dir='ltr'><strong>delectatio.</strong></span> <span class='ocrx_word' id='word_1_417' title='bbox 312 1917 410 1953; x_wconf 91' lang='lat' dir='ltr'><strong>Vino</strong></span> <span class='ocrx_word' id='word_1_418' title='bbox 429 1915 588 1952; x_wconf 88' lang='lat' dir='ltr'><strong>carnalis</strong></span> <span class='ocrx_word' id='word_1_419' title='bbox 621 1928 752 1951; x_wconf 90' lang='lat' dir='ltr'><strong>sensus</strong></span> <span class='ocrx_word' id='word_1_420' title='bbox 783 1914 1013 1958; x_wconf 82' lang='lat' dir='ltr'><strong>inebriatur,</strong></span> <span class='ocrx_word' id='word_1_421' title='bbox 1034 1922 1072 1950; x_wconf 89' lang='lat' dir='ltr'><strong>et</strong></span> 
     </span>
     <span class='ocr_line' id='line_1_57' title="bbox 78 1974 1071 2025; baseline -0.003 -13"><span class='ocrx_word' id='word_1_422' title='bbox 78 1976 312 2025; x_wconf 86' lang='lat' dir='ltr'><strong>consopitur,</strong></span> <span class='ocrx_word' id='word_1_423' title='bbox 329 1984 365 2012; x_wconf 90' lang='lat' dir='ltr'><strong>et</strong></span> <span class='ocrx_word' id='word_1_424' title='bbox 386 1974 584 2020; x_wconf 80' lang='lat' dir='ltr'><strong>obruitur3</strong></span> <span class='ocrx_word' id='word_1_425' title='bbox 607 1974 722 2010; x_wconf 87' lang='lat' dir='ltr'><strong>ubere</strong></span> <span class='ocrx_word' id='word_1_426' title='bbox 743 1987 864 2010; x_wconf 79' lang='lat' dir='ltr'><strong>novus</strong></span> <span class='ocrx_word' id='word_1_427' title='bbox 887 1974 1071 2018; x_wconf 84' lang='lat' dir='ltr'><strong>nutritur3</strong></span> 
     </span>
     <span class='ocr_line' id='line_1_58' title="bbox 82 2033 1073 2084; baseline -0.003 -12"><span class='ocrx_word' id='word_1_428' title='bbox 82 2035 285 2084; x_wconf 81' lang='lat' dir='ltr'><strong>unguentis</strong></span> <span class='ocrx_word' id='word_1_429' title='bbox 315 2035 464 2071; x_wconf 87' lang='lat' dir='ltr'><strong>adultus</strong></span> <span class='ocrx_word' id='word_1_430' title='bbox 496 2034 701 2070; x_wconf 87' lang='lat' dir='ltr'><strong>deliciatur.</strong></span> <span class='ocrx_word' id='word_1_431' title='bbox 730 2037 773 2070; x_wconf 90' lang='lat' dir='ltr'><strong>In</strong></span> <span class='ocrx_word' id='word_1_432' title='bbox 804 2034 927 2083; x_wconf 89' lang='lat' dir='ltr'><strong>primo</strong></span> <span class='ocrx_word' id='word_1_433' title='bbox 958 2033 1073 2069; x_wconf 89' lang='lat' dir='ltr'><strong>homo</strong></span> 
     </span>
     <span class='ocr_line' id='line_1_59' title="bbox 81 2092 1073 2139; baseline -0.005 -8"><span class='ocrx_word' id='word_1_434' title='bbox 81 2103 188 2131; x_wconf 78' lang='lat' dir='ltr'><strong>vetus</strong></span> <span class='ocrx_word' id='word_1_435' title='bbox 203 2095 423 2139; x_wconf 84' lang='lat' dir='ltr'><strong>conficitur3</strong></span> <span class='ocrx_word' id='word_1_436' title='bbox 443 2094 480 2129; x_wconf 91' lang='lat' dir='ltr'><strong>in</strong></span> <span class='ocrx_word' id='word_1_437' title='bbox 502 2093 668 2130; x_wconf 89' lang='lat' dir='ltr'><strong>secundo</strong></span> <span class='ocrx_word' id='word_1_438' title='bbox 689 2106 810 2129; x_wconf 78' lang='lat' dir='ltr'><strong>novus</strong></span> <span class='ocrx_word' id='word_1_439' title='bbox 827 2092 1015 2136; x_wconf 71' lang='lat' dir='ltr'><strong>relicitur-3</strong></span> <span class='ocrx_word' id='word_1_440' title='bbox 1036 2092 1073 2127; x_wconf 86' lang='lat' dir='ltr'><strong>in</strong></span> 
     </span>
     <span class='ocr_line' id='line_1_60' title="bbox 82 2150 1076 2202; baseline -0.004 -12"><span class='ocrx_word' id='word_1_441' title='bbox 82 2153 193 2190; x_wconf 85' lang='lat' dir='ltr'><strong>tertio</strong></span> <span class='ocrx_word' id='word_1_442' title='bbox 205 2152 283 2202; x_wconf 89' lang='lat' dir='ltr'><strong>jam</strong></span> <span class='ocrx_word' id='word_1_443' title='bbox 299 2153 610 2202; x_wconf 85' lang='lat' dir='ltr'><strong>appropinquans</strong></span> <span class='ocrx_word' id='word_1_444' title='bbox 627 2151 671 2187; x_wconf 88' lang='lat' dir='ltr'><strong>ad</strong></span> <span class='ocrx_word' id='word_1_445' title='bbox 693 2151 962 2200; x_wconf 83' lang='lat' dir='ltr'><strong>perfectionem</strong></span> <span class='ocrx_word' id='word_1_446' title='bbox 986 2150 1076 2187; x_wconf 89' lang='lat' dir='ltr'><strong>ines-</strong></span> 
     </span>
     <span class='ocr_line' id='line_1_61' title="bbox 86 2210 1077 2257; baseline -0.004 -7"><span class='ocrx_word' id='word_1_447' title='bbox 86 2212 188 2250; x_wconf 88' lang='lat' dir='ltr'><strong>fabili</strong></span> <span class='ocrx_word' id='word_1_448' title='bbox 211 2212 337 2249; x_wconf 88' lang='lat' dir='ltr'><strong>laetitia</strong></span> <span class='ocrx_word' id='word_1_449' title='bbox 359 2212 532 2248; x_wconf 86' lang='lat' dir='ltr'><strong>aflicitur.</strong></span> <span class='ocrx_word' id='word_1_450' title='bbox 557 2215 614 2248; x_wconf 90' lang='lat' dir='ltr'><strong>An</strong></span> <span class='ocrx_word' id='word_1_451' title='bbox 642 2224 716 2247; x_wconf 92' lang='lat' dir='ltr'><strong>non</strong></span> <span class='ocrx_word' id='word_1_452' title='bbox 750 2211 846 2247; x_wconf 88' lang='lat' dir='ltr'><strong>ordo</strong></span> <span class='ocrx_word' id='word_1_453' title='bbox 868 2210 1014 2257; x_wconf 89' lang='lat' dir='ltr'><strong>bonus,</strong></span> <span class='ocrx_word' id='word_1_454' title='bbox 1035 2218 1077 2246; x_wconf 91' lang='lat' dir='ltr'><strong>ut</strong></span> 
     </span>
     <span class='ocr_line' id='line_1_62' title="bbox 81 2270 1077 2319; baseline -0.004 -10"><span class='ocrx_word' id='word_1_455' title='bbox 81 2272 130 2309; x_wconf 84' lang='lat' dir='ltr'><strong>de</strong></span> <span class='ocrx_word' id='word_1_456' title='bbox 159 2271 360 2308; x_wconf 88' lang='lat' dir='ltr'><strong>refectione</strong></span> <span class='ocrx_word' id='word_1_457' title='bbox 391 2271 437 2307; x_wconf 91' lang='lat' dir='ltr'><strong>ad</strong></span> <span class='ocrx_word' id='word_1_458' title='bbox 467 2271 751 2307; x_wconf 88' lang='lat' dir='ltr'><strong>delectationem</strong></span> <span class='ocrx_word' id='word_1_459' title='bbox 783 2270 958 2315; x_wconf 81' lang='lat' dir='ltr'><strong>accedas,</strong></span> <span class='ocrx_word' id='word_1_460' title='bbox 991 2277 1077 2319; x_wconf 89' lang='lat' dir='ltr'><strong>post</strong></span> 
     </span>
     <span class='ocr_line' id='line_1_63' title="bbox 82 2329 1076 2380; baseline -0.004 -12"><span class='ocrx_word' id='word_1_461' title='bbox 82 2332 185 2368; x_wconf 90' lang='lat' dir='ltr'><strong>lactis</strong></span> <span class='ocrx_word' id='word_1_462' title='bbox 203 2330 386 2380; x_wconf 84' lang='lat' dir='ltr'><strong>primitias</strong></span> <span class='ocrx_word' id='word_1_463' title='bbox 405 2329 452 2366; x_wconf 90' lang='lat' dir='ltr'><strong>ad</strong></span> <span class='ocrx_word' id='word_1_464' title='bbox 473 2338 753 2379; x_wconf 82' lang='lat' dir='ltr'><strong>unguentorum</strong></span> <span class='ocrx_word' id='word_1_465' title='bbox 777 2329 952 2365; x_wconf 82' lang='lat' dir='ltr'><strong>delicias?</strong></span> <span class='ocrx_word' id='word_1_466' title='bbox 980 2331 1025 2365; x_wconf 81' lang='lat' dir='ltr'><strong>Et</strong></span> <span class='ocrx_word' id='word_1_467' title='bbox 1056 2341 1076 2364; x_wconf 91' lang='lat' dir='ltr'><strong>a</strong></span> 
     </span>
     <span class='ocr_line' id='line_1_64' title="bbox 81 2388 1078 2441; baseline -0.004 -14"><span class='ocrx_word' id='word_1_468' title='bbox 81 2390 268 2441; x_wconf 88' lang='lat' dir='ltr'><strong>principio</strong></span> <span class='ocrx_word' id='word_1_469' title='bbox 287 2389 428 2427; x_wconf 90' lang='lat' dir='ltr'><strong>Cantici</strong></span> <span class='ocrx_word' id='word_1_470' title='bbox 451 2388 562 2438; x_wconf 87' lang='lat' dir='ltr'><strong>hujus</strong></span> <span class='ocrx_word' id='word_1_471' title='bbox 590 2397 748 2438; x_wconf 87' lang='lat' dir='ltr'><strong>utraque</strong></span> <span class='ocrx_word' id='word_1_472' title='bbox 775 2389 864 2434; x_wconf 88' lang='lat' dir='ltr'><strong>ista,</strong></span> <span class='ocrx_word' id='word_1_473' title='bbox 886 2396 1078 2437; x_wconf 83' lang='lat' dir='ltr'><strong>unguenta</strong></span> 
     </span>
     <span class='ocr_line' id='line_1_65' title="bbox 82 2447 1077 2498; baseline -0.004 -11"><span class='ocrx_word' id='word_1_474' title='bbox 82 2458 120 2487; x_wconf 87' lang='lat' dir='ltr'><strong>et</strong></span> <span class='ocrx_word' id='word_1_475' title='bbox 138 2449 253 2486; x_wconf 87' lang='lat' dir='ltr'><strong>ubera</strong></span> <span class='ocrx_word' id='word_1_476' title='bbox 268 2477 277 2494; x_wconf 96' lang='lat'><strong>,</strong></span> <span class='ocrx_word' id='word_1_477' title='bbox 298 2457 335 2486; x_wconf 92' lang='lat' dir='ltr'><strong>et</strong></span> <span class='ocrx_word' id='word_1_478' title='bbox 358 2457 651 2485; x_wconf 89' lang='lat' dir='ltr'><strong>commemorata</strong></span> <span class='ocrx_word' id='word_1_479' title='bbox 671 2457 708 2484; x_wconf 89' lang='lat' dir='ltr'><strong>et</strong></span> <span class='ocrx_word' id='word_1_480' title='bbox 729 2448 904 2498; x_wconf 87' lang='lat' dir='ltr'><strong>copulata</strong></span> <span class='ocrx_word' id='word_1_481' title='bbox 931 2455 1019 2484; x_wconf 89' lang='lat' dir='ltr'><strong>sunt</strong></span> <span class='ocrx_word' id='word_1_482' title='bbox 1040 2447 1077 2483; x_wconf 91' lang='lat' dir='ltr'><strong>in</strong></span> 
     </span>
     <span class='ocr_line' id='line_1_66' title="bbox 83 2506 1078 2560; baseline -0.003 -14"><span class='ocrx_word' id='word_1_483' title='bbox 83 2507 282 2560; x_wconf 86' lang='lat' dir='ltr'><strong>praeconiis</strong></span> <span class='ocrx_word' id='word_1_484' title='bbox 311 2521 471 2558; x_wconf 84' lang='lat' dir='ltr'><strong>sponsae.</strong></span> <span class='ocrx_word' id='word_1_485' title='bbox 504 2510 581 2544; x_wconf 91' lang='lat' dir='ltr'><strong>Nec</strong></span> <span class='ocrx_word' id='word_1_486' title='bbox 603 2508 739 2557; x_wconf 81' lang='lat' dir='ltr'><strong>exigua</strong></span> <span class='ocrx_word' id='word_1_487' title='bbox 773 2508 908 2543; x_wconf 89' lang='lat' dir='ltr'><strong>horum</strong></span> <span class='ocrx_word' id='word_1_488' title='bbox 936 2506 1078 2557; x_wconf 85' lang='lat' dir='ltr'><strong>gratia,</strong></span> 
     </span>
    </p>
   </div>
   <div class='ocr_carea' id='block_1_13' title="bbox 1137 1857 2142 2556">
    <p class='ocr_par' dir='ltr' id='par_1_14' title="bbox 1137 1857 2142 2556">
     <span class='ocr_line' id='line_1_67' title="bbox 1190 1857 2134 1909; baseline 0.002 -14"><span class='ocrx_word' id='word_1_489' title='bbox 1190 1859 1225 1895; x_wconf 90' lang='lat'><strong>3.</strong></span> <span class='ocrx_word' id='word_1_490' title='bbox 1256 1858 1406 1895; x_wconf 72' lang='lat' dir='ltr'><strong>Vidistis</strong></span> <span class='ocrx_word' id='word_1_491' title='bbox 1426 1857 1603 1894; x_wconf 90' lang='lat' dir='ltr'><strong>hesterno</strong></span> <span class='ocrx_word' id='word_1_492' title='bbox 1632 1857 1711 1902; x_wconf 89' lang='lat' dir='ltr'><strong>die,</strong></span> <span class='ocrx_word' id='word_1_493' title='bbox 1742 1858 1900 1903; x_wconf 88' lang='lat' dir='ltr'><strong>fratres,</strong></span> <span class='ocrx_word' id='word_1_494' title='bbox 1936 1860 2134 1909; x_wconf 76' lang='lat' dir='ltr'><strong>aspexistis</strong></span> 
     </span>
     <span class='ocr_line' id='line_1_68' title="bbox 1137 1917 2134 1967; baseline 0.002 -13"><span class='ocrx_word' id='word_1_495' title='bbox 1137 1917 1444 1967; x_wconf 80' lang='lat' dir='ltr'><strong>lacrymabilibus</strong></span> <span class='ocrx_word' id='word_1_496' title='bbox 1463 1917 1579 1953; x_wconf 91' lang='lat' dir='ltr'><strong>oculis</strong></span> <span class='ocrx_word' id='word_1_497' title='bbox 1600 1930 1751 1953; x_wconf 90' lang='lat' dir='ltr'><strong>carnem</strong></span> <span class='ocrx_word' id='word_1_498' title='bbox 1772 1917 1945 1954; x_wconf 89' lang='lat' dir='ltr'><strong>miseram</strong></span> <span class='ocrx_word' id='word_1_499' title='bbox 1963 1932 2134 1956; x_wconf 91' lang='lat' dir='ltr'><strong>eommu-</strong></span> 
     </span>
     <span class='ocr_line' id='line_1_69' title="bbox 1140 1976 2132 2027; baseline 0 -13"><span class='ocrx_word' id='word_1_500' title='bbox 1140 1985 1275 2022; x_wconf 89' lang='lat' dir='ltr'><strong>tatam,</strong></span> <span class='ocrx_word' id='word_1_501' title='bbox 1301 1976 1451 2013; x_wconf 85' lang='lat' dir='ltr'><strong>carnem</strong></span> <span class='ocrx_word' id='word_1_502' title='bbox 1481 1976 1772 2012; x_wconf 82' lang='lat' dir='ltr'><strong>descendentem</strong></span> <span class='ocrx_word' id='word_1_503' title='bbox 1799 1976 1845 2012; x_wconf 91' lang='lat' dir='ltr'><strong>dc</strong></span> <span class='ocrx_word' id='word_1_504' title='bbox 1870 1978 2132 2027; x_wconf 85' lang='lat' dir='ltr'><strong>corruptibili-</strong></span> 
     </span>
     <span class='ocr_line' id='line_1_70' title="bbox 1141 2034 2135 2084; baseline 0.001 -11"><span class='ocrx_word' id='word_1_505' title='bbox 1141 2045 1213 2073; x_wconf 90' lang='lat' dir='ltr'><strong>tate</strong></span> <span class='ocrx_word' id='word_1_506' title='bbox 1235 2037 1271 2072; x_wconf 91' lang='lat' dir='ltr'><strong>in</strong></span> <span class='ocrx_word' id='word_1_507' title='bbox 1293 2035 1577 2084; x_wconf 85' lang='lat' dir='ltr'><strong>corruptionem</strong></span> <span class='ocrx_word' id='word_1_508' title='bbox 1601 2050 1607 2071; x_wconf 89' lang='lat'>:</span> <span class='ocrx_word' id='word_1_509' title='bbox 1632 2043 1669 2070; x_wconf 89' lang='lat' dir='ltr'><strong>et</strong></span> <span class='ocrx_word' id='word_1_510' title='bbox 1695 2034 1848 2084; x_wconf 88' lang='lat' dir='ltr'><strong>quidem</strong></span> <span class='ocrx_word' id='word_1_511' title='bbox 1867 2036 1954 2072; x_wconf 91' lang='lat' dir='ltr'><strong>satis</strong></span> <span class='ocrx_word' id='word_1_512' title='bbox 1979 2037 2078 2073; x_wconf 85' lang='lat' dir='ltr'><strong>lente</strong></span> <span class='ocrx_word' id='word_1_513' title='bbox 2098 2045 2135 2074; x_wconf 92' lang='lat' dir='ltr'><strong>et</strong></span> 
     </span>
     <span class='ocr_line' id='line_1_71' title="bbox 1140 2093 2135 2145; baseline 0.003 -15"><span class='ocrx_word' id='word_1_514' title='bbox 1140 2108 1224 2130; x_wconf 88' lang='lat' dir='ltr'><strong>cum</strong></span> <span class='ocrx_word' id='word_1_515' title='bbox 1257 2108 1362 2131; x_wconf 87' lang='lat' dir='ltr'><strong>mora</strong></span> <span class='ocrx_word' id='word_1_516' title='bbox 1389 2093 1703 2138; x_wconf 87' lang='lat' dir='ltr'><strong>descendentem,</strong></span> <span class='ocrx_word' id='word_1_517' title='bbox 1741 2106 1810 2130; x_wconf 80' lang='lat' dir='ltr'><strong>nec</strong></span> <span class='ocrx_word' id='word_1_518' title='bbox 1843 2107 1953 2144; x_wconf 87' lang='lat' dir='ltr'><strong>posse</strong></span> <span class='ocrx_word' id='word_1_519' title='bbox 1985 2097 2135 2145; x_wconf 90' lang='lat' dir='ltr'><strong>penitus</strong></span> 
     </span>
     <span class='ocr_line' id='line_1_72' title="bbox 1141 2153 2136 2203; baseline 0.001 -13"><span class='ocrx_word' id='word_1_520' title='bbox 1141 2154 1344 2203; x_wconf 86' lang='lat' dir='ltr'><strong>corrumpi.</strong></span> <span class='ocrx_word' id='word_1_521' title='bbox 1370 2153 1576 2190; x_wconf 70' lang='lat' dir='ltr'><strong>videbatur</strong></span> <span class='ocrx_word' id='word_1_522' title='bbox 1593 2153 1687 2188; x_wconf 77' lang='lat' dir='ltr'><strong>velle</strong></span> <span class='ocrx_word' id='word_1_523' title='bbox 1701 2180 1709 2196; x_wconf 95' lang='lat'>‚</span> <span class='ocrx_word' id='word_1_524' title='bbox 1733 2166 1873 2202; x_wconf 87' lang='lat' dir='ltr'><strong>corpus</strong></span> <span class='ocrx_word' id='word_1_525' title='bbox 1897 2154 1999 2202; x_wconf 87' lang='lat' dir='ltr'><strong>quod</strong></span> <span class='ocrx_word' id='word_1_526' title='bbox 2020 2168 2136 2191; x_wconf 79' lang='lat' dir='ltr'><strong>occu-</strong></span> 
     </span>
     <span class='ocr_line' id='line_1_73' title="bbox 1142 2211 2135 2263; baseline 0.002 -15"><span class='ocrx_word' id='word_1_527' title='bbox 1142 2221 1317 2263; x_wconf 77' lang='lat' dir='ltr'><strong>paverat,</strong></span> <span class='ocrx_word' id='word_1_528' title='bbox 1348 2212 1563 2248; x_wconf 81' lang='lat' dir='ltr'><strong>liaereditate</strong></span> <span class='ocrx_word' id='word_1_529' title='bbox 1589 2211 1783 2261; x_wconf 85' lang='lat' dir='ltr'><strong>possidere</strong></span> <span class='ocrx_word' id='word_1_530' title='bbox 1804 2212 1884 2261; x_wconf 87' lang='lat' dir='ltr'><strong>ipsa</strong></span> <span class='ocrx_word' id='word_1_531' title='bbox 1914 2214 2135 2263; x_wconf 88' lang='lat' dir='ltr'><strong>corruptio;</strong></span> 
     </span>
     <span class='ocr_line' id='line_1_74' title="bbox 1141 2271 2134 2323; baseline 0.001 -14"><span class='ocrx_word' id='word_1_532' title='bbox 1141 2281 1178 2309; x_wconf 92' lang='lat' dir='ltr'><strong>et</strong></span> <span class='ocrx_word' id='word_1_533' title='bbox 1198 2285 1244 2309; x_wconf 92' lang='lat' dir='ltr'><strong>ne</strong></span> <span class='ocrx_word' id='word_1_534' title='bbox 1263 2272 1452 2308; x_wconf 85' lang='lat' dir='ltr'><strong>desineret</strong></span> <span class='ocrx_word' id='word_1_535' title='bbox 1472 2280 1707 2321; x_wconf 87' lang='lat' dir='ltr'><strong>putrescere,</strong></span> <span class='ocrx_word' id='word_1_536' title='bbox 1731 2284 1806 2308; x_wconf 88' lang='lat' dir='ltr'><strong>non</strong></span> <span class='ocrx_word' id='word_1_537' title='bbox 1822 2271 1967 2309; x_wconf 89' lang='lat' dir='ltr'><strong>sinebat</strong></span> <span class='ocrx_word' id='word_1_538' title='bbox 1989 2286 2134 2323; x_wconf 88' lang='lat' dir='ltr'><strong>perpu-</strong></span> 
     </span>
     <span class='ocr_line' id='line_1_75' title="bbox 1144 2329 2136 2378; baseline 0.001 -11"><span class='ocrx_word' id='word_1_539' title='bbox 1144 2331 1290 2368; x_wconf 90' lang='lat' dir='ltr'><strong>truisse.</strong></span> <span class='ocrx_word' id='word_1_540' title='bbox 1317 2329 1525 2367; x_wconf 73' lang='lat' dir='ltr'><strong>Cohibebat</strong></span> <span class='ocrx_word' id='word_1_541' title='bbox 1546 2330 1664 2374; x_wconf 70' lang='lat' dir='ltr'><strong>vires,</strong></span> <span class='ocrx_word' id='word_1_542' title='bbox 1688 2329 1794 2378; x_wconf 84' lang='lat' dir='ltr'><strong>quasi</strong></span> <span class='ocrx_word' id='word_1_543' title='bbox 1820 2330 1938 2366; x_wconf 90' lang='lat' dir='ltr'><strong>nollet</strong></span> <span class='ocrx_word' id='word_1_544' title='bbox 1957 2331 2136 2368; x_wconf 87' lang='lat' dir='ltr'><strong>substan-</strong></span> 
     </span>
     <span class='ocr_line' id='line_1_76' title="bbox 1144 2388 2138 2432; baseline 0.002 -7"><span class='ocrx_word' id='word_1_545' title='bbox 1144 2389 1231 2425; x_wconf 86' lang='lat' dir='ltr'><strong>tiam</strong></span> <span class='ocrx_word' id='word_1_546' title='bbox 1261 2388 1434 2424; x_wconf 88' lang='lat' dir='ltr'><strong>celeriter</strong></span> <span class='ocrx_word' id='word_1_547' title='bbox 1465 2400 1708 2432; x_wconf 85' lang='lat' dir='ltr'><strong>consumere,</strong></span> <span class='ocrx_word' id='word_1_548' title='bbox 1737 2396 1779 2423; x_wconf 86' lang='lat' dir='ltr'><strong>ut</strong></span> <span class='ocrx_word' id='word_1_549' title='bbox 1810 2388 1951 2424; x_wconf 90' lang='lat' dir='ltr'><strong>diutius</strong></span> <span class='ocrx_word' id='word_1_550' title='bbox 1986 2390 2138 2427; x_wconf 84' lang='lat' dir='ltr'><strong>inlicere</strong></span> 
     </span>
     <span class='ocr_line' id='line_1_77' title="bbox 1143 2446 2140 2498; baseline 0.003 -15"><span class='ocrx_word' id='word_1_551' title='bbox 1143 2455 1284 2497; x_wconf 89' lang='lat' dir='ltr'><strong>posset.</strong></span> <span class='ocrx_word' id='word_1_552' title='bbox 1310 2450 1401 2483; x_wconf 62' lang='lat' dir='ltr'><strong>Ram</strong></span> <span class='ocrx_word' id='word_1_553' title='bbox 1423 2459 1506 2482; x_wconf 91' lang='lat' dir='ltr'><strong>cum</strong></span> <span class='ocrx_word' id='word_1_554' title='bbox 1539 2447 1649 2483; x_wconf 87' lang='lat' dir='ltr'><strong>fuerit</strong></span> <span class='ocrx_word' id='word_1_555' title='bbox 1669 2459 1756 2482; x_wconf 90' lang='lat' dir='ltr'><strong>caro</strong></span> <span class='ocrx_word' id='word_1_556' title='bbox 1777 2446 1924 2483; x_wconf 89' lang='lat' dir='ltr'><strong>redacta</strong></span> <span class='ocrx_word' id='word_1_557' title='bbox 1946 2448 1981 2484; x_wconf 92' lang='lat' dir='ltr'><strong>in</strong></span> <span class='ocrx_word' id='word_1_558' title='bbox 2005 2450 2140 2498; x_wconf 80' lang='lat' dir='ltr'><strong>pulve-</strong></span> 
     </span>
     <span class='ocr_line' id='line_1_78' title="bbox 1145 2504 2142 2556; baseline 0.003 -13"><span class='ocrx_word' id='word_1_559' title='bbox 1145 2519 1243 2553; x_wconf 88' lang='lat' dir='ltr'><strong>rem,</strong></span> <span class='ocrx_word' id='word_1_560' title='bbox 1264 2505 1356 2555; x_wconf 87' lang='lat' dir='ltr'><strong>quid</strong></span> <span class='ocrx_word' id='word_1_561' title='bbox 1384 2504 1498 2542; x_wconf 89' lang='lat' dir='ltr'><strong>habet</strong></span> <span class='ocrx_word' id='word_1_562' title='bbox 1523 2506 1620 2542; x_wconf 88' lang='lat' dir='ltr'><strong>ultra</strong></span> <span class='ocrx_word' id='word_1_563' title='bbox 1642 2507 1857 2556; x_wconf 86' lang='lat' dir='ltr'><strong>corruptela</strong></span> <span class='ocrx_word' id='word_1_564' title='bbox 1883 2506 1988 2556; x_wconf 88' lang='lat' dir='ltr'><strong>quod</strong></span> <span class='ocrx_word' id='word_1_565' title='bbox 2009 2508 2142 2546; x_wconf 71' lang='lat' dir='ltr'><strong>iaciat?</strong></span> 
     </span>
    </p>
   </div>
   <div class='ocr_carea' id='block_1_14' title="bbox 83 2564 2139 2617">
    <p class='ocr_par' dir='ltr' id='par_1_15' title="bbox 83 2564 2139 2617">
     <span class='ocr_line' id='line_1_79' title="bbox 83 2564 2139 2617; baseline 0 -14"><span class='ocrx_word' id='word_1_566' title='bbox 83 2580 167 2617; x_wconf 84' lang='lat' dir='ltr'><strong>quae</strong></span> <span class='ocrx_word' id='word_1_567' title='bbox 188 2566 295 2603; x_wconf 86' lang='lat' dir='ltr'><strong>toties</strong></span> <span class='ocrx_word' id='word_1_568' title='bbox 315 2567 470 2616; x_wconf 90' lang='lat' dir='ltr'><strong>replicat</strong></span> <span class='ocrx_word' id='word_1_569' title='bbox 489 2566 524 2602; x_wconf 91' lang='lat' dir='ltr'><strong>in</strong></span> <span class='ocrx_word' id='word_1_570' title='bbox 546 2566 695 2603; x_wconf 88' lang='lat' dir='ltr'><strong>laudem</strong></span> <span class='ocrx_word' id='word_1_571' title='bbox 712 2566 876 2612; x_wconf 85' lang='lat' dir='ltr'><strong>dilectae‚</strong></span> <span class='ocrx_word' id='word_1_572' title='bbox 895 2578 971 2602; x_wconf 92' lang='lat' dir='ltr'><strong>non</strong></span> <span class='ocrx_word' id='word_1_573' title='bbox 987 2579 1079 2602; x_wconf 92' lang='lat' dir='ltr'><strong>con—</strong></span> <span class='ocrx_word' id='word_1_574' title='bbox 1096 2568 1129 2602; x_wconf 94' lang='lat' dir='ltr'>D</span> <span class='ocrx_word' id='word_1_575' title='bbox 1148 2568 1279 2602; x_wconf 79' lang='lat' dir='ltr'><strong>Omm&#39;s</strong></span> <span class='ocrx_word' id='word_1_576' title='bbox 1302 2579 1389 2601; x_wconf 80' lang='lat' dir='ltr'><strong>caro</strong></span> <span class='ocrx_word' id='word_1_577' title='bbox 1409 2564 1560 2613; x_wconf 68' lang='lat' dir='ltr'><strong>sonunt,</strong></span> <span class='ocrx_word' id='word_1_578' title='bbox 1583 2575 1618 2601; x_wconf 82' lang='lat' dir='ltr'><strong>et</strong></span> <span class='ocrx_word' id='word_1_579' title='bbox 1641 2570 1760 2601; x_wconf 83' lang='lat' dir='ltr'><strong>omnis</strong></span> <span class='ocrx_word' id='word_1_580' title='bbox 1778 2569 1899 2615; x_wconf 78' lang='lat' dir='ltr'><strong>gloria</strong></span> <span class='ocrx_word' id='word_1_581' title='bbox 1929 2573 2009 2614; x_wconf 78' lang='lat' dir='ltr'><strong>ejus</strong></span> <span class='ocrx_word' id='word_1_582' title='bbox 2031 2575 2139 2616; x_wconf 77' lang='lat' dir='ltr'><strong>quasi</strong></span> 
     </span>
    </p>
   </div>
   <div class='ocr_carea' id='block_1_15' title="bbox 85 2625 1082 3203">
    <p class='ocr_par' dir='ltr' id='par_1_16' title="bbox 85 2625 1082 3203">
     <span class='ocr_line' id='line_1_80' title="bbox 86 2625 1074 2663; baseline -0.002 0"><span class='ocrx_word' id='word_1_583' title='bbox 86 2634 210 2663; x_wconf 89' lang='lat' dir='ltr'><strong>tentus</strong></span> <span class='ocrx_word' id='word_1_584' title='bbox 225 2638 536 2662; x_wconf 87' lang='lat' dir='ltr'><strong>commemorasse</strong></span> <span class='ocrx_word' id='word_1_585' title='bbox 550 2626 678 2662; x_wconf 87' lang='lat' dir='ltr'><strong>semel.</strong></span> <span class='ocrx_word' id='word_1_586' title='bbox 698 2629 832 2662; x_wconf 77' lang='lat' dir='ltr'><strong>Nonne</strong></span> <span class='ocrx_word' id='word_1_587' title='bbox 851 2625 1074 2661; x_wconf 87' lang='lat' dir='ltr'><strong>delectatum</strong></span> 
     </span>
     <span class='ocr_line' id='line_1_81' title="bbox 85 2684 1077 2735; baseline -0.002 -13"><span class='ocrx_word' id='word_1_588' title='bbox 85 2693 194 2735; x_wconf 88' lang='lat' dir='ltr'><strong>putas</strong></span> <span class='ocrx_word' id='word_1_589' title='bbox 213 2684 384 2722; x_wconf 88' lang='lat' dir='ltr'><strong>laudibus</strong></span> <span class='ocrx_word' id='word_1_590' title='bbox 400 2685 477 2721; x_wconf 88' lang='lat' dir='ltr'><strong>istis</strong></span> <span class='ocrx_word' id='word_1_591' title='bbox 490 2714 499 2731; x_wconf 92' lang='lat'><strong>,</strong></span> <span class='ocrx_word' id='word_1_592' title='bbox 516 2698 608 2734; x_wconf 87' lang='lat' dir='ltr'><strong>quas</strong></span> <span class='ocrx_word' id='word_1_593' title='bbox 623 2694 726 2722; x_wconf 90' lang='lat' dir='ltr'><strong>tanto</strong></span> <span class='ocrx_word' id='word_1_594' title='bbox 741 2685 896 2730; x_wconf 85' lang='lat' dir='ltr'><strong>affectu,</strong></span> <span class='ocrx_word' id='word_1_595' title='bbox 914 2693 985 2720; x_wconf 90' lang='lat' dir='ltr'><strong>tam</strong></span> <span class='ocrx_word' id='word_1_596' title='bbox 1003 2684 1077 2720; x_wconf 86' lang='lat' dir='ltr'><strong>fre-</strong></span> 
     </span>
     <span class='ocr_line' id='line_1_82' title="bbox 87 2744 1076 2794; baseline 0 -14"><span class='ocrx_word' id='word_1_597' title='bbox 87 2752 246 2794; x_wconf 89' lang='lat' dir='ltr'><strong>quenter</strong></span> <span class='ocrx_word' id='word_1_598' title='bbox 265 2747 458 2781; x_wconf 81' lang='lat' dir='ltr'><strong>recenset?</strong></span> <span class='ocrx_word' id='word_1_599' title='bbox 476 2748 539 2782; x_wconf 86' lang='lat' dir='ltr'><strong>Est</strong></span> <span class='ocrx_word' id='word_1_600' title='bbox 559 2753 596 2781; x_wconf 90' lang='lat' dir='ltr'><strong>et</strong></span> <span class='ocrx_word' id='word_1_601' title='bbox 624 2745 727 2794; x_wconf 89' lang='lat' dir='ltr'><strong>quod</strong></span> <span class='ocrx_word' id='word_1_602' title='bbox 749 2744 794 2781; x_wconf 89' lang='lat' dir='ltr'><strong>ad</strong></span> <span class='ocrx_word' id='word_1_603' title='bbox 816 2753 850 2781; x_wconf 90' lang='lat' dir='ltr'><strong>te</strong></span> <span class='ocrx_word' id='word_1_604' title='bbox 878 2744 1000 2781; x_wconf 89' lang='lat' dir='ltr'><strong>trahas</strong></span> <span class='ocrx_word' id='word_1_605' title='bbox 1030 2744 1076 2780; x_wconf 89' lang='lat' dir='ltr'><strong>de</strong></span> 
     </span>
     <span class='ocr_line' id='line_1_83' title="bbox 87 2802 1076 2841; baseline 0.001 -2"><span class='ocrx_word' id='word_1_606' title='bbox 87 2811 189 2840; x_wconf 87' lang='lat' dir='ltr'><strong>tanta</strong></span> <span class='ocrx_word' id='word_1_607' title='bbox 219 2802 414 2840; x_wconf 87' lang='lat' dir='ltr'><strong>sedulitate</strong></span> <span class='ocrx_word' id='word_1_608' title='bbox 440 2804 579 2841; x_wconf 89' lang='lat' dir='ltr'><strong>iteratae</strong></span> <span class='ocrx_word' id='word_1_609' title='bbox 601 2804 827 2841; x_wconf 83' lang='lat' dir='ltr'><strong>laudationis</strong></span> <span class='ocrx_word' id='word_1_610' title='bbox 849 2819 856 2840; x_wconf 92' lang='lat'><strong>:</strong></span> <span class='ocrx_word' id='word_1_611' title='bbox 881 2804 1076 2840; x_wconf 79' lang='lat' dir='ltr'><strong>invitatio-</strong></span> 
     </span>
     <span class='ocr_line' id='line_1_84' title="bbox 88 2862 1076 2911; baseline 0.001 -14"><span class='ocrx_word' id='word_1_612' title='bbox 88 2874 172 2898; x_wconf 90' lang='lat' dir='ltr'><strong>nem</strong></span> <span class='ocrx_word' id='word_1_613' title='bbox 196 2869 295 2898; x_wconf 89' lang='lat' dir='ltr'><strong>tuam</strong></span> <span class='ocrx_word' id='word_1_614' title='bbox 312 2871 400 2911; x_wconf 89' lang='lat' dir='ltr'><strong>puta</strong></span> <span class='ocrx_word' id='word_1_615' title='bbox 416 2862 510 2898; x_wconf 81' lang='lat' dir='ltr'><strong>lianc</strong></span> <span class='ocrx_word' id='word_1_616' title='bbox 527 2863 774 2899; x_wconf 82' lang='lat' dir='ltr'><strong>iterationem.</strong></span> <span class='ocrx_word' id='word_1_617' title='bbox 793 2866 910 2901; x_wconf 89' lang='lat' dir='ltr'><strong>Curre</strong></span> <span class='ocrx_word' id='word_1_618' title='bbox 926 2871 963 2899; x_wconf 89' lang='lat' dir='ltr'><strong>et</strong></span> <span class='ocrx_word' id='word_1_619' title='bbox 981 2871 1018 2899; x_wconf 90' lang='lat' dir='ltr'><strong>tu</strong></span> <span class='ocrx_word' id='word_1_620' title='bbox 1039 2863 1076 2898; x_wconf 92' lang='lat' dir='ltr'><strong>in</strong></span> 
     </span>
     <span class='ocr_line' id='line_1_85' title="bbox 87 2920 1078 2971; baseline 0.002 -15"><span class='ocrx_word' id='word_1_621' title='bbox 87 2920 206 2957; x_wconf 87' lang='lat' dir='ltr'><strong>odore</strong></span> <span class='ocrx_word' id='word_1_622' title='bbox 225 2929 504 2969; x_wconf 81' lang='lat' dir='ltr'><strong>unguentorum</strong></span> <span class='ocrx_word' id='word_1_623' title='bbox 532 2921 711 2969; x_wconf 80' lang='lat' dir='ltr'><strong>ist0rum3</strong></span> <span class='ocrx_word' id='word_1_624' title='bbox 740 2922 816 2958; x_wconf 90' lang='lat' dir='ltr'><strong>imo</strong></span> <span class='ocrx_word' id='word_1_625' title='bbox 847 2935 935 2958; x_wconf 88' lang='lat' dir='ltr'><strong>cura</strong></span> <span class='ocrx_word' id='word_1_626' title='bbox 962 2922 1078 2971; x_wconf 79' lang='lat' dir='ltr'><strong>magis</strong></span> 
     </span>
     <span class='ocr_line' id='line_1_86' title="bbox 89 2979 1078 3029; baseline 0.001 -13"><span class='ocrx_word' id='word_1_627' title='bbox 89 2979 218 3016; x_wconf 80' lang='lat' dir='ltr'><strong>utliaec</strong></span> <span class='ocrx_word' id='word_1_628' title='bbox 238 2980 275 3016; x_wconf 92' lang='lat' dir='ltr'><strong>in</strong></span> <span class='ocrx_word' id='word_1_629' title='bbox 291 2988 326 3016; x_wconf 92' lang='lat' dir='ltr'><strong>te</strong></span> <span class='ocrx_word' id='word_1_630' title='bbox 345 2989 535 3029; x_wconf 77' lang='lat' dir='ltr'><strong>unguenta</strong></span> <span class='ocrx_word' id='word_1_631' title='bbox 551 2981 764 3028; x_wconf 89' lang='lat' dir='ltr'><strong>redoleant,</strong></span> <span class='ocrx_word' id='word_1_632' title='bbox 786 2989 875 3018; x_wconf 89' lang='lat' dir='ltr'><strong>utet</strong></span> <span class='ocrx_word' id='word_1_633' title='bbox 896 2990 934 3017; x_wconf 93' lang='lat' dir='ltr'><strong>tu</strong></span> <span class='ocrx_word' id='word_1_634' title='bbox 948 2981 1078 3017; x_wconf 90' lang='lat' dir='ltr'><strong>audire</strong></span> 
     </span>
     <span class='ocr_line' id='line_1_87' title="bbox 89 3037 1077 3089; baseline 0.002 -15"><span class='ocrx_word' id='word_1_635' title='bbox 89 3037 224 3088; x_wconf 80' lang='lat' dir='ltr'><strong>dignus</strong></span> <span class='ocrx_word' id='word_1_636' title='bbox 248 3038 296 3075; x_wconf 81' lang='lat' dir='ltr'><strong>sis</strong></span> <span class='ocrx_word' id='word_1_637' title='bbox 309 3068 318 3085; x_wconf 95' lang='lat'><strong>,</strong></span> <span class='ocrx_word' id='word_1_638' title='bbox 336 3039 422 3089; x_wconf 85' lang='lat' dir='ltr'><strong>quia</strong></span> <span class='ocrx_word' id='word_1_639' title='bbox 441 3042 534 3076; x_wconf 73' lang='lat' dir='ltr'><strong>odor</strong></span> <span class='ocrx_word' id='word_1_640' title='bbox 560 3050 825 3089; x_wconf 78' lang='lat' dir='ltr'><strong>unguentorum</strong></span> <span class='ocrx_word' id='word_1_641' title='bbox 846 3050 990 3077; x_wconf 79' lang='lat' dir='ltr'><strong>tuorum</strong></span> <span class='ocrx_word' id='word_1_642' title='bbox 1013 3055 1077 3076; x_wconf 78' lang='lat' dir='ltr'><strong>su—</strong></span> 
     </span>
     <span class='ocr_line' id='line_1_88' title="bbox 87 3101 1079 3146; baseline 0.004 -13"><span class='ocrx_word' id='word_1_643' title='bbox 87 3111 159 3146; x_wconf 83' lang='lat' dir='ltr'><strong>per</strong></span> <span class='ocrx_word' id='word_1_644' title='bbox 175 3102 299 3134; x_wconf 81' lang='lat' dir='ltr'><strong>omnia</strong></span> <span class='ocrx_word' id='word_1_645' title='bbox 326 3109 509 3136; x_wconf 81' lang='lat' dir='ltr'><strong>aromata.</strong></span> <span class='ocrx_word' id='word_1_646' title='bbox 532 3104 607 3137; x_wconf 79' lang='lat' dir='ltr'><strong>Nec</strong></span> <span class='ocrx_word' id='word_1_647' title='bbox 629 3108 774 3137; x_wconf 87' lang='lat' dir='ltr'><strong>tantum</strong></span> <span class='ocrx_word' id='word_1_648' title='bbox 791 3102 904 3137; x_wconf 86' lang='lat' dir='ltr'><strong>semel</strong></span> <span class='ocrx_word' id='word_1_649' title='bbox 923 3101 994 3137; x_wconf 86' lang='lat' dir='ltr'><strong>hoc</strong></span> <span class='ocrx_word' id='word_1_650' title='bbox 1010 3114 1079 3137; x_wconf 87' lang='lat' dir='ltr'><strong>au-</strong></span> 
     </span>
     <span class='ocr_line' id='line_1_89' title="bbox 86 3156 1082 3203; baseline 0.003 -11"><span class='ocrx_word' id='word_1_651' title='bbox 86 3156 182 3203; x_wconf 87' lang='lat' dir='ltr'><strong>dias,</strong></span> <span class='ocrx_word' id='word_1_652' title='bbox 202 3157 265 3194; x_wconf 89' lang='lat' dir='ltr'><strong>sed</strong></span> <span class='ocrx_word' id='word_1_653' title='bbox 290 3158 423 3194; x_wconf 87' lang='lat' dir='ltr'><strong>iterato</strong></span> <span class='ocrx_word' id='word_1_654' title='bbox 444 3159 508 3196; x_wconf 82' lang='lat' dir='ltr'><strong>has</strong></span> <span class='ocrx_word' id='word_1_655' title='bbox 529 3159 595 3197; x_wconf 89' lang='lat' dir='ltr'><strong>tibi</strong></span> <span class='ocrx_word' id='word_1_656' title='bbox 619 3160 854 3197; x_wconf 86' lang='lat' dir='ltr'><strong>laudationes</strong></span> <span class='ocrx_word' id='word_1_657' title='bbox 883 3174 925 3197; x_wconf 87' lang='lat' dir='ltr'><strong>os</strong></span> <span class='ocrx_word' id='word_1_658' title='bbox 956 3160 1082 3196; x_wconf 89' lang='lat' dir='ltr'><strong>dilecti</strong></span> 
     </span>
    </p>
   </div>
   <div class='ocr_carea' id='block_1_16' title="bbox 1130 2623 2147 3208">
    <p class='ocr_par' dir='ltr' id='par_1_17' title="bbox 1130 2623 2147 3208">
     <span class='ocr_line' id='line_1_90' title="bbox 1130 2623 2137 2674; baseline 0.004 -15"><span class='ocrx_word' id='word_1_659' title='bbox 1130 2624 1313 2673; x_wconf 80' lang='lat' dir='ltr'><strong>stossem&#39;.</strong></span> <span class='ocrx_word' id='word_1_660' title='bbox 1333 2627 1576 2660; x_wconf 71' lang='lat' dir='ltr'><strong>Exsiccatum</strong></span> <span class='ocrx_word' id='word_1_661' title='bbox 1594 2623 1805 2671; x_wconf 73' lang='lat' dir='ltr'><strong>estswmm,</strong></span> <span class='ocrx_word' id='word_1_662' title='bbox 1821 2634 1856 2660; x_wconf 71' lang='lat' dir='ltr'><strong>et</strong></span> <span class='ocrx_word' id='word_1_663' title='bbox 1879 2629 2093 2674; x_wconf 67' lang='lat' dir='ltr'><strong>cer-itlitstns</strong></span> <span class='ocrx_word' id='word_1_664' title='bbox 2110 2627 2137 2665; x_wconf 80' lang='lat'><strong>⁵.</strong></span> 
     </span>
     <span class='ocr_line' id='line_1_91' title="bbox 1142 2684 2141 2733; baseline 0.001 -11"><span class='ocrx_word' id='word_1_665' title='bbox 1142 2685 1208 2722; x_wconf 79' lang='lat' dir='ltr'><strong>nis</strong></span> <span class='ocrx_word' id='word_1_666' title='bbox 1227 2684 1354 2720; x_wconf 75' lang='lat' dir='ltr'><strong>verbis</strong></span> <span class='ocrx_word' id='word_1_667' title='bbox 1374 2684 1560 2733; x_wconf 87' lang='lat' dir='ltr'><strong>propheta</strong></span> <span class='ocrx_word' id='word_1_668' title='bbox 1578 2684 1816 2720; x_wconf 74' lang='lat' dir='ltr'><strong>velocitatem</strong></span> <span class='ocrx_word' id='word_1_669' title='bbox 1833 2684 2054 2722; x_wconf 86' lang='lat' dir='ltr'><strong>defectionis</strong></span> <span class='ocrx_word' id='word_1_670' title='bbox 2073 2700 2141 2723; x_wconf 82' lang='lat' dir='ltr'><strong>cx-</strong></span> 
     </span>
     <span class='ocr_line' id='line_1_92' title="bbox 1142 2743 2140 2794; baseline 0.002 -14"><span class='ocrx_word' id='word_1_671' title='bbox 1142 2744 1299 2794; x_wconf 85' lang='lat' dir='ltr'><strong>pressit,</strong></span> <span class='ocrx_word' id='word_1_672' title='bbox 1319 2757 1393 2792; x_wconf 81' lang='lat' dir='ltr'><strong>qua</strong></span> <span class='ocrx_word' id='word_1_673' title='bbox 1416 2743 1520 2779; x_wconf 84' lang='lat' dir='ltr'><strong>facile</strong></span> <span class='ocrx_word' id='word_1_674' title='bbox 1549 2756 1637 2779; x_wconf 87' lang='lat' dir='ltr'><strong>caro</strong></span> <span class='ocrx_word' id='word_1_675' title='bbox 1665 2743 1799 2779; x_wconf 79' lang='lat' dir='ltr'><strong>florida</strong></span> <span class='ocrx_word' id='word_1_676' title='bbox 1823 2751 1857 2779; x_wconf 87' lang='lat' dir='ltr'><strong>ct</strong></span> <span class='ocrx_word' id='word_1_677' title='bbox 1885 2743 1987 2780; x_wconf 75' lang='lat' dir='ltr'><strong>vitali</strong></span> <span class='ocrx_word' id='word_1_678' title='bbox 2016 2745 2140 2794; x_wconf 88' lang='lat' dir='ltr'><strong>pube-</strong></span> 
     </span>
     <span class='ocr_line' id='line_1_93' title="bbox 1142 2802 2142 2851; baseline 0.002 -12"><span class='ocrx_word' id='word_1_679' title='bbox 1142 2816 1248 2840; x_wconf 89' lang='lat' dir='ltr'><strong>scens</strong></span> <span class='ocrx_word' id='word_1_680' title='bbox 1275 2803 1421 2847; x_wconf 85' lang='lat' dir='ltr'><strong>calorc,</strong></span> <span class='ocrx_word' id='word_1_681' title='bbox 1448 2810 1483 2837; x_wconf 89' lang='lat' dir='ltr'><strong>ct</strong></span> <span class='ocrx_word' id='word_1_682' title='bbox 1511 2814 1619 2838; x_wconf 81' lang='lat' dir='ltr'><strong>roseo</strong></span> <span class='ocrx_word' id='word_1_683' title='bbox 1646 2802 1774 2837; x_wconf 88' lang='lat' dir='ltr'><strong>colore</strong></span> <span class='ocrx_word' id='word_1_684' title='bbox 1803 2802 1982 2851; x_wconf 82' lang='lat' dir='ltr'><strong>pulchra,</strong></span> <span class='ocrx_word' id='word_1_685' title='bbox 2011 2804 2075 2840; x_wconf 88' lang='lat' dir='ltr'><strong>sed</strong></span> <span class='ocrx_word' id='word_1_686' title='bbox 2095 2804 2142 2842; x_wconf 87' lang='lat' dir='ltr'><strong>de</strong></span> 
     </span>
     <span class='ocr_line' id='line_1_94' title="bbox 1145 2861 2144 2912; baseline 0.002 -13"><span class='ocrx_word' id='word_1_687' title='bbox 1145 2871 1242 2899; x_wconf 86' lang='lat' dir='ltr'><strong>terra</strong></span> <span class='ocrx_word' id='word_1_688' title='bbox 1266 2862 1404 2898; x_wconf 85' lang='lat' dir='ltr'><strong>succisa</strong></span> <span class='ocrx_word' id='word_1_689' title='bbox 1426 2861 1656 2905; x_wconf 69' lang='lat' dir='ltr'><strong>viventium,</strong></span> <span class='ocrx_word' id='word_1_690' title='bbox 1677 2862 1886 2898; x_wconf 68' lang='lat' dir='ltr'><strong>exsiccatur</strong></span> <span class='ocrx_word' id='word_1_691' title='bbox 1905 2863 2056 2912; x_wconf 87' lang='lat' dir='ltr'><strong>quidem</strong></span> <span class='ocrx_word' id='word_1_692' title='bbox 2081 2877 2144 2901; x_wconf 91' lang='lat' dir='ltr'><strong>su-</strong></span> 
     </span>
     <span class='ocr_line' id='line_1_95' title="bbox 1145 2922 2143 2973; baseline 0.002 -15"><span class='ocrx_word' id='word_1_693' title='bbox 1145 2922 1223 2959; x_wconf 85' lang='lat' dir='ltr'><strong>bito</strong></span> <span class='ocrx_word' id='word_1_694' title='bbox 1239 2952 1248 2968; x_wconf 93' lang='lat'><strong>,</strong></span> <span class='ocrx_word' id='word_1_695' title='bbox 1283 2922 1345 2958; x_wconf 84' lang='lat' dir='ltr'><strong>sed</strong></span> <span class='ocrx_word' id='word_1_696' title='bbox 1389 2935 1464 2957; x_wconf 89' lang='lat' dir='ltr'><strong>non</strong></span> <span class='ocrx_word' id='word_1_697' title='bbox 1501 2922 1767 2970; x_wconf 81' lang='lat' dir='ltr'><strong>computrescit</strong></span> <span class='ocrx_word' id='word_1_698' title='bbox 1808 2930 1881 2958; x_wconf 84' lang='lat' dir='ltr'><strong>tam</strong></span> <span class='ocrx_word' id='word_1_699' title='bbox 1921 2923 2006 2959; x_wconf 89' lang='lat' dir='ltr'><strong>cito.</strong></span> <span class='ocrx_word' id='word_1_700' title='bbox 2047 2926 2143 2973; x_wconf 75' lang='lat' dir='ltr'><strong>Ergo</strong></span> 
     </span>
     <span class='ocr_line' id='line_1_96' title="bbox 1146 2980 2143 3020; baseline 0.001 -2"><span class='ocrx_word' id='word_1_701' title='bbox 1146 2982 1218 3018; x_wconf 87' lang='lat' dir='ltr'><strong>feni</strong></span> <span class='ocrx_word' id='word_1_702' title='bbox 1243 2981 1441 3017; x_wconf 84' lang='lat' dir='ltr'><strong>collatione</strong></span> <span class='ocrx_word' id='word_1_703' title='bbox 1470 2980 1698 3016; x_wconf 86' lang='lat' dir='ltr'><strong>celeritatem</strong></span> <span class='ocrx_word' id='word_1_704' title='bbox 1721 2980 1853 3017; x_wconf 74' lang='lat' dir='ltr'><strong>subitae</strong></span> <span class='ocrx_word' id='word_1_705' title='bbox 1878 2983 2143 3020; x_wconf 86' lang='lat' dir='ltr'><strong>commutatio-</strong></span> 
     </span>
     <span class='ocr_line' id='line_1_97' title="bbox 1146 3040 2147 3091; baseline 0.003 -15"><span class='ocrx_word' id='word_1_706' title='bbox 1146 3041 1202 3077; x_wconf 85' lang='lat' dir='ltr'><strong>nis</strong></span> <span class='ocrx_word' id='word_1_707' title='bbox 1222 3040 1411 3085; x_wconf 89' lang='lat' dir='ltr'><strong>ostendit,</strong></span> <span class='ocrx_word' id='word_1_708' title='bbox 1431 3053 1506 3076; x_wconf 89' lang='lat' dir='ltr'><strong>non</strong></span> <span class='ocrx_word' id='word_1_709' title='bbox 1529 3040 1638 3076; x_wconf 85' lang='lat' dir='ltr'><strong>lentae</strong></span> <span class='ocrx_word' id='word_1_710' title='bbox 1655 3048 1691 3076; x_wconf 92' lang='lat' dir='ltr'><strong>ct</strong></span> <span class='ocrx_word' id='word_1_711' title='bbox 1712 3041 1872 3090; x_wconf 83' lang='lat' dir='ltr'><strong>putridae</strong></span> <span class='ocrx_word' id='word_1_712' title='bbox 1890 3043 2147 3091; x_wconf 85' lang='lat' dir='ltr'><strong>corruptionis</strong></span> 
     </span>
     <span class='ocr_line' id='line_1_98' title="bbox 1147 3099 2144 3149; baseline 0.001 -13"><span class='ocrx_word' id='word_1_713' title='bbox 1147 3101 1331 3149; x_wconf 71' lang='lat' dir='ltr'><strong>expressit</strong></span> <span class='ocrx_word' id='word_1_714' title='bbox 1363 3100 1575 3136; x_wconf 86' lang='lat' dir='ltr'><strong>horrorem.</strong></span> <span class='ocrx_word' id='word_1_715' title='bbox 1610 3099 1766 3136; x_wconf 71' lang='lat' dir='ltr'><strong>videres</strong></span> <span class='ocrx_word' id='word_1_716' title='bbox 1796 3101 1833 3136; x_wconf 93' lang='lat' dir='ltr'><strong>in</strong></span> <span class='ocrx_word' id='word_1_717' title='bbox 1868 3101 1932 3137; x_wconf 90' lang='lat' dir='ltr'><strong>illo</strong></span> <span class='ocrx_word' id='word_1_718' title='bbox 1963 3101 2144 3137; x_wconf 78' lang='lat' dir='ltr'><strong>cadavere</strong></span> 
     </span>
     <span class='ocr_line' id='line_1_99' title="bbox 1149 3159 2146 3208; baseline 0.001 -13"><span class='ocrx_word' id='word_1_719' title='bbox 1149 3173 1231 3196; x_wconf 83' lang='lat' dir='ltr'><strong>ossa</strong></span> <span class='ocrx_word' id='word_1_720' title='bbox 1264 3173 1348 3208; x_wconf 72' lang='lat' dir='ltr'><strong>quse</strong></span> <span class='ocrx_word' id='word_1_721' title='bbox 1384 3167 1478 3195; x_wconf 81' lang='lat' dir='ltr'><strong>tecta</strong></span> <span class='ocrx_word' id='word_1_722' title='bbox 1514 3159 1659 3195; x_wconf 77' lang='lat' dir='ltr'><strong>fucrant</strong></span> <span class='ocrx_word' id='word_1_723' title='bbox 1681 3188 1689 3204; x_wconf 92' lang='lat'>‚</span> <span class='ocrx_word' id='word_1_724' title='bbox 1722 3159 1893 3208; x_wconf 72' lang='lat' dir='ltr'><strong>quredam</strong></span> <span class='ocrx_word' id='word_1_725' title='bbox 1933 3160 2146 3208; x_wconf 77' lang='lat' dir='ltr'><strong>denudata,</strong></span> 
     </span>
    </p>
   </div>
   <div class='ocr_carea' id='block_1_17' title="bbox 140 3283 1879 3324">
    <p class='ocr_par' dir='ltr' id='par_1_18' title="bbox 140 3283 1879 3324">
     <span class='ocr_line' id='line_1_100' title="bbox 140 3283 1879 3324; baseline 0.002 -13"><span class='ocrx_word' id='word_1_726' title='bbox 140 3283 257 3313; x_wconf 82' lang='lat' dir='ltr'><strong>&#39;1)eut.</strong></span> <span class='ocrx_word' id='word_1_727' title='bbox 276 3293 399 3322; x_wconf 78' lang='lat' dir='ltr'><strong>xxxin,</strong></span> <span class='ocrx_word' id='word_1_728' title='bbox 417 3285 468 3315; x_wconf 70' lang='lat'><strong>2&#39;..</strong></span> <span class='ocrx_word' id='word_1_729' title='bbox 485 3303 524 3307; x_wconf 97' lang='lat'><strong>—</strong></span> <span class='ocrx_word' id='word_1_730' title='bbox 552 3289 562 3304; x_wconf 87' lang='lat'>²</span> <span class='ocrx_word' id='word_1_731' title='bbox 581 3284 682 3315; x_wconf 80' lang='lat' dir='ltr'><strong>Galat.</strong></span> <span class='ocrx_word' id='word_1_732' title='bbox 701 3295 750 3321; x_wconf 82' lang='grc' dir='ltr'>ιιι,</span> <span class='ocrx_word' id='word_1_733' title='bbox 768 3287 800 3316; x_wconf 87' lang='grc'><strong>3.</strong></span> <span class='ocrx_word' id='word_1_734' title='bbox 815 3303 853 3307; x_wconf 91' lang='grc'><strong>--</strong></span> <span class='ocrx_word' id='word_1_735' title='bbox 878 3283 890 3306; x_wconf 75' lang='lat'>3</span> <span class='ocrx_word' id='word_1_736' title='bbox 910 3285 1097 3322; x_wconf 77' lang='lat' dir='ltr'><strong>l&#39;sal.x1.1v‚</strong></span> <span class='ocrx_word' id='word_1_737' title='bbox 1122 3289 1152 3316; x_wconf 90' lang='grc'><strong>8.</strong></span> <span class='ocrx_word' id='word_1_738' title='bbox 1167 3304 1204 3308; x_wconf 93' lang='grc'><strong>--</strong></span> <span class='ocrx_word' id='word_1_739' title='bbox 1229 3288 1240 3311; x_wconf 61' lang='lat'><strong>³</strong></span> <span class='ocrx_word' id='word_1_740' title='bbox 1261 3286 1578 3324; x_wconf 60' lang='lat' dir='ltr'><strong>1¹sal.‹.x111,2&#39;·.—</strong></span> <span class='ocrx_word' id='word_1_741' title='bbox 1599 3283 1827 3321; x_wconf 52' lang='lat' dir='ltr'><strong>⁵1³..i..x1‚.c·.</strong></span> <span class='ocrx_word' id='word_1_742' title='bbox 1851 3288 1879 3315; x_wconf 80' lang='grc'><strong>7.</strong></span> 
     </span>
    </p>
   </div>
  </div>
 </body>
</html>
