2504 3928
346 147 418 182 :323

1117 143 1405 177 011.1,Ι”,111·“.11’1’1
1435 140 1631 174 ABBA'sls

2310 139 2380 176 :324

346 236 472 258 umore
492 226 662 269 languco.
687 222 767 255 Non
790 218 940 267 languet
959 230 1078 263 amor,
1097 218 1161 255 sed
1183 218 1331 266 languet
1346 216 1486 252 ¹³¹'cum
1515 214 1610 250 felici
1638 213 1746 249 fuerit
1767 213 1833 248 hac
1851 213 2026 262 passione
2048 220 2165 249 taetus
2179 240 2190 258 ,
2214 213 2260 250 ad
2285 215 2382 251 illam

344 295 483 318 amans.
517 281 588 318 ubi
617 279 717 328 viget
747 291 866 320 amor,
897 276 948 313 ibi
975 277 1073 326 viget
1106 277 1276 327 languor,
1302 277 1330 313 si
1353 278 1378 310 A
1399 288 1437 309 se
1458 274 1636 323 stringat,
1654 271 1772 307 donec
1795 271 1941 321 plenius
1960 271 2157 317 inficiatur,
2175 280 2211 308 et
2228 285 2385 322 percur-

345 340 438 376 absit
461 339 562 388 quod
586 345 744 374 amatur.
774 336 865 383 Quis
890 344 944 371 est
971 335 1029 371 1111·
1056 336 1232 386 languor,
1262 336 1329 372 nisi

345 398 492 434 all'eetio
519 395 688 444 quaedam
713 393 759 430 de
783 393 936 430 absente
960 393 1119 439 dilecto,
1146 402 1330 431 amantem

344 455 572 491 conficiens?

397 515 433 550 4.
457 519 574 551 Amor
598 512 801 549 vehemens
829 512 1004 561 patientis
1028 512 1136 548 simul
1162 512 1275 548 aflicit
1299 520 1335 547 et

344 586 512 617 carnem,
530 580 566 608 et
587 581 760 608 mentem.
779 571 881 608 Illius
901 572 1103 621 exstinguit
1122 571 1307 607 lasciviam
1323 586 1332 615 ;

345 631 454 680 liujus
473 640 508 667 et
529 631 691 667 laetitiam
714 631 937 680 praestringit
960 645 966 666 :
988 630 1109 666 earnis
1131 629 1334 677 exstinguit

345 697 489 734 motus;
513 688 645 725 mentis
668 688 890 724 hilaritatem
918 688 1142 737 prsestringit
1170 686 1332 736 quodam

346 747 439 784 tristi
460 748 594 784 affectu
609 776 618 792 ,
637 755 671 782 ct
693 747 880 783 desiderio
900 746 1063 782 absentis
1082 747 1218 782 dilecti.
1242 749 1334 781 Lan-

343 815 431 855 guet
447 819 550 850 caro,
564 805 652 842 dum
671 804 751 852 ejus
769 804 980 853 languidior
993 813 1028 840 et
1051 804 1238 840 remissior
1254 816 1335 838 mo-

345 873 403 901 tus
432 866 592 901 eflicitur
617 879 623 900 :
651 864 802 913 languet
833 864 1003 907 animus,
1030 863 1118 899 dum
1147 862 1335 898 aestuantis

343 925 419 960 voti
453 924 642 960 nimietate
676 923 885 959 conficitur.
924 922 1055 959 Carnis
1090 923 1248 970 languor
1280 929 1334 957 est

1398 342 1513 378 ratur,
1535 340 1572 367 et
1599 338 1855 367 consumatur.
1886 334 1966 367 'Non
1995 330 2093 366 enim
2121 330 2265 367 desinet
2289 345 2385 381 quo-

1399 404 1515 440 usque
1533 399 1651 426 totum
1680 396 1875 438 percurrat
1893 397 1929 424 et
1949 387 2074 424 ebibat
2091 389 2252 426 hominis
2274 389 2384 439 spiri·

1401 460 1490 486 tum.
1523 450 1581 486 Sic
1611 449 1668 484 vir
1696 447 1968 484 desideriorum
1998 448 2163 496 elanguit
2183 449 2313 485 Daniel
2333 461 2381 484 ex

1400 508 1544 543 visione
1572 507 1731 550 calesti,
1758 513 1799 540 ut
1823 505 1914 540 1111111
1943 505 2077 541 virium
2109 514 2317 543 remaneret
2346 506 2382 543 iu

1403 567 1519 615 ipso’.
1539 569 1629 602 Cum
1656 564 1911 613 pertransierit
1935 563 1996 599 illa
2020 564 2223 601 vehemens
2245 565 2386 615 passio,

1401 625 1445 662 ad
1467 624 1754 661 tolerabiliorem
1773 622 1972 672 quemdam
1989 631 2025 659 et
2043 623 2247 660 humanum
2270 625 2386 674 magis

1402 685 1619 732 languorem
1642 696 1778 732 sponsa
1805 682 1918 727 redit,
1941 683 2004 731 qui
2027 683 2060 718 ei
2084 684 2284 719 continuus
2305 693 2383 729 est,

1400 744 1486 791 quia
1509 751 1580 778 tam
1603 743 1813 778 concitatus
1830 754 1903 777 non
1921 750 1987 777 est.
2008 741 2076 778 Hic
2094 742 2205 790 plane
2220 743 2287 779 etsi
2309 756 2385 780 non

1401 801 1542 844 deficit,
1565 799 1718 836 tabescit
1749 808 1871 835 tamen
1900 799 2063 835 absentis
2088 812 2216 836 amore
2247 800 2384 838 dilecti.

1400 863 1526 896 Bonus
1548 860 1606 895 hic
1629 860 1801 907 languor,
1825 872 1892 907 per
1911 871 2022 907 quem
2051 859 2208 895 carnalis
2232 859 2387 896 affectus

1400 932 1437 954 se
1463 918 1636 965 languide
1655 926 1794 953 movet.
1817 916 1929 954 Aliud
1953 925 2008 952 est
2029 917 2058 952 si
2084 917 2246 966 impetus
2267 919 2387 955 carnis

343 991 467 1019 motus
483 982 586 1030 ejus,
604 982 663 1018 vel
683 982 806 1017 nullus
820 1009 829 1025 ‚
849 982 907 1017 vel
924 981 1148 1030 perexiguus
1167 995 1174 1016 :
1196 980 1328 1016 animae
1350 981 1375 1013 B
1398 978 1544 1013 sortiter
1568 989 1742 1025 surgens,
1768 976 1921 1012 fortiore
1948 976 2236 1024 superveniente
2263 977 2386 1026 repri-

343 1042 500 1090 languor
520 1049 575 1076 est
596 1049 718 1077 motus
741 1039 822 1088 ejus
850 1041 995 1076 nimius.
1021 1044 1154 1077 Nonne
1180 1051 1225 1075 eo
1251 1040 1331 1087 ipso

343 1113 429 1136 caro
461 1100 662 1135 coniicitur
676 1128 685 1144 ,
716 1112 791 1148 quo
825 1112 929 1135 meus
961 1099 1145 1135 abstracta
1177 1098 1223 1134 ab
1253 1097 1334 1146 ejus

342 1172 488 1203 amore,
507 1159 542 1194 in
563 1159 633 1195 alia
651 1158 821 1207 quaedam
839 1158 1042 1194 avertitur?
1063 1157 1192 1195 Carnis
1212 1164 1335 1192 motus

344 1231 420 1254 non
445 1218 623 1261 sentitur,
648 1217 736 1252 dum
761 1217 906 1253 animus
932 1216 1190 1252 veliementior
1218 1215 1335 1250 sactus

343 1276 407 1311 vix
430 1276 645 1312 sustinetur.
662 1275 871 1323 Aliquoties
893 1274 1044 1323 quidem
1068 1286 1137 1310 nec
1161 1272 1335 1310 sustineri

343 1343 489 1383 potest,
507 1334 659 1382 quando
682 1334 818 1369 nimius
837 1341 1044 1369 exaestuans
1063 1345 1169 1368 amor
1187 1332 1335 1380 patien-

347 1393 391 1428 tis
408 1393 522 1428 animi
545 1393 643 1428 vires
663 1392 846 1429 exhaurit.
862 1395 953 1438 Quae
973 1400 1028 1428 est
1047 1391 1146 1427 enim
1163 1390 1336 1425 lmmanae

346 1451 481 1487 mentis
502 1450 684 1487 fortitudo
705 1459 746 1486 ut
765 1450 965 1495 sustineat,
985 1463 1066 1486 cum
1084 1461 1163 1485 eam
1182 1449 1243 1484 ille
1263 1461 1337 1483 eoe-

342 1509 442 1546 lestis
461 1522 566 1545 amor
585 1509 714 1558 sponsi
730 1509 968 1559 impatienter
987 1506 1173 1557 exagitat?
1194 1507 1333 1554 Lique—

342 1569 458 1605 factus
494 1569 531 1605 in
567 1569 635 1605 hac
669 1569 938 1605 exercitatione
969 1581 1006 1604 se
1037 1567 1129 1616 sugit
1155 1566 1302 1602 animus
1317 1593 1327 1609 ,

341 1626 477 1661 amoris
497 1626 715 1662 violentiam
738 1626 833 1661 serre
850 1638 926 1661 non
943 1626 1081 1661 valens.
1099 1624 1157 1660 Sic
1174 1623 1272 1659 enim
1292 1622 1329 1658 in

341 1692 564 1732 consumpta
589 1684 744 1719 materia
773 1691 809 1719 et
832 1682 909 1730 jam
935 1683 1154 1727 deficiente,
1182 1681 1330 1729 langui-

1398 1037 1511 1072 mitur
1542 1050 1548 1072 ε
1579 1035 1709 1079 aliud,
1738 1035 1765 1070 si
1795 1035 1976 1084 languens
2002 1042 2039 1070 et
2063 1035 2167 1082 quasi
2193 1037 2388 1085 exspirans

1400 1094 1626 1130 moribundo
1647 1094 1756 1142 pulsu
1775 1093 1938 1129 molliter
1959 1101 2088 1129 tentat.

1452 1155 1486 1190 5.
1505 1153 1632 1189 Sentio
1648 1151 1768 1188 adhuc
1783 1151 1875 1187 alios
1891 1150 2073 1199 quosdam
2090 1151 2288 1200 languores
2305 1165 2388 1188 mo-

1400 1212 1528 1256 lestos,
1545 1224 1676 1247 omnes
1692 1211 1801 1246 utiles
1820 1218 1940 1246 tamen
1961 1225 1968 1245 :
1986 1210 2203 1258 languorem
2225 1211 2386 1257 timoris,

1400 1271 1618 1318 languorem
1649 1269 1768 1314 taedii,
1798 1270 2015 1318 languorem
2050 1269 2221 1306 tristitiae.
2249 1270 2389 1318 Quidni

1401 1341 1601 1364 consumar
1626 1329 1758 1364 timore
1790 1336 1826 1364 et
1855 1341 2017 1364 moerore
2047 1340 2125 1376 prae
2161 1328 2389 1365 conscientia

1401 1386 1573 1434 nequiter
1601 1394 1795 1422 transactae
1823 1387 1926 1431 vitae3
1954 1387 2087 1422 timore
2117 1399 2187 1436 pro
2215 1387 2388 1424 facilitate

1400 1444 1525 1493 lapsus
1545 1445 1629 1480 vitae
1649 1445 1747 1480 inter
1771 1445 1924 1493 laqueos
1945 1444 2122 1493 agendae,
2145 1445 2229 1481 vitae
2258 1445 2388 1492 taedio,

1401 1503 1438 1538 in
1460 1502 1621 1551 imagine
1642 1502 1940 1552 pertranseuntis
1955 1502 2068 1538 vitae?
2087 1503 2271 1540 Universa
2289 1504 2388 1540 enim

1395 1560 1682 1608 vanitas‘omnis
1700 1561 1813 1596 homo
1839 1560 1972 1596 vivens
1985 1558 2012 1596 ³.
2029 1561 2182 1598 Utinam
2201 1560 2268 1598 tibi
2281 1590 2292 1608 ,
2312 1565 2388 1598 Do-

1397 1620 1511 1665 mine,
1524 1619 1658 1668 aliquae
1676 1619 1759 1655 liliae
1775 1619 1983 1656 Jerusalem
2002 1620 2177 1656 nuntient
2189 1620 2388 1670 languores

1397 1691 1517 1722 meos,
1533 1678 1562 1714 si
1583 1678 1646 1726 qui
1673 1686 1760 1714 sunt
1786 1678 1823 1713 in
1848 1691 1925 1723 me,
1945 1678 2010 1726 qui
2037 1679 2292 1715 commendari
2321 1679 2388 1716 tibi

340 1741 446 1777 diora
467 1741 678 1777 redduntur
695 1742 790 1790 iguis
808 1741 995 1777 incendia.
1020 1745 1065 1778 Et
1079 1745 1180 1777 Deus
1205 1749 1332 1776 noster
1354 1745 1380 1780 C
1398 1737 1499 1785 digni
1516 1738 1600 1773 sint.
1616 1740 1707 1773 Nam
1727 1737 1834 1772 multi
1852 1736 1990 1773 suntin
2008 1749 2067 1773 me
2087 1736 2298 1787 indigentes
2317 1751 2386 1774 cu-

342 1800 438 1848 ignis
460 1813 686 1836 consumens
707 1809 761 1836 est
781 1807 802 1835 ¹.
832 1800 951 1835 Sentit
973 1801 1127 1835 omnino
1152 1799 1227 1834 vim
1258 1811 1331 1834 ser—

341 1859 465 1894 monis
483 1859 596 1906 liujus
613 1860 676 1907 qui
695 1859 966 1895 vehementiori
993 1859 1143 1907 languet
1166 1858 1302 1893 affeetu
1319 1885 1328 1902 ,

339 1916 377 1952 in
400 1917 642 1953 meditatione
662 1918 731 1953 Dei
755 1918 810 1953 sui
836 1917 1042 1954 delectatus
1058 1946 1067 1962 ,
1091 1927 1128 1953 et
1150 1918 1331 1953 exercita-

343 1982 400 2010 tus
414 2002 423 2019 ,
439 1983 474 2010 et
490 1975 681 2012 deficiens.
702 1978 733 2012 O
750 1983 883 2024 potens
908 1984 944 2011 et
969 1985 1184 2025 praepotens
1208 1977 1331 2025 passio

341 2032 552 2068 charitatis!
582 2033 612 2069 si
639 2046 715 2069 non
750 2041 998 2081 temperatur,
1027 2047 1103 2070 non
1134 2035 1326 2070 toleratur.

340 2094 430 2127 Jure
461 2100 616 2140 potens,
645 2105 729 2140 quae
759 2093 923 2128 animum
951 2106 1062 2139 quem
1096 2092 1330 2141 possederit,

342 2149 398 2185 sui
433 2149 548 2198 ipsius
576 2150 689 2185 efficit
722 2150 915 2197 impotem.
949 2152 1041 2185 Cum
1073 2151 1186 2186 semel
1221 2150 1332 2185 suerit

342 2219 497 2243 accensa
523 2208 559 2243 in
587 2216 732 2252 mente,
758 2207 905 2255 attingit
931 2221 951 2242 a
977 2208 1049 2243 line
1074 2220 1192 2256 usque
1221 2208 1266 2243 ad
1293 2209 1331 2243 fi-

343 2278 427 2301 nem
447 2266 593 2301 fortiter
613 2279 619 2300 :
642 2266 726 2300 facit
745 2265 790 2300 ad
812 2265 915 2312 quod
933 2265 1056 2308 venit,
1078 2273 1113 2300 et
1131 2278 1331 2313 prospera-

344 2332 423 2367 tur,
451 2332 487 2359 et
511 2323 663 2367 crescit,
694 2336 762 2358 nec
794 2322 917 2358 delicit
946 2323 1066 2358 donec
1097 2322 1329 2359 deiicientem

344 2381 549 2418 reddiderit
572 2382 748 2418 animam.
779 2381 881 2417 Sicut
910 2381 1008 2416 enim
1039 2381 1097 2416 hic
1125 2382 1331 2430 corporalis

344 2441 501 2489 languor
525 2454 600 2476 non
627 2448 682 2476 est
709 2453 856 2489 semper
880 2439 1030 2487 aequalis
1060 2439 1327 2483 veliementiae,

1400 1797 1485 1832 rari.
1507 1799 1537 1833 O
1558 1809 1615 1831 me
1638 1796 1780 1831 felicem
1796 1823 1804 1839 ,
1825 1795 1855 1831 si
1876 1796 2008 1844 aliquis
2025 1796 2202 1832 Centurio
2226 1797 2387 1833 coelestis

1399 1854 1496 1890 dicat
1516 1854 1582 1890 tibi
1603 1869 1611 1890 ε
1632 1856 1801 1899 Domine,
1816 1868 1913 1902 puer
1927 1868 2027 1889 meus
2037 1855 2142 1899 jacet
2154 1858 2388 1902 parao'ticus

1398 1918 1435 1948 in
1461 1915 1586 1957 domo,
1603 1922 1636 1948 et
1656 1916 1754 1948 male
1779 1915 1991 1960 torquetur!
2009 1913 2182 1959 Utinam,
2204 1914 2386 1958 Domine,

1397 1972 1519 2008 statim
1557 1971 1783 2021 respondeas
1813 1986 1821 2007 :
1852 1975 1931 2020 Ego
1962 1975 2137 2015 veniam,
2177 1981 2217 2008 et
2250 1972 2385 2008 curabo

1398 2033 1506 2066 eccm!
1524 2031 1612 2074 Dic,
1640 2031 1820 2075 Domine,
1840 2029 1980 2075 verbo,
1999 2038 2037 2066 et
2063 2029 2237 2067 sanabor.
2262 2030 2387 2068 Verbo

1397 2089 1496 2123 enirn
1523 2088 1628 2132 ades,
1651 2089 1739 2135 quia
1755 2087 1920 2124 Verbum
1947 2102 1997 2125 es.
2024 2092 2157 2138 Magna
2185 2089 2389 2127 curationis

1397 2145 1516 2181 virtus
1541 2145 1577 2180 in
1604 2144 1753 2190 Verbo,
1780 2153 1816 2181 et
1847 2146 1950 2194 quod
1981 2155 2020 2182 tu
2051 2159 2111 2192 es,
2143 2147 2325 2193 Domine,
2351 2156 2389 2185 et

1397 2202 1498 2250 quod
1518 2215 1538 2238 a
1559 2211 1593 2238 te
1612 2215 1680 2251 per
1699 2211 1783 2238 tuos
1804 2211 1870 2239 est.
1893 2204 2014 2240 Sensit
2034 2204 2106 2240 hoc
2123 2205 2302 2241 Centurio
2323 2207 2387 2254 qui

1397 2262 1490 2297 dixit
1514 2275 1521 2296 :
1545 2264 1720 2305 Domine,
1742 2265 1800 2297 dic
1819 2271 1962 2298 tantum
1982 2263 2093 2299 verbo
2106 2291 2116 2307 ,
2137 2273 2172 2299 et
2190 2264 2389 2300 sanabitur

1389 2334 1487 2367 μων
1504 2320 1644 2356 meus‘h
1665 2321 1735 2357 Sed
1753 2334 1892 2357 vacuus
1907 2330 1962 2357 est
1981 2330 2103 2358 tamen
2123 2323 2248 2358 omnis
2264 2335 2388 2359 sermo

1396 2377 1585 2423 docentis,
1612 2379 1640 2414 si
1671 2387 1730 2424 tu,
1759 2380 1940 2425 Domine,
1971 2380 2072 2416 intus
2100 2393 2177 2417 non
2205 2381 2383 2429 loquaris.

1395 2438 1463 2473 Dic
1479 2437 1596 2473 verbo
1611 2466 1620 2483 ,
1641 2446 1677 2474 et
1698 2437 1890 2474 sanabitur
1908 2439 2066 2486 languor
2084 2451 2189 2475 meus
2207 2453 2217 2484 ;
2236 2439 2331 2476 forte
2351 2447 2388 2476 et

344 2499 407 2535 sed
433 2509 489 2537 est
513 2500 709 2548 aliquoties
734 2498 814 2547 ejus
841 2499 1022 2535 intensior
1042 2499 1189 2547 passio;
1217 2500 1267 2534 sie
1295 2508 1331 2536 et
1349 2505 1380 2538 D
1397 2496 1637 2544 generabitur
1663 2497 1700 2532 in
1731 2509 1789 2532 me
1814 2497 1974 2545 languor
1999 2505 2034 2533 te
2063 2497 2261 2546 loquente,
2287 2506 2328 2534 ut
2349 2506 2388 2534 et

345 2559 482 2594 amoris
507 2559 677 2603 affectio,
698 2558 765 2594 etsi
787 2557 868 2605 jugi
892 2557 1078 2594 desiderio
1101 2570 1139 2593 se
1161 2557 1279 2593 tendit
1295 2559 1332 2594 in

345 2617 520 2653 dilectum
535 2646 544 2661 ,
563 2617 763 2666 aliquando
782 2616 933 2665 quidem
952 2614 1218 2652 intentioribus
1238 2617 1334 2653 votis

345 2684 544 2720 exaestuat‚
564 2676 654 2712 bora
675 2675 857 2711 orationis
874 2675 1046 2711 maxime.
1065 2678 1167 2710 Tunc
1181 2675 1333 2722 quidem

344 2735 495 2781 languet
526 2748 653 2770 amans
673 2762 682 2779 ,
715 2736 801 2782 quia
830 2734 982 2781 spiritus
1013 2733 1214 2769 vehemens
1247 2746 1332 2781 per-

347 2793 477 2828 transit
500 2793 534 2828 in
562 2793 645 2837 illo,
671 2801 707 2828 et
731 2805 805 2827 non
833 2791 1010 2827 subsistit.
1034 2795 1075 2827 In
1103 2791 1203 2826 exitu
1230 2791 1332 2826 liorae

344 2851 442 2886 illius
462 2851 585 2887 dicere
607 2859 729 2900 potest
752 2865 758 2886 :
783 2853 893 2886 l-*slioe
916 2853 1119 2886 Jerusalem
1133 2878 1142 2893 ,
1165 2855 1332 2885 nmiliale

344 2912 476 2944 dacem
498 2914 586 2956 quia
607 2923 731 2945 aznot-e
751 2909 930 2957 liquesco.
962 2914 1060 2946 Ante
1084 2909 1177 2944 lianc
1199 2909 1328 2944 horam

344 2968 500 3015 languor
516 2976 592 3011 est,
610 2968 673 3004 sed
695 2968 731 3003 in
749 2968 851 3003 exitu
873 2967 954 3016 ejus
971 2968 1006 3003 in
1029 2968 1327 3016 liquelactionem

343 3026 501 3061 vertitur
526 3026 692 3073 languor.
718 3026 807 3062 Ideo
834 3040 917 3061 cum
946 3035 983 3062 tu
1005 3040 1107 3072 oras,
1130 3040 1204 3062 non
1231 3027 1329 3062 siuas

341 3083 504 3118 animum
542 3083 738 3126 fluctuare,
774 3096 848 3117 nou
878 3083 1064 3119 declinare
1099 3084 1143 3120 ad
1172 3084 1267 3129 alia3
1289 3093 1329 3120 ut

392 3210 648 3244 “1)1·111.1ν,’λ’1.
666 3224 706 3229 ——
728 3212 738 3227 ²
756 3209 833 3236 Dan.
853 3218 869 3235 x
886 3230 893 3243 ‚
922 3211 1003 3237 1-11.
1087 3209 1183 3237 ’1“κ.’11,
1202 3220 1328 3237 xxxviii

1398 2570 1466 2605 ego
1487 2556 1608 2593 dicere
1627 2557 1783 2593 audeam
1806 2572 1813 2592 :
1832 2561 1945 2593 Filiae
1971 2560 2197 2602 Jerusalem,
2220 2564 2388 2595 nuntiate

1398 2617 1529 2650 dilecto
1546 2620 1634 2662 quia
1655 2629 1780 2651 umore
1799 2620 1969 2664 langueo.
1988 2620 2114 2653 Bonus
2134 2625 2293 2666 uterque
2310 2618 2386 2654 lan-

1399 2686 1513 2721 guor,
1544 2674 1622 2710 sive
1653 2675 1854 2711 vehemens
1888 2683 1925 2711 et
1954 2676 2184 2721 concitatus,
2218 2677 2296 2713 sive
2325 2677 2385 2713 hic

1398 2732 1597 2768 continuus
1618 2741 1654 2768 et
1675 2741 1903 2782 temperatus
1925 2749 1932 2769 ι
1955 2734 2024 2770 nisi
2048 2734 2150 2783 quod
2178 2734 2214 2770 in
2242 2748 2287 2771 eo
2315 2735 2384 2771 iste

1398 2791 1596 2827 continuus
1620 2804 1696 2827 non
1723 2800 1798 2837 est,
1819 2792 1921 2841 quod
1944 2793 2159 2841 frequenter
2184 2793 2385 2829 revertitur

1397 2849 1441 2884 ad
1464 2849 1606 2897 ipsum,
1628 2859 1785 2898 propter
1806 2851 2115 2888 incontinentiam
2136 2851 2301 2888 ardentis
2317 2851 2383 2887 de-

1396 2907 1520 2943 siderii
1543 2921 1786 2954 excrescens,
1807 2918 1843 2945 et
1868 2923 1944 2945 non
1968 2923 2006 2945 se
2030 2922 2283 2959 compescens.
2298 2913 2380 2946 Non

1395 2967 1625 3003 convertitur
1643 2967 1762 3003 donec
1783 2968 1930 3004 deficiat
1952 2969 2100 3005 iterum.
2123 2968 2159 3006 Si
2181 2967 2227 3004 ad
2250 2968 2380 3005 horam

1395 3027 1515 3074 diligis
1530 3055 1538 3070 ,
1559 3035 1595 3062 et
1618 3035 1701 3075 post
1721 3027 1851 3063 boram
1873 3026 2039 3071 desistis,
2063 3039 2139 3063 non
2163 3034 2218 3063 est
2242 3039 2348 3063 amor
2369 3040 2376 3062 :

1393 3086 1420 3120 si
1446 3085 1586 3133 diligis,
1609 3094 1645 3121 et
1667 3099 1711 3121 ex
1733 3098 1860 3122 amore
1883 3084 2046 3121 absentis
2072 3084 2197 3121 dilecti
2221 3097 2297 3121 non
2323 3092 2380 3120 ta-

1347 3212 1399 3242 ‚2
1424 3210 1865 3245 ⁴3.--3311111l1.x·111‚s›-8.
