2418 3949
94 181 168 220 209

92 260 264 305 oculum,
281 267 318 296 et
338 259 478 297 crinem
501 272 620 297 unum
637 259 675 295 in
700 258 954 297 meditatione.
974 259 1081 297 Alio·
1100 257 1133 276 ⁹⁰

789 185 839 219 IN
869 184 1092 228 CANTICA,
1121 182 1283 219 SERMO
1311 184 1436 219 XXX.

2066 180 2141 218 210

1150 258 1302 294 luminis
1333 259 1446 295 crinis
1477 266 1770 295 commemorata
1801 265 1856 294 est
1877 257 2010 294 unitas.
2037 261 2145 306 Quo-

91 318 183 368 quin
209 318 237 355 si
264 318 461 355 uniformis
480 326 518 355 et
542 318 701 368 simplex
722 318 881 355 intentio
902 318 942 354 in
960 322 1080 355 Deum
1101 318 1130 351 A
1148 317 1264 354 modo
1295 330 1373 354 non
1410 318 1615 354 maximum
1647 318 1717 354 erit
1749 316 1831 366 ejus
1858 317 2057 367 gaudium,
2081 316 2144 353 ubi

91 376 159 413 tibi
183 390 260 414 non
288 377 416 424 fuerit,
443 377 473 414 si
499 377 744 427 cogitationes
772 385 844 414 tuae
868 377 947 414 sine.
973 376 1084 414 disci-

89 436 193 485 plina
215 436 380 482 fluitent;
402 437 589 473 intentum
611 436 820 473 retundunt
847 436 1017 482 oculum,
1046 443 1084 471 et

88 495 295 545 simplicem
314 496 532 532 intentionis
549 495 792 532 diverberant
807 495 922 532 aciem
933 523 943 541 ‚
963 503 1000 531 et
1015 507 1081 531 cor

88 552 270 603 dissipant
301 554 508 604 peregrinae
550 562 588 591 et
619 553 904 603 indisciplinatae
943 553 1080 590 mentis

86 613 350 650 volutationes.
368 613 572 650 Intentioni
592 627 696 663 purae
716 613 900 662 cogitatus
920 625 1079 663 respon-

86 670 188 718 deat,
206 685 303 709 unus
323 672 387 718 sit,
403 672 497 708 sicut
515 680 552 707 et
569 672 634 708 illa
650 672 847 709 uniformis
867 680 932 709 est.
951 675 1079 709 Bonus

85 731 185 767 enim
217 731 331 768 crinis
359 731 424 780 qui
455 731 557 768 susus
585 744 663 768 non
694 740 767 778 est,
790 745 866 769 non
887 732 1076 777 incultus,

84 789 150 827 sed
173 789 352 828 collectus
369 791 407 826 in
425 803 562 837 unum,
583 799 622 827 et
636 791 735 827 collo
754 791 959 839 inhaerens,
979 792 1078 829 collo

83 849 213 898 utique
244 849 300 886 illi
327 848 375 886 de
404 862 480 899 quo
507 849 676 886 dicitur:
704 849 843 886 Collum
870 860 971 888 tuum
990 855 1083 887 sicut

83 909 209 953 turris,
232 909 279 944 de
296 922 372 957 qua
390 911 493 944 mille
507 911 626 957 clypei
645 911 854 958 dependent
870 916 894 946 ¹.

135 967 171 1004 4.
195 967 341 1005 Collum
368 967 440 1004 hoc
460 980 602 1005 sacram
630 968 861 1018 Scripturam
885 969 1074 1018 intellige,

1147 377 1352 412 maximum
1369 386 1616 414 conseinatui
1632 377 1874 414 mandatum?
1891 378 2118 412 Mandatum
2131 403 2141 419 ‚

1145 434 1287 484 inquit,
1324 449 1454 472 novum
1486 438 1530 471 do
1562 437 1686 480 vobis,
1723 445 1762 472 ut
1793 439 1956 485 diligatis
1990 439 2142 471 invicem

1143 499 1242 531 sicut
1257 497 1376 531 dilexi
1393 510 1470 533 vos.
1490 497 1601 534 Oculi
1616 497 1810 543 Ecclesiae,
1828 496 2003 533 doctores
2029 503 2139 540 sunt,

1144 566 1239 602 quos
1267 554 1332 603 qui
1352 555 1488 604 tangit,
1512 555 1629 603 tangit
1647 556 1832 605 pupillam
1855 556 1955 592 oculi
1974 554 2141 592 Domini.

1143 612 1273 650 Crines
1290 626 1395 658 vero,
1417 613 1549 663 plebes
1569 613 1814 650 credentium.
1836 617 1879 651 In
1899 614 2070 664 utrisque
2086 621 2144 650 est

1143 684 1285 722 sponso
1301 681 1406 722 grata
1422 672 1557 708 unitas.
1576 675 1621 707 In
1649 673 1736 718 hoc,
1762 673 1903 722 inquit,
1926 681 2144 723 cognoscent

1143 745 1269 768 omnes
1299 736 1389 780 quia
1419 736 1492 768 mei
1524 736 1609 767 estis
1640 733 1832 780 discipuli,
1857 737 1889 767 si
1907 734 2140 768 dilectionem

1144 790 1346 826 habueritis
1366 793 1420 826 ad
1435 794 1589 827 invicem
1605 795 1631 826 ².
1650 793 1863 828 Consensus
1891 790 2053 827 duorum
2081 790 2142 825 vel

1146 849 1258 885 trium
1276 862 1408 899 preces
1430 848 1686 899 impetrabiles
1704 849 1790 886 facit
1804 849 1835 896 33
1856 857 1999 899 quanto
2026 848 2142 897 magis

1145 908 1258 945 totius
1276 908 1451 945 Ecclesiae
1471 909 1509 944 in
1527 908 1674 946 Christo
1691 910 1924 946 cousensus?
1939 906 2140 955 Quomodo

1142 981 1220 1004 non
1252 969 1432 1018 impetrat
1460 968 1603 1015 unitas,
1627 981 1710 1017 quae
1738 968 1861 1018 ipsum
1892 980 1959 1004 cor
1988 965 2143 1003 Domini

82 1039 151 1076 per
167 1039 280 1076 quam
296 1026 344 1064 ad
360 1040 429 1064 nos
443 1026 578 1065 divinae
595 1028 728 1065 nuntia
742 1028 948 1066 voluntatis
962 1028 1078 1066 verba
1095 1028 1122 1062 B
1139 1029 1340 1077 penetrat?
1367 1029 1404 1061 V
1400 1030 1580 1064 ulae-rasti
1587 1057 1598 1073 ‚
1628 1027 1768 1077 inquit,
1791 1040 1853 1062 cor
1871 1039 2012 1069 meum,
2039 1037 2143 1060 soror

83 1086 292 1136 profluunt.
313 1090 414 1124 Bene
429 1100 518 1136 ergo
535 1087 648 1124 crinis
664 1088 770 1135 colli,
789 1088 972 1138 cogitatus
986 1089 1077 1126 assi—

85 1146 181 1184 duus
203 1146 240 1183 in
262 1147 343 1196 lege
362 1147 444 1184 Dei.
464 1147 555 1184 Ideo
578 1150 663 1183 colli
681 1147 832 1194 dicitur,
850 1149 939 1198 quia
955 1149 1078 1186 omnis

84 1207 267 1256 cogitatus
295 1214 400 1251 tuus,
432 1207 559 1243 omnia
580 1220 687 1245 sensa
709 1215 772 1244 tua
801 1216 838 1244 et
865 1208 1079 1247 intellectus

85 1273 170 1302 tuus
195 1279 299 1303 sacro
331 1279 409 1303 non
439 1265 578 1304 debent
610 1266 857 1317 praejudicare
888 1269 1075 1314 sermoni,

82 1324 147 1362 sed
169 1338 215 1361 ex
236 1324 318 1374 ejus
341 1326 562 1376 praescripto
583 1326 766 1377 pendere,
795 1336 831 1364 et
858 1328 1012 1378 prodire
1031 1328 1077 1365 ab

80 1384 176 1434 ipso.
204 1384 315 1432 Quod
335 1384 364 1421 si
384 1384 493 1422 divisi
513 1394 551 1422 et
574 1386 680 1435 quasi
700 1386 814 1423 laceri
842 1395 929 1424 sunt
955 1388 1078 1425 crines

81 1443 158 1490 tui,
174 1452 211 1480 et
229 1443 321 1480 nihi]
341 1444 380 1481 in
396 1457 435 1481 se
454 1446 739 1495 compositionis
754 1445 955 1493 liabentes;
977 1448 1075 1485 collo

78 1502 166 1540 licet
181 1503 406 1549 inhaereant,
427 1516 504 1540 non
521 1512 645 1541 tamen
663 1505 815 1554 placent
833 1518 986 1555 sponso,
1007 1519 1076 1543 nec

80 1560 161 1610 ejus
187 1575 253 1599 cor
270 1563 492 1610 vulnerant3
514 1576 590 1599 non
615 1572 769 1600 movent
789 1564 984 1610 affectum,
1005 1578 1075 1602 nec

79 1620 235 1668 gratiam
255 1628 459 1657 merentur.
490 1625 704 1671 Utrumque
724 1622 858 1671 exigit,
882 1631 923 1660 ut
942 1631 980 1660 et
1011 1636 1076 1660 co-

79 1679 174 1716 uniti
190 1680 283 1725 sint,
299 1688 336 1716 et
354 1680 452 1717 collo
469 1680 696 1726 inhaereant,
715 1690 752 1718 et
768 1681 965 1720 obtineant
980 1684 1017 1719 in
1035 1696 1074 1720 se

79 1747 154 1775 tam
185 1738 374 1786 ordinem,
407 1753 519 1789 quam
547 1741 820 1778 auctoritatem.
842 1742 940 1790 Quid
969 1743 1070 1780 enim

1142 1101 1227 1124 mea
1246 1101 1383 1136 sponsa
1393 1117 1404 1133 ,
1426 1091 1635 1124 vulnerasti
1652 1101 1716 1123 cor
1731 1100 1852 1122 meum
1873 1091 1911 1122 in
1929 1099 1999 1121 imo
2019 1087 2142 1120 oculo-

1143 1162 1221 1184 rum
1240 1159 1403 1194 tuorum,
1423 1158 1458 1185 et
1476 1153 1514 1185 in
1531 1163 1603 1184 uno
1625 1154 1728 1184 crine
1744 1151 1830 1184 colli
1841 1153 1905 1184 tui.
1922 1146 2020 1196 Quid
2038 1145 2139 1182 enim

1145 1207 1183 1243 in
1213 1216 1294 1244 toto
1324 1207 1500 1244 muliebri
1531 1217 1667 1244 ornatu
1699 1208 1786 1258 plus
1814 1207 1929 1244 allicit
1959 1214 1996 1243 et
2027 1204 2142 1241 afficit

1144 1267 1303 1304 amantis
1323 1267 1519 1312 affectum,
1545 1280 1657 1316 quam
1682 1267 1803 1303 crines
1823 1265 2050 1316 compositi?
2068 1262 2141 1300 Sed

1143 1325 1234 1374 quid
1251 1338 1434 1362 conamur
1449 1325 1624 1363 laudibus
1641 1326 1833 1363 cumulare
1852 1326 1974 1362 crines
1991 1335 2139 1373 sponsae

1142 1384 1342 1422 ambitioso
1363 1394 1537 1435 comptos
1560 1394 1598 1422 et
1628 1387 1805 1423 collectos
1835 1386 1998 1422 ornatu?
2022 1382 2140 1432 Magis

1142 1443 1271 1481 subest
1290 1444 1495 1494 plangendi
1515 1445 1624 1495 copia
1644 1459 1755 1495 quam
1781 1444 2049 1495 applaudendi.

1195 1504 1230 1540 6.
1261 1504 1328 1540 His
1356 1503 1490 1541 diebus
1523 1505 1711 1542 cernimus
1741 1504 1909 1541 divulsos
1939 1504 2074 1540 misere
2103 1510 2140 1538 et

1141 1562 1283 1599 laceros
1302 1575 1451 1612 sponsae
1475 1563 1620 1610 crines,
1641 1572 1678 1600 et
1697 1564 1796 1601 inter
1815 1577 1853 1601 se
1873 1576 2042 1614 pugnare
2063 1566 2137 1599 Ec-

1141 1621 1260 1658 clesiae
1292 1622 1422 1671 plebes
1453 1636 1524 1672 pro
1553 1624 1729 1660 Ecclesia.
1759 1624 1890 1661 Cernis
1919 1624 1992 1660 hoc
2011 1631 2049 1659 et
2069 1630 2108 1658 tu
2127 1649 2137 1666 ,

1139 1686 1227 1719 Jesu
1246 1680 1369 1727 bone,
1391 1690 1428 1718 et
1444 1682 1538 1718 nihil
1559 1690 1593 1719 te
1613 1691 1740 1719 movet
1763 1683 1833 1719 ista
1853 1683 2043 1719 divulsio?
2059 1693 2137 1717 non

1137 1748 1173 1776 te
1201 1753 1349 1790 sponsae
1375 1749 1448 1777 tuae
1469 1741 1606 1778 vulnus
1634 1749 1709 1778 tam
1734 1755 1847 1791 grave
1870 1742 2076 1778 vulnerat?
2098 1739 2134 1777 Si

78 1798 250 1847 proficis,
269 1799 299 1835 si
318 1798 579 1836 meditationes
601 1807 673 1836 tuae
701 1800 739 1836 in
771 1801 852 1850 lege
881 1802 951 1838 Dei
971 1801 1067 1848 sint,
1090 1801 1117 1837 C
1137 1798 1260 1835 unitas
1289 1799 1335 1835 ad
1371 1800 1661 1849 gratulationem
1694 1813 1761 1837 cor
1794 1809 1900 1837 tuum
1934 1801 2133 1843 vulnerat,

78 1864 115 1892 et
130 1856 220 1906 ipsae
240 1856 278 1893 in
297 1869 335 1893 se
350 1857 440 1906 ipsis
459 1857 538 1894 sine
552 1858 633 1907 lege
649 1858 748 1895 sint?
768 1859 854 1897 Sine
870 1860 951 1909 lege
967 1868 1068 1906 sunt,

79 1928 163 1964 quae
189 1916 269 1953 sine
293 1915 427 1953 ordine
455 1925 562 1963 sunt,
583 1926 621 1954 et
647 1919 783 1967 passim
812 1918 995 1956 feruntur.
1029 1923 1071 1956 In

78 1987 167 2019 uno,
188 1975 331 2024 inquit,
355 1980 457 2011 crine
481 1979 569 2012 colli
593 1980 658 2013 tui.
680 1980 723 2014 In
743 1977 855 2022 collo,
875 1978 970 2015 sacri
987 1991 1069 2015 ser-

78 2033 199 2070 monis
229 2034 432 2071 auctoritas
457 2034 690 2084 intelligitur,
713 2049 796 2085 quae
826 2037 1071 2086 cogitationes

77 2091 256 2128 insermet
272 2107 280 2128 :
298 2092 394 2129 ordo
422 2101 546 2130 autem
576 2094 613 2130 in
642 2094 796 2131 unitate.
817 2098 945 2132 Bonus
970 2096 1071 2132 enim

77 2150 187 2197 ordo,
215 2149 279 2188 ubi
300 2151 529 2201 colliguntur
547 2152 586 2188 in
613 2152 651 2190 id
673 2154 796 2203 ipsum
811 2182 821 2199 ‚
843 2163 881 2190 et
900 2155 1074 2192 feruntur

76 2210 115 2246 in
135 2223 273 2257 uuum,
295 2219 331 2248 et
355 2211 392 2247 in
415 2225 530 2248 unum
557 2211 650 2248 illud
670 2212 773 2262 quod
793 2226 870 2250 non
889 2214 1070 2251 aufertur.

75 2269 141 2306 Vel
158 2269 243 2306 ideo
260 2269 368 2316 dicit,
392 2274 437 2307 In
458 2285 530 2307 uno
546 2276 647 2307 crine
662 2275 748 2307 colli
762 2275 832 2316 tui,
856 2281 898 2309 ut
914 2273 1071 2310 liberam

75 2336 112 2364 et
145 2328 346 2365 revelatam
377 2328 558 2378 significet
585 2343 733 2379 sponsae
766 2331 910 2368 faciem.
941 2333 1071 2370 Crines

75 2387 174 2424 enim
216 2401 287 2438 pro
325 2388 510 2426 velamine
544 2389 743 2427 habentur.
780 2391 869 2428 Vult
906 2404 996 2441 ergo
1031 2392 1068 2428 in

75 2459 212 2496 sponsa
236 2455 402 2485 exertam
427 2457 465 2485 et
492 2449 692 2486 revelatam
715 2450 846 2486 faciem
866 2450 913 2487 ad
932 2463 1070 2500 specu—

74 2506 222 2544 landam
255 2508 410 2557 gloriam
437 2508 525 2554 Dei,
547 2508 594 2545 ad
614 2508 884 2546 intendendum
906 2511 986 2547 sine
1007 2511 1068 2547 os-

74 2565 242 2604 tensione
272 2568 423 2604 oculum
454 2568 784 2618 contemplationis
808 2585 816 2606 2

74 2624 226 2662 mendat
240 2625 362 2663 crines
387 2626 634 2676 compositos,
655 2635 691 2663 et
711 2626 887 2664 reductos
913 2641 933 2665 a
960 2629 1064 2665 vultu

77 2683 122 2720 ad
141 2684 290 2722 collum.

132 2744 162 2779 3.
192 2744 290 2792 Quid
317 2744 388 2782 hoc
407 2745 444 2781 in
467 2758 540 2782 una
560 2746 797 2795 singulariter
822 2747 1065 2797 intelligimus

72 2802 223 2839 anima?
250 2805 472 2842 Derivemns
501 2805 602 2842 hunc
631 2820 779 2844 sensum
812 2808 857 2844 ad
890 2809 1064 2846 Ecclesiae

71 2869 219 2898 statum.
248 2864 400 2900 Gratius
430 2872 485 2901 est
512 2866 611 2902 enim
639 2866 742 2916 quod
769 2880 970 2905 commune
990 2877 1058 2905 est.

71 2921 241 2970 Denique
258 2922 347 2959 nihil
365 2936 503 2973 sponso
523 2925 662 2974 gratius
679 2928 968 2974 communitate,
986 2929 1062 2965 imo

71 2980 213 3017 unitate
229 2981 478 3029 credentium,
495 2991 531 3020 et
546 2998 725 3035 compage
742 2987 927 3023 Ecclesiae.
945 2988 1063 3024 Multa

69 3039 167 3076 bona
188 3040 225 3077 in
245 3053 392 3090 sponsae
417 3043 622 3080 cumulavit
650 3046 900 3093 praeconium,
923 3046 1062 3095 quibus

69 3113 107 3136 se
128 3099 350 3137 delectatum
374 3102 538 3139 ostendit
562 3117 568 3138 :
595 3103 660 3140 sed
691 3117 882 3154 nunquam
914 3106 965 3141 sie.
995 3120 1062 3142 ex-

69 3159 202 3208 pressit
219 3161 489 3209 congaudentis
508 3163 684 3200 allectum
714 3164 808 3200 sicut
839 3164 918 3208 hic,
940 3164 1004 3201 ubi
1025 3175 1062 3202 et

118 3293 123 3305 ¹
144 3287 258 3317 (tanne.
278 3299 320 3323 tv,
341 3289 396 3319 'cf-

434 3296 442 3304 ’
458 3292 548 3320 Joun.
566 3301 641 3328 Mil,
662 3293 702 3321 .ἰῖ
719 3315 725 3326 ,
749 3295 844 3322 Lis-,u
869 3290 880 3311 ³
898 3292 1007 3323 Manli.
1028 3305 1123 3326 xxm.

1138 1857 1333 1894 dissidium
1355 1858 1402 1895 ad
1419 1860 1720 1908 compassionem
1736 1860 1935 1897 vulnerare
1957 1868 1992 1896 te
2010 1857 2134 1895 (lebet.

1136 1920 1265 1954 Movet
1297 1926 1332 1954 te
1363 1918 1516 1955 unitatis
1547 1927 1584 1954 et
1614 1919 1882 1955 uniformitatis
1902 1918 2099 1968 dispositio
2125 1932 2133 1953 ε

1136 1984 1285 2012 moveat
1303 1985 1337 2012 te
1353 1989 1486 2012 eorum
1506 1990 1590 2026 quae
1612 1978 1716 2014 unita
1736 1978 1905 2023 fuerunt,
1926 1976 2134 2026 dissipatio.

1137 2035 1255 2071 Divisi
1285 2043 1373 2072 sunt
1403 2037 1525 2073 crines
1549 2037 1603 2073 tui
1628 2045 1665 2073 et
1688 2037 1866 2087 disparati
1889 2037 1935 2073 ab
1957 2038 2133 2081 invicem,

1139 2094 1215 2130 imo
1239 2103 1275 2130 et
1294 2103 1427 2131 eontra
1444 2096 1620 2132 invicem.
1646 2097 1808 2145 Utrique
1828 2110 1848 2133 a
1868 2110 2016 2146 sponsae
2036 2096 2136 2133 eollo

1138 2153 1304 2202 pendere
1324 2167 1362 2190 se
1377 2153 1541 2203 jactant,
1562 2163 1600 2191 et
1615 2154 1660 2191 de
1680 2156 1956 2205 proprietate,³
1936 2156 2138 2192 “loriantes

1138 2212 1230 2249 alios
1250 2226 1270 2249 a
1296 2226 1335 2249 sc
1355 2213 1532 2250 divellere
1557 2222 1712 2251 tentant.
1737 2216 1844 2250 Novit
1865 2218 2048 2251 Dominus
2073 2219 2136 2262 qui

1136 2282 1223 2308 sunt
1252 2279 1350 2319 esus,
1381 2282 1417 2309 et
1443 2275 1614 2310 discedat
1644 2274 1691 2310 ab
1716 2278 1908 2323 iniquitate
1927 2280 2048 2311 omnis
2075 2278 2137 2323 qui

1136 2336 1304 2367 nominat
1322 2346 1455 2368 nomen
1477 2336 1643 2370 Domini.
1666 2334 1868 2372 Geminum
1889 2335 1963 2371 hoc
1994 2334 2137 2371 hahens

1420 2400 1462 2429 ut
1498 2394 1635 2429 Paulus
1672 2393 1842 2443 quuitur
1866 2395 1894 2440 -5,
1929 2394 2133 2430 immobilis

1134 2459 1260 2486 manet
1286 2464 1423 2500 sponsa
1448 2451 1564 2501 ipsius
1589 2452 1688 2488 inter
1713 2453 1846 2502 impias
1867 2466 2000 2490 manus
2019 2453 2132 2490 undi-

1133 2521 1206 2558 que
1229 2510 1523 2547 convellentium
1551 2511 1651 2547 illam
1672 2521 1708 2548 et
1731 2513 1986 2550 lacerantium.
2012 2517 2131 2563 Reges

1134 2394 1364 2439 signaculum
1372 2420 1383 2435 ,

841 2569 926 2606 ideo
957 2584 1065 2607 com-
1087 2575 1120 2609 D
1135 2577 1243 2605 terrae
1262 2577 1299 2605 et
1320 2570 1509 2620 principes
1525 2580 1787 2608 convenerunt
1807 2573 1844 2608 iu
1868 2586 1983 2608 uuum
2002 2573 2134 2610 adver-

1131 2642 1193 2665 sus
1218 2629 1407 2666 Christum
1429 2631 1634 2666 Dominum
1651 2630 1678 2676 ⁵,
1697 2640 1733 2667 et
1753 2631 1933 2669 adversus
1952 2646 2128 2682 sponsam

1131 2687 1223 2737 ejus.
1243 2689 1313 2725 Sed
1331 2703 1470 2738 sponsa
1491 2693 1679 2739 Sponsum
1697 2692 1821 2734 novit,
1843 2700 1883 2727 ut
1902 2705 1977 2728 uon
1999 2706 2130 2741 sequa-

1131 2756 1192 2784 tur
1218 2749 1402 2795 alieuum,
1421 2749 1487 2785 sed
1513 2750 1647 2798 ipsum.
1670 2753 1750 2785 Nou
1773 2751 1919 2798 ignorat
1939 2764 1977 2786 se
1996 2752 2127 2800 ipsam,

1131 2821 1207 2844 non
1238 2809 1387 2857 ignorat
1419 2808 1526 2857 eujus
1557 2821 1694 2858 sponsa
1726 2809 1771 2845 sit
1794 2824 1801 2845 :
1827 2809 1912 2845 ideo
1942 2823 2018 2846 non
2051 2812 2130 2847 vult

1129 2867 1277 2916 egredi,
1299 2881 1367 2903 uec
1389 2867 1492 2904 abire
1524 2877 1609 2917 post
1635 2881 1765 2917 greges
1793 2869 1990 2906 sodalium.
2022 2873 2067 2906 Et
2099 2871 2129 2907 si

1129 2926 1276 2963 sodales
1291 2928 1462 2972 suerunt,
1475 2927 1552 2975 jam
1569 2928 1721 2977 quidem
1741 2942 1816 2965 non
1832 2938 1930 2965 sunt.
1950 2931 2130 2966 Exierunt

1128 3000 1174 3023 ex
1193 2987 1319 3033 uobis,
1342 2987 1405 3024 sed
1430 3001 1505 3024 nou
1528 2997 1614 3025 sunt
1631 3002 1676 3025 ex
1702 2989 1823 3025 uobis.
1841 2990 2042 3037 Quomodo
2063 3004 2127 3026 so-

1129 3047 1231 3083 dales
1261 3057 1367 3093 suut,
1388 3049 1453 3097 qui
1481 3049 1591 3086 amici
1618 3063 1693 3086 uon
1722 3051 1835 3086 suut?
1853 3051 2006 3087 Amicus
2029 3051 2127 3086 euim

1129 3107 1350 3156 sponsistat
1373 3116 1409 3143 et
1435 3107 1556 3153 audit,
1577 3117 1614 3144 et
1641 3108 1779 3158 gaudio
1809 3108 1944 3157 gaudet
1973 3119 2129 3159 propter

1128 3179 1260 3203 vocem
1289 3166 1371 3215 ejus
1385 3165 1411 3203 ⁶.
1442 3168 1507 3205 Isti
1535 3181 1626 3205 vero
1650 3182 1727 3205 nou
1748 3169 1924 3211 audiunt,
1944 3182 2011 3204 uec
2032 3183 2125 3216 gau-

1144 3298 1196 3325 ').(l.
1269 3295 1274 3320 ἱ
1292 3297 1314 3325 ll
1333 3298 1349 3325 Ἰ
1363 3307 1411 3325 ιιιι.
1432 3306 1470 3328 ιι,
1495 3300 1543 3326 1¹).
1608 3294 1816 3328 ·'·r›.21.1‹.'‘.
1883 3299 1894 3308 ’“
1911 3298 1989 3324 ..H-au
2028 3300 2050 3330 ἶ,
2072 3299 2121 3324 Ἣ).
