2418 3949
187 227 261 264 949

934 225 999 259 DE
1027 224 1258 259 PASSIONE
1288 225 1477 260 DOMINI.

2152 222 2228 258 950

186 311 298 353 caput
328 302 514 352 serpentis
535 300 709 351 virginali
728 299 824 350 pede
844 299 961 349 ipsius
984 299 1079 349 Agni
1102 298 1170 335 ad·
1183 298 1229 318 ⁴⁷²
1243 300 1365 336 omnis
1399 300 1626 345 mortalitas,
1656 299 1778 336 omnis
1808 299 1938 345 timor,
1971 299 2093 335 omnis
2122 299 2231 336 dolor

181 362 326 412 jutorio
344 362 598 399 conculcatur.

242 423 326 459 110.
347 423 528 470 Quintum
547 421 676 457 solium
693 420 795 456 floris
811 419 879 456 lilii
896 419 1065 468 quintam
1087 431 1173 455 cau-

186 494 262 517 sam
286 481 454 530 designat
467 509 477 525 ,
501 488 659 530 propter
679 491 792 528 quam
811 478 1007 527 virginitas
1026 485 1081 513 est
1103 489 1173 525 ap-

185 540 364 589 petenda3
386 539 479 576 illud
500 540 640 576 scilicet
659 539 747 588 quia
763 537 968 574 cantabunt
987 536 1172 572 canticum

186 613 327 636 novum
343 608 429 636 ante
444 599 621 635 thronum
640 598 708 635 Dei
726 606 761 633 et
778 598 874 646 Agni
888 625 896 640 ‚
918 596 1020 645 quod
1037 604 1174 645 praeter

186 659 349 708 virgines
369 672 478 695 nemo
503 666 627 708 potest
644 657 780 693 dicere.
802 659 833 693 Ο
850 656 973 692 felices
995 655 1173 704 virgines,

185 727 223 755 et
253 719 395 755 caeteris
423 718 605 753 feliciores
634 716 820 765 virgines,
853 729 936 764 quae
960 715 1101 751 affertis
1127 713 1175 750 ad

184 777 266 814 illas
282 777 379 826 Agni
409 776 557 824 nuptias
585 776 778 812 aeternales
801 775 986 811 canticum
1009 786 1172 817 novum,

183 836 287 885 quod
307 834 504 872 cantabitis
523 835 560 870 in
583 835 733 870 citharis
759 834 914 879 vestris,
938 846 1014 869 non
1044 833 1176 881 utique

184 895 276 939 tale,
299 894 409 943 quale
438 901 564 930 cantat
595 894 769 929 universa
803 901 923 939 terra,
949 900 991 929 ut
1020 891 1175 936 dicitur,

187 954 344 989 Cantate
367 955 524 988 Domino
551 957 733 989 canticum
759 966 914 997 novum,
933 961 1078 988 cantate
1097 955 1177 987 Do-

184 1016 282 1048 mino
297 1040 308 1056 ‚
327 1016 445 1048 omnis
465 1021 564 1049 terra
578 1019 587 1033 ¹
612 1026 620 1048 ε
641 1012 705 1048 sed
728 1013 820 1058 tale,
840 1012 950 1061 quale
970 1024 1082 1048 nemo
1103 1023 1176 1060 po—

184 1080 255 1109 test
274 1071 415 1117 dicere,
438 1072 510 1109 nisi
526 1085 607 1109 vos.
626 1071 764 1108 Audiet
784 1079 929 1116 tamen,
952 1079 989 1107 et
1006 1070 1169 1106 delecta·
1187 1073 1215 1106 B

183 1131 287 1169 bitur
307 1132 430 1168 omnis
447 1131 650 1168 multitudo
671 1131 836 1168 fidelium
868 1139 994 1167 vestro
1017 1129 1174 1179 proprio

183 1199 221 1228 et
234 1199 307 1227 tam
325 1192 521 1228 excellenti
541 1191 655 1227 dono.
677 1195 753 1228 Vos
773 1199 897 1227 autem
915 1202 997 1239 quae
1016 1197 1053 1225 et
1072 1188 1174 1225 dice-

185 1251 251 1296 tis,
270 1259 310 1287 et
328 1250 487 1288 audietis
501 1279 511 1297 ‚
534 1251 620 1300 quia
641 1250 735 1287 illud
759 1250 905 1287 dicetur
925 1263 945 1286 a
966 1248 1098 1294 vobis;
1125 1248 1175 1285 fe-

182 1311 289 1348 licius
305 1310 561 1358 exsultabitis,
582 1310 833 1360 etjucundius
854 1307 1069 1359 regnabitis.
1082 1309 1174 1357 Quis

182 1371 289 1407 istam
327 1371 539 1408 felicitatem
567 1371 709 1421 poterit
740 1370 955 1420 explicare?
983 1370 1059 1405 imo
1092 1369 1175 1418 quis

182 1429 344 1467 humana
364 1439 487 1468 mente
507 1430 694 1480 concipiet
715 1438 825 1466 tantae
847 1428 1107 1466 exsultationis
1120 1427 1177 1476 ju-

182 1489 325 1527 bilum?
354 1495 436 1528 Jam
457 1492 487 1528 si
508 1503 639 1527 omnes
671 1490 837 1540 virgines
868 1489 1052 1525 canticum
1077 1487 1176 1524 istud

182 1550 408 1597 cantabunt,
432 1550 616 1600 numquid
645 1550 708 1586 illa
736 1549 849 1598 Virgo
876 1548 1066 1597 virginum
1097 1546 1177 1596 pri-

183 1610 335 1647 miceria
357 1623 433 1647 non
452 1609 642 1646 cantabit?
657 1608 828 1646 Cantabit
847 1608 996 1657 utique,
1015 1616 1052 1644 et
1072 1615 1176 1643 tanto

179 1668 407 1718 jucundius,
427 1678 568 1718 quanto
589 1669 726 1705 castior
742 1668 896 1704 caeteris.
914 1666 1176 1716 Praebebitque

185 1729 253 1765 toti
269 1729 386 1766 choro
402 1730 440 1766 in
461 1729 648 1766 cantando
664 1728 899 1777 exemplum,
917 1740 1009 1776 quas
1029 1726 1075 1763 ad
1096 1726 1174 1762 vir-

182 1788 347 1838 ginitatis
363 1802 529 1825 amorem
552 1801 621 1825 suo
644 1788 814 1824 incitavit
830 1787 1018 1836 exemplo.
1037 1788 1174 1823 Canta-

1188 359 1220 393 A
1240 360 1372 409 procul
1393 361 1638 406 transierunt,
1664 359 1728 395 ubi
1750 359 2010 396 amaritudinis
2030 360 2155 395 nullus
2172 372 2234 395 re-

1238 420 1422 468 linquitur
1440 420 1564 465 locus,
1586 419 1648 456 sed
1681 433 1812 456 omnes
1840 428 2006 456 torrente
2026 420 2232 468 voluptatis

1237 479 1374 515 divinae
1402 478 1658 528 potabuntur,
1693 479 1866 515 inebriati
1899 479 2071 516 ubertate
2097 479 2232 515 domus

1238 538 1342 587 ejus?
1362 539 1524 575 Maxima
1543 539 1719 575 omnibus
1744 540 1916 583 felicitas,
1944 539 2131 575 canticum
2157 540 2233 575 vir-

1238 599 1389 648 gineum
1413 599 1509 647 Agni
1530 598 1784 634 dulcissimum
1818 598 2057 634 audientibus
2079 614 2086 634 :
2109 598 2231 635 abun-

1241 658 1390 694 dantior
1406 666 1529 694 tamen
1544 658 1753 707 virginibus
1766 658 1913 703 Christi,
1929 671 2011 694 cum
2028 659 2109 708 ipso
2124 664 2232 708 Agno

1242 716 1492 754 cantantibus.

1299 776 1382 812 lll.
1412 778 1564 822 Quanta>
1595 775 1847 811 sollicitudine
1878 776 2011 812 merito
2045 778 2232 814 custodire

1243 834 1382 871 debent
1401 835 1566 882 virgines
1596 847 1662 870 ora
1685 848 1750 870 sua
1765 864 1774 880 ,
1796 835 1981 871 canticum
2007 837 2095 872 solis
2121 837 2234 885 virgi—

1241 895 1352 932 nibus
1366 894 1593 932 cantandum
1605 902 1771 940 cantare,
1784 902 1820 930 et
1835 908 1918 930 cum
1932 896 2035 931 omni
2051 897 2235 934 munditia

1242 967 1489 1000 conservare,
1520 967 1596 989 non
1619 954 1740 989 solum
1763 953 1808 989 ab
1832 954 1935 989 omni
1962 963 2046 990 actu
2064 957 2232 1004 polluto,

1242 1014 1307 1052 sed
1323 1013 1369 1050 ab
1385 1014 1488 1049 omni
1500 1012 1616 1049 verbo
1634 1012 1846 1057 luxuriose,
1859 1013 1958 1062 turpi
1973 1042 1981 1058 ‚
2003 1016 2146 1051 scurrili
2158 1016 2235 1065 ,J‘o-

1238 1088 1326 1112 coso
1340 1102 1349 1120 ,
1367 1074 1443 1110 imo
1464 1081 1501 1109 et
1520 1073 1643 1108 otioso
1660 1073 1674 1107 ?
1691 1075 1884 1120 Eruntque
1905 1075 2001 1109 sicut
2030 1075 2067 1109 in
2086 1076 2232 1112 cantico

1240 1145 1387 1184 sponsae
1409 1132 1566 1175 dicitur,
1583 1132 1678 1168 sicut
1692 1131 1786 1167 vitta
1806 1132 1981 1168 coccinea
2001 1132 2099 1169 labia
2115 1134 2233 1182 virgi—

1241 1206 1353 1238 num,
1381 1200 1417 1228 et
1445 1191 1637 1240 eloquium
1670 1203 1798 1227 earum
1821 1190 1930 1227 dulce
1944 1191 1969 1227 3.
1999 1192 2101 1229 Sicut
2130 1195 2227 1230 enim

1239 1253 1331 1290 vitta
1360 1252 1533 1288 coccinea
1562 1259 1649 1287 sunt
1674 1250 1796 1295 labia,
1821 1264 1904 1299 quae
1933 1264 2082 1301 semper
2110 1253 2235 1291 verbis

1239 1311 1405 1348 ardentis
1429 1311 1618 1348 charitatis
1636 1310 1849 1356 abundant,
1864 1310 2002 1359 quibus
2018 1311 2140 1349 verbis
2155 1326 2237 1349 mo-

1243 1380 1302 1408 tus
1321 1379 1357 1407 et
1379 1370 1624 1419 cogitationes
1651 1369 1819 1406 carnales
1847 1371 2137 1419 restringuntur.
2167 1376 2238 1409 Per

1244 1431 1460 1466 coccineum
1472 1429 1614 1478 quippe
1629 1429 1810 1474 colorem,
1825 1428 1996 1474 eharitas;
2010 1443 2078 1479 per
2091 1431 2235 1478 vittam,

1243 1503 1317 1539 qua
1343 1490 1464 1526 crines
1496 1489 1792 1538 restringuntur,
1825 1490 2010 1525 restrictio
2039 1491 2237 1539 cogitatio-

1243 1562 1333 1586 num
1351 1548 1556 1585 carnalium
1570 1576 1579 1593 ,
1599 1561 1682 1597 quae
1700 1561 1766 1597 per
1783 1548 1903 1584 crines
1924 1550 2134 1597 ligurantur
2147 1579 2156 1595 ,
2176 1564 2238 1587 ac-

1242 1609 1393 1658 cipitur.
1411 1611 1640 1658 Sponsarum
1653 1620 1743 1656 ergo
1758 1607 1854 1657 Agni
1867 1635 1876 1651 ‚
1894 1607 1964 1644 hoc
1978 1616 2032 1644 est
2049 1609 2236 1658 virginum

1242 1668 1398 1712 Christi,
1418 1667 1514 1703 labia
1525 1667 1715 1716 praecipue
1728 1666 1834 1702 decet
1846 1679 1924 1703 esse
1938 1667 2134 1704 sicutvitta
2149 1682 2237 1705 coc—

1242 1728 1347 1764 cinea
1361 1756 1370 1772 ,
1390 1735 1566 1763 utsermo
1587 1740 1715 1763 earum
1729 1739 1879 1775 semper
1896 1728 2075 1764 charitate
2091 1729 2234 1775 ardeat,

1241 1787 1414 1836 passione
1435 1786 1532 1834 Agni
1549 1794 1585 1821 et
1605 1784 1733 1834 sponsi
1751 1784 1900 1829 rubeat,
1917 1786 1981 1834 qui
2003 1799 2152 1836 semper
2172 1788 2238 1824 de-

180 1846 279 1884 bunt
306 1861 398 1898 ergo
429 1849 594 1898 virgines
620 1848 658 1884 in
692 1848 753 1884 illa
777 1846 1012 1895 jucunditate
1042 1845 1173 1882 festiva
1194 1851 1221 1888 C
1242 1845 1305 1882 bet
1325 1858 1404 1882 esse
1424 1845 1461 1880 in
1482 1843 1616 1888 corde,
1639 1856 1788 1892 semper
1801 1844 1846 1879 sit
1868 1844 1905 1880 in
1921 1858 1985 1880 ore
2003 1846 2185 1882 candidus
2201 1856 2238 1883 et

180 1908 368 1945 canticum
392 1921 501 1945 suum
518 1909 556 1945 in
575 1921 639 1944 cor
658 1907 755 1956 Agni
775 1906 932 1955 virginis
950 1905 1077 1955 sponsi
1097 1905 1174 1950 sui,

181 1981 203 2004 a
219 1981 296 2017 quo
313 1977 355 2005 ut
375 1969 446 2005 tale
461 1969 646 2005 canticum
668 1975 818 2005 cantare
833 1975 1005 2016 possent,
1026 1978 1177 2015 accepe-

181 2035 282 2064 runt.
301 2027 398 2076 Quid
420 2029 572 2064 autem?
592 2026 782 2076 Numquid
802 2034 839 2062 et
855 2026 932 2075 ipse
954 2029 1083 2074 Agnus
1100 2037 1177 2060 non

183 2087 306 2123 solum
345 2087 502 2124 aliarum
536 2087 724 2136 virginum
765 2094 902 2122 coetum
921 2113 930 2130 ,
969 2084 1032 2121 sed
1066 2085 1176 2120 etiam

183 2146 300 2196 ipsam
326 2146 517 2196 Virginem
548 2150 704 2183 Matrem
728 2158 832 2182 suam
853 2144 1176 2194 superexcellens,

184 2220 205 2243 a
222 2220 298 2256 quo
319 2206 458 2244 habent
483 2220 559 2244 non
582 2208 723 2252 solum,
749 2215 788 2243 ut
805 2207 879 2243 sint
899 2205 1062 2254 virgines
1080 2233 1088 2249 ‚
1114 2203 1178 2240 scd

182 2267 294 2303 etiam
317 2267 411 2313 sint;
443 2267 649 2316 numquid,
667 2267 822 2316 inquam
837 2294 847 2311 ,
876 2268 1044 2314 Sponsus
1064 2263 1179 2312 virgi-

183 2339 274 2363 num
293 2326 418 2376 virgo,
437 2327 546 2376 virgo
567 2327 733 2376 optimus
763 2338 838 2361 non
859 2324 971 2360 etiam
989 2322 1181 2359 cantabit?

182 2389 264 2423 Imo
284 2398 374 2422 vero
398 2394 434 2422 et
461 2386 540 2435 ipse
565 2384 748 2428 cantabit,
771 2392 807 2420 et
829 2382 1102 2433 jucundissima
1119 2381 1180 2416 illa

183 2458 258 2482 vox
274 2445 387 2482 Verbi
403 2446 520 2482 Patris
538 2445 682 2490 aeterni,
699 2457 782 2480 cum
796 2442 988 2486 omnibus,
1008 2455 1085 2491 prae
1099 2454 1181 2477 om-

184 2504 296 2542 nibus
310 2533 319 2550 ,
342 2513 379 2542 et
403 2505 440 2541 in
461 2504 639 2540 omnibus
659 2503 844 2540 audietur.
864 2505 895 2540 Ο
923 2501 1177 2538 felicissimum

185 2564 395 2601 canticum!
418 2577 440 2600 o
459 2564 694 2600 festivitatem
718 2562 1029 2612 jucundissimam
1043 2589 1051 2605 ‚
1072 2574 1179 2597 com-

1243 1904 1477 1941 rubicundus
1501 1903 1621 1940 dulcis
1644 1907 1765 1940 Jesus.
1793 1907 1867 1940 Nec,
1893 1904 2006 1940 timeo
2033 1904 2167 1942 talibus
2190 1907 2236 1944 de

1243 1964 1461 2009 mendacio,
1484 1963 1572 2012 quia
1601 1963 1750 1999 mentiri
1777 1963 1934 1999 omnino
1963 1965 2122 2012 nolunt,
2151 1981 2235 2003 cum

1244 2024 1290 2060 de
1314 2025 1470 2060 veritate
1491 2024 1699 2072 loquuntur
1722 2022 1937 2059 dulcissimo
1959 2028 2060 2061 Jesu.
2089 2028 2236 2063 Seurri—

1243 2085 1291 2120 lia
1311 2098 1421 2128 vero,
1445 2084 1589 2133 turpia,
1609 2082 1760 2131 jocosa,
1785 2091 1819 2119 et
1840 2084 1960 2119 otiosa
1981 2085 2095 2121 verba
2110 2114 2118 2130 ,
2150 2100 2237 2123 vcr-

1243 2143 1300 2180 bis
1321 2144 1505 2194 passionis
1520 2143 1723 2179 convenii-e
1741 2156 1815 2179 non
1834 2153 2003 2192 possunt.
2020 2145 2119 2192 Quid
2136 2147 2234 2183 enim

1244 2204 1391 2248 utilius,
1408 2203 1498 2252 quid
1518 2203 1679 2239 amarius
1693 2231 1702 2248 ,
1723 2201 1814 2251 quid
1842 2202 2036 2240 decentius
2065 2207 2239 2254 passione

1244 2269 1331 2301 Jesu
1362 2263 1529 2301 Christi?

1305 2322 1387 2360 11⁶2.
1421 2326 1451 2360 O
1474 2323 1687 2359 dulcissime
1716 2331 1828 2372 atque
1848 2324 2101 2363 amantissime
2124 2331 2211 2364 Jesu
2228 2357 2236 2371 ‚

1247 2382 1608 2430 agneimmaculate,
1627 2382 1784 2418 candide
1800 2396 1867 2432 per
1882 2383 2135 2422 innocentiam
2150 2415 2159 2431 ,
2175 2401 2240 2423 ru-

1245 2442 1409 2478 bicunde
1430 2455 1498 2492 per
1517 2442 1736 2490 sanguinem
1753 2442 1937 2491 passionis
1950 2471 1960 2488 ,
1977 2457 2087 2493 quam
2101 2446 2241 2495 jucun—

1245 2501 1334 2538 dum
1348 2502 1511 2550 cogitare
1522 2530 1530 2545 ‚
1548 2515 1659 2550 quam
1676 2501 1824 2537 salubre
1837 2502 1938 2550 loqui
1952 2502 1996 2539 de
2009 2512 2041 2539 te
2054 2507 2060 2540 !
2074 2508 2128 2541 Tu
2140 2507 2239 2543 enim

1245 2563 1292 2597 de
1313 2570 1348 2597 te
1365 2560 1608 2610 loquentibus
1622 2573 1805 2610 praestum,
1821 2569 1984 2597 mentem
2003 2563 2162 2600 dulciter
2179 2579 2242 2601 ac-

186 2623 383 2673 paratione
413 2631 449 2659 et
476 2624 548 2658 line
572 2623 790 2658 carituram!
809 2621 900 2669 Quis
919 2621 965 2656 ad
987 2620 1078 2656 illud
1100 2632 1176 2656 non
1193 2625 1225 2658 D
1244 2621 1371 2657 condis
1387 2649 1395 2664 ‚
1425 2621 1605 2656 informas
1636 2619 1772 2665 verba,
1802 2628 1838 2655 ct
1869 2621 2037 2658 omnium
2060 2623 2095 2658 in
2120 2633 2153 2660 te
2181 2626 2242 2660 lo—

187 2684 360 2720 anhclet?
381 2683 464 2732 quis
485 2682 657 2720 laborare
675 2690 892 2719 contemnat
916 2690 956 2717 ut
977 2682 1065 2717 illuc
1092 2693 1180 2729 per—

187 2743 333 2788 veniat,
349 2742 414 2778 ubi
431 2751 616 2778 tantarum
630 2741 818 2790 virginum
834 2741 1020 2776 canticum
1038 2752 1178 2775 novum

187 2803 333 2848 audiat,
359 2801 421 2839 ubi
452 2801 672 2838 mirabiliter
700 2814 776 2850 prae
799 2800 942 2836 caeteris
971 2798 1181 2849 virginibus

189 2862 462 2900 redundantem
482 2875 610 2898 vocem
631 2861 758 2898 Matris
777 2861 870 2910 Agni
893 2860 1097 2909 percipiat;
1117 2858 1181 2895 ubi

188 2931 226 2959 et
245 2923 367 2972 ipsum
390 2926 536 2971 Agnum
555 2921 762 2970 piissimum
779 2928 815 2956 ct
833 2919 1087 2956 dulcissimum
1107 2931 1183 2954 me-

189 2983 267 3028 los,
301 2990 419 3017 totum
454 2981 628 3017 melleum
663 2980 789 3016 audiat
820 2979 1113 3015 concinentem?
1143 2978 1179 3014 Si

188 3042 287 3078 enim
324 3042 474 3090 eloquia
504 3040 679 3085 Domini,
709 3047 801 3075 teste
834 3038 1046 3083 psalmista,
1077 3046 1113 3073 et
1143 3038 1179 3072 iu

189 3102 271 3151 ipso
299 3114 458 3151 corpore
485 3100 616 3136 mortis
637 3098 830 3135 existentis
857 3097 1084 3145 unicuipiam
1108 3104 1180 3131 tam

190 3161 312 3198 dulcia
332 3170 416 3197 sunt
429 3190 438 3206 ‚
453 3169 493 3196 ut
510 3160 580 3196 mel
599 3167 635 3196 et
652 3160 776 3195 larum
794 3165 972 3207 superent
991 3163 1000 3177 ²
1018 3171 1024 3192 :
1042 3164 1183 3204 quanta

192 3229 300 3269 putas
319 3234 360 3257 ca
385 3220 583 3256 dulcedine
606 3218 915 3269 superabitndarc
941 3216 1096 3262 debere,
1120 3215 1181 3252 nbi

243 3355 248 3368 ¹
271 3349 347 3379 l’sal.
367 3360 442 3385 xcv,
472 3353 497 3380 1.
519 3367 556 3371 —
577 3354 586 3369 ²
605 3348 682 3379 l'sal.
698 3358 800 3377 (xxviii
814 3371 820 3383 ,
850 3349 921 3376 103.
953 3364 976 3367 --
996 3344 1008 3367 3
1023 3346 1139 3377 (lautic,
1160 3356 1203 3378 iv.

1246 2681 1442 2730 quentium
1467 2680 1582 2715 trahis
1600 2680 1779 2715 asset-tus:
1802 2689 2036 2729 curruntqm¹
2060 2682 2095 2717 in
2123 2684 2241 2720 odore

1247 2748 1526 2789 unguentorum
1557 2747 1730 2784 tuorum,
1763 2738 1883 2774 donec
1907 2740 2196 2779 introducantur
2221 2758 2241 2780 a

1249 2808 1303 2844 te,
1320 2803 1399 2836 Rex
1417 2811 1543 2846 regum
1557 2826 1564 2841 ,
1578 2798 1613 2833 in
1630 2799 1778 2833 cellaria
1791 2807 1872 2843 tua,
1893 2798 2098 2849 bibantque
2112 2803 2239 2839 vinum

1248 2858 1470 2893 dulcissima¹
1491 2857 1758 2892 consolationis
1773 2866 1844 2893 tuce
1859 2858 1894 2893 in
1908 2857 2146 2906 jucunditate
2161 2876 2242 2898 cor·

1248 2916 1304 2952 dis
1328 2917 1402 2961 sui,
1435 2915 1664 2964 audiantque
1693 2917 1951 2953 suavissimam
1982 2932 2111 2956 vocem
2141 2931 2241 2959 tuam

1249 2976 1453 3018 dicentem,
1487 2974 1606 3011 hubac
1629 2985 1662 3010 cl
1690 2976 1951 3017 nubi-[annui.
1985 2980 2191 3016 charia-siml
2211 2990 2242 3024 ’ς

1247 3036 1484 3084 sentiantque
1516 3035 1690 3085 indiguos
1723 3037 1838 3072 amari
1871 3051 1890 3073 a
1923 3046 1956 3073 tc
1985 3040 2116 3086 gratis,
2144 3043 2239 3078 anii—

1250 3096 1394 3131 cissime
1416 3104 1449 3131 et
1467 3096 1673 3143 gratissime
1689 3100 1789 3132 Jesu.
1810 3097 1971 3133 vides-nt»
1998 3098 2108 3146 igitur
2128 3115 2232 3149 quor

1250 3169 1331 3192 suni
1360 3155 1512 3191 tendant
1539 3155 1652 3191 verba
1684 3156 1872 3193 charitatis
1896 3165 1928 3192 ct
1963 3160 2143 3207 passionis
2178 3161 2241 3195 ln»

1251 3215 1352 3264 nigni
1375 3219 1460 3251 Jesu
1478 3217 1491 3251 ‚³
1508 3214 1615 3263 cujus
1642 3229 1778 3252 nomen
1804 3217 1905 3266 qnod
1923 3226 1973 3253 cst
2003 3232 2115 3268 snper
2133 3235 2234 3258 onim

1225 3344 1408 3375 3.--11.t.
1429 3355 1472 3379 ιι,
1495 3348 1516 3374 Ι.
