2504 3928
377 192 470 225 1:3⁸3

367 267 670 315 sumquejecistis
691 272 753 300 imi
775 280 822 299 121·
846 272 1009 301 nummis
1028 281 1135 311 meis,
1157 268 1351 314 milezstwi-

367 331 441 360 siis.
472 328 634 369 Esus-ivi,
656 335 692 360 et
708 327 858 360 dedistis
879 326 969 360 milei
987 328 1230 369 'nanclueare3
1248 332 1354 372 sitivi,
1378 354 1386 361 Δ

369 395 402 418 (ἰ
419 387 569 419 dedistis
587 385 676 419 milii
691 384 826 425 bibere,
850 394 919 421 etc.
942 387 1070 421 l'enite
1085 399 1169 433 ergo
1187 396 1221 422 et
1240 392 1357 434 perci-

364 449 443 488 pite
459 457 610 491 regnum
623 473 632 485 ‚
651 446 750 490 quod
768 444 870 479 vobis
885 455 1057 492 paratum
1082 456 1134 481 est
1154 446 1200 481 ab
1217 451 1358 493 origiue

372 505 496 537 mnndi
513 509 535 539 ¹.

431 561 484 596 Η.
503 561 755 599 sollicitemur
774 576 862 610 ergo
877 590 885 605 ,
910 563 1040 599 fratres
1067 563 1160 607 mei,
1183 564 1361 599 sollicite-

374 633 457 655 mur
480 620 711 669 pauperibus
734 635 889 671 erogare
917 622 1074 658 consilio
1104 623 1265 658 Domini.
1291 622 1362 657 Sed

372 680 458 727 quia
489 680 641 716 interest
672 682 848 730 pauperis
873 689 908 716 et
938 681 1132 730 pauperis,
1158 681 1259 730 quod
1289 684 1363 716 Do-

375 739 498 774 minus
512 738 560 774 ibi
574 739 674 775 visus
689 749 743 776 est
760 748 958 776 annotasse
975 753 1059 775 eum
1078 740 1239 785 diceret,
1256 742 1363 774 Beati

368 812 553 845 pauperes
568 804 715 847 ,ψίνῐιιις
733 800 778 835 de
799 808 1017 849 paupertate
1033 800 1114 836 talis
1129 799 1293 835 sarienda
1311 807 1365 835 est

374 857 586 903 distinctio,
611 871 695 906 quae
725 859 891 908 designet
915 858 1051 907 quibus
1083 859 1269 908 praeeipue
1298 858 1365 894 de-

376 916 530 952 beamus
556 917 691 965 largiri.
721 921 924 966 Paupertas
943 918 1054 966 igitur
1073 918 1141 953 alia
1165 917 1365 962 naturalis,

375 976 444 1011 alia
473 976 658 1025 locuples,
685 977 754 1013 alia
779 978 993 1026 spiritualis.
1020 980 1063 1013 Et
1079 975 1190 1024 liujus
1207 976 1364 1012 divisio-

377 1035 432 1071 nis
459 1036 758 1085 unumquodque
787 1036 997 1072 membrum
1027 1037 1156 1072 bifarie
1180 1035 1367 1085 subparti-

378 1104 451 1139 tur,
476 1095 578 1143 quod
601 1095 656 1131 his
682 1095 989 1144 pertractandum
1018 1095 1286 1144 relinquimus,
1305 1095 1370 1143 qui

376 1168 509 1205 magua
539 1155 584 1191 de
616 1156 778 1192 minimis
809 1156 931 1192 sciunt
967 1155 1163 1191 extrahere
1193 1170 1199 1191 :
1236 1163 1372 1203 praetcr

375 1215 476 1263 quod
494 1215 564 1250 lioc
579 1215 699 1251 solum
729 1216 905 1260 dicimus,
928 1216 1015 1264 quia
1032 1214 1265 1251 naturalibus
1281 1227 1369 1262 ege-

378 1273 433 1308 nis
463 1281 498 1308 et
531 1273 789 1321 spiritualibus
821 1274 1008 1323 praecipue
1045 1286 1195 1309 manum
1226 1273 1369 1308 miseri-

376 1332 514 1368 eordiae
553 1333 746 1381 porrigere
779 1346 999 1376 monemur,
1036 1332 1162 1368 verbis
1197 1332 1368 1380 Apostoli

377 1391 480 1426 Pauli
507 1390 664 1427 dicentis
690 1406 697 1426 :

374 1454 476 1483 :cirne
512 1451 718 1484 domesticis
737 1464 749 1493 ,·
771 1450 890 1495 fidem
919 1449 1102 1497 abnegat,
1136 1458 1171 1483 et
1196 1458 1248 1483 eac
1283 1449 1368 1494 infi'-

376 1511 451 1542 deli
477 1509 636 1542 deterior
650 1514 673 1544 ².
703 1508 774 1545 Sed
803 1509 890 1557 quia
917 1508 1103 1544 nescimus
1130 1507 1262 1553 hodie,
1285 1508 1368 1556 quis

375 1574 460 1601 ante
486 1566 553 1602 Dei
577 1567 706 1604 oculos
728 1567 864 1615 dignus
880 1568 926 1603 sit
946 1567 1034 1603 odio
1058 1567 1115 1603 vel
1136 1579 1284 1612 amore,
1304 1566 1366 1603 (le-

376 1637 458 1661 mus
487 1625 542 1661 his
567 1634 604 1662 et
626 1625 758 1663 demus
782 1627 853 1663 illis
876 1626 986 1675 juxta
1013 1625 1179 1675 ejusdem
1207 1625 1366 1674 apostoli

723 1393 797 1437 Qui
815 1397 889 1426 sicis
920 1405 993 1426 non
1015 1392 1202 1439 providet,
1229 1399 1265 1425 et
1285 1404 1368 1425 nm-

1029 193 1191 226 sumu)
1224 194 1267 226 IN
1302 194 1454 227 nium
1487 192 1762 226 SAPIPINJ'LE.

1364 269 1409 286 70⁴1

2312 195 2406 230 1380‘1

1426 280 1554 302 vocent
1576 267 1758 303 dicentis:
1782 269 1924 302 Bonum
1940 295 1949 312 ‚
1979 268 2119 316 inquit,
2146 283 2340 317 operemur
2364 274 2416 306 ml

1390 330 1406 360 x
1428 339 1552 361 munes
1569 354 1578 369 ,
1600 331 1764 361 maxime
1779 334 1902 362 antem
1920 330 1973 362 ml
1993 330 2205 364 donnas-ticos
2218 328 2351 375 fidei1.
2372 332 2414 365 Et

1423 386 1509 434 quia
1534 393 1621 420 suut
1638 386 1701 433 qui
1724 394 1876 434 petunt,
1902 394 2044 423 suntet
2068 387 2132 436 qui
2156 388 2415 424 verecundan-

1425 454 1503 489 tur;
1521 457 1604 480 eum
1621 453 1791 493 superest
1806 445 1904 481 unde
1919 445 2034 494 possit
2050 445 2144 491 dari,
2164 446 2296 483 demus
2308 447 2414 483 utris-

1426 517 1510 551 que.
1541 506 1595 538 De
1622 503 1838 552 petentibus
1864 505 1963 540 enim
1989 506 2174 541 Dominus
2199 506 2249 541 ait
2271 519 2278 541 :
2304 509 2418 542 Omni

1423 567 1565 610 pelenti
1581 571 1613 597 te
1625 590 1634 606 ,
1654 562 1767 598 tribue
1781 563 1807 597 ⁶.
1827 567 1882 600 De
1902 563 2122 600 verecundis
2140 563 2272 600 beatus
2287 567 2419 614 Augu-

1428 622 1545 658 stinus
1564 635 1677 671 super
1693 622 1791 658 liunc
1808 636 1979 668 versum,
2008 625 2082 669 Qui
2092 626 2266 672 producit
2285 623 2417 671 senum

1421 687 1617 727 jumentis,
1643 691 1677 716 et
1705 682 1853 717 herbam
1882 687 2043 718 servituli
2075 681 2303 728 leominimfi,
2330 683 2420 719 dicit

1430 742 1500 777 line
1527 740 1640 776 modo
1661 755 1667 775 :
1690 743 1871 785 «Beatus,
1899 758 1912 772 υ
1938 741 2084 790 inquit,
2102 758 2116 772 «
2134 741 2199 790 qui
2228 754 2420 790 praeoccu-

1431 818 1443 829 »ι
1464 807 1526 849 pat
1543 813 1671 835 vorem
1693 799 1880 848 petiturifi.
1903 817 1917 832 »
1932 803 1986 836 De
2003 799 2179 836 omnibus
2199 800 2420 836 indifferen—

1434 867 1488 895 ter
1511 859 1695 895 Dominus
1727 859 1777 894 ait
1795 887 1805 904 ,
1831 862 1928 894 Date
1943 888 1953 904 ‚
1981 869 2015 895 et
2042 860 2189 896 dabitur
2205 859 2333 896 vobim
2355 875 2363 896 ε
2384 868 2422 896 et

1432 919 1543 953 etiam
1569 918 1682 962 illud,
1712 921 1806 952 Date
1820 921 2103 964 eleemosynam,
2132 928 2167 954 et
2190 932 2272 954 ecce
2297 923 2422 954 omnm

1434 980 1573 1013 munda
1597 986 1680 1011 sunt
1700 977 1799 1012 vobis
1813 976 1826 998 ⁸
1846 992 1854 1013 :
1873 985 1909 1013 et
1926 977 2061 1014 iterum
2079 978 2191 1024 illud,
2213 981 2340 1027 Ignem
2362 992 2424 1014 ar-

1388 1040 1414 1073 B
1433 1038 1575 1071 dentem
1597 1041 1797 1085 urslinguit
1825 1050 1926 1083 aqua
1940 1065 1950 1080 ,
1981 1045 2016 1072 et
2039 1039 2267 1083 eleemosyna
2290 1042 2426 1074 resistit

1432 1101 1650 1142 pecc-atim:
1675 1103 1710 1131 et
1734 1095 1819 1131 hinc
1836 1103 1891 1131 cst
1915 1095 2029 1141 illud,
2061 1097 2247 1132 conclude
2267 1098 2423 1132 eleemo—

1435 1168 1562 1199 synam
1581 1169 1618 1189 in
1633 1159 1714 1189 sinu
1724 1160 1905 1202 pauperis
1917 1183 1927 1199 ,
1945 1164 1982 1190 et
1995 1155 2076 1190 luec
2098 1155 2218 1191 orabit
2236 1169 2306 1203 pro
2319 1164 2353 1190 te
2369 1161 2397 1176 ¹⁰
2415 1170 2423 1191 :

1435 1222 1469 1249 et
1491 1213 1612 1249 bouus
1639 1222 1745 1262 pater
1774 1214 1849 1250 lilio
1870 1214 1941 1259 ait,
1965 1216 2006 1249 Si
2027 1216 2180 1250 multum
2200 1213 2269 1249 tibi
2281 1213 2422 1261 ficerit,

1434 1272 1668 1308 abundanter
1681 1273 1860 1316 1·elr1'b1w‚·
1874 1278 1906 1308 si
1923 1279 2118 1321 eoeiguum,
2140 1282 2175 1308 et
2196 1274 2291 1308 illud
2303 1273 2424 1308 liben-

1434 1340 1490 1365 ter
1508 1336 1748 1377 impertire¹¹.
1767 1331 1877 1378 Quod
1900 1340 1974 1367 tam
1992 1332 2150 1368 solerter
2167 1333 2292 1368 omnia
2317 1344 2426 1380 agere

1434 1389 1671 1434 studeamus,
1693 1398 1878 1437 quatenus
1901 1391 1936 1426 in
1957 1398 2093 1426 aeterna
2112 1389 2351 1427 tabernacula
2367 1404 2427 1427 re-

1433 1448 1505 1497 cipi
1530 1461 1740 1484 mei-camur
1766 1460 1833 1497 per
1856 1449 2061 1485 Dominum
2086 1452 2213 1486 Jesum
2238 1449 2423 1487 Christum

1433 1508 1661 1543 Salvatorem
1683 1515 1853 1543 nostrum
1867 1536 1876 1554 ‚
1897 1509 1961 1557 qui
1984 1521 2069 1545 cum
2094 1512 2202 1546 Patre
2227 1517 2264 1546 et
2283 1509 2425 1558 Spiritu

1432 1574 1560 1603 sancto
1586 1566 1680 1602 vivit
1697 1574 1733 1602 et
1756 1575 1886 1615 regnat
1908 1570 2030 1614 Deus,
2056 1580 2125 1617 per
2143 1568 2270 1604 omnia
2294 1568 2426 1605 saecula

1432 1625 1668 1662 saeculorum.
1687 1630 1818 1662 Amen.

1204 1883 1601 1976 SERMO

378 2083 430 2128 In
451 2082 565 2129 illud
587 2083 855 2145 Sapientiae,
888 2099 967 2140 vu,
989 2083 1075 2140 30,
1108 2093 1153 2129 et
1179 2098 1275 2137 v111,
1302 2085 1318 2126 4
1351 2102 1361 2128 ε
1384 2083 1623 2143 Sapientia
1652 2083 1798 2135 vineit
1828 2083 2074 2130 malitiam.
2105 2086 2301 2148 Attc'ngic
2323 2103 2425 2149 ergo

634 2176 663 2202 (ι
686 2159 796 2218 fine
830 2176 972 2221 usque
1000 2158 1224 2217 adfinem
1241 2158 1445 2218 «sortiter,
1476 2169 1521 2203 et
1545 2157 1747 2219 clzlwom't
1768 2161 1923 2203 omnia
1949 2162 2160 2206 suaviter.

1439 2324 2167 2351 Qffi———u-

432 2453 522 2491 Non
543 2461 600 2492 est
618 2453 804 2492 Bernardi
822 2472 830 2500 ;
854 2454 919 2492 scd
932 2484 940 2500 ‚
963 2463 1008 2493 ut
1031 2463 1150 2505 puto,
1180 2455 1362 2494 Guiberti
1381 2455 1532 2494 abbatis
1551 2454 1599 2493 de
1619 2454 1860 2507 Novigento,
1877 2457 1946 2506 qui
1974 2457 2012 2493 in
2032 2455 2147 2495 illum
2167 2456 2371 2509 Sapientiae

662 2517 792 2555 locum
813 2517 954 2556 habuit
972 2518 1171 2569 prolixum
1192 2533 1412 2558 sermonem
1427 2550 1436 2567 ,
1462 2534 1507 2558 ex
1523 2518 1593 2556 lib.
1620 2523 1634 2557 l
1662 2519 1710 2558 de
1734 2521 1817 2569 ejus
1837 2520 1948 2569 Vita,
1969 2534 2052 2571 cap.
2084 2523 2143 2560 16.

438 2833 470 2867 l.
495 2831 596 2867 Sicut
614 2831 795 2880 sapientia
815 2844 926 2881 sapor
946 2832 1054 2880 boni,
1081 2834 1132 2870 ita
1152 2835 1290 2872 malitia
1312 2847 1371 2871 sa-

383 2903 453 2938 por
474 2890 559 2926 mali
577 2890 725 2926 dicitur.
747 2892 881 2927 Clavus
900 2892 1006 2928 clavo
1021 2894 1249 2942 expellitur:
1267 2895 1316 2930 ita
1333 2901 1370 2929 et

381 2962 495 2997 prava
512 2948 620 2985 bonis
635 2950 987 2998 supervenientibus
1007 2953 1260 2989 eliminantur.
1286 2954 1370 2991 vir-

382 3016 459 3043 tute
494 3008 676 3056 siquidem
707 3018 745 3044 et
770 3010 956 3059 Sapientia
988 3012 1106 3048 Patris
1124 3040 1133 3057 ‚
1163 3013 1371 3049 Mediatore

378 3066 446 3101 Dei
467 3075 503 3101 et
523 3066 717 3102 hominum
735 3067 880 3104 Christo
899 3071 987 3105 Jesu
1007 3082 1154 3106 crucem
1172 3083 1241 3119 pro
1261 3070 1371 3107 nobis

1390 2838 1417 2873 C
1436 2835 1641 2882 subeunte,
1668 2836 1778 2872 simul
1801 2848 1885 2872 cum
1908 2835 1974 2871 illo
1989 2864 1999 2881 ,
2029 2834 2235 2872 secundum
2256 2839 2423 2884 Aposto-

1435 2896 1536 2940 lum,
1562 2896 1761 2942 crucifixus
1786 2904 1839 2931 esc
1862 2896 1969 2931 Immo
1995 2903 2128 2938 noster,
2155 2903 2194 2929 uc
2220 2896 2427 2930 destruatur

1436 2967 1566 3002 corpus
1576 2959 1720 3003 peccati
1737 2959 1777 2990 ¹².
1798 2953 1896 3001 Quid
1912 2966 1999 3004 ergo
2013 2953 2170 2990 dixerim
2188 2965 2326 3002 corpus
2340 2966 2424 3002 pec—

1436 3015 1529 3050 cati?
1549 3018 1629 3051 lloe
1650 3014 1783 3050 merito
1805 3013 1960 3050 dixerim
1974 3043 1983 3059 ‚
2006 3013 2203 3063 imaginem
2221 3025 2332 3061 quam
2351 3013 2424 3048 im-

1436 3072 1539 3122 pegit
1562 3080 1598 3109 et
1624 3073 1807 3122 confregit
1833 3072 1927 3122 lapis
1952 3071 2097 3108 excisus
2124 3070 2170 3107 de
2195 3079 2321 3107 monte
2343 3071 2423 3108 sine

429 3184 437 3198 ¹
461 3178 574 3210 Mvuh.
593 3190 669 3215 xxv,
690 3181 804 3210 34-40.
821 3197 864 3202 —-
884 3185 895 3200 ²
918 3184 929 3211 1
948 3181 1030 3211 Tim.
1048 3194 1078 3220 v,
1104 3185 1133 3213 8.
1152 3201 1195 3205 —
1216 3181 1229 3204 3
1253 3183 1354 3214 Galat.
1372 3194 1422 3219 vr,
1446 3187 1497 3215 10.
1517 3203 1560 3207 —
1576 3185 1590 3210 4
1611 3187 1686 3216 Luc.
1711 3196 1743 3215 v1
1759 3209 1766 3221 ‚
1790 3188 1844 3216 30.
1860 3203 1900 3206 -
1920 3183 1933 3205 ⁵
1951 3184 2029 3214 Psal.
2048 3195 2128 3221 (ιιι,
2156 3185 2206 3214 14.
2226 3202 2267 3205 -
2283 3181 2298 3204 ⁶
2312 3186 2421 3214 Enarr.

381 3229 411 3259 iu
430 3231 507 3260 Psal.
526 3241 602 3268 cui,
623 3241 711 3260 serni.
728 3234 762 3268 3,
781 3242 811 3262 ιι.
831 3236 880 3263 10.
899 3252 941 3255 —
962 3240 975 3263 7
992 3236 1064 3264 Luc.
1082 3245 1114 3263 vx
1129 3258 1136 3271 ,
1158 3238 1213 3265 38.
1234 3253 1276 3257 ——
1295 3234 1307 3256 8
1323 3235 1370 3265 ld.

379 3286 533 3316 1x‚{>,-
555 3288 582 3303 '²
603 3286 694 3313 Rom.
714 3295 764 3320 vt,
786 3290 815 3315 ὓ.

1391 3247 1445 3272 xx,
1463 3239 1517 3266 41.
1534 3255 1574 3258 ›—
1592 3243 1607 3265 9
1623 3237 1714 3268 Eecli.
1733 3248 1784 3273 111,
1810 3240 1864 3267 33.
1879 3255 1920 3258 -—
1940 3242 1968 3256 ¹⁰
1986 3235 2030 3266 ld.
2048 3246 2142 3269 xxo-¹.
2166 3239 2214 3266 15).
2234 3253 2274 3258 -
2297 3241 2321 3256 ¹¹
2338 3235 2419 3266 Tol).
