2418 3949
0 3751 7 3949 ——--—-

179 225 274 262 1345
741 229 791 264 IN
819 229 1157 264 ASSUMPTIONE
1186 228 1225 261 B.
1255 227 1445 273 MARIAE,
1476 229 1648 264 SERMO.
2126 233 2221 270 1321}

173 302 329 348 nentiae,
345 302 576 339 antemurale
587 303 790 353 patientiae.
811 304 938 354 Surgit
951 312 1075 341 autem
1089 304 1162 340 hoc
1174 301 1204 320 ⁰⁸

1209 301 1408 340 ⁵omnibus
1425 303 1635 341 visibilibus
1657 313 1693 341 et
1713 305 1963 343 invisibilibus
1985 307 2222 358 incompara-

173 375 270 410 opus
290 376 311 398 a
328 362 569 399 fundamento
590 362 694 408 fidei,
710 372 747 400 et
762 364 894 400 crescit
910 377 978 414 per
995 363 1163 400 dilectio·
1178 363 1210 397 A
1230 361 1357 398 biliter
1385 364 1581 413 praeferat?
1611 364 1703 411 Quis
1731 374 1804 411 est,
1834 365 1941 414 cujus
1974 367 2029 403 vel
2057 369 2222 417 gelidum

172 433 258 456 nem
279 421 443 470 proximi
460 434 579 470 usque
594 421 641 457 ad
659 422 877 458 charitatem
897 423 987 468 Dei,
1010 435 1094 472 quae
1109 431 1166 458 est

171 479 211 515 in
231 480 416 529 superiori
434 479 620 526 tabulatu,
638 489 675 516 et
694 481 732 516 in
751 482 1046 531 propugnaculis
1065 481 1166 530 ejus-

172 537 258 574 dem
298 539 396 575 muri
423 554 433 576 :
462 539 550 588 quia
580 539 758 576 nimirum
794 549 884 577 tunc
913 541 1078 590 perfecta
1110 549 1167 577 est

171 598 292 635 virtus
308 599 548 635 continentiae
560 628 571 646 ‚
591 599 745 649 quando
762 600 800 636 in
820 600 962 637 unitate
980 600 1067 637 fidei
1080 613 1165 637 cum

170 657 354 707 proximis
383 659 634 696 communiter
663 661 854 705 viventes,
880 672 955 696 non
988 659 1164 709 supplicii

171 725 297 763 metu,
331 718 386 754 vel
416 719 589 755 humanae
618 719 738 756 laudis
769 719 958 769 appetitu,
980 718 1044 756 sed
1083 719 1163 756 solo

169 775 288 813 divini
319 778 459 814 amoris
486 777 645 814 obtentu
671 791 692 814 a
722 779 882 827 peccatis
909 792 977 815 nos
997 779 1163 816 contine-

170 848 267 872 mus.
287 836 355 872 Vel
381 844 482 873 certe
513 836 598 872 ideo
628 836 786 874 charitas
813 836 900 882 Dei,
928 849 1002 886 qua
1026 836 1165 873 scilicet

169 907 240 932 nos
267 895 406 944 diligit,
428 908 544 946 super
563 910 712 933 murum
732 910 812 933 esse
836 896 988 933 videtur
1001 925 1010 942 ,
1030 905 1071 932 ut
1091 909 1161 946 pro

169 953 377 989 continenti
414 966 483 991 suo
512 968 681 1004 pugnare
707 955 938 1005 significetur
975 969 983 991 :
1015 963 1053 991 et
1075 955 1163 1005 quia

170 1013 402 1050 continentia
422 1013 563 1051 crebris
582 1015 790 1064 validisque
811 1014 1007 1051 tentatoris
1027 1013 1164 1050 ictibus

1229 429 1359 470 pectus
1378 422 1449 458 hoc
1474 422 1700 459 desiderium
1729 437 1805 461 non
1834 426 2036 475 accendat?
2056 431 2144 465 Haec
2169 439 2225 466 est

1230 480 1329 516 enim
1354 481 1417 517 illa
1442 483 1578 530 gratia,
1607 496 1720 531 quam
1741 483 1850 521 nobis
1875 487 2114 523 commendat
2135 488 2224 525 bea·

1234 548 1292 576 tus
1307 543 1472 577 Joannes
1493 542 1720 591 evangelista
1734 571 1743 587 ,
1761 543 1888 580 dicens
1905 558 1912 579 :
1932 546 1981 580 Et
1996 549 2222 594 deplcnita-

1230 600 1316 634 cline
1336 605 1414 646 ejas
1439 614 1505 636 nos
1527 615 1652 636 omnes
1672 607 1898 650 accepimus,
1919 613 1953 639 et
1973 610 2137 652 gratiam
2152 621 2224 655 pro

1229 663 1355 706 gratia
1367 656 1393 694 3.

1283 716 1318 753 4.
1349 720 1402 753 Ex
1430 717 1567 767 quibus
1593 719 1731 756 scilicet
1758 720 1883 757 verbis
1910 722 2097 769 innuitur,
2121 726 2224 774 quod

1230 776 1416 825 triplicem
1447 777 1602 824 gratiam
1633 777 1812 815 divinitus
1831 781 2044 829 accepimus
2062 797 2069 818 :
2087 797 2199 820 unam
2211 813 2221 830 ,

1230 848 1304 884 qua
1333 836 1612 882 convertimur;
1634 837 1760 883 aliam,
1787 851 1862 886 qua
1888 839 1925 875 in
1955 842 2224 880 tentationibus

1229 893 1473 942 adjuvamur,
1490 896 1633 931 tertiam
1647 923 1656 941 ‚
1670 910 1744 945 qua
1759 897 1908 946 probati
1925 911 2223 938 remuneramur.

1229 954 1353 990 Prima
1368 967 1437 990 nos
1456 954 1600 1000 initiat,
1619 968 1687 1004 per
1705 970 1815 1005 quam
1833 970 2015 994 vocamur
2034 974 2041 995 z
2060 962 2224 998 secunda

1231 1013 1423 1063 provehit,
1447 1027 1518 1062 qua
1535 1014 1786 1063 justificamur
1808 1031 1814 1051 :
1838 1017 1945 1053 tertia
1967 1029 2221 1066 consummat,

170 1071 342 1109 resistere
363 1086 440 1109 non
459 1074 596 1123 possit,
610 1074 680 1110 nisi
696 1073 778 1122 ejus
798 1073 916 1123 gratia
932 1081 1163 1122 protegatur.
1184 1073 1211 1106 B
1230 1086 1304 1122 qua
1329 1073 1598 1122 glorificamur.
1623 1077 1669 1110 Et
1689 1075 1811 1124 prima
1833 1076 1985 1125 quidem
2010 1077 2227 1128 beneplaci-

168 1129 316 1167 Idcirco
339 1132 438 1167 enim
459 1133 692 1168 antemurale
711 1131 902 1181 patientiae
922 1131 1097 1180 ponitur,
1117 1143 1164 1167 ne

168 1189 216 1225 ad
247 1190 540 1240 impugnandam
570 1191 840 1227 continentiam
870 1190 987 1226 facilis
1013 1189 1164 1226 diabolo

168 1257 296 1297 pateat
319 1263 502 1287 accessus.
523 1251 596 1298 Qui
621 1263 710 1299 ergo
735 1258 957 1299 protegente
985 1250 1165 1300 patientia

168 1308 409 1345 continenter
440 1310 597 1355 vivunt,
628 1310 699 1360 ipsi
729 1308 829 1346 bene
860 1323 945 1346 cum
979 1311 1164 1360 Apostolo

167 1375 427 1416 protestantur
453 1377 491 1405 et
518 1369 649 1406 dicunt
676 1384 683 1405 :
717 1371 806 1416 Quis
831 1384 896 1405 nos
923 1369 1114 1418 separabit
1143 1384 1167 1406 a

168 1427 352 1463 charitate
379 1429 546 1464 Christi?
568 1430 602 1463 T
599 1428 799 1464 ribulatio?
819 1442 868 1464 aa
893 1435 1068 1477 angustia
1079 1431 1099 1463 .·''
1118 1443 1167 1464 an

163 1489 399 1534 persecutio?
419 1500 471 1522 an
496 1484 652 1533 fames?
685 1501 734 1522 an
768 1489 948 1523 nuditas?
980 1501 1028 1522 an
1058 1493 1166 1536 peri-

167 1548 324 1582 culum?
357 1560 406 1582 an
434 1549 620 1594 gladius?
647 1547 759 1583 Vides
791 1560 901 1596 quam
937 1546 1077 1583 solidus
1116 1547 1163 1583 sit

167 1605 447 1641 continentium
472 1619 621 1652 murus,
639 1619 735 1655 quos
758 1620 875 1655 neque
901 1620 1162 1654 mors‚>neque

169 1665 267 1709 vita,
290 1678 409 1713 neque
435 1667 595 1714 Angeli,
630 1679 747 1714 neque
765 1670 1022 1714 principatus,
1045 1679 1163 1714 neque

163 1732 386 1770 potestates,
409 1737 528 1772 neque
547 1730 720 1768 virtutes,
737 1737 855 1772 neque
875 1729 1054 1760 instantia
1067 1753 1077 1770 ,
1096 1739 1163 1760 ne-

167 1781 380 1831 qioefutura
389 1810 402 1828 ,
421 1797 537 1832 neque
545 1782 729 1831 fortitudo
741 1812 752 1828 ‚
770 1796 888 1832 neque
906 1786 1059 1818 altitudo
1070 1813 1081 1828 ,
1100 1797 1163 1819 ne-

1231 1141 1308 1168 tum
1333 1141 1389 1169 est
1407 1147 1414 1169 :
1435 1133 1621 1179 secunda,
1639 1134 1813 1170 meritum
1836 1149 1843 1170 z
1867 1137 1995 1181 tertia,
2013 1139 2222 1185 przemium.

1229 1195 1285 1228 De
1311 1192 1432 1241 prima
1462 1192 1602 1228 dictum
1634 1201 1709 1236 est,
1738 1194 1786 1228 Et
1816 1195 1862 1228 de
1884 1197 2121 1242 plenitudine
2148 1199 2226 1242 ejus

1231 1266 1356 1287 omnes
1386 1256 1607 1300 accepimns.
1639 1256 1694 1289 De
1724 1252 1871 1289 duabus
1900 1254 2054 1303 reliquis
2083 1255 2225 1293 dictum

1229 1320 1306 1356 est,
1323 1314 1374 1348 Et
1390 1316 1553 1360 gratiam
1569 1325 1640 1360 pro
1655 1317 1798 1359 gratia,
1817 1312 1853 1348 id
1871 1322 1947 1358 est,
1969 1327 2125 1351 munera
2143 1316 2225 1365 glo-

1231 1370 1295 1406 riae
1326 1379 1475 1406 aeternae
1501 1384 1571 1420 pro
1593 1371 1727 1407 merito
1754 1373 1970 1421 temporalis
1996 1374 2148 1410 militiae.
2172 1376 2227 1412 Sit

1231 1443 1320 1479 ergo
1334 1430 1454 1479 prima
1468 1430 1582 1478 gratia
1598 1431 1632 1465 in
1651 1443 1758 1466 muro
1772 1432 2014 1468 continentiae
2025 1461 2033 1477 ,
2049 1433 2093 1469 ad
2113 1447 2224 1483 quam

1231 1502 1413 1526 vocamur
1435 1504 1442 1526 :
1462 1490 1508 1526 sit
1528 1489 1694 1526 secunda
1717 1490 1754 1526 in
1775 1504 1929 1527 ascensu
1958 1493 2091 1537 turris,
2113 1507 2224 1542 quam

1230 1548 1467 1586 ascendimus
1487 1563 1494 1584 ε
1512 1550 1556 1586 sit
1576 1549 1683 1585 tertia
1699 1549 1735 1584 in
1753 1548 1834 1597 ejus
1850 1551 2033 1595 eulmine,
2049 1566 2124 1601 quo
2142 1566 2227 1602 per-

1227 1609 1413 1645 venimus.
1431 1609 1502 1646 Hic
1518 1609 1663 1658 itaque,
1681 1609 1718 1645 id
1733 1610 1837 1645 estin
1855 1610 1925 1646 hoc
1943 1611 2125 1658 culmine,
2139 1627 2223 1650 cum

1229 1668 1273 1704 ad
1300 1668 1394 1704 illud
1419 1669 1648 1718 perveniunt
1672 1669 1735 1717 qui
1763 1668 1858 1705 bene
1883 1671 2105 1719 proliciunt,
2131 1674 2226 1710 liunt

1225 1727 1302 1776 jam
1326 1728 1430 1764 locus
1453 1736 1490 1764 et
1514 1727 1620 1764 sedes
1645 1729 1834 1771 Domino,
1856 1729 1902 1764 de
1928 1729 2100 1778 qualibus
2127 1733 2222 1768 scri-

1228 1796 1334 1837 ptum
1359 1796 1415 1824 est
1433 1802 1440 1823 :
1462 1790 1555 1822 Illuc
1574 1793 1672 1823 enim
1695 1792 1939 1824 uscemterzmt
1958 1789 2087 1831 tribus,
2110 1790 2224 1827 tribus

165 1841 475 1891 queprosandum
491 1856 630 1891 ,neque
646 1853 814 1879 creatura
835 1846 964 1891 aliqua
974 1851 1096 1890 potest
1110 1857 1162 1878 se·
1183 1845 1209 1881 C
1229 1848 1403 1891 Domini,
1416 1848 1661 1883 testimonium
1677 1850 1813 1891 Israel,
1832 1850 1888 1882 ad
1899 1850 2145 1895 confitendam
2163 1865 2224 1886 no-

162 1915 334 1950 pararea
348 1904 530 1939 charitate
544 1905 618 1938 Dei
628 1930 638 1948 ,
653 1917 739 1951 (μα’
750 1913 802 1939 est
818 1908 856 1938 in
874 1903 1014 1938 Christo
1031 1904 1117 1938 lesu
1132 1909 1157 1939 ¹.

221 1963 255 1999 3.
275 1962 347 2000 Sed
366 1961 445 2012 jam
466 1963 658 2012 pulsemus
683 1962 730 1999 ad
752 1964 833 2012 ejus
858 1971 1006 2012 portaS,
1032 1971 1161 2012 portas

165 2021 306 2058 scilicet
329 2021 506 2070 justitiae;
527 2030 567 2058 ut
592 2023 808 2072 aperiantur
835 2021 963 2069 nobis,
985 2023 1163 2072 ingressi-

166 2094 241 2130 que
267 2095 336 2132 per
361 2094 422 2118 eas
443 2082 639 2118 videamus
663 2082 765 2119 intus
787 2095 919 2131 magna
946 2096 1059 2133 opera
1086 2085 1162 2119 Do-

166 2140 279 2187 mini,
299 2141 483 2190 exquisita
507 2141 545 2177 in
575 2154 706 2177 omnes
736 2141 951 2178 voluntates
980 2140 1073 2189 ejus.
1104 2140 1162 2178 Ibi

165 2200 268 2236 enim
298 2209 479 2250 operante
512 2200 593 2250 ipso
626 2201 876 2247 construitur,
912 2210 1088 2250 tanquam
1123 2201 1162 2237 in

166 2268 296 2296 monte
325 2260 438 2305 Sion,
457 2260 672 2309 evangelica
703 2260 765 2296 illa
794 2261 926 2306 turris,
954 2274 1022 2310 per
1048 2274 1161 2310 quam

164 2319 361 2356 humiliato
383 2320 498 2357 corde
525 2320 735 2357 ascendunt
755 2321 791 2357 in
814 2321 950 2357 coelum
974 2322 1092 2358 sancti
1112 2321 1158 2357 de

163 2379 335 2415 convalle
352 2379 587 2428 plorationis.
610 2380 853 2426 Ascendunt,
879 2381 1053 2429 inquam,
1080 2393 1157 2416 non

165 2437 302 2474 virtute
324 2451 407 2483 sua,
426 2438 490 2475 sed
514 2439 655 2474 auxilio
681 2447 719 2476 et
739 2439 856 2488 gratia
878 2439 967 2484 Dei,
990 2440 1086 2475 sicut
1109 2439 1160 2475 ait

163 2497 325 2547 Spiritus
347 2506 498 2535 sanctus
515 2510 583 2548 per
604 2497 826 2548 prophetam
851 2497 974 2535 David
992 2513 999 2534 :
1022 2501 1160 2534 Beatus

165 2560 224 2593 vir
235 2563 336 2604 cujus
350 2566 402 2593 est
417 2560 601 2593 (auxilium
618 2557 685 2593 abs
705 2567 759 2602 te‚·
777 2562 1010 2594 ascensiones
1025 2563 1063 2593 in
1084 2572 1161 2593 cor-

1227 1911 1319 1942 mirri
1340 1908 1492 1942 Domini
1506 1921 1517 1940 .·
1535 1911 1626 1954 qaia
1647 1909 1726 1942 illic
1744 1909 1917 1942 sederunt
1937 1910 2041 1943 seiles
2066 1912 2102 1943 ln
2116 1912 2225 1955 judi-

1228 1968 1282 2001 cio
1293 1966 1320 2002 4.
1338 1969 1383 2002 Et
1406 1966 1558 2015 quidem
1578 1965 1667 2002 dum
1685 1965 1806 2002 adhuc
1826 1975 1932 2002 erant
1949 1967 1986 2002 in
2005 1980 2114 2003 muro
2130 1981 2225 2004 con-

1229 2024 1413 2070 tinentiae,
1426 2024 1515 2060 etin
1531 2024 1606 2060 acie
1621 2024 1790 2071 stabant,
1807 2025 2021 2075 impugnari
2038 2035 2226 2076 poterant,

1228 2092 1265 2120 et
1290 2083 1415 2133 primo
1441 2092 1619 2133 tanquam
1646 2083 1797 2133 adjutor
1813 2093 1924 2121 notus
1945 2094 2023 2121 erat
2041 2087 2076 2121 in
2096 2086 2226 2123 Judaea

1227 2147 1328 2180 Deus
1345 2159 1352 2180 :
1372 2157 1456 2180 cum
1481 2157 1572 2180 vero
1586 2143 1663 2192 jam
1681 2144 1718 2180 in
1739 2144 1806 2180 ista
1826 2145 1985 2181 statione
2002 2146 2224 2191 consistunt,

1227 2200 1292 2238 ubi
1323 2202 1526 2238 Dominum
1552 2202 1814 2252 speculantur,
1835 2202 1873 2238 in
1900 2204 2012 2239 Israel
2046 2217 2222 2253 maguum

1226 2274 1364 2298 nomen
1387 2261 1489 2310 ejus,
1507 2270 1543 2298 et
1563 2262 1679 2298 factus
1699 2270 1754 2298 cst
1772 2263 1810 2298 in
1830 2276 1920 2312 pace
1940 2263 2043 2299 locus
2066 2264 2167 2312 ejus,
2187 2274 2224 2301 et

1224 2320 1404 2357 habitatio
1432 2320 1512 2370 ejus
1541 2321 1578 2357 in
1610 2322 1710 2358 Sion.
1741 2321 1797 2359 Ibi
1826 2323 2008 2372 confregit
2036 2325 2223 2372 potentias

1224 2392 1378 2416 arcuum
1392 2408 1401 2424 ‚
1422 2388 1591 2425 scutum,
1612 2388 1649 2416 et
1669 2380 1855 2429 gladium,
1878 2390 1914 2417 et
1938 2380 2077 2418 bellum
2104 2397 2111 2419 ;
2133 2384 2222 2432 quia

1225 2437 1276 2474 ibi
1296 2438 1422 2474 nullus
1443 2446 1567 2475 motus
1587 2439 1706 2475 carnis
1723 2440 1880 2484 resistit,
1905 2439 1968 2476 sed
1994 2441 2223 2478 omnimodis

1226 2495 1394 2546 subjecta
1417 2505 1472 2532 est
1491 2497 1652 2546 spiritui.
1674 2501 1783 2534 Hunc
1805 2498 1927 2534 locum
1954 2498 2132 2535 ardenter
2157 2499 2223 2535 ‹le-

1226 2556 1414 2593 siderabat
1444 2557 1649 2606 propheta,
1684 2570 1768 2593 cum
1803 2557 1944 2593 diceret
1978 2573 1985 2594 :
2016 2560 2055 2593 Si
2089 2561 2224 2594 ‹ledet-0

163 2619 210 2652 tle
227 2631 294 2652 suo
319 2619 510 2665 disposuit.
526 2618 672 2665 Quaeris
691 2616 780 2653 ubi?
798 2620 841 2652 In
862 2621 1161 2666 convallrplora-
1178 2626 1210 2659 D
1226 2630 1392 2651 somnum
1423 2620 1536 2652 oculis
1557 2623 1666 2661 mels,
1694 2627 1728 2652 et
1749 2617 1943 2665 palpebris
1967 2623 2057 2653 meis
2089 2621 2224 2653 dormi-

162 2681 295 2720 tionis,
314 2676 384 2712 hoc
400 2684 475 2721 est,
490 2676 528 2712 in
548 2676 756 2712 humilitate
776 2675 859 2712 vitae
881 2677 1087 2725 praesentis.
1113 2679 1159 2713 Et

161 2735 334 2772 eamdem
365 2735 482 2785 ipsam
509 2735 664 2784 gratiam
694 2735 870 2785 replicat,
895 2735 1022 2771 dicens
1041 2749 1048 2770 τ
1066 2738 1158 2770 Ete-

162 2798 240 2829 nim
265 2793 556 2830 benedictionem
581 2793 686 2829 dabit
704 2797 901 2843 legislator.
928 2797 1012 2841 Quo
1032 2803 1156 2831 autem

164 2853 352 2902 pertingat
375 2866 568 2898 ascensus,
585 2854 643 2889 vel
670 2853 717 2889 ad
744 2866 855 2902 quem
883 2854 1043 2890 fructum
1071 2867 1158 2904 per-

163 2912 276 2948 ducat
290 2912 534 2949 ascendentes
551 2913 629 2962 ipsa
649 2912 784 2960 gratia,
804 2913 976 2962 protinus
995 2912 1158 2961 subjun-

163 2971 216 3021 git
232 2986 239 3007 :
260 2972 391 3016 Ibunt,
411 2972 551 3021 inquit,
570 2973 614 3006 (lc
630 2978 766 3007 virtute
782 2978 819 3007 ln
837 2978 1029 3015 *annaeum
1049 2974 1158 3008 vide-

164 3031 264 3067 bitur
282 3033 380 3067 Deus
398 3035 546 3067 {lem-um
569 3037 606 3066 in
625 3033 712 3067 Sion
726 3037 750 3068 ².
766 3035 854 3068 Haec
869 3041 923 3069 est
942 3045 1104 3078 merces,
1122 3041 1158 3069 et

163 3091 223 3128 hic
239 3100 296 3128 est
315 3092 400 3128 finis
423 3101 460 3128 et
481 3092 623 3128 fructus
641 3093 759 3128 nostri
783 3091 944 3137 laboris,
970 3093 1062 3129 visio
1083 3093 1156 3128 sei-

163 3151 250 3187 licet
266 3152 345 3188 Dei.
362 3152 454 3199 Quis
475 3164 550 3188 non
574 3152 676 3189 hunc
697 3160 838 3189 tantum
863 3153 1024 3189 fructum
1045 3152 1157 3188 rebus

1223 2680 1422 2717 tationem,
1454 2685 1489 2710 et
1515 2680 1677 2723 requiem
1714 2676 1933 2724 tempotilms
1963 2679 2068 2722 meis,
2104 2681 2219 2713 (lonvi-

1223 2739 1407 2770 inveniam
1443 2737 1557 2770 locam
1595 2739 1753 2770 Domino
1777 2735 1801 2771 5.
1829 2740 1910 2772 llue
1943 2736 2053 2772 etium
2092 2739 2218 2773 volare

1224 2794 1399 2844 cupiens,
1424 2795 1537 2839 Quis,
1563 2795 1703 2844 inquit,
1734 2795 1837 2830 dabit
1858 2797 2106 2843 mileipmnas
2133 2800 2221 2832 sicat

1223 2853 1421 2898 colmnboe,
1441 2864 1476 2889 et
1496 2853 1650 2897 volabo,
1670 2864 1706 2890 et
1727 2860 1952 2902 seqlui-icam
1965 2854 2007 2890 (ἢ)

1278 2914 1312 2949 5.
1330 2917 1411 2950 Jam
1431 2926 1520 2948 vero
1541 2913 1570 2948 si
1591 2921 1780 2961 quteratur
1797 2913 1842 2948 de
1861 2914 1998 2949 castelli
2019 2913 2132 2961 liujus
2154 2914 2219 2950 lia-

1224 2972 1472 3015 bitatoribus,
1493 2972 1576 3021 quis
1595 2971 1701 3008 cibus
1721 2972 1766 3008 ad
1788 2973 2092 3017 sustentandum,
2117 2974 2218 3022 quenl

1224 3033 1417 3069 munimen
1448 3032 1493 3067 ad
1523 3031 1820 3081 protegendum,
1845 3046 1976 3081 quzexe
2004 3046 2106 3068 arma
2127 3047 2218 3083 sup-

1224 3100 1353 3141 petant
1372 3091 1418 3127 ad
1441 3091 1752 3140 repugnandum
1773 3105 1972 3140 possumus
1994 3093 2081 3129 sutis
2106 3094 2220 3129 ratio—

1225 3149 1400 3187 nabiliter
1418 3150 1667 3199 respondere,
1685 3151 1786 3199 quod
1806 3151 2124 3201 quenuulnwdum
2142 3166 2221 3188 ear-

213 3290 219 3304 ¹
238 3287 330 3316 Rom.
346 3296 407 3315 νιιι
425 3309 432 3322 ,
451 3289 512 3323 35,
529 3289 571 3318 38
589 3310 596 3323 ,
617 3289 671 3318 39.
690 3305 729 3309 -
750 3288 1035 3321 ²l‘sal.1.xxxui‚
1054 3290 1123 3318 6-8.
1139 3305 1181 3311 —-
1200 3284 1213 3309 3
1233 3290 1373 3321 Joau.1,
1398 3291 1446 3317 16.
1469 3305 1506 3309 -κ
1539 3286 1643 3316 ΗὬΙ,
1664 3297 1739 3316 cxxi
1756 3310 1762 3320 ,
1796 3288 1825 3323 3,
1845 3291 1874 3316 ξι.
1906 3304 1935 3308 —-
1960 3292 1972 3306 ³
1998 3286 2074 3315 rsal.
2092 3297 2190 3315 cxxxi
2207 3310 2214 3320 ,

170 3339 200 3367 ln.
219 3355 258 3359 -—
282 3335 297 3358 θ
316 3337 478 3373 Psnl.¹,1v,
504 3355 529 3368 t.

299 3409 387 3430 Tou.
419 3409 451 3430 Υ.

2019 3398 2060 3432 tlt
