2418 3949
459 160 848 232 GAUFRIDI
897 162 1238 231 ABBATIS
1288 163 1977 234 DECLAMATIONES

195 383 338 465 DE
389 380 1065 499 COLLOQUIO
1116 378 1579 468 SIMONIS
1629 382 1872 469 CUM
1926 383 2235 488 JESU,

536 604 627 649 EX
662 605 708 649 S.
747 602 1061 649 BERNARDI
1096 601 1487 650 SERMONIBUS
1523 604 1887 651 COLLECTAE.

751 785 818 817 AD
846 784 1104 819 HENRICUM
1133 783 1167 818 S.
1199 784 1243 817 R.
1274 783 1313 816 E.
1345 782 1678 818 CARDINALEM.

429 991 488 994 -ᾲ
494 980 1292 1007 ὴ-ἫΘΘΘΘΞ

990 1179 1446 1236 ΑΒΜΟΝΙΤΙΟ.

240 1385 283 1423 1.
309 1381 440 1430 Hujus
459 1379 639 1431 opusculi
659 1389 794 1418 auctor
821 1388 879 1418 est
907 1379 1148 1427 &uh-idus,
1184 1378 1373 1417 Bernardi
1406 1378 1645 1430 discipulus,
1677 1379 1746 1429 qui
1776 1377 1881 1416 istud
1899 1392 1946 1416 ex
1975 1379 2091 1416 variis
2121 1380 2239 1417 sancti

188 1446 314 1484 Patris
335 1445 584 1484 sermonibus
603 1445 829 1491 contexuit,
848 1445 906 1482 uti
929 1445 1010 1495 ipse
1031 1445 1168 1482 asserit
1190 1445 1301 1482 initio
1320 1443 1470 1495 prologi
1490 1443 1704 1494 sequentis.
1726 1442 1831 1480 Nam
1851 1442 1918 1480 ubi
1947 1443 1986 1480 in
2008 1442 2120 1481 editis
2142 1443 2238 1495 legi-

188 1519 266 1558 tur,
291 1528 307 1543 u
327 1523 347 1548 e
368 1508 505 1547 multis
524 1508 772 1547 sermonibus
788 1507 977 1554 Patru1n;
1007 1526 1020 1542 υ
1036 1509 1174 1558 vscripti
1189 1522 1326 1547 omnes
1345 1508 1564 1559 praeferunt
1579 1539 1588 1556 ,
1617 1528 1630 1542 «ι
1655 1522 1675 1546 e
1696 1507 1831 1546 multis
1850 1508 2097 1546 sermonibus
2113 1509 2239 1547 Patris

190 1594 206 1609 »
223 1576 345 1613 nostri
363 1591 372 1611 :
396 1593 410 1607 n
429 1574 784 1621 Cheminionensis‚
806 1592 820 1607 «
838 1588 858 1612 e
875 1573 1011 1612 multis
1026 1572 1276 1612 sermonibus
1292 1572 1396 1611 beati
1415 1571 1604 1610 Bernardi
1621 1572 1746 1610 Patris
1763 1573 1899 1610 nostri.
1922 1592 1935 1605 n
1956 1572 2000 1609 In
2019 1571 2093 1609 hoc
2109 1571 2239 1610 codice

184 1642 237 1678 sic
255 1639 376 1678 habet
401 1638 492 1677 libri
524 1640 723 1690 inscriptio
746 1656 755 1677 :
784 1657 798 1672 «
826 1639 970 1690 Incipit
990 1638 1227 1690 opusculum
1256 1637 1393 1675 domni
1425 1636 1608 1675 Gaufridi
1638 1636 1686 1674 de
1715 1636 1826 1675 dictis
1850 1636 1954 1674 beati
1982 1636 2170 1675 Bernardi
2190 1637 2239 1675 ad

188 1722 204 1736 n
231 1704 446 1742 Henricum
478 1703 665 1741 Romanae
687 1703 864 1741 Ecclesiae
889 1712 982 1741 tunc
1013 1703 1297 1742 subdiaconum
1315 1734 1324 1751 ‚
1345 1711 1480 1754 postea
1508 1702 1749 1741 monachum
1769 1701 2061 1750 Clarae-Vallis,
2095 1702 2237 1741 deinde

191 1790 204 1803 »
229 1768 486 1816 cardinalem,
514 1783 632 1820 super
654 1772 765 1805 Diaeit
784 1772 909 1805 Sinum
928 1772 1058 1806 Petras
1078 1772 1129 1805 acl
1147 1771 1284 1806 lesum.
1314 1787 1328 1801 »
1355 1767 1484 1806 Codex
1515 1767 1841 1818 Aquicinctcnsis‚
1869 1768 2032 1817 scriptus
2052 1767 2101 1805 ab
2126 1769 2238 1806 annis

185 1833 482 1886 quadringentis
502 1851 510 1871 ε
540 1852 556 1868 «ι
588 1834 702 1872 Liber
728 1833 777 1872 de
801 1833 966 1872 lectione
987 1833 1229 1886 evangelica,
1248 1837 1343 1870 Ecce
1362 1848 1427 1869 nos
1447 1837 1663 1882 reliquimus
1682 1837 1807 1869 omnia
1820 1862 1829 1877 ,
1858 1831 2042 1870 collectus
2062 1846 2107 1870 ex
2126 1832 2237 1872 dictis

191 1917 205 1932 »
231 1897 366 1937 domni
388 1898 574 1937 Bernardi
599 1898 749 1936 abbatis
766 1897 1044 1937 Clarae-Vallis.
1080 1918 1093 1932 »
1120 1899 1166 1936 In
1187 1898 1316 1937 codice
1335 1898 1547 1945 Vaticano,
1566 1912 1606 1935 n.
1626 1898 1718 1945 658,
1742 1899 1882 1948 scripto
1902 1911 1974 1948 pro
1997 1895 2160 1936 Nicolao
2181 1898 2234 1946 V,

184 1971 306 2001 exstat
324 1963 398 2000 sub
419 1962 493 2001 hoc
514 1961 628 2001 titulo
648 1980 655 2000 :
678 1981 691 1995 «
712 1962 770 2000 De
786 1962 981 2014 colloquio
1000 1962 1170 2002 Simonis
1190 1973 1227 2002 et
1243 1963 1352 2010 Jesu,
1373 1962 1422 2000 ad
1440 1963 1659 2000 Henricum
1680 1968 1864 2001 Romanae
1881 1962 2060 2000 Ecclesiae
2076 1963 2237 2001 subdia-

190 2046 205 2060 »
229 2042 373 2067 conum
389 2058 398 2076 ,
421 2029 490 2079 qui
511 2036 645 2078 postea
663 2027 880 2065 monachus
898 2027 1231 2067 Clarae-Yallensis
1248 2029 1370 2067 sactus
1384 2038 1441 2066 est
1457 2028 1576 2066 abbas
1590 2028 1696 2079 apud
1710 2029 1994 2066 monasterium
2007 2028 2238 2066 Santi-Ana—

188 2111 202 2125 »
227 2093 332 2131 stasii
351 2092 399 2130 de
420 2093 552 2139 Urbe3
580 2113 594 2126 υ
620 2094 713 2131 etin
735 2094 812 2129 fine
835 2109 843 2129 :
870 2112 881 2125 r<
905 2093 1071 2143 Explicit
1090 2093 1306 2133 liberbeati
1328 2093 1530 2131 Bcrnardi.
1553 2113 1565 2125 »ι
1594 2092 1984 2131 ΥαΙΙίε-ΙΛιςυιηίιηιε
2009 2094 2208 2144 antiquior
2227 2110 2235 2130 z

184 2176 199 2191 «
226 2158 424 2209 Incipiunt
451 2158 621 2209 capitula
641 2160 681 2195 in
702 2158 918 2209 opusculo,
938 2158 1046 2209 quod
1066 2158 1158 2197 fecit
1180 2158 1300 2197 abhas
1330 2159 1562 2210 Igniaccnsis
1583 2157 1632 2195 ad
1650 2158 1867 2196 IIcnricuin
1885 2188 1893 2205 ‚
1922 2176 1935 2191 υ
1962 2166 2034 2195 etc.
2056 2157 2238 2208 Denique

182 2222 529 2262 Clarae-vallensis
558 2232 597 2261 et
628 2223 759 2274 Regiae
789 2222 974 2261 Navarrae
1001 2223 1149 2261 codices
1183 2221 1365 2261 Gausridi
1398 2235 1543 2260 nomen
1571 2222 1809 2273 praeferunt,
1831 2236 1910 2260 non
1941 2221 2145 2260 Bernardi.
2180 2223 2239 2260 Ex

183 2286 329 2339 quibus
342 2318 351 2335 ,
369 2287 532 2338 aliisque
553 2286 749 2325 codicibus
768 2287 1016 2339 intelligitur,
1040 2287 1147 2325 liunc
1167 2287 1314 2326 librum
1335 2287 1384 2324 ab
1405 2287 1489 2325 aliis
1507 2286 1716 2335 Gausrido,
1735 2286 1784 2324 ab
1812 2286 1896 2325 aliis
1920 2287 2122 2326 Bernardo
2141 2287 2238 2325 olim

182 2353 302 2391 fuisse
325 2353 576 2391 attributum.
606 2353 663 2390 Ex
678 2352 740 2391 his
757 2366 860 2390 unus
887 2362 944 2391 est
967 2352 1192 2391 W'illclmus
1211 2352 1430 2391 monachus
1446 2352 1727 2400 Tornacensis,
1749 2354 1818 2404 qui
1841 2354 1880 2390 in
1908 2352 2150 2391 Ber-nardino
2168 2368 2238 2392 suo

182 2431 251 2456 seu
271 2417 372 2456 libro
394 2418 559 2456 Florum
587 2431 631 2456 ex
654 2417 856 2456 Bernardo
869 2449 878 2466 ,
899 2417 1047 2456 librum
1067 2437 1083 2451 «
1106 2418 1155 2456 de
1177 2418 1372 2469 colloquio
1388 2417 1559 2456 Simonis
1583 2427 1620 2456 et
1635 2417 1656 2455 J
1661 2432 1729 2456 esu
1757 2437 1770 2450 »
1791 2419 1934 2468 passim
1955 2418 2029 2457 sub
2050 2418 2237 2456 Bernardi

182 2483 341 2520 nomine
356 2481 499 2521 laudat.
524 2482 752 2533 Utrumque
772 2496 913 2521 verum
936 2492 1014 2530 est,
1040 2492 1078 2521 et
1099 2482 1286 2521 Ber-nardi
1308 2497 1388 2521 csse
1412 2483 1485 2521 hoe
1503 2483 1761 2534 opusculum,
1784 2485 1841 2521 uti
1859 2485 2048 2528 auctoris,
2069 2494 2106 2522 et
2126 2484 2237 2521 Gau-

183 2545 271 2584 sridi
295 2547 353 2585 uti
369 2547 603 2595 collectoris,
624 2549 693 2598 qui
714 2562 759 2586 ex
788 2562 853 2586 ore
882 2548 1043 2586 dicentis
1069 2549 1195 2587 varios
1215 2547 1404 2585 Bernardi
1434 2561 1635 2585 sermones
1653 2578 1661 2594 ‚
1691 2547 1740 2585 de
1767 2547 1964 2598 colloquio
1984 2547 2155 2586 Simonis
2187 2548 2236 2585 ad

182 2611 318 2649 Jesum
339 2611 514 2659 habitos,
540 2613 579 2649 in
604 2627 730 2650 unum
761 2613 956 2651 conflavit.
987 2612 1087 2651 Sane
1111 2622 1205 2651 tunc
1234 2613 1354 2650 moris
1382 2621 1485 2657 crat,
1517 2621 1561 2650 ut
1588 2626 1632 2650 cx
1656 2626 1721 2649 οη·
1751 2611 1946 2662 loquentis
1965 2614 2238 2662 exciperentur

183 2689 382 2714 sermones
418 2690 495 2714 non
525 2676 642 2715 modo
662 2677 875 2725 Bcrnardi,
907 2678 1014 2729 quod
1034 2677 1083 2716 de
1108 2678 1365 2716 Sermonibus
1396 2679 1434 2714 in
1466 2677 1621 2715 Cantica
1641 2677 1804 2727 aliisque
1825 2687 1996 2724 constat,
2025 2677 2093 2714 scd
2119 2679 2236 2715 ctiam

183 2740 352 2778 aliorum
370 2771 379 2788 ‚
401 2750 447 2779 ut
467 2740 514 2779 dc
535 2742 713 2780 Gucrrici
735 2741 884 2781 abbatis
904 2742 1162 2781 Sermonibus
1185 2742 1335 2782 factum
1356 2742 1594 2781 videbimus.

235 2807 274 2843 2.
297 2805 511 2844 Gausridus
538 2807 670 2858 itaque
696 2807 806 2845 istius
826 2807 1001 2858 opusculi
1022 2821 1101 2845 non
1128 2818 1278 2854 auctor,
1301 2807 1367 2846 scd
1389 2807 1568 2846 collector
1593 2807 1875 2858 agnoscendus.
1899 2809 1947 2845 At
1968 2806 2101 2857 plures
2126 2807 2235 2845 suere

183 2872 268 2920 ejus
289 2871 458 2909 nominis
481 2871 659 2910 monachi
677 2872 1039 2911 Clarae-Vallenses.
1060 2872 1257 2910 Abbatcm
1278 2873 1542 2923 Igniaccnscm
1561 2881 1671 2909 vocnt
1686 2871 1805 2910 rodi-,x
1829 2871 2169 2909 Vallis-Lucernis.
2197 2872 2233 2910 Is

184 2948 274 2986 ergo
301 2945 358 2974 est
379 2936 618 2985 Gauri-idus,
639 2937 824 2976 Boi-nardi
842 2939 1018 2989 primum
1045 2939 1247 2984 notarius,
1275 2947 1313 2975 et
1340 2946 1424 2988 post
1453 2937 1690 2974 Gucrricum
1712 2936 1831 2974 abbas
1854 2938 2112 2987 Igniaccnsis,
2147 2947 2233 2975 tum

183 3009 269 3050 post
294 3000 524 3039 Fasti-edum
545 3001 876 3042 Clarae-Vallcnsis
893 3033 902 3051 ‚
932 3006 1001 3054 qui
1029 3003 1148 3041 libros
1175 3003 1224 3041 dc
1250 2989 1535 3040 Bcrnardi'vita
1562 3002 1684 3049 duos,
1715 3011 1754 3040 ct
1778 3016 1999 3040 scrmoncm
2021 3002 2069 3040 ‹lc
2093 3002 2232 3039 codem

183 3067 413 3116 composuit.
444 3067 637 3106 Hem-icus
660 3082 776 3115 vero,
803 3069 865 3106 cui
885 3068 1123 3119 opusculum
1147 3068 1251 3107 istud
1271 3076 1544 3118 nuncupatum
1565 3077 1641 3115 est,
1672 3067 1751 3117 ipsc
1778 3077 1835 3104 cst
1851 3081 1971 3117 qucm
1999 3066 2101 3104 idem
2128 3067 2233 3103 Gau—

182 3128 306 3167 fridus
330 3129 512 3169 laudatin
530 3131 631 3170 Actis
650 3132 799 3170 concilii
825 3133 1026 3170 llcmcnsis
1042 3142 1177 3170 contra
1196 3131 1421 3170 (iillicrtum
1444 3132 1701 3171 Porri-tanum
1719 3132 1780 3170 liis
1805 3132 1935 3170 verbis
1960 3150 1967 3169 ι
1994 3154 2005 3163 ⁴=
2038 3132 2231 3169 Dominus

187 3214 201 3225 -›
229 3196 416 3233 llenricus
433 3196 610 3243 Pisanus,
631 3207 720 3236 tunc
736 3198 920 3236 Romanu·
936 3198 1108 3236 Ecclesia*
1129 3198 1405 3243 subdiaconus,
1423 3197 1581 3235 futurus
1598 3208 1726 3248 postca
1740 3197 2080 3234 (Ilarw-Ynllcnsis
2102 3212 2216 3233 mmm

191 3284 193 3288 ι
228 3259 344 3300 chus.
365 3270 397 3298 ct
421 3275 464 3298 cx
482 3261 620 3300 abbati·
641 3262 765 3302 Sancti
799 3264 1003 3303 Anastasii.
1027 3274 1246 3302 sanctornm
1273 3263 1381 3301 Ncrci
1405 3274 1437 3299 ct
1463 3263 1622 3301 Acliillci
1646 3263 1849 3313 pii-‹bricr
1871 3262 2095 3300 cardinalis.
2120 3282 2133 3291 »ι
2158 3274 2228 3300 cu
