2418 3949
194 204 270 240 805
872 207 1156 242 TRACTATUS
1183 205 1249 240 DE
1278 204 1565 241 CHARITATE.
2171 212 2244 249 80ss

195 281 307 317 vertit
321 309 331 328 ‚
356 281 573 318 familiarem
601 294 726 318 secum
753 280 865 318 habet
884 278 1239 318 admonitionem³⁹⁶
1250 287 1306 315 est
1327 280 1479 324 oculus,
1510 281 1555 316 ad
1576 281 1696 317 solum
1725 294 1892 320 errorem
1912 293 2080 321 remanet
2098 286 2245 325 intelle-

193 341 343 377 amoris.
373 341 500 377 Rebus
538 340 595 377 his
624 353 695 390 pro
724 341 886 390 speculis
916 340 1056 385 utitur;
1085 347 1122 375 et
1151 339 1187 374 in
1207 343 1233 376 A
1254 347 1355 383 ctuS,
1377 353 1488 388 quem
1505 341 1695 377 sinistrum
1714 342 1888 379 diximus.
1904 345 2116 393 Intelligere
2137 349 2244 398 quip-

194 412 306 436 omne
321 401 423 449 quod
440 400 572 446 cernit,
590 400 647 436 sui
662 400 800 436 amoris
817 399 972 435 resultat
988 398 1187 443 memoria;

194 459 327 508 aspicit
350 468 504 505 cuncta,
535 468 572 496 et
611 472 696 496 eum
726 459 791 508 qui
821 458 1011 503 condidit,
1040 465 1078 494 et
1111 469 1187 506 quo

194 517 406 555 condiderit
430 520 515 555 fine.
545 522 589 555 In
620 519 676 554 his
707 530 783 554 non
809 526 882 553 tam
908 515 1185 560 admirabilem,

193 590 305 626 quam
327 577 523 614 amabilem
547 577 617 614 sibi
635 578 768 622 sentit,
789 585 900 625 atque
920 588 965 612 ex
997 575 1107 612 arrha
1128 574 1187 610 di-

194 636 364 674 lectionis
383 650 495 686 quam
527 637 782 686 praecontulit‚
815 637 1006 685 sapienter
1027 635 1186 671 aestimat

193 704 331 744 quanta
349 696 554 732 reservavit
569 696 607 731 in
628 695 766 732 dotem.
787 699 916 733 Castus
936 693 1107 743 profecto
1125 706 1185 730 co-

193 753 460 803 lumbinusque
475 754 607 790 oculus
622 767 730 790 amor
742 762 815 798 est,
834 753 898 803 qui
915 754 953 789 in
971 751 1083 789 rebus
1099 752 1184 788 usui

194 813 360 849 humano
384 813 571 848 concessis
593 812 696 848 nulla
723 812 878 849 libidine
896 812 1038 861 ligitur,
1059 810 1122 847 sed
1144 811 1182 846 in

196 871 417 907 transitoriis
431 871 708 920 contemplatur
721 879 916 907 aeternum.
934 874 1008 907 Iste
1025 878 1080 906 est
1096 883 1184 906 ocu-

194 930 250 966 lus
268 930 335 978 qui
355 943 432 966 non
451 929 638 966 clauditur
651 957 660 974 ‚
691 930 779 979 quia
799 929 1024 966 carnalitatis
1055 929 1186 979 palpe-

193 988 261 1025 bra
290 997 402 1025 caret.
433 989 548 1025 Nullo
578 988 752 1025 turbatur
785 987 944 1037 injecto,
971 988 1059 1038 quia
1093 987 1187 1024 nihil

1254 410 1301 447 pe
1323 410 1392 434 nec
1411 412 1535 435 amare
1554 400 1704 436 illorum
1737 415 1844 438 error
1865 411 1963 447 erat,
1993 408 2057 451 qui
2079 418 2162 441 cum
2183 421 2244 442 cn-

1251 462 1458 505 gnovissent
1476 460 1609 503 Deam,
1621 474 1694 495 non
1704 465 1796 496 sicut
1808 464 1923 497 Deum
1932 464 2241 511 glarficavermzt‚

1252 516 1321 548 secl
1347 526 1573 551 evanuerunt
1596 521 1633 551 iu
1663 520 1950 565 cogitationibus
1971 526 2044 555 suis
2065 528 2091 557 7.
2122 526 2241 571 Quam

1254 574 1359 610 multi
1374 575 1438 623 qui
1452 588 1600 611 errores
1616 578 1790 625 persequi
1811 578 2005 623 videntur,
2026 580 2097 616 hoc
2114 594 2243 620 errore

1252 642 1440 670 caecantur
1458 637 1465 670 l
1483 647 1559 683 quo
1580 636 1706 671 nullus
1733 637 1887 672 forsitan
1923 647 2045 686 potest
2077 639 2244 678 deterior

1250 704 1429 728 inveniri.

1306 751 1363 788 18.
1384 751 1542 788 Videtur
1559 752 1686 801 itaque
1707 751 1753 789 ab
1778 754 1990 790 amantibus
2011 759 2112 793 Deus
2138 767 2244 795 utro-

1249 822 1323 858 que
1344 810 1455 845 oculo
1469 838 1478 854 ,
1499 809 1565 846 sed
1584 810 1702 846 altero
1723 811 1966 856 vulneratur,
1997 814 2152 860 quando
2177 816 2244 852 ubi

1248 869 1461 905 intellectus
1492 869 1641 917 caligat,
1672 883 1779 906 amor
1799 879 1989 919 penetrat;
2010 871 2075 908 ubi
2100 873 2162 909 ille
2182 888 2243 910 re-

1250 928 1404 978 pellitur
1422 957 1431 974 ,
1465 929 1535 964 iste
1569 928 1790 965 admittitur.
1831 930 1982 979 Quippe
2015 935 2242 980 perscrutari

1253 986 1521 1036 prohibemur,
1543 996 1578 1023 et
1589 991 1678 1035 plus
1694 1002 1823 1036 sapere
1842 1003 1953 1035 qaam
1973 990 2134 1037 oportet⁸
2152 1006 2160 1027 :
2178 993 2242 1028 sed

194 1048 356 1085 admittit
383 1049 628 1086 forinsecum.
666 1049 776 1086 Nulla
807 1056 967 1084 caecatur
996 1048 1154 1097 caligine
1172 1075 1182 1093 ‚
1205 1047 1232 1080 B
1250 1059 1375 1083 amare
1395 1047 1505 1082 etiam
1522 1047 1606 1095 plus
1623 1059 1734 1095 quam
1751 1059 1970 1096 possumus,
1990 1049 2243 1098 praecipimur.

193 1109 282 1157 quia
300 1108 424 1145 trabes
439 1109 478 1145 in
499 1121 545 1145 eo
564 1121 638 1145 non
662 1116 749 1144 sunt
765 1107 862 1143 ullae.
880 1107 993 1145 Nullo
1011 1115 1187 1156 gravatur

193 1179 330 1216 sopore
343 1197 352 1213 ‚
373 1176 465 1204 teste
481 1168 546 1216 qui
561 1168 612 1204 ait
630 1181 638 1203 :
655 1169 735 1215 Ego
757 1169 898 1201 dormio
908 1195 918 1211 ,
938 1175 973 1202 et
989 1179 1053 1201 cor
1064 1179 1184 1201 meum

193 1230 371 1276 vigilat¹.
393 1227 534 1265 Oculus
567 1235 711 1272 rectus,
747 1226 880 1262 oculus
912 1238 1000 1262 vere
1031 1225 1182 1270 dexter,

193 1299 306 1335 quem
341 1287 443 1322 nulla
474 1286 649 1323 deorsum
680 1286 794 1322 vertit
825 1285 973 1321 sinistra
1004 1285 1184 1331 intentio,

194 1346 296 1382 nulla
315 1346 493 1383 deorsum
516 1346 675 1382 inflectit
696 1354 845 1381 terrena
860 1345 1022 1381 affectio.
1044 1345 1186 1382 Oculus

193 1418 282 1442 vere
311 1406 469 1456 simplex
487 1414 524 1442 et
543 1406 733 1455 prudens,
753 1418 865 1454 quem
887 1405 990 1441 nulla
1018 1405 1187 1440 concutit

193 1465 336 1502 incerta
367 1465 554 1515 suspici0;
576 1465 679 1501 nulla
709 1464 851 1500 detinet
879 1463 1027 1500 curiosa
1049 1463 1187 1499 sollici-

195 1524 287 1561 tudo
299 1553 309 1570 ,
321 1525 428 1561 illum
445 1523 716 1561 incessabiliter
733 1524 903 1567 intuens,
920 1524 956 1559 in
976 1536 1087 1572 quem
1107 1528 1187 1560 An-

193 1584 265 1632 geli
292 1583 505 1620 desiderant
525 1583 742 1633 prospicere
756 1588 782 1617 ².
808 1586 924 1619 Amor
944 1583 1043 1618 enim
1065 1582 1185 1617 velie—

196 1655 321 1689 mens‚
336 1651 377 1680 ut
390 1643 441 1680 ait
458 1643 689 1692 Augustinus
703 1670 712 1687 ,
728 1655 803 1678 non
827 1649 948 1691 potest
966 1654 1042 1677 non
1060 1641 1188 1676 videre

195 1715 308 1752 quem
329 1710 451 1738 amat:
473 1702 560 1751 quia
586 1715 692 1738 amor
721 1702 853 1737 oculus
885 1708 962 1742 est,
995 1709 1031 1736 et
1062 1712 1188 1735 amare

197 1761 325 1797 videre
345 1770 413 1798 est.
437 1764 519 1798 Hoc
550 1761 662 1797 oculo
688 1773 726 1796 se
760 1760 998 1796 vulneratum
1031 1760 1187 1804 fatetur,

1250 1108 1334 1142 Non
1358 1113 1484 1155 potest
1512 1105 1624 1141 etiam
1653 1104 1896 1141 obtenebrari
1926 1107 2064 1143 amoris
2091 1109 2246 1153 oculus,

1250 1166 1453 1214 quominus
1479 1164 1608 1201 videre
1639 1166 1760 1214 possit
1787 1178 1898 1214 quem
1920 1174 2042 1210 amat,
2070 1167 2138 1202 etsi
2167 1181 2244 1203 non

1250 1229 1344 1260 sicut
1355 1233 1408 1260 est
1423 1231 1452 1268 9,
1472 1223 1574 1273 quod
1587 1253 1596 1269 ‚
1617 1232 1709 1260 teste
1724 1227 1870 1261 Joanne
1882 1252 1892 1269 ,
1912 1233 2084 1260 servatur
2098 1225 2137 1261 in
2153 1239 2247 1275 praf-

1251 1284 1387 1329 mium3
1407 1283 1471 1320 sed
1492 1292 1592 1320 certe
1612 1283 1707 1319 sicut
1724 1284 1846 1319 viator
1859 1311 1869 1326 ‚
1887 1283 1989 1332 quod
2011 1284 2048 1320 in
2071 1285 2246 1333 praesenti

1250 1343 1296 1379 ad
1310 1343 1484 1380 solatium
1512 1343 1743 1390 indulgetur.
1759 1343 1918 1379 Videtur
1937 1352 2062 1380 autem
2080 1357 2101 1380 a
2120 1345 2246 1393 quoli-

1251 1402 1315 1439 bet
1340 1411 1488 1439 amante
1506 1411 1619 1451 prout
1640 1410 1759 1446 amat,
1782 1401 1829 1438 ab
1851 1403 1923 1439 alio
1943 1403 2096 1451 quidem
2111 1405 2182 1449 sic,
2199 1404 2247 1440 ab

1253 1462 1325 1498 alio
1345 1475 1437 1498 vero
1468 1462 1541 1506 sic,
1564 1474 1634 1510 pro
1661 1461 1843 1497 varietate
1874 1461 2076 1498 affectuum
2111 1462 2249 1511 quibus

1254 1521 1427 1556 feruntur
1452 1521 1490 1556 in
1518 1521 1658 1569 ipsum.
1691 1521 1764 1557 Alii
1798 1520 1844 1556 ad
1880 1520 2086 1557 divinitatis
2112 1534 2246 1557 arcana

1255 1580 1460 1616 ferventius
1498 1580 1666 1625 inhiant3
1703 1580 1766 1615 alii
1799 1579 2038 1615 humanitatis
2069 1581 2247 1628 mysteria

1253 1640 1421 1676 securius
1437 1639 1691 1684 admirantur,
1709 1640 2007 1688 contemplantes
2024 1640 2246 1676 altissimum

1254 1699 1452 1734 consilium
1484 1699 1553 1735 Dei
1585 1711 1698 1747 super
1718 1699 1872 1735 salutem
1904 1698 2050 1747 generis
2077 1699 2243 1735 humani.

1253 1761 1389 1794 Totum
1411 1766 1536 1794 tamen
1554 1766 1676 1794 tutum
1693 1766 1766 1802 est,
1787 1757 1972 1806 quidquid
1999 1757 2138 1794 amoris
2159 1771 2248 1794 ocu-

196 1820 262 1869 qui
281 1820 354 1857 ait:
376 1823 589 1856 {subtemen
613 1834 675 1855 cor
705 1834 822 1856 ηηίιηι
855 1825 892 1854 iu
914 1833 984 1855 ιιηο
1003 1822 1187 1854 oculorum
1209 1820 1235 1855 C
1255 1817 1312 1852 lus
1330 1817 1521 1860 intuetur,
1540 1817 1602 1865 qui
1625 1817 1727 1853 solus
1742 1829 1843 1852 nunc
1862 1816 1965 1852 videt
1981 1816 2027 1852 ad
2046 1817 2221 1853 meritum
2241 1845 2250 1860 ‚

196 1890 338 1916 tuorum
348 1878 374 1915 3.
388 1883 492 1916 Duos
506 1893 641 1929 nempe
653 1880 784 1915 oculos
796 1878 907 1915 habet
915 1879 1055 1923 anima,
1068 1890 1187 1914 unum

196 1954 272 1990 quo
299 1940 496 1990 intelligit3
529 1941 642 1977 alium
670 1953 747 1989 quo
774 1940 940 1989 inquirit.
980 1941 1160 1973 Dominus·
1177 1966 1187 1983 ‚

196 2000 320 2049 inquit
330 2000 498 2036 Psalmus
511 2028 520 2045 ,
537 2005 733 2048 prm-pexit
746 2000 973 2048 saperfilios
987 1999 1189 2043 hominnm,

198 2069 236 2096 ut
252 2062 382 2096 videat
396 2064 427 2095 si
444 2068 496 2095 est
514 2063 721 2107 intelligens
739 2068 804 2094 aut
827 2063 1016 2106 requirens
1034 2060 1147 2092 Deum
1161 2058 1188 2093 4.

199 2122 245 2156 Et
269 2119 404 2155 horum
426 2118 588 2155 duorum
609 2118 741 2154 dexter
760 2118 892 2154 oculus
907 2125 963 2153 est
980 2129 1105 2161 amor,
1125 2116 1191 2165 qui

199 2178 427 2227 requirendo
444 2178 631 2214 vulnerat.
651 2180 781 2226 Reque
797 2177 896 2212 enim
915 2176 977 2212 ille
998 2177 1134 2211 saliens
1154 2179 1190 2210 m

197 2237 380 2273 montibus
401 2247 436 2274 et
459 2240 670 2273 transiliens
690 2239 798 2272 colles
808 2235 834 2280 ⁵,
858 2235 895 2271 id
928 2243 1003 2280 est,
1037 2247 1190 2270 omnem

196 2310 346 2334 sensum
372 2309 574 2346 superans,
605 2296 811 2332 humanum
834 2294 1028 2338 videlicet,
1052 2302 1088 2329 et
1117 2306 1188 2329 an-

195 2355 374 2405 gelicum,
389 2354 530 2404 absque
544 2355 700 2391 vulnere
723 2354 871 2403 capitur
892 2353 1074 2389 duntaxat
1089 2365 1190 2388 amo-

197 2417 259 2453 ris.

252 2475 313 2511 17.
336 2473 481 2522 Quaeris
498 2472 589 2522 quid
607 2472 653 2508 sit
671 2471 861 2508 vulnerari
876 2475 996 2508 Deum
1009 2472 1024 2506 ’τ’
1036 2474 1083 2507 Et
1097 2483 1187 2520 ego:

197 2534 301 2571 Illam
314 2534 627 2583 omnipotentiam
647 2541 784 2569 nostrae
799 2532 1008 2568 infirmitati
1021 2531 1082 2581 pie
1097 2545 1191 2567 con—

1254 1876 1403 1912 visurus
1425 1876 1656 1924 quandoque
1676 1875 1722 1911 ad
1743 1876 1940 1925 praemium
1954 1904 1963 1920 ,
1993 1889 2077 1912 cum
2100 1875 2249 1912 sublato

1254 1936 1512 1985 corruptionis
1526 1935 1656 1972 nubilo
1670 1965 1678 1981 ‚
1692 1934 1836 1982 faciem
1854 1939 1975 1980 illam,
2002 1944 2043 1972 ut
2064 1937 2246 1985 scriptum

1255 2004 1333 2040 est,
1350 1996 1493 2031 videbit
1511 1995 1680 2040 injabilo
1697 2002 1738 2031 ¹⁰.
1762 1999 1941 2032 Poterant
1964 1995 2022 2032 hic
2044 1997 2159 2032 multa
2180 1996 2250 2032 ad-

1252 2055 1336 2104 jici,
1370 2055 1570 2099 famelicis,
1602 2055 1670 2091 etsi
1697 2068 1773 2090 nou
1809 2054 2008 2091 fastidiosis
2028 2056 2248 2104 profutura:

1257 2115 1321 2150 sed
1354 2128 1399 2150 nc
1423 2115 1621 2164 prolixiori
1648 2128 1822 2151 sermone
1853 2123 1886 2150 te
1913 2127 2085 2163 gravem,
2120 2115 2246 2151 stilum

1258 2186 1390 2222 premo
1413 2174 1532 2210 multo
1551 2174 1660 2223 plura
1677 2174 1796 2210 fateor
1817 2174 2045 2223 cupientem.

1612 2303 1788 2341 CAPUT
1820 2303 1889 2341 IV.

1523 2420 1570 2448 De
1590 2416 1852 2459 inseparabilitate
1871 2416 1995 2446 amoris.

1314 2530 1373 2566 19.
1398 2533 1478 2566 Jam
1500 2542 1601 2566 nunc
1628 2529 1674 2565 ad
1702 2528 1867 2565 medium
1890 2528 2016 2564 veniat
2036 2528 2167 2564 ultima
2190 2529 2250 2564 illa

197 2593 446 2638 descendere,
466 2601 523 2629 est
551 2592 656 2641 quasi
685 2593 852 2629 vulneris
880 2591 1042 2641 quadam
1078 2604 1188 2640 aper-
1206 2594 1238 2628 D
1257 2596 1328 2624 tuae
1347 2588 1539 2638 petitionis
1562 2588 1765 2638 particula,
1792 2589 1951 2623 maxime
1972 2587 2033 2622 illa
2054 2600 2166 2635 quam
2190 2588 2247 2623 in-

200 2660 283 2688 tura
299 2651 456 2687 internae
478 2651 670 2687 suavitatis
686 2659 826 2687 secreta
851 2651 1071 2700 patefacere.
1089 2650 1186 2686 Vul-

199 2709 323 2745 nerari
356 2722 445 2757 ergo
486 2717 631 2758 potest,
664 2710 728 2758 qui
760 2709 828 2745 etsi
859 2709 905 2744 sit
931 2707 1185 2757 impassibilis,

200 2767 473 2817 compassibilis
491 2776 613 2804 tamen
632 2776 698 2804 est.
714 2768 859 2804 Vulnus
883 2767 953 2803 hoc
975 2766 1116 2815 absque
1135 2767 1189 2803 ira

200 2827 400 2875 infligitur,
422 2835 458 2863 et
475 2827 616 2876 absque
631 2827 762 2863 dolore
785 2827 955 2863 sentitur.
978 2830 1087 2863 llunc
1104 2827 1190 2862 vul-

202 2894 395 2921 nerantem
416 2886 566 2922 oculum
589 2886 649 2922 itte
673 2885 972 2922 Atnmouitaruin
996 2898 1061 2920 rex
1077 2898 1191 2934 super

203 2944 340 2980 infelici
360 2943 498 2980 foederc
520 2944 673 2980 molitur
696 2956 841 2980 eruere.
866 2948 912 2980 In
927 2945 1016 2986 lior,
1040 2943 1161 2992 inquit
1181 2972 1190 2988 ‚

204 3009 327 3039 ineam
345 3002 688 3051 vobiscumfoedics,
708 3014 747 3039 at
765 3003 932 3039 munibus
951 3006 1075 3038 oculos
1095 3006 1190 3038 diat—

204 3073 296 3098 ieros
319 3062 482 3098 ιϊιιιιυιῆ.
508 3063 662 3100 Sublato
685 3063 784 3099 euim
805 3077 954 3108 aumre,
973 3063 1037 3111 qui
1060 3063 1192 3098 dexter

254 3195 262 3209 ¹
279 3189 396 3219 Cantic.
413 3199 442 3223 v,
458 3192 488 3219 2.
503 3206 545 3211 —-
561 3195 572 3209 ²
591 3193 603 3220 1
622 3193 705 3220 Petr.
724 3201 752 3225 ι,
784 3193 833 3220 11²..
854 3207 894 3211 --

206 3249 217 3270 7
234 3245 328 3272 Rom.
345 3253 371 3277 ι,
391 3245 495 3272 ’),1.-
519 3241 685 3277 ⁸1‹t.xu.
710 3246 758 3272 3.-

252 3307 264 3320 ·Ί
285 3300 372 3341 Apud
396 3300 584 3331 uictum-<tum
605 3301 788 3341 expruuitur
806 3311 916 3329 nunu-u
930 3324 936 3333 ,
960 3304 1107 3327 &wi-me.

819 3248 834 3265 ‘¹
852 3245 860 3271 1
877 3244 968 3270 Joau.
987 3252 1023 3269 ιιι
1041 3264 1047 3272 ,
1069 3244 1098 3269 2.

914 3186 926 3207 3
944 3187 1063 3218 (lautis.
1079 3199 1122 3221 iv„
1142 3190 1172 3217 9.
1191 3205 1230 3208 -——
1252 3188 1264 3211 4
1283 3188 1358 3217 l'sal.
1377 3199 1420 3216 ι,ιι
1437 3210 1444 3223 ,
1468 3191 1498 3217 3.
1524 3206 1546 3208 -
1575 3185 1587 3207 ⁵
1606 3187 1724 3217 Cannio.
1749 3199 1770 3216 ιι
1785 3211 1791 3219 ,
1815 3191 1844 3217 S.

1253 2657 1395 2684 stanter
1414 2648 1594 2697 postulas,
1612 2648 1670 2683 vir
1687 2647 1926 2682 devotissime
1939 2653 1969 2689 ⁴¹,
1989 2647 2080 2682 meis
2097 2647 2248 2695 quidem

1254 2707 1386 2752 labiis,
1409 2707 1473 2743 sed
1507 2707 1578 2742 tuis
1607 2715 1707 2742 certe
1730 2706 1872 2741 meritis
1893 2705 2136 2754 explicanda;
2170 2707 2251 2754 qui-

1255 2766 1326 2802 bus
1355 2779 1435 2801 non
1469 2774 1613 2801 tantum
1641 2765 1679 2800 iu
1709 2764 1864 2807 studiis,
1898 2765 1962 2800 sed
1991 2765 2085 2800 etin
2107 2765 2250 2800 cunctis

1257 2827 1347 2862 meis
1381 2823 1661 2861 necessitatibus
1697 2837 1771 2859 nou
1806 2823 2044 2860 mediocriter
2076 2823 2163 2858 lido.
2201 2827 2250 2860 l't

1257 2894 1381 2921 autem
1417 2885 1452 2919 in
1493 2897 1535 2919 ea
1568 2896 1651 2931 quae
1685 2883 1978 2932 proposuimus,
1999 2895 2068 2918 suo
2105 2883 2250 2918 trainite

1257 2956 1379 2980 sermo
1399 2943 1607 2991 gradiatur,
1641 2955 1725 2990 quse
1755 2942 1853 2977 dicta
1884 2949 1970 2977 suut
1997 2941 2101 2977 brevi
2139 2954 2249 2976 revo-

1257 3011 1390 3038 centur
1419 3003 1587 3050 catalogo
1610 3000 1636 3037 b.
1676 3000 1799 3037 llabes
1829 3001 1927 3037 enim
1965 3002 2000 3036 in
2037 3002 2253 3050 praemissis,

1257 3062 1357 3111 quod
1379 3070 1413 3096 et
1445 3061 1604 3097 etun-itas
1636 3061 1939 3110 insuperabiliter
1962 3069 2099 3109 pugnat
2121 3089 2127 3096 .
2154 3062 2251 3094 ins-21-

1932 3191 1945 3203 ’“
1966 3190 1974 3216 t
1998 3189 2070 3225 ch.
2092 3197 2122 3215 M
2138 3210 2144 3218 ,
2164 3190 2188 3214 ’λ

1124 3257 1160 3261 «-
1184 3240 1513 3281 '⁰.l‹=l›xigx111,1!‹3.

1189 3292 1202 3312 ¹'
1220 3298 1391 3329 tin-hardu.
1415 3299 1482 3337 legit
1504 3297 1643 3341 vsulngrv.
