2504 3928
349 228 419 260 ’.1.,7
966 232 1085 265 l'l'l'lS
1118 234 1344 276 ux'S't‘uLx,
1375 236 1446 268 Sl]

1346 309 1389 326 ΗΓ]

683 361 858 399 CAPUT
888 363 991 402 xm.

489 485 531 510 1³.-
551 487 633 511 sexta
654 489 681 512 ct
705 483 835 524 septima
855 484 1005 516 effusione
1026 488 1188 528 sauguinis.

408 602 486 636 132.
504 605 610 637 Sexta
628 602 762 638 effusio
781 604 992 652 sanguinis,
1010 619 1094 654 qua·r
1114 620 1234 644 rosam
1255 622 1333 658 pas-

346 659 459 694 sionis
479 659 701 705 rulwicaxit,
719 662 754 697 in
772 662 932 699 fossione
949 665 1139 702 clavorum
1156 668 1335 716 copiosis-

345 718 436 753 sim«-
459 719 662 755 iuvcnitur.
684 721 777 768 Quis
794 722 894 758 euim
915 723 962 760 de
984 723 1110 769 fossis,
1138 725 1212 761 imo
1232 734 1269 761 et
1289 726 1334 761 ‹lc

344 778 520 825 perfossis
552 779 724 815 manibus
745 780 980 830 pedibusque
1006 783 1216 821 innocentis
1244 789 1331 822 Jesu

344 838 489 885 copiam
514 840 645 875 sacrati
671 841 864 889 sanguinis
885 841 1032 878 dubitet
1051 844 1240 881 effluxisse
1258 847 1272 880 Ρ
1290 849 1329 881 In

345 897 577 934 torrentibus
595 898 705 947 liujus
720 901 913 949 sanguinis
934 915 1017 938 rosa
1039 911 1164 939 nostra
1186 917 1333 953 purpu-

344 964 418 991 rata
434 965 510 996 esu
528 958 614 1006 quia
627 971 715 994 vere
732 959 790 995 liic
806 959 1066 998 ardentissima
1080 962 1256 1007 ebaritas,
1274 963 1332 999 hic

344 1015 658 1053 ruhivumlissima
677 1018 798 1066 passio
813 1018 1018 1055 invenitur.
1040 1023 1081 1056 ln
1104 1020 1170 1056 liae
1187 1021 1332 1068 magni-

1496 235 1778 269 'l'llXti'lst'th
2309 242 2383 275 3508

1403 319 1554 358 apertus
1571 319 1621 345 cst
1639 340 1646 353 ‚
1668 320 1700 346 ct
1731 324 1822 346 rosa*
1844 312 2031 348 charitatis
2056 313 2168 350 ardor
2192 315 2226 351 iu
2249 316 2386 352 rubore

1357 374 1382 404 Λ
1403 369 1591 416 sauguinis
1616 369 1723 404 effusi
1758 370 1913 405 refulsit.
1946 371 2036 406 Vide
2073 385 2162 421 crgo
2196 375 2385 421 quomodo

1402 428 1472 463 lioc
1493 427 1584 463 llore
1604 440 1697 464 rosa·
1714 428 1881 464 floruerit
1900 429 2041 477 optima
2057 430 2152 467 Vitis
2168 440 2307 476 nostra,
2328 446 2385 468 ru-

1402 486 1585 522 bicundus
1624 490 1743 523 jesus.
1785 487 1879 524 Vide
1917 496 2036 524 totum
2077 502 2235 538 corpus,
2269 491 2385 527 sicubi

1403 560 1495 582 rosae
1522 546 1735 593 sanguinea:
1763 546 1890 582 florem
1919 560 1996 583 non
2026 548 2208 586 invenias.
2239 551 2386 600 Inspice

1402 615 1550 641 manum
1570 619 1682 641 unam
1705 615 1742 642 et
1761 606 1939 651 alteram,
1963 607 1991 643 si
2013 608 2142 644 ssorem
2159 621 2254 645 rosae
2277 611 2386 647 inve-

1404 665 1481 700 nias
1498 665 1534 699 iu
1559 673 1731 712 utraque.
1753 665 1899 714 Inspice
1924 665 2057 714 pedem
2079 675 2116 702 et
2142 681 2255 704 unum
2278 677 2315 704 et
2334 669 2387 705 al-

1403 732 1521 759 terum
1545 738 1551 758 :
1575 724 1758 772 numquid
1778 737 1852 760 non
1874 725 1997 761 rosei?

1459 785 1539 819 1:33.
1565 783 1708 831 Inspice
1726 784 1850 819 lateris
1870 792 2106 832 aperturam,
2123 786 2209 834 quia
2232 800 2299 823 nec
2327 788 2385 824 illa

1399 850 1500 877 caret
1529 855 1629 886 rosa,
1653 842 1824 890 quamvis
1848 842 1926 891 ipsa
1946 842 2134 880 subrubea
2159 845 2205 880 sit
2230 855 2387 895 propter

1399 902 1597 937 mixturam
1630 914 1734 950 aquae
1768 915 1776 937 τ
1805 901 1917 949 quia,
1939 902 2033 937 sicut
2069 912 2193 939 narrat
2225 918 2386 956 evange—

1399 960 1497 1003 lista,
1528 963 1542 993 (
1551 961 1615 995 'um
1634 973 1727 994 unus
1747 963 1905 995 utilitum
1937 963 2069 996 lancea
2089 964 2182 996 latus
2203 968 2282 1009 rjus
2298 978 2386 1011 [wr-

1391 1019 1568 1064 juras-set,
1592 1023 1702 1054 ‹wim'c
1718 1023 1868 1066 sanguis
1887 1028 1919 1054 et
1941 1033 2043 1067 aqua
2061 1026 2086 1054 ².
2108 1023 2191 1069 Ipse
2211 1030 2266 1057 est
2285 1023 2384 1058 euim

344 1075 472 1111 tudine
494 1077 677 1124 passionis
695 1077 914 1125 magnitudo
932 1079 1192 1115 consideretur
1210 1080 1331 1116 cliari-
1353 1079 1378 1111 B
1397 1077 1460 1125 qui
1484 1077 1585 1113 venit
1607 1090 1673 1125 per
1700 1090 1857 1125 aquam,
1884 1085 1921 1113 ct
1950 1090 2024 1113 non
2061 1091 2129 1126 per
2161 1092 2295 1128 aquam
2327 1095 2386 1117 so—

344 1135 426 1170 latis
448 1149 454 1169 :
475 1135 647 1171 ardorem
666 1149 759 1172 rosae
779 1137 969 1173 charitatis
985 1166 994 1182 ,
1019 1138 1195 1174 ruborem
1209 1139 1330 1175 consi—

343 1195 430 1229 dera
455 1194 652 1243 passionis..
682 1196 775 1243 Quis
796 1209 962 1245 unquam
986 1206 1058 1232 tam
1080 1198 1205 1247 gravia
1221 1225 1230 1241 ,
1257 1205 1329 1233 tam

342 1252 516 1300 pudenda
540 1266 668 1301 passus
687 1254 780 1289 fuit?
802 1258 902 1290 Deus
922 1263 977 1290 cst
997 1255 1061 1303 qui
1088 1255 1241 1303 patitur,
1262 1268 1330 1291 nee

341 1313 375 1346 in
398 1312 523 1360 aliquo
550 1313 620 1348 sibi
654 1313 791 1348 durum
820 1314 986 1349 torcular
1019 1313 1203 1362 passionis
1236 1315 1329 1349 alle-

337 1371 408 1405 xvim
428 1399 436 1413 ,
456 1371 519 1418 qui
548 1371 665 1406 servis
694 1371 769 1406 suis
798 1372 856 1406 vel
887 1371 1043 1406 omnino
1074 1373 1240 1416 auferre,
1271 1373 1329 1407 vel

340 1429 514 1464 allcx‘iare
527 1456 536 1471 ‚
555 1430 611 1464 vel
633 1428 803 1464 breviare
830 1430 928 1465 vires
947 1437 1220 1465 tormentorum
1238 1443 1330 1465 con-

340 1487 473 1522 sucvit.
496 1490 578 1522 Non
606 1488 776 1536 pepercit
797 1487 866 1523 sibi
895 1488 958 1537 qui
990 1489 1066 1524 suis
1086 1502 1239 1538 parcere
1259 1502 1330 1525 no—

339 1547 404 1581 xit.
436 1545 554 1594 llujus
579 1547 631 1581 rei
660 1546 888 1583 evidentiam
923 1547 1028 1583 vides
1056 1548 1092 1583 in
1128 1549 1331 1596 Evangelio

340 1605 515 1649 joannis,
539 1604 603 1642 ubi
625 1619 709 1642 cum
738 1605 785 1642 ab
818 1606 874 1642 his
900 1607 966 1655 qui
985 1606 1031 1642 ad
1058 1607 1181 1656 ipsum
1213 1620 1330 1643 vene-

340 1673 422 1700 rant
460 1664 707 1713 capiendum,
747 1666 779 1701 ci
821 1665 1028 1712 diceretur,
1068 1666 1171 1715 quod
1207 1666 1330 1714 ipsum

339 1736 498 1771 ‹pisci-ert
510 1731 572 1767 nt,
600 1722 796 1771 subjunxit
815 1739 821 1761 :
841 1725 921 1773 Ego
948 1738 1048 1769 sum,
1078 1738 1189 1774 quem
1224 1738 1332 1773 quae-

333 1782 424 1817 litis.
447 1786 484 1817 St·
514 1796 602 1831 ergo
620 1796 678 1818 me
699 1788 891 1830 quoert'lis,
914 1788 1026 1819 sinite
1061 1785 1125 1819 has
1147 1784 1286 1820 abirem
1305 1788 1336 1821 Ο

1398 1135 1495 1178 linui,
1528 1134 1592 1169 scd
1628 1147 1696 1183 pcr
1724 1147 1858 1182 aquam
1899 1142 1937 1169 et
1967 1135 2187 1184 sanguinem
2221 1137 2386 1185 optimus

1395 1198 1502 1230 ,lesus
1525 1194 1704 1231 Christus.
1726 1197 1757 1230 Ο
1778 1193 1995 1229 suavissime
2016 1194 2279 1231 universorum
2306 1199 2384 1232 Do—

1396 1254 1496 1289 mine
1521 1261 1558 1289 et
1585 1254 1756 1289 Salvator
1779 1252 1877 1288 bone
1903 1257 1989 1289 Jesu
2005 1281 2014 1297 ‚
2039 1254 2167 1302 quales
2195 1253 2260 1290 tibi
2291 1268 2385 1291 con—-

1397 1311 1526 1360 dignas
1554 1312 1757 1360 gratiarum
1786 1312 1923 1347 referre
1948 1319 2082 1360 potero
2109 1312 2298 1358 actiones;
2321 1314 2385 1362 qui

1395 1382 1414 1404 a
1437 1370 1625 1418 principio
1651 1379 1757 1406 ortus
1784 1371 1855 1415 tui,
1875 1383 1991 1418 usque
2018 1370 2064 1406 ad
2086 1379 2243 1407 mortem
2263 1372 2386 1408 duris—

1396 1429 1548 1473 simam,
1583 1429 1658 1464 imo
1689 1438 1724 1464 et
1753 1438 1838 1478 post
1859 1438 2036 1473 mortem,
2062 1443 2131 1478 pro
2158 1443 2216 1466 me
2243 1432 2386 1480 pretio-

1398 1488 1584 1524 sissimum
1602 1488 1822 1537 sauguinem
1849 1496 1952 1523 tuum
1985 1488 2174 1533 effudisti,
2196 1491 2258 1538 qui
2278 1490 2386 1526 ardo-

1397 1560 1474 1583 rem
1503 1547 1826 1583 excellentissimae
1846 1547 2036 1583 charitatis
2057 1555 2129 1584 tuae
2151 1556 2224 1584 tam
2246 1548 2388 1585 crebris

1397 1606 1588 1656 sanguinis
1614 1606 1667 1642 tui
1689 1604 1937 1642 effusionibus
1959 1606 2196 1643 manifestare
2219 1608 2388 1644 curasti?

1398 1670 1429 1704 O
1463 1679 1574 1715 quam
1604 1666 1723 1702 multo
1753 1678 1911 1701 numero
1943 1666 2117 1702 foliorum
2142 1667 2386 1716 multiplicata

1398 1734 1435 1762 et
1454 1733 1636 1762 exornata
1655 1733 1710 1761 est
1733 1738 1817 1760 rosa
1832 1727 1914 1760 tua!
1943 1724 2033 1772 Quis
2054 1725 2180 1761 onmia
2202 1725 2271 1761 ista
2291 1739 2386 1763 enu—

1403 1786 1544 1820 meret?
1566 1788 1728 1820 Numera
1750 1792 1871 1832 guttas
1897 1783 2088 1831 sanguinis
2101 1784 2209 1820 effusi
2227 1784 2273 1820 de
2300 1785 2386 1821 dul--

334 1841 447 1878 ardor
481 1843 684 1879 verissimae
712 1842 919 1879 eharitatis!
938 1843 1150 1880 Manifestat
1165 1852 1202 1879 et
1218 1843 1331 1880 tradit
1350 1849 1377 1883 C
1397 1844 1545 1880 cissimo
1578 1855 1738 1893 corpore
1775 1843 1979 1879 dulcissimi
2015 1846 2130 1888 Jesu,
2164 1851 2202 1879 et
2230 1842 2386 1880 habebis

335 1914 372 1935 se
395 1901 554 1937 charitas
575 1902 654 1950 ipsa
677 1901 918 1938 saevientibus
940 1902 1122 1947 inimicis,
1141 1915 1217 1938 non
1244 1915 1332 1951 parm

336 1973 423 1996 cens
448 1960 541 2005 sibi,
568 1969 750 2010 rogatque
770 1975 840 2011 pro
861 1962 959 2005 suis,
981 1970 1021 1997 ut
1048 1970 1225 2011 parcatur
1243 1962 1328 1999 illis.

338 2024 477 2068 Captus
508 2033 597 2068 ergo
627 2029 711 2069 post
733 2022 914 2069 plurimas
942 2021 1133 2057 illusiones
1163 2029 1236 2057 tam
1257 2025 1329 2058 Ju-

337 2078 504 2114 ‹laeorum
519 2108 528 2123 ‚
548 2092 659 2127 quam
676 2080 852 2115 Gentium
868 2107 877 2123 ‚
896 2088 980 2129 post
995 2080 1187 2129 sanguinis
1203 2081 1330 2129 plures

339 2139 568 2182 effusiones,
601 2139 716 2175 clavis
750 2139 980 2185 immitibus,
1017 2139 1190 2176 manibus
1218 2141 1326 2176 simul

337 2206 372 2232 ct
395 2197 553 2244 pedibus
571 2198 784 2247 perforatur
811 2207 847 2234 et
868 2199 1070 2247 configitur
1086 2199 1187 2247 ligno
1207 2200 1327 2235 crucis

339 2256 510 2290 Salvator
544 2264 682 2300 noster,
707 2256 924 2292 mitissimus
957 2260 1076 2292 Jesus.
1107 2260 1258 2293 Intuere
1294 2266 1330 2293 et

341 2314 483 2361 1·‹·spice
511 2327 633 2349 rosam
664 2315 848 2362 passionis
874 2316 1106 2364 sanguineae,
1136 2315 1331 2364 quomodo

341 2371 451 2407 rubet
468 2372 503 2407 in
523 2372 700 2408 indicium
723 2373 990 2410 ardentissimae
1007 2374 1208 2410 charitatis.
1230 2377 1330 2411 Con-

341 2431 499 2467 teudunt
514 2432 636 2481 passio
658 2441 695 2467 et
715 2432 899 2469 ebaritas:
921 2434 1004 2479 illa,
1020 2442 1060 2469 ut
1078 2434 1161 2482 plus
1180 2434 1329 2479 ardeat3

345 2491 429 2535 ista,
453 2499 493 2526 ut
513 2491 597 2540 plus
621 2490 764 2527 rubeat.
791 2491 861 2528 Sed
889 2491 1109 2528 mirabiliter
1128 2506 1195 2541 per
1220 2493 1333 2529 ardo-

345 2564 421 2586 rem
438 2551 626 2587 charitatis
645 2552 682 2586 {it
699 2551 821 2600 passio
841 2551 956 2588 rubea
969 2581 978 2597 ,
998 2552 1085 2600 quia
1099 2553 1126 2588 si
1151 2566 1225 2588 non
1248 2553 1331 2588 dili-

345 2618 445 2657 gcret
459 2638 468 2654 ,
500 2622 575 2645 non
595 2618 787 2658 pateretur

346 2669 507 2704 maxima
531 2677 567 2704 ct
601 2669 905 2718 incomparabilis
927 2670 1138 2706 ostenditur
1162 2671 1332 2708 charitas.

346 2728 445 2763 Sicut
474 2729 573 2764 cuim
595 2741 678 2764 rosa
697 2742 764 2777 per
793 2729 908 2778 frigus
937 2730 1057 2765 noctis
1081 2730 1221 2776 clausa,
1247 2732 1336 2767 solis

345 2787 480 2823 ardore
502 2796 676 2837 surgente
698 2797 773 2824 tota
790 2789 970 2837 aperitur,
990 2798 1026 2825 et
1045 2789 1142 2826 foliis
1163 2792 1336 2839 expansis

345 2848 380 2882 in
414 2847 550 2883 rubore
578 2847 808 2883 demonstrat
833 2847 1006 2884 ardorem
1023 2847 1236 2896 jucundum
1256 2863 1264 2885 ε
1286 2849 1337 2885 ita

348 2906 414 2940 llos
451 2906 534 2941 coeli
569 2906 784 2951 deliciosus,
813 2907 978 2955 optimus
1010 2910 1117 2943 Jesus
1148 2907 1335 2953 Christus,

348 2965 409 3012 (μή
436 2965 553 2999 multo
583 2973 750 3013 tempore
780 2979 798 3001 a
825 2975 978 3014 peccato
1016 2967 1127 3014 primi
1152 2967 1334 3012 hominis,

349 3023 451 3070 quasi
481 3024 514 3057 iu
548 3023 685 3072 frigore
705 3025 824 3059 noctis
853 3025 999 3060 clausus
1030 3025 1098 3060 suit
1125 3026 1335 3074 peccatori-

349 3081 431 3124 bus,
451 3080 618 3116 nondum
643 3082 913 3130 plenitudiiwin
931 3083 1170 3132 impendens;
1188 3084 1336 3121 tandem

349 3140 582 3189 plenitudiue
612 3141 791 3189 temporis
821 3142 1038 3186 aefflfdente,
1060 3143 1171 3179 radiis
1200 3143 1339 3180 scilicet

347 3200 512 3235 ardentis
533 3199 743 3245 charitatis,
768 3201 804 3236 in
826 3202 928 3236 omni
959 3203 1132 3249 corporis
1158 3203 1214 3238 sui
1234 3212 1337 3251 parte

395 3333 401 3346 ¹
424 3329 514 3355 Joau.
541 3336 643 3361 xviii,
664 3330 730 3356 3,-
765 3332 774 3345 ²
794 3326 837 3356 ld.
858 3338 932 3359 xix,
952 3331 1002 3358 ΣΗ,

815 2624 822 2645 z
846 2619 882 2646 et
901 2611 938 2646 in
970 2611 1153 2659 passionis
1168 2610 1307 2648 rubore
1321 2641 1330 2658 ‚
1349 2620 1381 2653 D

1399 1903 1582 1952 passionis
1608 1902 1835 1938 charitativae
1861 1902 1946 1938 folia
1972 1911 2204 1939 enumerata.
2223 1904 2386 1954 Singulae

1399 1962 1498 1998 enim
1527 1969 1641 2011 guttae
1664 1961 1855 2010 sanguinis
1880 1961 1957 2006 sui,
1981 1961 2067 1997 folia
2083 1969 2170 1998 sunt
2187 1975 2282 1999 rosae
2302 1976 2387 2000 san-

1395 2022 1539 2071 guineae
1555 2021 1740 2070 passionis
1760 2021 1887 2069 ipsius.
1906 2019 1977 2056 Sed
1998 2020 2082 2056 ideo
2110 2020 2156 2057 ad
2173 2021 2244 2058 alia
2266 2030 2387 2059 trans—

1394 2094 1542 2127 camus,
1564 2081 1650 2129 quia
1675 2081 1870 2129 septimam
1892 2080 2084 2129 sanguinis
2097 2080 2275 2118 dominici
2294 2082 2387 2118 effu-

1394 2141 1537 2178 sionem
1562 2140 1638 2189 jam
1660 2139 1826 2176 breviter
1843 2139 2025 2185 diximus,
2045 2153 2128 2177 cum
2151 2141 2197 2177 de
2211 2150 2387 2190 apertura

1394 2200 1519 2236 lateris
1537 2199 1757 2235 doceremus
1770 2227 1780 2243 ‚
1796 2198 1897 2234 unde
1916 2199 2031 2234 exivit
2050 2200 2200 2248 sanguis
2213 2208 2250 2236 et
2270 2213 2365 2248 aqua
2377 2229 2387 2244 ‚

1396 2272 1464 2308 per
1491 2272 1574 2307 quae
1596 2258 1834 2307 Baptismatis
1865 2258 2078 2307 accepimus
2095 2268 2384 2295 sacramentum.

1725 2387 1901 2426 CAPUT
1929 2388 2054 2426 XLII.

1583 2504 1630 2532 De
1646 2512 1737 2532 eroco
1757 2501 1952 2532 abstinentia·
1974 2501 2054 2532 Vitis
2072 2507 2198 2532 nostran

1456 2613 1536 2649 134.
1573 2616 1731 2649 Crocum
1768 2612 1879 2648 etiam
1921 2610 2153 2648 abstinentiae
2187 2612 2224 2647 in
2260 2621 2386 2650 nostra

1400 2672 1488 2717 vite,
1503 2671 1719 2708 dulcissimo
1738 2674 1826 2707 Jcsu
1841 2671 1987 2708 Christo
2007 2671 2186 2707 sentimus
2204 2671 2385 2709 floruisse.

1401 2732 1472 2778 Qui
1499 2744 1574 2766 non
1604 2738 1807 2780 propterea
1835 2729 2024 2765 abstinens
2058 2729 2189 2773 fuerit,
2214 2738 2255 2765 ut
2279 2730 2387 2766 casti-

1401 2798 1506 2840 garet
1523 2803 1660 2839 corpus
1678 2802 1784 2825 suum
1797 2818 1806 2835 ‚
1828 2797 1865 2824 et
1884 2789 1922 2824 iu
1940 2789 2156 2825 servitutem
2183 2788 2386 2838 redigeret,

1402 2863 1447 2885 ne
1469 2850 1562 2885 forte
1583 2849 1766 2898 reprobus
1780 2849 2012 2893 efiicerctur3
2035 2847 2098 2883 sed
2117 2856 2157 2883 ut
2179 2846 2287 2883 nobis
2307 2848 2386 2884 sor-

1404 2922 1500 2944 mam
1526 2908 1630 2944 darct
1654 2917 1690 2944 ct
1722 2908 1987 2944 documentum
2007 2907 2244 2943 abstinentiae
2264 2921 2271 2942 ε
2293 2907 2387 2943 sicut

1404 2968 1440 3002 in
1473 2968 1757 3002 circumcisione
1795 2975 1830 3003 ct
1867 2966 2071 3015 baptismo,
2116 2979 2200 3014 quae
2230 2979 2306 3002 non
2340 2967 2386 3002 ad

1402 3026 1708 3063 emundationem
1734 3039 1836 3062 suam
1864 3027 2024 3075 accepit,
2049 3025 2112 3073 qui
2138 3038 2286 3074 semper
2319 3026 2387 3061 fuit

1404 3084 1670 3121 mundissimus
1702 3094 1738 3121 et
1770 3085 1938 3120 omnium
1971 3084 2218 3129 emundator;
2249 3084 2313 3120 sed
2347 3093 2387 3120 ut

1404 3144 1625 3180 obedientiae
1646 3144 1753 3181 nobis
1774 3145 1928 3180 formam
1956 3144 2184 3192 justitiaeque
2217 3143 2384 3180 donaret.

1405 3204 1491 3240 Sine
1521 3203 1635 3239 dubio
1670 3204 1843 3239 virtutem
1875 3202 2001 3238 babuit
2036 3202 2270 3238 abstinentiae
2306 3206 2385 3238 Rex
