2418 3949
162 242 258 278 1333

157 319 215 355 nis
237 330 374 368 genere
390 318 568 356 mundata
587 319 654 364 sit,
675 328 806 370 utpote
822 321 1073 358 sanctuarium
1099 322 1143 357 il—

627 224 629 226 ’
659 243 710 279 ΙΝ
738 244 1029 281 NATIVITATF.
1059 245 1094 281 s.
1122 245 1323 282 JOANMS
1352 247 1485 283 BAPT.
1515 249 1690 285 SERMO.

1152 320 1201 338 ⁶76

2115 248 2210 286 1331

1212 329 1339 358 sancto
1358 323 1581 371 concipitur.
1608 327 1697 361 Haec
1723 336 1811 360 sane
1827 323 1927 360 dicta
1948 322 2021 360 sint
2040 323 2086 360 de
2114 337 2209 360 con-

157 378 221 414 lud
236 406 246 423 ,
265 379 302 415 in
327 392 403 427 quo
425 383 526 416 Deus
547 388 583 416 et
602 380 671 416 Dei
700 380 814 417 Filius
843 394 993 418 carnem
1024 381 1145 418 fuerat
1162 382 1194 416 A
1213 381 1387 429 ceptione
1405 382 1572 417 Joannis.
1601 382 1673 419 Sed
1699 382 1729 418 si
1750 383 1785 418 in
1816 382 1969 431 aliquod
1989 392 2205 419 sanctorum

156 446 411 487 suscepturus.
451 438 522 476 Sed
555 438 664 488 longe
704 439 827 475 minor
858 440 1031 476 Jeremiae
1061 453 1150 476 san-

156 497 354 542 ctificatio,
383 510 494 546 quarn
516 498 682 534 Joannis.
710 499 777 534 Ille
800 499 950 547 quidem
973 499 1012 535 in
1040 507 1148 536 utero

156 556 285 592 matris
309 557 574 601 sanctificatus,
597 557 657 592 hie
676 557 815 606 Spiritu
838 567 964 594 sancto
985 559 1148 608 repletus

155 615 266 651 fuisse
297 615 547 664 cognoscitur.
580 616 699 652 Multo
734 617 876 666 quippe
903 618 1148 654 excellentius

153 681 210 710 est
225 674 362 727 Spiritu
380 682 506 711 sancto
532 676 689 724 repleri,
706 689 817 724 quam
835 677 1069 714 sanctificari.
1089 676 1147 714 Ibi

153 732 253 768 enim
282 734 524 770 sanctificatio
543 735 849 772 emundationem
873 751 881 772 τ
909 736 969 773 hic
988 737 1146 786 repletio

152 792 438 829 inundationem
459 793 593 842 signat.
616 795 788 843 Denique
810 804 847 832 et
865 797 1058 845 Apostoli,
1081 796 1146 846 qui

154 851 327 888 manibus
345 853 419 888 suis
445 861 697 889 tractaverunt
715 854 760 890 (le
781 854 905 892 Verbo
930 855 1036 900 vitae,
1059 867 1143 891 eum

151 910 331 959 Spiritum
358 919 527 948 sanctum
549 913 780 962 accepissent
801 913 846 950 de
869 914 1070 951 Salvatoris
1090 914 1145 950 af-

152 968 262 1015 flatu,
285 970 346 1006 vix
370 971 682 1021 quinquagesimo
698 986 718 1008 a
731 973 1005 1009 resurrectione
1019 972 1079 1009 die
1096 972 1144 1008 ad

150 1027 254 1064 illum
273 1029 430 1079 gradum
458 1039 665 1079 potuerunt
694 1031 912 1080 pervenire,
939 1039 980 1067 ut
1002 1031 1145 1068 dicere-

1214 440 1505 477 auctoritatibus
1537 441 1718 477 videntur
1757 441 1936 486 obviare,
1969 443 2144 479 volumus
2169 451 2212 478 ut

1215 498 1294 534 sine
1317 499 1420 534 omni
1441 499 1726 535 excusationum
1754 501 1812 536 vel
1849 500 2111 536 defensionum
2145 514 2209 550 pa-

1215 558 1378 593 trocinio
1405 557 1650 594 subruantur.

1267 616 1302 652 4.
1323 617 1471 653 Tertius
1492 617 1615 653 honor
1643 626 1699 654 est
1726 618 1953 654 Excellentia
1979 618 2015 654 in
2039 619 2206 655 exsulta-

1213 675 1328 712 tione.
1350 679 1381 712 A
1415 677 1552 712 saeculo
1584 690 1659 712 non
1694 686 1749 713 est
1780 678 1971 723 auditum,
2003 678 2105 726 quod
2124 678 2208 726 quis

1211 736 1456 773 exsultaverit
1475 736 1512 772 in
1534 745 1640 773 utero
1661 738 1789 773 matris
1804 766 1813 782 ,
1833 750 1917 773 eum
1940 737 2047 773 hicin
2067 737 2205 786 gaudio

1211 795 1415 831 exsultasse
1429 795 1586 844 legatur.
1601 799 1762 833 Prorsus
1778 795 2016 846 obstupenda
2028 796 2209 844 dignatio,

1210 866 1370 902 puerum
1391 854 1455 890 vix
1476 864 1724 905 conceptum,
1748 856 1786 892 in
1811 865 1954 893 motum
1986 855 2207 892 exsultatio-

1211 914 1268 950 nis
1281 927 1481 964 erumpere
1495 944 1504 960 ,
1527 915 1637 964 eique
1654 924 1843 965 gratanter
1869 929 2065 952 occurrere
2087 915 2206 951 servi—

1210 973 1262 1009 tio
1279 974 1463 1019 dulciori,
1486 987 1598 1023 quem
1621 975 1791 1024 virginali
1812 974 2029 1012 substantiae
2045 987 2207 1024 praesen-

1209 1033 1256 1068 sit
1270 1034 1445 1069 infusum.
1462 1037 1573 1070 Beata
1588 1034 1725 1078 anima,
1744 1047 1827 1082 quae
1844 1035 1880 1070 in
1892 1034 1950 1069 via
1967 1042 2205 1082 peccatorum

151 1095 212 1123 tur
232 1087 280 1124 de
294 1089 347 1124 eis
370 1102 377 1124 :
398 1091 542 1137 Repleti
561 1099 646 1124 sunt
663 1103 788 1125 omnes
807 1092 949 1138 Spiritu
969 1099 1096 1125 sancto
1117 1095 1142 1125 ¹.
1165 1091 1193 1124 B
1210 1105 1286 1128 non
1314 1093 1437 1137 stetit,
1465 1092 1528 1128 sed
1555 1092 1747 1128 secretiori
1768 1093 1898 1129 semita
1923 1093 1969 1128 de
1992 1091 2206 1128 coelestibus

150 1149 198 1183 Et
214 1147 300 1184 licet
320 1148 482 1197 Spiritus
512 1157 661 1185 sanctus
690 1149 841 1199 largiori
867 1157 957 1185 tunc
988 1162 1144 1186 munere

150 1207 385 1244 credentium
406 1208 521 1245 corda
539 1208 766 1258 repleverit;
787 1208 858 1244 hoc
889 1216 1010 1245 tamen
1030 1212 1146 1246 Joan-

150 1279 214 1303 nes
231 1267 367 1315 legitur
391 1267 427 1303 in
447 1275 555 1304 utero
570 1275 762 1304 assecutus
778 1296 787 1313 ,
814 1267 917 1317 quod
939 1269 1146 1317 apostolica

147 1326 331 1362 celsitudo
356 1326 504 1362 tandem
530 1327 692 1376 longiori
724 1327 977 1376 promissione
1006 1328 1145 1364 meruit

148 1383 333 1421 obtinere.
366 1385 550 1431 Attende,
578 1385 757 1430 obsecro,
788 1386 1006 1436 diligenter,
1030 1401 1143 1436 quam

148 1444 320 1482 ordinata
354 1445 601 1494 dispositione
641 1446 803 1495 Spiritus
840 1447 902 1483 ille
943 1447 1142 1497 multiplex

146 1505 345 1541 Jeremiam
361 1505 585 1549 sanctificat,
604 1509 787 1543 Joannem
807 1507 938 1556 replet,
954 1516 991 1543 et
1010 1520 1143 1556 super—

148 1564 252 1600 venit
277 1564 316 1599 in
352 1564 519 1601 Mariam.
555 1568 600 1601 Et
628 1565 799 1601 Jercmiae
832 1565 984 1614 quidem
1021 1565 1143 1602 admi-

149 1622 264 1662 randa
294 1623 563 1668 sanctificati03
595 1623 682 1672 quia
708 1624 778 1660 etsi
804 1624 841 1660 in
875 1622 1033 1673 peccato
1055 1637 1144 1661 con-

147 1690 277 1731 ceptus
298 1691 375 1727 est,
399 1683 564 1719 nascitur
585 1691 708 1720 tamen
741 1684 822 1720 sine
851 1692 1019 1732 peccato.
1045 1688 1143 1721 Ante

147 1742 246 1778 enim
268 1755 379 1791 quam
400 1743 521 1779 exiret
542 1742 589 1779 de
621 1751 773 1788 ventre,
794 1743 1045 1780 sanctificatus
1073 1752 1141 1780 est.

147 1804 222 1838 Nec
236 1810 384 1851 poterat
399 1802 498 1839 nasci
514 1815 590 1839 non
606 1810 776 1847 sanctus,
796 1803 861 1851 qui
882 1803 918 1838 in
939 1811 1048 1839 utero
1064 1816 1145 1838 ma-

146 1861 212 1898 tris
231 1870 311 1897 erat
327 1862 578 1899 sanctificatus
593 1867 618 1896 ².
635 1861 728 1898 Mira
745 1873 822 1906 res,
838 1869 874 1897 et
891 1869 992 1897 retro
1015 1870 1140 1898 trans·
1161 1866 1187 1902 C

145 1921 237 1958 actis
256 1922 400 1958 saeculis
423 1921 613 1966 inaudita,
636 1921 827 1957 hominem
849 1929 1073 1970 conceptum
1102 1921 1140 1958 in

146 1981 325 2030 pcccatis,
361 1981 460 2017 nasci
495 1981 576 2017 sine
619 1984 803 2029 peceato!
837 1983 1021 2017 Joannem
1048 1993 1140 2017 vero

148 2039 259 2089 longe
279 2040 481 2090 gloriosior
501 2040 620 2076 virtus
654 2040 844 2089 implevit,
866 2040 930 2088 qui
950 2049 987 2076 et
1004 2041 1143 2076 sancti-

147 2099 278 2135 ficatus
295 2107 350 2135 est
369 2113 389 2136 a
416 2107 592 2149 peccato,
620 2107 657 2135 et
682 2099 732 2135 ita
755 2098 973 2135 dominante
1000 2099 1142 2148 Spiritu

146 2160 368 2208 superfusus
385 2187 394 2204 ‚
420 2168 461 2195 ut
491 2168 528 2196 et
547 2168 728 2209 purgatus
745 2167 870 2204 exeat,
902 2167 938 2194 et
960 2160 1138 2208 repletus.

145 2221 240 2254 Vere
270 2232 427 2267 magnus
458 2232 581 2255 coram
615 2219 800 2263 Domino,
837 2231 949 2267 quem
986 2219 1140 2267 angelus

146 2278 316 2322 nuntiat,
337 2278 544 2314 sanctificat
564 2281 678 2321 Deus,
710 2277 871 2326 Spiritus
892 2278 1034 2326 replet,
1063 2279 1141 2314 vita

145 2336 397 2372 commendat.
426 2334 671 2373 Ineffabiliori
696 2336 795 2372 enim
826 2336 939 2372 modo
959 2350 1141 2386 superve-

145 2394 201 2430 nit
217 2395 254 2430 in
271 2395 459 2444 Virginem
475 2423 484 2440 ,
503 2409 614 2444 quam
633 2404 708 2432 tota
725 2396 930 2432 divinitatis
944 2397 1140 2445 plenitudo

145 2455 224 2490 sine
253 2467 438 2491 mensnrae
467 2454 694 2492 discretione
730 2455 918 2505 perfudit,
944 2464 985 2491 ut
1016 2464 1135 2492 totum

145 2522 297 2563 caperet
321 2515 385 2564 qui
414 2515 498 2551 fecit
522 2523 661 2560 totum,
684 2523 723 2551 ut
752 2528 826 2551 non
852 2516 971 2551 solum
996 2529 1015 2552 a
1046 2528 1136 2565 pec-

145 2574 235 2610 catis
257 2573 451 2620 abluta,et
467 2575 607 2623 repleta
625 2575 765 2623 Spiritu
779 2583 930 2620 sancto,
951 2575 1015 2612 sed
1036 2584 1072 2611 et
1092 2575 1138 2611 de

1210 1151 1371 1187 officinis
1400 1151 1618 1199 egrediens,
1652 1151 1828 1188 inauditae
1857 1151 2116 1200 gratulationis
2149 1158 2205 1185 est

1210 1211 1339 1248 sortita
1363 1210 1615 1247 dulcedinem.
1643 1211 1747 1248 Felix
1779 1210 1989 1255 Elisabeth,
2018 1210 2064 1245 ad
2095 1221 2206 1258 quam

1210 1280 1390 1322 properat
1424 1275 1543 1308 Mater
1577 1271 1798 1316 Salvatoris,
1835 1284 1947 1319 quam
1980 1268 2207 1306 salutatoriis

1209 1330 1400 1379 obsequiis
1432 1330 1614 1365 coelorum
1648 1329 1874 1378 Imperatrix
1914 1328 2096 1378 impertit.
2134 1326 2205 1363 Sed

1209 1402 1305 1439 puer
1325 1390 1443 1426 multo
1466 1389 1625 1434 felicior,
1649 1389 1713 1437 qui
1749 1389 1944 1425 salutantis
1974 1387 2204 1436 majestatem

1207 1461 1434 1498 agnoscens,
1457 1448 1557 1484 intra
1581 1448 1766 1484 viscerum
1790 1446 1990 1484 tenebrosa
2013 1445 2205 1482 volumina

1208 1508 1345 1558 gaudio
1363 1508 1520 1557 gaudet3
1541 1509 1627 1557 quia
1644 1508 1718 1543 vim
1739 1517 1811 1543 tam
1836 1506 1953 1544 heatae
1971 1505 2204 1543 salutationis

1208 1567 1382 1604 attendit.
1403 1569 1453 1602 Ec
1464 1566 1611 1615 sactum
1633 1576 1699 1610 est,
1720 1566 1862 1615 inquit,
1886 1576 1924 1602 ut
1946 1568 2087 1601 audivit
2101 1567 2203 1600 salu-

1209 1633 1381 1663 tationem
1399 1629 1540 1662 ]llarioe
1555 1626 1768 1670 Elisabeth,
1787 1630 1982 1662 eoesulmeit
2001 1631 2036 1661 in
2060 1626 2201 1674 gaudio

1210 1685 1339 1733 infans
1355 1691 1392 1721 in
1417 1695 1517 1721 atero
1541 1691 1628 1731 (yma
1652 1685 1832 1723 Ascendit
1858 1699 1941 1722 cum
1964 1684 2204 1721 festinatione

1209 1748 1321 1795 Virgo
1349 1746 1386 1782 in
1409 1746 1562 1782 domum
1589 1746 1776 1782 Zachariae
1800 1745 1846 1781 ad
1876 1744 2107 1782 salutandam
2130 1743 2203 1779 Eli-

1210 1805 1364 1850 sabeth,
1400 1813 1556 1854 portans
1584 1805 1621 1841 in
1650 1813 1758 1841 utero
1790 1805 1923 1841 Filium
1954 1805 2040 1850 Dei,
2061 1807 2201 1853 Regem

1206 1866 1347 1915 gloriae,
1362 1865 1565 1901 Dominum
1582 1864 1797 1913 majestatis.
1813 1865 1984 1902 Occurrit
1998 1862 2202 1907 Elisabeth,

1207 1933 1244 1960 et
1274 1924 1436 1973 antiquae
1463 1924 1670 1962 sterilitatis
1699 1937 1829 1961 carens
1850 1923 2086 1974 opprobriis,
2107 1922 2203 1958 ami-

1207 1998 1290 2021 cum
1308 1984 1456 2033 sponsi,
1482 1997 1695 2034 praeconem
1714 1983 1826 2021 vorbi
1845 1984 2056 2021 felicissimo
2075 1990 2205 2018 ventre

1209 2043 1396 2093 deportat.
1415 2048 1634 2094 Junguntur
1655 2044 1871 2093 amplexus,
1893 2043 2045 2079 venitur
2069 2042 2114 2078 ad
2139 2055 2204 2077 os-

1208 2104 1310 2148 cula,
1334 2112 1370 2139 et
1387 2104 1614 2152 copulantur
1635 2103 1759 2139 felices
1777 2103 1873 2139 uteri
1892 2118 1899 2138 :
1918 2106 2056 2150 Regem
2075 2109 2111 2137 et
2133 2100 2203 2136 mi-

1208 2162 1311 2198 litem
1331 2163 1482 2198 nonnisi
1500 2162 1575 2198 duo
1595 2162 1784 2198 tenerrimi
1802 2162 1962 2211 parietes
1977 2160 2201 2210 abjungunt.

1207 2222 1305 2270 Quid
1324 2223 1478 2268 mirum,
1496 2223 1527 2259 si
1545 2222 1705 2258 miratur
1721 2235 1816 2271 puer
1833 2230 1868 2257 et
1883 2221 2045 2257 exsultat
2065 2234 2084 2256 a
2106 2227 2202 2255 tactu

1208 2290 1279 2317 tam
1298 2282 1480 2331 proximae
1497 2281 1704 2318 divinitatis
1716 2290 1750 2317 et
1764 2282 1915 2318 afflatu?
1930 2285 2129 2317 Poteratne
2145 2292 2205 2314 va-

1207 2355 1291 2377 care
1313 2355 1331 2377 a
1353 2354 1594 2390 quocumque
1623 2342 1827 2383 miraculo,
1852 2341 1910 2377 cui
1935 2353 2098 2390 praesens
2127 2346 2205 2374 erat

1206 2400 1317 2449 Regis
1339 2401 1555 2449 pumentia,
1587 2400 1775 2449 regnantis
1792 2404 1925 2445 Mater,
1949 2399 2080 2435 mundi
2100 2397 2204 2435 Red-

1205 2461 1380 2509 emptor?
1400 2459 1498 2506 Quid
1522 2459 1623 2508 quod
1653 2472 1728 2495 non
1750 2459 1862 2494 semel
1892 2467 1963 2494 tam
1988 2466 2201 2493 sanctorum

1203 2520 1446 2568 amplexuum
1477 2519 1545 2554 fuit
1569 2517 1755 2554 celebrata
1782 2518 2026 2567 conjunctio?
2060 2519 2202 2552 Mansit

1204 2589 1324 2614 autem
1355 2582 1481 2614 Allaria
1511 2593 1592 2613 cum
1624 2581 1692 2614 illa
1718 2583 1830 2626 quasi
1853 2578 1967 2613 tribus
1993 2575 2198 2615 mmm-dms,

145 2634 285 2683 Spiritu
303 2642 433 2671 sancto
453 2634 670 2683 concepisse
690 2634 865 2671 credatur
893 2649 899 2670 :
932 2635 1019 2683 quia
1038 2637 1192 2682 (1110ch
1210 2639 1259 2674 ait
1290 2638 1560 2687 {fix-angelmus·
1595 2642 1715 2675 'samo
1750 2647 1919 2687 tempor(-
1957 2645 2083 2673 „mm-t
2119 2648 2202 2671 pum

146 2699 184 2729 in
205 2708 250 2729 ea
280 2703 408 2730 tentum
430 2702 504 2737 ese,
534 2695 579 2728 (le
601 2696 740 2741 Spiritu
766 2702 893 2728 sancto
916 2703 968 2728 est
988 2692 1014 2729 ³.
1047 2693 1139 2729 Inde

145 2753 321 2803 estquod
350 2753 529 2802 singulari
557 2753 807 2802 prferogativa
837 2753 927 2788 fides
957 2753 1141 2789 catholiea

147 2813 278 2849 Filium
305 2814 369 2848 nei
399 2821 526 2848 natum
557 2812 603 2848 de
632 2812 806 2860 Virgine,
836 2821 1061 2861 conceptum
1094 2812 1139 2848 de

146 2872 287 2921 Spiritu
309 2880 437 2908 sancto
464 2872 688 2915 conlitetur,
719 2880 759 2907 ut
779 2871 984 2908 divinitatis
1010 2880 1047 2907 et
1070 2871 1139 2907 hu-

146 2931 335 2968 manitatis
355 2931 592 2968 indivisibilis
623 2931 785 2967 adunata
816 2932 1004 2968 connexio
1024 2945 1140 2968 voca-

145 2990 320 3028 bulorum
356 2992 609 3028 indiflerentia
650 2991 879 3040 designetur.
911 2991 1021 3028 Vides
1051 3005 1141 3041 ergo

145 3064 256 3099 qnam
278 3051 471 3088 remotiori
495 3051 692 3100 privilegio
710 3051 902 3100 speciosus
926 3052 1045 3087 forma
1065 3065 1141 3101 prae

145 3112 230 3148 filiis
246 3112 457 3155 hominum,
475 3125 494 3147 a
513 3112 597 3147 liliis
615 3103 809 3147 hominum
830 3111 865 3147 in
888 3111 1139 3160 concipiendo

145 3170 327 3207 discretus
347 3170 404 3207 sit.
421 3171 476 3207 Illi
494 3171 631 3206 etenim
652 3170 698 3206 de
724 3170 884 3219 peccatis
899 3179 935 3206 et
956 3171 992 3206 in
1013 3184 1141 3219 pecea-

147 3230 191 3265 tis
212 3229 385 3279 concepti
407 3238 518 3267 sunt:
545 3230 604 3266 hie
622 3230 659 3265 in
687 3229 829 3279 Spiritu
862 3238 897 3265 et
923 3229 969 3265 de
998 3230 1138 3278 Spiritu

811 3355 944 3386 ἰἶ11111111.
969 3368 997 3393 1,
1017 3362 1068 3387 ἀ),

198 3359 292 3387 'Act
315 3368 355 3392 ii,
376 3360 403 3386 si.
425 3376 448 3377 fl
484 3362 493 3374 ⁷
511 3360 746 3394 .11·1·1Ἶιι.1,.’ὶ,-

1206 2697 1395 2733 Elisabeth
1417 2697 1609 2745 virginalis
1631 2698 1822 2745 integritas
1836 2726 1845 2741 ,
1868 2705 1903 2732 et
1920 2710 2021 2732 nunc.
2042 2695 2202 2731 dulciori

1206 2756 1378 2804 eloquio,
1402 2769 1501 2791 nune
1525 2756 1680 2792 feliciori
1703 2757 1880 2804 amplexu
1902 2759 2083 2791 Joannem
2106 2767 2201 2802 pue—

1208 2829 1287 2851 rnm
1306 2824 1496 2851 consecrat
1520 2824 1555 2851 et
1577 2816 1740 2863 insignit.
1757 2816 1763 2864 Ι
1783 2819 1824 2851 lit
1842 2815 2006 2851 fortassis
2024 2812 2201 2861 usquead

1207 2875 1303 2910 diem
1328 2874 1532 2911 nativitatis
1545 2873 1626 2922 ejus
1649 2875 1812 2922 gloriosa
1831 2874 1942 2921 Virgo
1963 2887 2046 2909 eum
2069 2886 2203 2919 cogna-

1209 2943 1242 2970 ta
1264 2942 1406 2970 morata
1430 2942 1483 2969 est
1501 2962 1509 2976 ,
1539 2934 1657 2970 donee
1675 2947 1834 2983 puerum
1861 2942 1986 2969 natum
2011 2934 2094 2969 sinu
2115 2931 2202 2967 hea—

1210 2993 1354 3029 tissimo
1393 2992 1640 3036 eonfm‘ereu
1673 3003 1709 3029 et
1742 3007 1818 3029 uno
1853 2994 1994 3042 pariete
2029 3001 2201 3034 remoto,

1209 3053 1519 3101 propinquiorem
1552 3052 1726 3089 redderet
1763 3053 1968 3101 pinesentia·
2000 3051 2199 3089 Creatoris,

1211 3112 1330 3148 Facile
1359 3120 1482 3148 antem
1512 3112 1582 3148 hoe
1614 3126 1659 3148 ex
1698 3113 1886 3160 Evangelii
1918 3110 2134 3159 conjectura
2157 3111 2202 3146 li-

1206 3180 1292 3219 quet
1309 3200 1317 3213 ,
1340 3171 1517 3220 quiajam
1537 3185 1598 3207 sex
1618 3186 1763 3208 menses
1779 3186 1798 3208 a
1820 3172 2070 3221 conceptione
2086 3174 2200 3206 Joan-

1208 3230 1264 3266 nis
1290 3230 1547 3277 defluxerant,
1570 3246 1653 3269 cum
1676 3232 1720 3268 ad
1740 3233 1928 3281 Yirginem
1950 3231 2201 3278 Archangelus

1158 3359 1251 3386 itur.
1274 3369 1279 3385 1
1299 3380 1304 3388 .
1329 3359 1386 3389 ’11,
1410 3362 1448 3385 sis»
