2504 3928
328 134 394 168 ‚¹411
864 129 1132 165 .-i1)M()N1'r10
1163 131 1206 164 ΙΝ
1238 127 1527 174 ΞΕΩΙ,11·“,ΝἸΊ·“,Μ
1562 127 1837 161 Ι·ΣΙ)18ἸὈῙ,ΛΜ.
2291 130 2364 165 412

332 241 347 254 ι»
371 221 533 259 docetur
560 218 729 256 auditor.
759 217 855 254 Nam
885 217 956 254 lioc
979 231 1138 268 quoque
1162 216 1295 254 ordine
1330 215 1521 251 Dominus
1547 213 1594 249 ad
1624 213 1832 264 discipulos
1861 213 1952 251 dicit
1974 231 1982 250 ε
2006 217 2055 250 E!
2072 229 2142 263 quo
2172 230 2238 264 ego
2268 222 2364 254 vado

331 304 347 317 n
372 291 484 325 scias,
508 294 542 319 ct
564 290 662 319 vlam
683 287 779 317 ssim
800 289 822 317 ¹.
851 280 962 318 Unde
979 290 1018 318 et
1036 280 1227 331 propheta
1244 297 1252 316 :
1278 284 1444 321 Divmae,
1469 279 1614 328 inquit,
1634 282 1762 314 saluus
1782 281 1967 327 sapic-uela
1986 289 2021 314 et
2037 285 2193 315 scientia
2211 287 2237 317 ².
2261 280 2364 319 Nam

332 368 347 381 n
371 350 487 386 etiam
510 349 546 384 iu
575 345 727 383 l‘saluio
747 346 921 394 primum
946 349 1022 380 dic-s
1043 348 1117 381 ‹lii-i
1134 355 1271 380 erm-tat
1297 343 1469 385 verbum,-
1490 351 1616 391 postva
1639 356 1728 379 vero
1747 357 1823 377 'mr
1839 348 1936 378 nnc-ti
1967 346 2104 379 indicat
2129 349 2320 380 scientiam
2335 344 2362 382 ³.

387 430 402 443 υ
428 411 528 447 Sunt
559 418 742 459 prirtcrea
781 417 819 445 et
859 407 933 444 alia
967 407 1154 457 opuscula
1193 417 1334 445 nosti-a.
1368 406 1573 443 'l‘i-actatiis
1608 406 1718 451 duo,
1751 407 1927 456 primus,
1971 406 2018 444 de
2055 406 2367 458 contemplando

332 495 348 507 ι»
373 476 473 520 Ι)υο;
500 474 611 517 alter,
633 473 680 510 de.
699 472 851 510 Natura
879 481 916 509 et
943 472 1128 522 dignitate
1154 473 1296 509 amoris
1326 488 1334 508 :
1367 470 1521 508 libellus
1549 470 1597 507 de
1621 471 1870 508 Sat-ramento
1889 470 2020 508 altaris
2052 487 2060 508 z
2093 471 2366 511 Meditationes

333 558 348 572 ι»
375 539 538 576 Novitiis
556 537 605 575 ad
623 536 817 574 orandum
839 535 1053 574 formandis
1070 535 1270 585 spiritibus
1289 549 1366 572 non
1388 548 1668 584 usquequaque
1691 534 1847 571 inutiles
1869 551 1878 571 ι
1901 544 1939 572 et
1961 548 2076 585 super
2095 535 2249 573 Cantica
2268 550 2366 574 can-

331 623 347 637 „
374 606 537 642 ticoruin
557 617 680 653 usque
700 602 748 639 ad
769 601 881 638 illuni
901 601 1029 638 locum
1043 630 1052 645 ,
1077 604 1273 637 Paululum
1303 615 1380 635 rum
1403 606 1685 647 l)!’l!1(!t!.s·!'.i·.ic·m
1714 614 1787 642 ens,
1817 602 1937 635 inveni
1959 614 2064 647 quem
2091 603 2215 648 diligit
2235 607 2364 638 anima

331 689 346 701 »ι
375 685 470 706 mea.
492 668 593 706 Nam
622 677 753 704 contra
781 666 939 704 Petrum
962 665 1244 710 Abaclardiim,
1265 666 1331 714 qui
1360 663 1584 714 prwdictum
1608 678 1706 713 opus
1733 677 1782 701 ne
1810 665 2034 714 perficerem
2063 665 2187 702 effi-cit
2207 681 2215 701 ε
2238 679 2365 716 neque

332 753 348 767 n
373 735 479 772 enim
504 735 695 783 integrum
727 731 823 768 milii
847 731 926 768 lore
954 730 1171 768 arbitrabar
1203 741 1280 767 tam
1312 728 1475 766 delicato
1506 729 1610 765 intus
1642 742 1776 765 vacare
1808 729 1901 775 otio,
1934 729 2016 779 ipso
2045 729 2137 766 soris
2158 730 2253 767 sines
2274 729 2363 767 fidei

333 818 347 832 υ
371 810 509 837 nostra:
529 797 690 839 nudato,
709 806 754 833 ut
772 796 927 837 dicitur,
949 795 1076 846 gladio
1097 805 1174 832 tam
1195 794 1400 832 crudeliter
1419 793 1681 844 depopulanti·
1707 810 1715 830 :
1734 802 1866 830 contra
1885 795 2032 843 ipsum,
2056 795 2216 844 inquam
2229 824 2238 841 ,
2257 794 2365 845 quod

333 883 346 894 ·=
374 864 524 913 scripsi,
546 862 637 911 quia
655 860 703 897 de
723 859 897 897 sontibus
914 868 1135 896 sanctorum
1162 858 1324 895 Patrum
1343 857 1453 895 hausi
1481 858 1587 908 quod
1614 859 1689 895 dixi
1704 888 1712 904 ‚
1735 857 2071 908 quemadmodum
2093 859 2131 894 in
2150 858 2363 909 Epistolain

331 945 345 959 υ
371 927 418 964 ad
439 927 635 963 Romanos
654 934 687 961 ei
717 925 754 960 in
771 924 913 960 caeteris
932 922 980 960 de
997 922 1142 973 quilius
1158 922 1255 959 iufra
1271 921 1445 958 dicturus
1463 936 1551 959 suin
1564 952 1572 968 ,
1592 924 1629 958 in
1650 921 1794 972 quilius
1807 931 1875 959 aut
1898 922 1993 958 nihil
2011 922 2185 968 omnino,
2201 930 2271 959 aut
2285 935 2364 960 non

330 1010 345 1023 n
374 990 545 1028 multum
565 989 612 1026 dc
634 1003 719 1026 ineo
734 987 834 1033 dixi;
856 987 997 1024 nwlius
1016 996 1091 1033 cst,
1113 987 1141 1023 si
1160 987 1210 1024 ita
1227 986 1435 1036 placuerit,
1454 996 1497 1024 ut
1513 1000 1716 1038 suppresso
1735 987 1891 1024 nomine
1909 995 2038 1024 nostro
2055 987 2154 1024 inter
2169 999 2364 1037 anonyma

331 1075 345 1088 υ
373 1055 659 1105 relinquantur,
681 1066 822 1102 quain,
854 1061 899 1088 ut
929 1050 1107 1101 praedixi,
1136 1063 1223 1100 quae
1254 1064 1329 1088 non
1358 1052 1512 1101 peperi,
1542 1064 1771 1101 congregare
1791 1049 1932 1088 videar.
1968 1049 2149 1100 Excerpsi
2183 1050 2289 1087 enim
2318 1063 2363 1087 ex

328 1138 343 1153 »
371 1119 480 1157 libris
505 1119 621 1155 sancti
653 1117 844 1154 Ambrosii
865 1115 1058 1166 quidquid
1087 1115 1123 1151 in
1154 1115 1207 1151 cis
1226 1114 1405 1153 disseruit
1432 1129 1547 1166 super
1574 1115 1729 1152 Cantica
1749 1116 2008 1161 canticorum,
2033 1128 2132 1164 opus
2157 1113 2300 1165 grande
2327 1122 2366 1152 et

330 1204 342 1217 »ι
369 1184 573 1235 inclytum.
597 1181 782 1219 Similiter
796 1189 833 1218 et
851 1194 896 1217 ex
921 1179 1023 1216 beati
1041 1179 1237 1229 Gregorii,
1256 1178 1320 1216 sed
1338 1179 1519 1217 diffusius
1537 1193 1658 1229 quam
1687 1178 1789 1216 Beda
1808 1178 1954 1216 fecerit.
1977 1176 2079 1215 Nam
2107 1176 2211 1215 idem
2234 1177 2337 1216 Beda
2353 1208 2363 1225 ,

326 1266 342 1281 ν
366 1257 410 1287 ut
434 1249 567 1293 nostis,
598 1245 783 1295 ultimum
813 1245 851 1280 in
872 1243 1018 1281 caeteris
1044 1242 1154 1279 libris
1173 1243 1266 1288 suis,
1286 1243 1385 1280 hanc
1414 1245 1535 1293 ipsam
1564 1244 1825 1293 exceptionem
1846 1243 2061 1280 constituit.
2082 1241 2300 1280 Sententias
2318 1241 2367 1279 dc

327 1331 343 1345 »v
372 1313 466 1359 side,
490 1324 587 1362 quas
604 1310 651 1347 de
670 1309 775 1346 beati
803 1309 973 1345 maxime.
992 1307 1196 1357 Augustini
1219 1306 1325 1344 libris
1343 1309 1511 1354 extraxi,
1533 1308 1560 1343 si
1581 1307 1700 1345 vultis
1726 1306 2000 1353 transcribere,
2028 1306 2148 1344 sortes
2177 1307 2364 1344 nimirum

329 1395 343 1410 υ
369 1386 407 1414 et
427 1389 559 1428 graves
578 1382 688 1419 suut,
709 1387 799 1410 cum
818 1370 1038 1421 supradicto
1059 1370 1260 1420 opusculo,
1281 1370 1388 1420 quod
1409 1371 1588 1421 AEnigma
1617 1370 1704 1407 fidei
1731 1369 1920 1407 intitulari
1939 1370 2085 1419 placuit
2098 1399 2107 1415 ,
2129 1371 2250 1421 magis
2272 1383 2367 1407 con—

327 1458 342 1472 »
369 1449 528 1492 gruunt.
554 1438 621 1475 Est
639 1438 756 1475 ctiam
775 1434 882 1473 aliud
905 1433 1139 1484 opusculum
1158 1443 1337 1471 nostrum
1355 1433 1403 1470 de
1427 1434 1577 1472 Natura
1594 1435 1752 1481 animae,
1770 1435 1958 1484 scriptum
1976 1433 2049 1471 sul)
2068 1435 2225 1471 nomine
2247 1434 2368 1471 Joan-

327 1523 343 1538 »
368 1505 426 1542 nis
441 1503 490 1541 ad
510 1500 781 1551 Theophilum
804 1516 812 1536 ε
835 1499 896 1536 cui
915 1507 960 1535 ut
986 1498 1033 1535 de
1053 1506 1134 1535 toto
1155 1497 1314 1535 lioinine
1340 1498 1468 1550 (quasi
1487 1499 1589 1534 enim
1612 1510 1821 1547 congruere
1848 1496 2076 1547 videbatur)
2102 1496 2251 1547 aliquid
2272 1510 2368 1546 per-

329 1589 342 1602 ›=
367 1570 618 1619 stringerem,
647 1565 815 1616 praemisi
837 1564 954 1601 etiam
984 1562 1032 1599 de
1062 1571 1200 1599 natura
1229 1563 1422 1611 corporis,
1443 1562 1517 1599 lioc
1545 1570 1602 1599 est
1631 1575 1768 1599 corum
1789 1562 1857 1611 qui
1885 1561 2113 1611 corporibus
2133 1560 2365 1608 medentur;

330 1652 343 1667 n
368 1633 466 1671 illud
495 1641 626 1669 autem
661 1630 707 1667 de
734 1642 871 1666 eorum
902 1628 970 1678 qui
997 1626 1178 1664 curandis
1205 1625 1413 1663 animabus
1443 1625 1663 1676 invigilant,
1698 1625 1806 1662 libris
1837 1624 2057 1674 decerpens.
2092 1625 2230 1675 ltaque
2254 1624 2367 1676 legite

328 1716 344 1731 u
369 1699 520 1743 omnia,
539 1706 577 1734 et
594 1697 623 1733 si
640 1709 717 1732 non
736 1693 876 1744 primi,
898 1701 1050 1737 tamen,
1069 1692 1099 1729 si
1120 1693 1172 1728 ita
1192 1689 1358 1736 videtur,
1382 1689 1441 1727 vel
1463 1690 1591 1727 ultimi
1615 1706 1623 1726 :
1647 1703 1695 1726 ne
1714 1690 1742 1726 si
1763 1690 1802 1725 in
1817 1702 1954 1726 eorum
1972 1702 2111 1726 manus
2125 1688 2364 1736 devenerint,

330 1781 344 1795 »
372 1763 441 1814 qui
462 1761 561 1799 nihil
590 1761 659 1810 ipsi
688 1760 869 1797 facientes
898 1756 1065 1794 alioruin
1084 1757 1215 1793 omnia
1235 1754 1399 1799 rodunt3
1417 1767 1487 1805 cgo
1506 1767 1684 1804 quoque,
1707 1761 1840 1802 utpote
1860 1766 1975 1790 senex
1995 1761 2034 1790 et
2056 1752 2249 1799 deficiens,
2267 1754 2367 1790 sicut

329 1845 344 1859 »
372 1826 419 1864 de
440 1826 546 1863 Isaac
573 1824 766 1875 legitur&
796 1821 991 1866 deficiens,
1013 1820 1197 1869 inquam,
1223 1831 1300 1855 non
1326 1831 1479 1867 gressu,
1504 1818 1569 1855 sed
1589 1831 1724 1864 sensu,
1752 1816 1890 1854 illaesus
1915 1830 1992 1854 non
2011 1818 2155 1867 possim
2182 1817 2363 1868 effugere.

328 1908 343 1923 υ
371 1890 550 1939 Denique
580 1887 720 1925 melius
746 1885 929 1931 arbitror,
948 1885 978 1921 si
1006 1882 1161 1920 inutilia
1192 1883 1452 1932 reperiantur,
1478 1892 1524 1920 ut
1550 1896 1593 1919 ea
1612 1883 1829 1919 amicorum
1850 1895 1926 1918 non
1956 1890 2034 1918 tam
2059 1880 2219 1930 judicio,
2247 1895 2367 1931 quam

327 1974 342 1987 n
370 1954 529 1993 consilio
548 1952 652 1991 ultor
673 1952 768 2003 ignis
787 1950 989 1995 absumat,
1007 1961 1127 1998 quam
1148 1957 1192 1985 ut
1210 1948 1249 1984 in
1265 1961 1308 1984 ea
1327 1946 1424 1985 livor
1441 1949 1593 1984 irruens
1607 1945 1870 1983 detractorum
1890 1944 2074 1983 offendat.
2095 1946 2139 1982 ln
2157 1959 2248 1995 pace
2262 1945 2367 1983 enim

328 2038 343 2052 u
368 2021 517 2058 vocavit
537 2032 605 2056 nos
625 2017 746 2063 Deus,
767 2025 805 2053 et
822 2013 1058 2065 providenda
1078 2022 1168 2051 sunt
1186 2012 1290 2049 bona
1307 2026 1384 2049 non
1411 2011 1539 2049 solum
1556 2024 1685 2048 coram
1706 2011 1803 2060 ipso,
1821 2009 1889 2047 sed
1906 2011 2024 2047 etiam
2043 2023 2173 2047 coram
2190 2008 2369 2047 homini-

328 2104 342 2117 ιι
367 2085 441 2122 bus
463 2101 471 2120 ε
496 2092 559 2129 ut,
591 2083 620 2119 si
649 2082 730 2119 fieri
759 2088 905 2130 potest,
935 2077 1043 2128 quod
1070 2091 1115 2114 cx
1143 2076 1254 2114 nobis
1281 2085 1354 2119 est,
1375 2090 1465 2113 cuni
1486 2076 1669 2114 omnibus
1695 2088 1828 2124 pacem
1858 2074 2076 2112 habeamus
2091 2075 2118 2111 ⁵.
2151 2075 2232 2112 Hoc
2261 2074 2367 2111 enim

328 2167 343 2180 »
371 2160 617 2196 summopere
640 2153 772 2182 monet
793 2143 895 2180 idem
922 2140 1130 2192 Apostolus
1146 2139 1424 2189 judicandum,
1453 2154 1500 2177 ne
1516 2153 1709 2190 ponamus
1728 2138 2006 2176 offendiculum
2027 2138 2138 2176 fratri
2165 2137 2226 2175 vel
2252 2151 2370 2176 scan—

329 2231 344 2243 ι»
372 2210 550 2249 daluinss.
582 2210 821 2258 Quanquam
851 2208 880 2243 si
910 2207 998 2256 quis
1024 2205 1196 2242 fraterno
1224 2205 1356 2241 animo
1385 2205 1536 2256 legerit,
1565 2205 1634 2242 etsi
1665 2203 1814 2241 nullam
1842 2203 2144 2242 consolationem
2166 2216 2210 2240 ex
2230 2203 2284 2240 eis
2306 2201 2365 2240 vel

328 2294 342 2307 »ι
371 2274 664 2313 aedificationem
684 2272 862 2322 accipiat,
890 2269 988 2307 nihil
1014 2279 1143 2306 tanicn
1173 2269 1211 2305 in
1241 2269 1295 2305 eis
1322 2269 1427 2307 unde
1447 2268 1693 2306 scandalizari
1722 2267 1780 2305 vel
1811 2267 2065 2313 stomachari,
2102 2267 2208 2305 velut
2235 2276 2367 2304 contra

330 2359 343 2373 .
368 2347 691 2390 praesumptorem
713 2366 722 2382 ,
752 2335 912 2380 debeat,
944 2342 1167 2384 reperturus
1201 2341 1267 2369 cst.
1300 2333 1348 2370 Et
1380 2343 1425 2371 ut
1455 2333 1502 2371 de
1528 2333 1777 2371 aedisicatione
1808 2342 1984 2378 tacea1n3
2011 2333 2080 2382 qui
2108 2333 2258 2369 amicus
2284 2340 2365 2377 est,

327 2424 342 2438 »ι
370 2403 576 2443 sustinebit
604 2413 642 2441 et
675 2404 712 2440 in
746 2402 839 2447 hoc,
869 2401 897 2437 si
923 2413 1001 2450 qua
1035 2408 1111 2445 est,
1145 2399 1408 2448 insipientiam
1435 2410 1586 2442 ineam;
1614 2411 1682 2434 nec
1713 2397 1866 2434 sinistro
1896 2395 2009 2433 oculo
2044 2395 2368 2445 interpretabitur

330 2489 343 2502 »ι
367 2468 655 2519 simplicitatem
690 2480 819 2503 meam
859 2480 867 2501 ε
910 2473 995 2501 tum
1027 2463 1192 2500 maxime
1223 2471 1382 2511 propter
1410 2475 1565 2498 causam
1593 2475 1713 2511 quam
1751 2462 1929 2511 superius
1958 2460 2058 2506 dixi,
2099 2461 2192 2510 quia
2224 2459 2368 2497 scilicet

327 2551 343 2565 υ
366 2533 578 2571 sorensium
608 2544 766 2581 prorsus
799 2530 955 2580 ignarus
973 2541 1158 2578 operum,
1179 2535 1216 2564 et
1236 2539 1313 2562 nou
1339 2524 1465 2561 solum
1492 2533 1620 2570 anate,
1649 2523 1715 2561 scd
1743 2525 1901 2574 insuper
1925 2524 2152 2560 infirmitate
2176 2523 2257 2572 Jam
2281 2522 2368 2559 fra-

327 2615 343 2629 n
370 2606 477 2643 ctus⁷
508 2597 577 2633 nisi
605 2595 678 2633 sub
698 2595 817 2643 hujus
834 2592 951 2630 studii
973 2593 1207 2643 patrocinio,
1227 2590 1449 2635 otiositatis,
1475 2602 1561 2638 quae
1588 2597 1681 2626 tcste
1705 2587 1904 2638 Scriptura
1929 2591 2042 2623 multa
2063 2591 2165 2623 mala
2198 2590 2366 2633 docum,

326 2680 342 2693 υ
370 2661 594 2698 nullatenus
624 2659 796 2710 effugere
815 2657 1037 2694 dominium
1058 2655 1280 2695 valuissem.
1309 2672 1325 2686 n
1353 2653 1466 2691 Deest
1485 2653 1629 2703 quippe
1662 2653 1700 2689 in
1731 2651 1918 2689 omnibus
1946 2664 2033 2701 quae
2056 2650 2245 2688 hactenus
2275 2659 2366 2687 ante

324 2725 538 2763 Tisserium
569 2723 800 2774 prodierunt
832 2721 1090 2766 editionibus;
1115 2720 1221 2757 deest
1250 2721 1287 2756 in
1319 2718 1598 2768 antiquissimis
1632 2718 1811 2755 omnium
1831 2725 1869 2754 et
1896 2717 2043 2753 auctori
2077 2715 2199 2753 ferme
2235 2715 2369 2752 coaevis

324 2789 520 2828 codicibus
564 2788 845 2826 pontiniacensi
885 2795 923 2824 et
960 2786 1285 2830 Cai·oli-Locensi;
1325 2785 1363 2820 in
1402 2782 1568 2820 Metensi
1607 2783 1725 2819 etiam
1762 2780 2068 2818 Sancti-Arnulfi
2087 2797 2095 2826 ;
2134 2781 2174 2816 in
2207 2781 2368 2829 antiqua

325 2856 498 2892 versione
531 2853 664 2905 gallica
694 2852 867 2902 ejusdem
901 2852 1044 2902 operis,
1080 2862 1167 2888 ante
1187 2863 1308 2887 annos
1341 2847 1644 2898 quadringentos
1671 2846 1790 2892 sacta,
1812 2859 1897 2896 quae
1924 2847 1962 2882 in
1987 2844 2165 2882 Cartusia
2196 2844 2368 2881 Montis-

321 2920 390 2957 Dei
419 2919 603 2955 hactenus
623 2926 858 2961 asservatui·;
880 2917 984 2954 deest
1006 2930 1084 2953 uno
1113 2915 1229 2953 verbo
1249 2915 1287 2951 in
1307 2912 1490 2950 omnibus
1510 2911 1589 2948 fere
1619 2911 1910 2960 manuscriptis,
1935 2923 2062 2946 unum
2083 2909 2112 2946 si
2129 2908 2366 2958 excipiamus

324 2983 492 3021 codicem
524 2982 826 3033 Signiacensem,
856 2995 936 3031 quo
962 2981 1174 3031 praesertim
1202 2993 1296 3018 usus
1322 2986 1379 3015 est
1406 2977 1622 3014 Tisseriiis:
1645 2989 1735 3013 iiam
1753 2974 1874 3012 alium
1908 2975 1946 3011 in
1966 2987 2046 3025 quo
2077 2982 2252 3011 occurrat
2285 2985 2363 3011 non

375 3147 380 3161 ¹
403 3144 494 3171 Joan.
514 3150 580 3174 xiv,
604 3140 629 3168 2.
650 3156 690 3159 —
705 3143 715 3158 ²
736 3137 805 3167 lsai.
822 3147 950 3172 xxxiii,
965 3142 994 3166 ὓ,
1017 3155 1042 3158 -
1062 3134 1165 3166 31‘sai.
1182 3146 1287 3174 xviii,
1308 3139 1383 3167 3³—
1406 3135 1508 3167 chn.
1524 3146 1635 3172 xxvii,
1662 3132 1761 3165 l.—-5
1780 3137 1871 3165 Rom.
1888 3145 1956 3172 xii,
1981 3131 2368 3171 17,18.-⁶1d.x1v.--

327 3200 339 3222 7
362 3193 451 3223 iim-li.
468 3202 590 3226 xxxiii,
609 3193 661 3219 20.
