2504 3928
374 222 439 256 431

373 299 485 334 eit-lis.
517 298 752 334 Laborabaut
785 297 956 334 inanibus
975 298 1073 341 suis,
1099 306 1137 333 et
1157 297 1203 334 de
1228 296 1359 334 labore

1097 222 1329 258 GUlGONlS
1358 222 1698 258 cati'lvsttffists

1368 299 1416 315 *dtu

2342 221 2418 257 452

1429 311 1467 333 se
1489 296 1686 341 habentes,
1710 297 1814 344 quasi
1838 295 2056 345 exposuisse
2077 296 2268 333 videretur
2288 305 2325 334 et
2352 297 2420 334 ab-

375 369 442 393 suo
473 369 658 406 pauperes
695 355 898 406 pascebant
916 371 925 399 ;
962 357 1170 393 esurientes
1200 357 1291 406 ipsi,
1324 357 1370 393 de
1387 358 1415 391 Α
1431 356 1583 405 jecisse,
1604 355 1727 392 statim
1750 355 1875 391 intulit
1894 355 2022 391 dicens
2044 369 2052 390 ε
2079 357 2148 391 Vos
2164 365 2288 392 nutem
2304 384 2314 400 ,
2330 355 2420 403 fra-

375 415 546 450 vastitate
573 415 687 450 eremi
709 413 858 449 urbium
883 427 1047 450 carceres
1072 415 1220 451 alebant
1246 425 1281 452 et
1314 417 1367 451 in-

377 474 526 517 firmos,
547 481 583 508 et
606 473 642 508 in
665 471 897 521 quibuslibet
919 472 1198 510 necessitatibus
1224 475 1368 523 positos

374 530 653 576 sustentabant,
675 532 843 567 viventes
863 531 910 567 de
931 530 1059 568 labore
1081 545 1150 568 suo
1165 560 1175 577 ,
1204 541 1240 569 et
1261 532 1366 569 liabi-

377 590 551 641 tantes-iu
570 589 698 626 labore
716 603 895 626 manuum
913 603 1078 627 suarum.

430 649 492 684 39.
508 648 609 696 Quid
623 648 670 685 ad
690 648 768 685 haec
785 649 952 685 dicemus
971 663 1058 695 uos,
1079 663 1154 686 non
1176 651 1367 696 animales,

382 707 448 744 sed
482 708 654 744 animalia
690 717 860 755 terreua;
897 709 1130 746 adliaerentes
1162 719 1269 747 terrae
1289 738 1297 753 ,
1333 720 1370 747 et

377 766 548 804 sensibus
573 768 694 804 carnis
716 777 868 814 nostrae,
892 770 927 804 in
949 781 1060 806 sensu
1087 770 1207 806 carnis
1234 778 1371 806 nostrae

378 825 634 872 ambulantes,
665 836 701 863 et
729 841 774 863 ex
795 829 925 864 alienis
947 828 1119 864 manibus
1140 829 1373 877 pendentes?

378 887 558 933 Quamvis
587 887 805 923 consoletur
834 900 902 924 nos
929 888 966 923 in
989 888 1059 924 lioc
1083 889 1205 937 ipsum
1229 889 1372 936 aliqua—

382 953 490 981 tenus
505 945 585 990 ille,
599 946 761 994 quicum
777 946 881 982 dives
891 954 986 982 esset
997 975 1005 991 ,
1024 959 1168 996 pauper
1182 960 1249 996 pro
1265 947 1373 982 nobis

382 1006 499 1041 factus
518 1014 572 1041 est
587 1012 619 1051 ¹;
641 1014 678 1042 et
696 1007 760 1055 qui
781 1007 1004 1042 voluntariae
1024 1007 1252 1056 paupertatis
1272 1007 1373 1043 dedit

1433 427 1501 452 tres
1512 444 1522 459 ‚
1538 419 1649 450 nolite
1662 415 1816 460 defit-ere
1830 412 2105 461 benefacientes
2120 418 2157 450 1'n
2175 416 2320 451 Cltrt'sto
2334 418 2420 451 lesu

1434 478 1591 511 Domino
1607 483 1729 509 nostro
1744 472 1769 509 ³.
1792 477 1843 509 Ac
1861 474 1890 509 si
1911 473 2052 509 diceret
2069 488 2076 509 :
2096 476 2142 510 Et
2165 474 2195 510 si
2212 474 2265 510 illi
2291 487 2421 524 perse-

1433 542 1564 570 verant
1579 534 1614 569 in
1628 532 1766 568 malitia
1777 561 1786 577 ,
1799 532 1876 567 sive
1888 532 2110 581 negligentia
2123 545 2187 569 sua
2197 548 2206 578 ;
2217 546 2286 569 vos
2297 541 2420 569 tamen

1434 594 1469 628 in
1491 591 1742 628 sustentandis
1758 591 1810 627 eis
1825 591 1941 627 nolite
1958 590 2118 627 delicere
2137 605 2157 627 a
2174 590 2421 628 beneficentia

1434 659 1568 687 vestra.

1489 710 1547 746 40.
1570 711 1661 745 Cum
1683 721 1772 757 ergo
1792 708 2025 745 severissime
2041 709 2214 758 superius
2230 708 2426 746 denuntia-

1437 769 1555 812 verit,
1583 781 1658 803 non
1681 766 1984 803 manducandum
2015 767 2231 804 nolentibus
2251 768 2425 817 operari3

1438 827 1682 877 postmodum
1711 840 1802 863 vero
1819 826 2032 863 volentibus
2057 827 2229 876 operari,
2249 826 2314 864 sed
2337 826 2427 863 nihil

1437 886 1682 936 operantibus
1694 915 1703 931 ,
1732 886 1927 935 aliquanto
1959 899 1997 922 se
2027 885 2240 923 exhibuerit
2259 887 2425 923 clemen-

1439 946 1570 982 tiorem
1585 960 1591 981 :
1611 957 1803 994 possemus
1816 944 1958 989 dicere,
1970 944 2174 981 secundum
2187 953 2329 981 textum
2346 958 2426 981 ver-

1440 1003 1573 1040 borum
1588 1002 1668 1052 ejus
1685 1004 1769 1053 (nec
1786 1003 1942 1039 omnino
1960 1002 2153 1039 aberraret
2166 1017 2186 1039 a
2199 1002 2331 1053 vero),
2348 1016 2424 1039 non

380 1073 632 1113 praeceptum,
651 1065 729 1114 ipse
749 1064 915 1113 ejusdem
936 1066 1167 1115 paupertatis
1185 1066 1221 1102 in
1242 1075 1372 1102 semet—
1391 1068 1417 1101 B
1438 1063 1652 1099 volentibus
1671 1062 1841 1112 quamvis
1861 1062 2090 1108 valentibus,
2109 1063 2327 1099 intentatam
2347 1076 2427 1100 esse

384 1123 466 1171 ipso
487 1123 597 1159 nobis
626 1124 783 1160 formam
810 1124 985 1173 dignatus
1013 1133 1069 1160 est
1100 1124 1370 1160 demonstrare.

382 1185 432 1218 Ut
451 1183 550 1218 enim
572 1183 690 1219 sciant
711 1184 917 1234 evangelici
937 1197 1122 1232 pauperes
1139 1184 1228 1233 quid
1248 1184 1300 1220 eis
1321 1184 1372 1219 fa-

381 1240 554 1277 ciendum
575 1242 642 1285 sit,
661 1242 740 1291 ipse
753 1243 864 1278 etiam
884 1255 903 1278 a
923 1242 1095 1279 fidelibus
1111 1243 1212 1292 pasci
1228 1243 1347 1279 voluit
1364 1258 1371 1279 :

383 1312 658 1349 nonnunquam
679 1309 715 1336 et
749 1301 795 1337 ab
816 1302 1050 1346 infidelibus,
1083 1302 1146 1338 sed
1177 1311 1218 1338 ut
1248 1302 1375 1339 fideles

383 1359 538 1404 faceret,
560 1360 645 1396 vitae
664 1362 869 1397 neccssaria
890 1362 1058 1410 accipere
1077 1374 1153 1397 non
1174 1363 1370 1398 recusavit.

382 1418 452 1455 Sed
483 1420 592 1454 etiam
616 1419 651 1454 in
675 1420 866 1467 primitiva
886 1420 1049 1456 Ecclesia
1080 1433 1264 1469 pauperes
1290 1420 1373 1456 illos

381 1485 529 1513 sanctos
549 1504 557 1521 ,
594 1478 657 1525 qui
693 1491 763 1526 pro
796 1478 943 1515 Christo
977 1479 1147 1527 rapinam
1180 1477 1372 1514 bonorum

382 1548 536 1571 suorum
563 1536 730 1583 perpessi
753 1536 917 1581 fuerant,
939 1536 996 1572 vel
1020 1536 1227 1572 secundum
1250 1536 1375 1585 perfe-

381 1593 516 1629 ctionis
533 1593 731 1630 consilium
749 1595 875 1631 omnia
895 1595 1124 1644 reliquerant
1140 1603 1177 1631 et
1195 1595 1378 1632 vendide-

383 1661 484 1697 rant,
512 1666 553 1688 ac
581 1652 759 1690 fratribus
793 1653 966 1690 fidelibus
993 1655 1208 1691 communia
1240 1655 1375 1691 effece-

383 1720 486 1757 rant;
502 1720 642 1760 quanta
659 1712 929 1758 sollicitudine,
945 1722 1085 1762 quanta
1105 1714 1242 1763 pietate
1256 1714 1374 1751 sancti

383 1770 557 1819 Apostoli
587 1770 743 1807 alendos
774 1784 794 1807 a
825 1771 997 1808 fidelibus
1029 1772 1304 1822 procurabant,
1337 1783 1374 1809 et

383 1829 479 1865 liber
507 1833 668 1867 Actuum
689 1831 982 1879 Apostolorum,
1002 1840 1039 1867 et
1059 1832 1194 1868 Paulus
1215 1832 1251 1867 in
1283 1832 1374 1881 Epi-

384 1888 488 1924 stolis
504 1888 580 1924 suis
597 1889 792 1925 manifeste
805 1889 1051 1926 demonstrat.
1069 1890 1181 1938 Quod
1197 1891 1265 1927 etsi
1281 1905 1374 1927 eon—

382 1947 530 1983 ceditur
544 1946 697 1984 liberius
709 1977 718 1993 ,
733 1948 806 1984 hoc
818 1949 940 1998 ipsum
953 1950 1117 1986 Domino
1134 1951 1374 2000 praecipiente

384 2015 420 2043 et
453 2005 654 2043 ordinante
671 2035 680 2052 ‚
712 2008 956 2056 Evangelium
991 2008 1302 2045 annuntiantibus
1327 2009 1374 2045 de

384 2065 587 2114 Evangelio
608 2065 756 2112 vivere3
785 2080 832 2102 ex
860 2067 1131 2116 Apostolorum
1161 2075 1283 2104 tamen
1304 2081 1374 2104 au-

382 2125 556 2161 ctoritate
575 2138 651 2161 non
674 2134 850 2174 negatur,
875 2126 985 2162 etiam
1007 2127 1219 2175 evangelice
1239 2127 1373 2163 viven-

383 2183 502 2229 tibus,
534 2184 630 2219 sicut
662 2185 800 2221 sanctis
831 2185 903 2221 illis
932 2185 1163 2235 pauperibus
1188 2186 1253 2235 qui
1285 2195 1374 2223 tunc

382 2251 489 2279 erant
508 2242 545 2278 in
572 2244 781 2279 Jerusalem
801 2259 808 2280 :
831 2245 896 2292 qui
920 2245 1031 2281 etiam
1051 2245 1168 2281 sancti
1190 2259 1375 2295 pauperes

382 2299 432 2336 ob
451 2300 522 2336 hoc
538 2309 742 2345 vocantur,
763 2303 850 2351 quia
868 2303 904 2339 in
920 2304 1155 2352 professione
1172 2305 1375 2341 sanctitatis

382 2367 420 2395 et
439 2359 650 2395 communis
671 2361 757 2396 vitae
780 2373 918 2397 nomen
949 2362 1152 2407 dederant,
1180 2370 1217 2399 et
1236 2372 1373 2399 semet-

383 2419 484 2466 ipsos
499 2418 536 2453 in
555 2417 626 2454 hoc
641 2418 761 2468 ipsum
779 2428 914 2468 sponte
931 2434 1116 2470 pauperes
1133 2422 1370 2459 effecerant².

383 2477 494 2525 Quod
521 2477 620 2513 enim
652 2479 860 2527 Apostolus
891 2481 1125 2517 severissima
1151 2482 1372 2518 auctoritate

382 2535 606 2585 quibusdam
628 2535 846 2582 denuntiat,
871 2547 910 2574 ut
930 2540 993 2588 qui
1011 2553 1086 2575 non
1106 2541 1187 2576 vult
1206 2542 1368 2589 operari,

1438 1124 1537 1159 illam
1568 1124 1802 1159 severitatem
1823 1135 1831 1158 z
1853 1121 2066 1158 volentibus
2088 1130 2234 1166 autem,
2256 1121 2321 1158 sed
2351 1134 2426 1158 non

1439 1181 1670 1226 valentibus,
1693 1181 1964 1230 indulgentiam
1986 1181 2106 1217 istam.
2124 1179 2194 1217 Sed
2215 1181 2325 1217 etiam
2344 1193 2428 1217 cum

1440 1241 1518 1277 istis
1551 1241 1767 1286 denuntiet,
1801 1249 1838 1276 et
1871 1239 2043 1276 obsecret
2076 1239 2112 1276 in
2144 1240 2308 1276 Domino
2341 1243 2429 1277 Jesu

1440 1301 1606 1345 Christo,
1633 1309 1673 1336 ut
1699 1313 1783 1336 cuin
1809 1300 1957 1336 silentio
1984 1312 2119 1349 panem
2140 1313 2248 1336 suum
2270 1299 2430 1336 mandu-

1440 1368 1549 1405 cent,
1579 1359 1756 1396 videntur
1783 1372 1917 1408 panem
1941 1372 2018 1395 non
2049 1372 2157 1395 suum
2179 1358 2427 1401 manducare,

1440 1419 1509 1454 nisi
1537 1432 1623 1454 eum
1656 1431 1765 1454 suum
1796 1419 1960 1455 efficiant
1994 1418 2206 1468 operando,
2242 1426 2425 1467 quantum

1439 1478 1589 1526 operari
1614 1485 1773 1526 possunt
1796 1477 2012 1513 testimonio
2034 1477 2101 1512 Dei
2127 1485 2164 1513 et
2192 1477 2428 1513 conscientiae

1441 1549 1529 1573 suae.
1558 1539 1734 1585 Ignosce,
1764 1537 1948 1581 Domine,
1978 1536 2126 1584 ignosce
2151 1550 2159 1572 :
2187 1548 2428 1580 excusamus,

1443 1595 1751 1644 tergiversamur,
1775 1594 1839 1631 sed
1862 1607 1939 1631 non
1959 1603 2015 1630 est
2041 1595 2106 1644 qui
2125 1607 2163 1631 se
2183 1593 2391 1631 abscondat
2410 1607 2430 1630 a

1440 1655 1582 1691 lumine
1599 1654 1767 1691 veritatis
1787 1662 1884 1699 tuae;
1903 1653 2005 1702 quod
2025 1655 2121 1690 sicut
2138 1654 2326 1690 illuminat
2342 1665 2431 1689 con-

1439 1726 1588 1758 versos,
1620 1713 1672 1749 sic
1700 1713 1811 1749 etiam
1841 1713 1924 1749 ferit
1947 1725 2111 1749 aversos.
2131 1715 2214 1749 Non
2244 1719 2300 1748 est
2326 1711 2427 1748 enim

1439 1773 1666 1809 occultatum
1685 1785 1727 1808 os
1749 1779 1918 1807 nostrum
1936 1785 1957 1807 a
1978 1779 2012 1807 te
2026 1799 2036 1817 ‚
2056 1770 2160 1819 quod
2175 1770 2290 1807 fecisti
2306 1770 2345 1806 in
2363 1782 2428 1805 oc-

1396 1838 1422 1874 C
1439 1832 1540 1868 culto
1562 1832 1768 1867 hominum.
1787 1834 1863 1867 Nos
1888 1839 2012 1867 autem
2034 1829 2312 1879 nobismetipsis
2336 1828 2427 1865 faci-

1440 1903 1522 1927 mus
1551 1890 1589 1926 id
1617 1890 1830 1935 occultum3
1853 1890 1940 1938 quia
1968 1890 2029 1925 vix
2050 1897 2105 1925 est
2124 1888 2280 1938 aliquis,
2302 1887 2341 1923 in
2369 1887 2422 1923 eis

1438 1962 1523 1998 quae
1540 1949 1587 1986 ad
1608 1957 1644 1984 te
1664 1956 1771 1993 sunt,
1795 1948 1859 1997 qui
1877 1947 2041 1997 experiri
2064 1947 2156 1983 velit
2173 1946 2265 1996 quid
2282 1946 2422 1995 possit,

1439 2017 1475 2045 et
1494 2007 1596 2057 quod
1612 2007 1891 2057 promptissime
1908 2015 2032 2056 potest
2048 2006 2278 2055 quandoque
2295 2018 2430 2042 secun·

1439 2067 1529 2104 dum
1548 2080 1698 2104 carnem
1724 2067 1782 2103 vel
1805 2067 1982 2103 saeculum
1997 2095 2006 2111 ,
2027 2066 2105 2102 sive
2130 2065 2242 2102 timor
2265 2064 2429 2114 impule—

1440 2128 1508 2174 rit,
1535 2130 1611 2163 sive
1637 2126 1824 2176 cupiditas
1851 2126 2017 2162 traxerit.
2050 2125 2121 2162 Sed
2148 2133 2185 2161 et
2211 2125 2240 2162 si
2266 2124 2427 2161 fallimus

1439 2187 1611 2223 homines
1631 2186 1768 2222 inscios
1783 2214 1792 2230 ,
1818 2197 1894 2221 non
1917 2197 1986 2221 nos
2015 2183 2230 2233 permittaS,
2253 2191 2295 2219 ut
2320 2183 2426 2232 quasi

1440 2246 1611 2282 volentes
1632 2245 1759 2281 fallere
1781 2253 1837 2290 te,
1866 2244 2036 2280 fallamus
2062 2243 2324 2292 nosmetipsos.
2351 2245 2427 2279 Nos

1441 2318 1518 2341 non
1547 2305 1784 2349 laboramus,
1818 2304 1906 2353 quia
1935 2304 1994 2339 vel
2026 2316 2102 2339 non
2129 2315 2347 2352 possumus,
2370 2303 2426 2338 vel

1441 2378 1516 2400 non
1535 2377 1644 2413 posse
1658 2363 1766 2400 nobis
1781 2362 1974 2406 videmur3
1993 2362 2051 2398 vel
2071 2361 2346 2398 consuetudine
2362 2361 2428 2397 otii

1440 2432 1476 2459 et
1503 2423 1724 2460 deliciarum
1747 2430 1960 2459 nostrarum
1980 2434 2051 2458 nos
2072 2434 2148 2457 non
2172 2434 2283 2470 posse
2310 2421 2429 2457 effici-

1439 2495 1534 2519 nius.

1490 2542 1551 2578 41.
1578 2541 1787 2578 Adoremus
1807 2554 1896 2590 ergo
1918 2553 2088 2590 semper,
2108 2549 2145 2576 et
2164 2539 2423 2589 procidamus,

383 2608 461 2631 non
485 2594 704 2641 manducet,
731 2597 913 2634 continuo
940 2599 1142 2636 ostendens
1170 2600 1215 2636 de
1235 2601 1371 2649 quibus
1389 2609 1421 2641 Ι)
1437 2609 1473 2636 et
1488 2601 1679 2649 ploremus
1699 2614 1825 2637 eoram
1848 2609 1901 2645 te,
1921 2600 1986 2649 qui
2005 2600 2121 2636 fecisti
2142 2612 2230 2645 nos,
2251 2600 2367 2649 etqui
2385 2601 2423 2636 in

383 2654 539 2699 diceret,
554 2652 750 2702 subjunxit
764 2655 911 2692 dicens:
929 2660 1146 2695 Auclieimus
1158 2664 1255 2694 enim
1267 2673 1372 2707 (suos-

383 2715 470 2749 dam
492 2712 722 2749 ambutantes
743 2718 840 2750 inter
858 2729 924 2751 vos
945 2721 1126 2764 inquiete,
1159 2718 1256 2754 nilu‘l
1281 2732 1371 2766 ope-

384 2781 526 2815 rantes,
548 2774 616 2807 sed
633 2777 776 2808 curiose
796 2783 959 2821 agentes.
990 2778 1060 2811 His
1079 2786 1199 2812 autem
1221 2782 1285 2825 qui
1305 2779 1372 2814 ltu-

375 2832 545 2876 jusmodi
573 2839 656 2865 sunt
668 2858 679 2874 ‚
719 2833 978 2868 denuntiamus
1006 2843 1041 2869 et
1072 2835 1303 2871 obsecramus
1333 2842 1370 2872 in

383 2893 541 2925 Domino
562 2890 647 2925 lesu
667 2891 809 2926 Christo
823 2920 832 2935 ,
852 2901 891 2927 ut
906 2906 985 2928 cum
1005 2897 1155 2930 silentio
1176 2905 1371 2943 operantes

380 2962 519 2996 panem
540 2963 644 2985 saum
673 2951 907 2986 manducent.
936 2955 1071 2996 Suum,
1102 2953 1173 2990 hoc
1201 2963 1273 2999 est,
1302 2967 1371 2990 suo

384 3007 512 3043 labore
530 3016 677 3056 partum
699 3017 736 3044 et
754 3010 991 3057 acquisitum.
1010 3015 1055 3048 Et
1073 3020 1195 3049 tamen
1213 3026 1259 3049 ne
1274 3014 1370 3058 illOS,

383 3067 555 3115 quamvis
577 3067 785 3115 inquietos,
809 3068 900 3105 niliil
921 3079 1144 3118 operantes,
1164 3080 1201 3108 et
1226 3073 1371 3108 curiose

382 3134 547 3174 agentes,
566 3139 702 3162 nomen
722 3136 843 3164 tamen
860 3129 1011 3166 Domini
1027 3130 1242 3168 invocatum
1259 3145 1372 3181 super

1437 2660 1508 2696 hoc
1525 2661 1646 2710 ipsum
1663 2668 1816 2709 peccato
1832 2669 1962 2696 nostro
1978 2659 2193 2705 manifesto,
2205 2658 2349 2708 judicio
2363 2668 2427 2696 tuo

1437 2720 1585 2755 occulto
1603 2719 1769 2755 formasti
1788 2732 1876 2763 nos,
1899 2727 1939 2754 ut
1960 2718 2113 2754 forsitan
2131 2718 2220 2767 quia
2240 2730 2317 2754 non
2335 2719 2431 2755 mul-

1439 2787 1515 2814 tum
1535 2779 1606 2814 hoc
1624 2778 1818 2823 volumus,
1837 2791 1912 2814 non
1933 2778 2120 2827 possimus
2138 2791 2145 2813 ε
2168 2777 2227 2813 vel
2244 2778 2332 2826 quia
2351 2791 2427 2815 non

1437 2838 1626 2873 voluimus
1659 2850 1744 2873 cum
1777 2838 1990 2886 potuimus,
2020 2850 2104 2873 cum
2137 2837 2315 2874 volumus
2347 2851 2423 2874 non

1437 2909 1646 2945 possumus.
1670 2899 1873 2932 Vescamur
1891 2896 2021 2932 saltem
2049 2895 2254 2932 secundum
2272 2909 2423 2945 poenam

1435 2955 1526 2991 Adae
1545 2967 1642 3004 pane
1669 2963 1818 2997 nostro,
1849 2955 1878 2991 si
1899 2968 1974 2990 non
2004 2967 2204 3003 possumus
2228 2954 2266 2990 in
2287 2954 2424 2991 sudore

1436 3014 1562 3050 vultus
1583 3014 1699 3049 nostri
1713 3042 1721 3058 ,
1741 3014 1777 3048 in
1796 3013 1927 3049 dolore
1947 3012 2071 3049 cordis
2091 3013 2229 3059 nostri3
2250 3013 2286 3049 in
2307 3013 2426 3062 lacry-

1437 3074 1506 3110 mis
1532 3073 1694 3117 doloris,
1718 3073 1747 3108 si
1775 3085 1850 3107 non
1878 3084 2077 3121 possumus
2103 3072 2141 3107 in
2161 3071 2300 3108 sudore
2318 3070 2426 3108 labo-

1439 3133 1498 3169 ris.
1522 3135 1691 3182 Magnam
1710 3131 1803 3167 lianc
1815 3130 2000 3180 jacturam
2024 3131 2268 3180 professionis
2289 3139 2426 3167 nostra:

428 3257 575 3287 ¹11C0r.
594 3266 669 3291 ΠΗ,
691 3261 720 3287 9.
748 3275 790 3279 -
815 3264 825 3278 ²
849 3261 921 3289 Luc.
944 3271 1025 3290 ,xviii
1041 3285 1049 3300 ‚
1071 3265 1132 3294 2⁶2.
1155 3265 1222 3293 Act.
1251 3274 1291 3301 ιι,
1318 3266 1355 3294 42
1372 3287 1378 3299 ,
1402 3266 1461 3298 -'i.'›;
1483 3275 1526 3300 iv,
1551 3267 1589 3295 34
1604 3288 1611 3299 .
1631 3267 1693 3298 δὸς
1720 3267 1810 3294 Rom.
1836 3274 1898 3302 xv;
1919 3267 1931 3294 Ι
1952 3266 2023 3294 Cor.
2043 3275 2094 3300 ix,
2115 3270 2143 3295 et
2160 3266 2187 3294 11
2201 3264 2271 3294 Cor.
2290 3274 2363 3294 vni.
2382 3281 2423 3286 —-

382 3308 393 3330 3
413 3312 439 3339 ll
456 3308 562 3339 Thess.
590 3319 638 3346 ιιι,
662 3312 772 3340 10-13.
