2418 3949
74 139 148 177 149

789 140 837 175 IN
867 138 1091 183 CANTICA,
1122 139 1285 174 SERMO
1313 140 1417 174 XXI.

2051 140 2127 176 150

70 232 134 256 νο.
157 222 188 257 Ο
211 219 308 255 calix
331 217 522 255 inebrians
538 245 547 263 ,
578 229 691 266 quam
719 216 920 266 praeclarus
951 227 1011 260 es,
1032 222 1069 250 et
1085 216 1115 234 ⁶⁸
1132 225 1284 249 omnem
1314 226 1483 259 carnem,
1513 213 1602 250 satis
1629 213 1855 251 manifestat.
1878 215 2022 253 Effusio
2044 229 2127 253 san-

71 278 156 315 ideo
179 279 347 315 claritate
368 276 574 314 inebrians!
596 275 739 324 Liquor
769 283 931 311 aeternus
962 285 1063 309 novo
1084 276 1113 309 A
1131 272 1253 320 guinis
1275 271 1410 310 Christi
1430 273 1662 322 spiritualem
1681 273 1792 311 nobis
1812 274 2034 312 effusionem
2051 276 2126 312 im-

70 338 159 375 huic
177 338 324 375 infusus
339 337 443 375 calici
463 335 605 385 majore
622 348 708 372 cum
730 335 909 371 charitate
936 333 1065 369 hauri-

71 406 147 445 tur,
171 399 343 449 quamvis
368 411 453 435 cum
477 396 644 434 claritate
669 402 901 444 temperata:
923 392 1063 429 idcirco

71 457 184 494 etiam
201 471 308 495 amor
324 469 404 494 esse
423 455 535 493 debet
551 455 833 504 intemperatus.
855 452 945 500 Quis
962 451 1062 488 enim

71 528 110 552 se
127 515 174 553 ab
190 515 351 554 amando
366 523 566 565 temperet,
592 513 745 563 quando
771 520 909 548 nostrae
931 523 970 547 se
998 524 1062 546 ca-

71 575 222 624 pacitati
255 573 556 623 contemperavit
584 573 769 609 immensa
798 569 1000 619 majestas?
1030 572 1061 607 O

71 634 169 671 calix
190 647 268 671 non
291 634 488 670 hominum
511 640 676 677 tantum,
697 631 762 668 sed
779 638 816 667 et
830 629 1061 680 Angelorum

71 701 214 729 mentes
237 692 453 738 inebrians,
483 699 520 728 et
549 691 588 727 in
621 703 659 727 se
692 704 713 727 a
740 688 1062 738 contemplatione

70 764 182 788 merae
199 751 402 788 divinitatis
421 751 585 787 mixtura
605 750 675 786 hac
697 763 797 786 nova
816 750 1061 786 convertens!

68 809 299 859 Egredimini
313 838 323 856 ,
345 809 428 846 filiae
449 809 538 847 Sion
555 837 564 854 ,
588 808 634 845 de
655 810 764 858 copia
781 809 844 845 illa
865 808 943 845 vini
965 808 1060 844 meri

68 868 115 905 ad
146 868 247 906 hunc
278 869 429 905 calicem
461 876 725 918 temperatum.
746 867 1002 917 Egredimini,
1023 875 1061 903 et

66 935 210 976 gustate
229 941 342 977 quam
359 928 483 965 suavis
501 935 558 964 est
570 927 768 964 Dominus.
789 926 847 964 Ibi
866 926 1059 963 suavitatis

1129 331 1306 380 petravit.
1338 334 1442 379 Quos
1477 332 1567 368 lavit
1596 333 1776 382 sanguine
1809 347 1899 381 suo,
1930 333 2125 383 quomodo

1128 402 1207 426 non
1227 391 1475 439 perfunderet
1493 391 1634 441 Spiritu
1651 400 1782 429 sancto
1802 395 1894 429 suo?
1910 393 2001 430 Ideo
2018 394 2124 443 prius

1129 449 1342 497 mundavit,
1359 448 1555 488 utessent
1588 465 1703 501 super
1730 465 1826 501 quos
1854 452 1963 490 altius
1991 461 2123 503 postea

1127 508 1288 557 Spiritus
1320 509 1534 546 inundaret.
1564 510 1623 546 Ad
1658 510 1830 547 ordinem
1862 511 1952 561 quid
1984 525 2121 549 conse-

1126 568 1330 616 quentius?
1359 571 1538 606 Coarctor
1557 569 1597 604 in
1619 568 1732 617 hujus
1753 572 1918 607 materiae
1945 571 2121 608 conside-

1127 627 1272 662 ratione
1285 655 1294 673 ,
1313 635 1350 663 et
1366 627 1458 676 quid
1472 627 1709 676 potissimum
1726 628 1770 664 ad
1787 631 2121 680 contemplandum

1127 698 1147 721 e
1169 684 1289 722 tribus
1319 686 1452 735 eligam
1479 686 1613 735 ignoro
1634 700 1642 722 :
1667 686 1864 736 pietatem,
1887 701 1933 724 an
1953 689 2123 738 pruden-

1130 745 1237 790 tiam,
1256 757 1302 781 an
1323 753 1565 794 proventum.
1596 747 1750 782 Certant
1777 746 1856 782 haec
1886 747 1984 784 inter
2015 761 2053 785 se
2082 749 2120 786 in

1126 804 1446 854 contemplatione
1467 813 1616 850 nostra3
1637 813 1674 840 et
1694 818 1779 841 cum
1801 805 1840 841 in
1860 806 2014 843 alteram
2033 820 2121 856 par-

1126 870 1199 899 tem
1223 862 1454 909 intenditur,
1476 863 1515 898 in
1545 863 1698 899 alteram
1717 863 1890 900 trahitur.
1910 865 2121 902 Blandiun-

1125 930 1187 958 tur
1205 922 1285 958 haec
1304 922 1396 958 mihi
1409 950 1419 967 ,
1442 930 1480 958 et
1493 922 1692 959 affectione
1708 922 1856 960 diversa
1872 924 2121 973 permulcent.

66 985 204 1023 divinae
220 987 379 1038 simplex
398 995 530 1023 natura
548 986 799 1036 prospicitur3
820 985 879 1022 hic
896 985 1060 1022 suavita-
1077 983 1106 1017 Β
1126 980 1350 1027 Inardesco,
1372 989 1526 1030 stupeo,
1557 980 1717 1031 gaudeo.
1748 981 1905 1019 Gaudeo
1926 995 1997 1031 pro
2019 984 2121 1020 utili-

67 1045 113 1081 tis
133 1044 215 1094 ejus
239 1059 329 1084 usus
356 1054 394 1083 et
414 1045 552 1082 indicia
576 1053 859 1095 proponuntur.
881 1044 938 1081 Ibi
957 1044 995 1080 in
1020 1057 1059 1081 se

65 1104 240 1151 videtur3
265 1105 326 1141 hic
349 1105 386 1141 in
412 1105 550 1142 effectu
568 1119 636 1143 suo
659 1121 667 1142 :
687 1106 760 1141 hoc
782 1105 916 1141 ultimo
937 1105 976 1141 in
994 1117 1060 1153 ge-

65 1176 175 1210 nere,
202 1172 405 1214 utrumque
430 1163 601 1201 mirabile
633 1173 712 1209 est;
748 1173 784 1201 et
815 1163 942 1201 neseio
968 1163 1060 1213 quid

65 1223 181 1272 magis
197 1223 324 1268 mirer,
344 1223 382 1260 in
401 1236 477 1259 una
491 1237 653 1273 persona
669 1231 888 1260 naturarum
907 1236 1061 1272 compo-

64 1279 252 1327 sitionem,
269 1294 315 1317 an
332 1281 616 1331 compositionis
629 1295 790 1318 causam.
804 1281 903 1330 Quid
920 1280 998 1330 jam
1019 1281 1057 1316 in

63 1339 205 1376 unitate
221 1339 360 1377 divinae
379 1341 548 1378 essentiae
566 1349 641 1377 tres
662 1354 742 1377 esse
765 1340 947 1376 miramur
967 1353 1057 1390 per—

62 1399 196 1435 sonas?
219 1399 348 1436 Plures
368 1399 447 1448 jam
479 1412 524 1435 ex
553 1401 701 1448 integro
720 1400 758 1435 in
790 1412 865 1435 una
893 1412 1055 1448 persona

62 1465 214 1494 naturas
235 1459 384 1495 mirare.
415 1457 513 1506 Quid
535 1471 610 1494 non
636 1459 696 1494 hic
721 1458 767 1494 ad
791 1459 1056 1508 contemplan-

62 1515 152 1552 dum
167 1529 300 1563 suave,
317 1517 485 1567 quidque
499 1530 575 1553 non
590 1517 752 1554 afficiat?

115 1575 150 1612 4.
167 1575 338 1625 Denique
367 1575 412 1612 ad
439 1575 698 1612 admirationis
722 1577 914 1613 cumulum
943 1588 1053 1612 causa

62 1634 217 1672 accedit.
249 1638 369 1673 Causa
396 1649 465 1672 nec
492 1636 760 1684 consequentia
785 1635 963 1681 rationis,
984 1648 1053 1671 nec

60 1693 277 1731 salvationis
307 1695 471 1731 efficacia
500 1703 620 1740 caret,
650 1707 718 1731 nec
738 1695 856 1744 gratia
876 1707 1052 1744 compas-

1125 1048 1199 1077 tate
1214 1068 1223 1085 ,
1242 1040 1289 1077 ad
1307 1040 1549 1090 prudentiam
1571 1049 1724 1090 stupeo,
1746 1041 1943 1078 inardesco
1963 1051 2121 1093 propter

1124 1099 1337 1149 impensum
1355 1100 1445 1136 mihi
1462 1100 1612 1149 pietatis
1633 1113 1814 1137 amorem.

1178 1161 1215 1196 5.
1247 1158 1347 1207 Quid
1375 1159 1443 1195 ista
1467 1158 1696 1208 dispertior?
1721 1159 2018 1197 Confunduntur
2044 1160 2124 1198 haec

1124 1219 1223 1255 inter
1239 1231 1277 1255 se
1289 1247 1298 1265 ,
1319 1227 1357 1255 et
1374 1219 1412 1255 in
1433 1231 1509 1255 uno
1525 1231 1678 1267 quoque
1693 1231 1830 1267 genere
1846 1219 2123 1268 permiscentur

1125 1279 1354 1328 frequenter.
1378 1282 1469 1316 Nam
1491 1287 1529 1315 et
1548 1278 1683 1315 modus
1698 1308 1708 1325 ,
1734 1287 1772 1316 et
1788 1279 2059 1326 commoditas,
2084 1289 2120 1317 et

1121 1338 1296 1384 affecti03
1317 1338 1396 1375 sive
1416 1338 1522 1374 malis
1542 1338 1594 1374 sic
1612 1337 1737 1374 dicere
1750 1365 1759 1382 ‚
1782 1338 2005 1388 prudentia,
2028 1352 2119 1388 pro-

1121 1407 1257 1435 ventus
1272 1406 1309 1434 et
1329 1398 1446 1447 pietas
1466 1411 1474 1433 ε
1495 1397 1575 1433 haec
1602 1397 1757 1446 inquam
1785 1398 1855 1434 tria
1882 1398 1960 1434 sive
1988 1398 2117 1445 simul,

1120 1457 1197 1495 sive
1215 1458 1401 1506 sigillatim
1416 1457 1671 1503 considerata,
1689 1456 1855 1493 animum
1871 1456 1916 1493 ad
1935 1470 1974 1494 se
1991 1470 2115 1494 meum

1121 1524 1158 1552 et
1181 1517 1332 1553 trabunt
1352 1516 1485 1562 citius,
1506 1525 1543 1552 et
1573 1524 1703 1552 tenent
1735 1516 1894 1562 diutius,
1916 1525 1953 1553 et
1985 1529 2116 1566 quam-

1120 1575 1204 1611 dam
1222 1575 1260 1611 in
1278 1575 1567 1612 admirationem
1586 1584 1623 1612 et
1642 1575 1932 1612 exsultationem
1953 1590 2115 1613 conver-

1119 1644 1214 1672 tunt.
1258 1636 1388 1672 Matris
1425 1635 1599 1672 Ecclesiae
1637 1634 1730 1672 fides
1766 1635 1894 1671 talium
1934 1636 2114 1672 varietate

1118 1695 1301 1731 virtutum
1323 1694 1405 1744 ejus
1425 1695 1599 1731 diadema
1616 1695 1821 1731 contexuit.
1844 1698 1956 1731 Hunc
1972 1694 2024 1731 ibi
2042 1708 2114 1731 nu-

59 1753 186 1790 sionis.
201 1754 264 1792 Vis
278 1753 408 1790 audire
422 1754 864 1802 consequentiam?Sicut
874 1758 912 1789 in
929 1756 1051 1789 Adam
1072 1754 1099 1789 C
1119 1767 1263 1790 merum
1275 1782 1285 1800 ,
1320 1754 1392 1791 hoc
1424 1753 1577 1803 pondus
1591 1783 1600 1800 ,
1636 1754 1733 1790 hanc
1768 1766 1981 1790 mensuram
2016 1754 2112 1791 assi-

59 1826 185 1850 omnes
204 1818 422 1858 moriuntur,
445 1818 497 1849 ita
517 1822 554 1849 et
571 1817 608 1848 in
631 1813 768 1848 Christo
789 1826 914 1848 omnes
931 1813 1052 1859 vivifi—

59 1873 261 1909 cabutam·¹
286 1887 294 1908 :
317 1880 354 1908 et
370 1872 468 1908 idem
481 1901 490 1918 ‚
512 1874 616 1907 Sient
627 1885 700 1921 per
719 1877 824 1908 unlus
841 1871 1052 1907 inobedien-

58 1937 148 1968 tiam
164 1941 379 1980 peccatores
398 1935 584 1967 constituti
608 1940 693 1967 sunt
717 1934 833 1975 multi,
861 1936 914 1966 ita
935 1940 969 1966 et
983 1944 1053 1978 per

58 1996 167 2027 unius
205 1990 455 2026 obedientiam
496 1995 592 2036 justi
630 1994 901 2026 constituuntur
933 1993 1046 2026 malti.

57 2049 156 2098 Quid
174 2049 491 2097 consequentius?
512 2051 646 2098 Magna
673 2049 940 2097 consequentia
953 2077 962 2093 ‚
983 2048 1048 2085 sed

56 2121 101 2145 ex
122 2116 228 2158 parte
243 2107 397 2156 justitiae
417 2107 581 2144 efficacia
598 2107 729 2156 major.
753 2108 944 2157 Denique,
966 2109 1049 2143 Etsi

56 2167 254 2203 abundauit
273 2169 446 2202 delictum
455 2195 466 2210 ,
489 2167 806 2214 superabundavit
828 2177 862 2200 et
878 2172 1005 2212 gratia
1019 2173 1044 2199 ².

56 2226 131 2264 Ubi
161 2225 338 2262 delictum
352 2254 361 2271 ‚
389 2224 441 2261 ibi
462 2225 630 2261 seductio
654 2232 691 2260 et
712 2224 853 2276 fallacia
870 2223 1047 2259 interces-

55 2287 123 2331 sit3
146 2294 183 2323 et
201 2285 287 2322 ideo
306 2298 383 2321 non
400 2285 504 2321 omni
524 2297 568 2320 ex
586 2292 693 2333 parte
714 2283 972 2319 voluntarium
994 2282 1047 2318 vi—

54 2346 176 2382 detur.
206 2347 248 2382 In
268 2345 385 2394 gratia
411 2357 500 2381 vero
531 2344 620 2380 nihil
648 2357 725 2380 non
757 2356 803 2379 ex
834 2342 1045 2392 proposito,

55 2404 146 2441 nihil
173 2417 249 2441 non
272 2403 432 2441 libitum.
461 2403 664 2451 Quomodo
694 2415 783 2452 ergo
816 2415 893 2438 non
920 2402 1047 2438 effica-

54 2464 155 2500 ciora
175 2472 263 2500 sunt
280 2463 491 2500 voluntaria
511 2463 628 2508 bona,
651 2476 763 2512 quam
793 2462 897 2498 velut
921 2461 1047 2510 aliqua

1116 1822 1244 1863 gnant.
1276 1817 1318 1850 In
1351 1813 1494 1850 ordinis
1523 1813 1668 1850 ratione
1694 1821 1731 1849 et
1751 1813 2020 1862 consequentia
2041 1826 2113 1849 nu-

1116 1886 1244 1909 merus
1262 1873 1571 1923 deprehenditur,
1589 1881 1626 1908 et
1651 1872 1865 1908 concordiae
1893 1871 2040 1908 modus.
2068 1875 2112 1908 In

1115 1932 1286 1982 pondere
1304 1933 1452 1982 pietatis
1473 1932 1629 1968 affectus
1655 1931 1927 1967 vehementior.
1957 1934 2003 1967 Et
2024 1944 2112 1967 vere

1115 1991 1319 2028 vehemens
1351 1991 1500 2041 pondus
1532 1991 1681 2040 gratiae,
1704 1990 1750 2026 de
1774 1991 1876 2026 coelis
1902 1990 1948 2026 ad
1973 1999 2109 2026 terram

1116 2050 1348 2100 majestatem
1383 2052 1602 2088 immensam
1633 2051 1837 2087 deducens.
1874 2051 2110 2087 Iinniensitas

1114 2110 1192 2146 haec
1213 2124 1364 2147 omnem
1386 2109 1735 2160 incomparabiliter
1756 2109 1941 2146 excedens
1959 2118 2110 2146 creatu—

1114 2183 1213 2210 ram,
1249 2170 1295 2202 ad
1332 2182 1546 2202 mensuram
1584 2182 1622 2201 se
1652 2169 1860 2210 contraxit,
1894 2182 2109 2203 mensuram

1113 2224 1353 2274 pertingendi
1374 2238 1493 2274 usque
1510 2224 1556 2261 ad
1578 2238 1659 2261 nos.
1680 2228 1764 2261 Non
1785 2225 1884 2260 enini
1906 2226 2012 2273 quasi
2032 2238 2110 2262 non

1114 2282 1422 2321 condescendens
1440 2283 1486 2319 ad
1502 2296 1571 2319 nos
1592 2283 1879 2332 superextendit
1903 2296 1940 2319 se
1964 2284 2110 2333 ipsam,

1114 2343 1178 2380 sed
1206 2343 1242 2379 in
1273 2355 1448 2378 mensura
1480 2341 1590 2378 nobis
1619 2342 1772 2378 distillat
1804 2342 1904 2378 dona
1930 2343 2106 2392 Spiritus.

1113 2406 1328 2440 Mensuram
1350 2402 1581 2450 interpretor
1602 2402 1638 2437 in
1658 2402 1794 2438 effectu
1814 2415 2028 2438 munerum.
2051 2403 2108 2440 Ad

1114 2474 1328 2498 mensuram
1356 2461 1455 2497 enim
1488 2460 1551 2497 dat
1580 2460 1690 2497 nobis
1721 2465 1824 2498 Deus
1853 2462 2045 2511 Spiritum.
2068 2465 2111 2498 In

54 2535 98 2558 ex
117 2530 223 2571 parte
242 2530 372 2558 coacta
393 2523 514 2558 mala?
534 2525 581 2558 Et
604 2535 692 2558 vere
721 2522 854 2558 efficax
875 2520 992 2569 gratia
1009 2528 1045 2556 et
1061 2526 1094 2560 D
1115 2534 1289 2558 mensura
1306 2529 1436 2556 contra
1456 2533 1669 2557 mensuram
1689 2535 1695 2556 :
1716 2521 1752 2556 in
1771 2534 1946 2557 mensura
1961 2521 2110 2569 gratiae,

54 2581 264 2617 artificiosa.
282 2581 415 2618 Nescio
442 2581 532 2629 quid
561 2582 677 2630 magis
698 2581 824 2626 mirer,
847 2580 1045 2616 artificium

53 2641 320 2690 coaptationis,
339 2653 385 2676 an
406 2640 608 2676 efficaciam
629 2640 856 2676 salvationis.
887 2643 1048 2676 Utrum—

53 2713 127 2749 que
162 2700 199 2737 in
230 2699 414 2737 beneficio
440 2708 585 2748 gratum
617 2708 696 2746 est,
727 2708 763 2735 et
788 2699 988 2744 voluntas,
1012 2707 1048 2734 et

54 2767 222 2795 eventus.
240 2758 347 2795 Adde
363 2766 400 2794 et
422 2759 594 2804 tertium,
617 2758 770 2794 modum
789 2759 910 2808 ipsum
933 2766 969 2794 et
986 2771 1047 2794 ra-

54 2818 205 2854 tionem.
239 2818 338 2855 Nihil
367 2819 561 2855 voluntate
591 2819 660 2855 liac
681 2819 934 2855 affectuosius.
956 2822 1047 2867 Quae

53 2875 204 2913 dilectio
233 2875 372 2925 major,
401 2891 514 2926 quain
547 2886 588 2914 ut
618 2886 736 2927 ponat
769 2878 853 2927 quis
882 2878 1045 2914 animam

52 2948 156 2972 suam
178 2949 248 2985 pro
265 2936 393 2972 amicis
412 2937 510 2973 suis?
529 2940 577 2974 At
596 2937 666 2973 boc
685 2938 770 2974 fecit
789 2951 858 2987 pro
872 2937 1045 2974 inimicis.

55 2998 99 3032 Et
123 2995 262 3031 inimici
284 3004 392 3032 erant
411 2996 448 3032 in
474 3009 512 3032 se
536 2996 627 3045 ipsis
644 3005 681 3033 et
697 2998 828 3043 amici,
851 2997 938 3046 quia
962 2989 1047 3033 ante

54 3054 185 3091 mundi
214 3055 521 3092 constitutionem
543 3055 680 3092 dilecti.
704 3057 803 3103 Quid
829 3056 954 3105 operis
974 3056 1047 3092 liu-

49 3112 111 3161 jus
127 3121 264 3149 eventu
281 3112 457 3149 uberius?
473 3117 591 3163 Larga
609 3114 744 3150 effusio
760 3115 919 3164 Spiritus
933 3128 1049 3164 super

106 3244 111 3258 ¹
132 3242 228 3269 11:012
250 3251 302 3274 xv,
327 3242 379 3270 ’),“)..
397 3260 427 3263 -V
456 3245 466 3259 ⁷³
488 3243 577 3270 Rom.
593 3251 623 3272 v.
650 3244 708 3277 19,
727 3243 779 3269 20.

1114 2589 1244 2617 contra
1262 2593 1474 2615 mensuram
1491 2579 1695 2628 injustitiae.
1719 2584 1810 2616 Nam
1828 2581 1922 2616 sicut
1937 2580 2111 2616 abunda-

1114 2641 1166 2676 vit
1191 2640 1392 2685 delictum,
1414 2638 1622 2675 abundavit
1642 2649 1678 2675 et
1699 2641 1826 2688 gratia.
1860 2646 1912 2676 An
1946 2654 2020 2676 non
2050 2641 2111 2676 bic

1114 2711 1289 2734 mensura
1309 2706 1439 2734 contra
1459 2700 1699 2734 mensuram?
1719 2702 1826 2735 Certe
1841 2707 1874 2734 et
1894 2712 2020 2748 supra.
2040 2702 2110 2735 Su-

1114 2756 1391 2807 perabundavit
1412 2757 1511 2793 enini
1533 2767 1568 2793 et
1591 2758 1721 2807 gratia.
1749 2758 1940 2807 Numquid
1964 2766 2109 2794 tantum

1113 2829 1227 2865 super
1259 2829 1473 2852 mensuram
1504 2816 1655 2852 delicti?
1687 2821 1768 2854 Non
1807 2818 1936 2866 utique
1967 2826 2110 2854 tantum

1115 2888 1229 2925 super
1247 2889 1461 2911 mensuram
1482 2876 1627 2921 delicti,
1652 2877 1717 2913 sed
1737 2878 1847 2913 etiam
1869 2890 1983 2926 super
2007 2890 2112 2913 nien-

1114 2947 1238 2971 surani
1271 2935 1409 2983 gratia:-
1446 2938 1489 2970 Et
1525 2943 1657 2971 contra
1686 2944 1723 2971 et
1751 2949 1864 2985 supra
1896 2949 2109 2972 mensuram

1116 2992 1308 3041 injustitia*
1336 2992 1505 3029 abundat
1536 2994 1675 3042 gratia,
1699 3003 1735 3030 et
1758 3008 1871 3044 supra
1898 3008 2112 3031 mensurati}

1114 3054 1260 3102 gratiae,
1279 3053 1342 3089 sed
1359 3065 1433 3088 non
1446 3062 1578 3089 contra
1594 3053 1758 3090 abundat
1775 3055 1903 3103 gratia.
1922 3058 1949 3091 L
1959 3054 1994 3090 bi
2011 3054 2110 3090 enim

1115 3126 1190 3149 una
1210 3112 1397 3155 abundat,
1422 3126 1571 3150 necesse
1598 3122 1709 3150 estet
1735 3114 1851 3150 altera
1875 3112 2111 3163 superabun-
