2418 3949
80 272 152 309 113

77 351 220 399 gotium
249 349 473 395 famuletur3
506 362 575 386 nec
609 358 644 386 te
680 349 859 385 destituat
891 348 1075 385 sermonis
1091 347 1122 366 ⁴⁹

797 273 845 307 IN
873 273 1097 315 CANTICA,
1127 272 1288 307 SERMO
1317 274 1414 308 XVI.

2063 272 2131 309 114

1143 348 1347 385 contineris
1370 349 1406 383 ia
1434 348 1594 384 lectulo?
1617 360 1693 384 non
1713 356 1845 384 contra
1875 348 2042 384 carnales
2069 361 2137 384 ne-

76 409 173 446 sacri
201 409 357 446 facultas
371 437 381 454 ,
401 421 485 445 cum
516 408 735 458 temporalis
760 416 798 443 et
817 407 938 444 subita
956 408 1076 457 depo·
1092 411 1124 444 A
1143 408 1279 456 quitias
1291 436 1300 453 ,
1322 420 1390 443 nec
1407 416 1538 443 contra
1551 408 1764 457 spirituales
1780 406 1954 456 quidem,
1969 406 2033 443 sed
2048 420 2134 443 cuin

77 467 146 504 scit
166 468 326 504 occasio.
347 471 390 504 In
413 466 519 503 labiis
545 466 611 503 tibi
632 467 698 512 sit,
721 479 797 502 non
818 467 855 502 in
872 466 971 503 foliis
987 479 1072 502 ver-

77 526 167 564 bum
188 527 354 564 validum
371 535 409 563 et
425 527 557 563 efficax
575 541 584 563 ε
602 526 720 562 Labia
735 531 852 571 emm,
870 539 947 562 non
969 526 1069 569 solia,

76 588 275 623 sacerdotis
289 588 498 622 custodc'unt
512 590 720 621 scientiam.
742 585 939 621 Saeculum
959 597 1073 633 pecu-

83 645 155 682 niae
170 646 258 682 tolle
283 654 419 682 tecum.
442 645 597 683 Gladius
616 643 722 680 verbi
744 642 810 679 tibi
832 643 879 679 sit
894 655 915 678 a
933 643 1071 687 latere,

82 718 160 742 non
177 705 216 740 in
238 703 391 740 latebris
417 718 426 739 ε
454 704 652 752 proximus
680 701 747 738 tibi
776 701 835 738 sit.
865 701 1070 749 Accingere

78 777 124 800 co
143 776 257 813 super
276 763 397 799 femur
422 771 527 798 tuum
542 790 552 806 ‚
575 770 616 798 ut
644 770 781 810 potens
805 760 855 796 sis
875 769 913 796 et
940 773 1070 809 prom-

77 831 184 872 ptus,
206 830 243 858 et
263 821 451 858 exhortari
471 821 511 856 in
529 820 701 856 doctrina
721 833 832 865 sana,
855 828 893 856 et
913 828 1068 865 contra—

78 881 245 917 dicentes
264 879 499 928 redarguere.
517 882 601 917 Non
628 878 695 915 tibi
721 879 767 915 sit
795 880 894 915 ensis
918 878 988 915 sub
1017 879 1071 914 se-

78 951 206 982 more,
225 946 263 975 et
282 937 389 974 verbi
408 937 502 974 sacri
526 937 692 974 studium
715 938 837 974 carnis
861 937 1071 986 prudentiae

78 1010 156 1034 non
173 1009 378 1046 supponas.
399 998 693 1044 Uniascujlcsque
708 1001 806 1031 ensis
821 1010 934 1044 super
944 995 1074 1044 femur

77 1070 182 1092 suum
201 1063 225 1093 ¹.
246 1055 320 1094 Alii
350 1055 461 1092 datur
489 1069 612 1092 sermo
643 1055 829 1099 scientiae,
861 1056 922 1092 alii
947 1068 1071 1091 serino

1140 466 1327 514 spirituali
1361 466 1507 511 laetitia,
1529 480 1613 502 cum
1645 466 1868 510 Salomone,
1899 465 1963 515 qui
1989 466 2133 515 pacifici

1139 525 1292 560 nomine
1311 533 1513 573 praerogat.
1531 524 1621 561 Ideo
1645 525 1799 574 pacifica
1817 525 2034 561 colluctatio
2049 537 2135 560 cum

1137 583 1233 632 ipso.
1270 586 1314 619 Et
1341 584 1487 632 pacifici
1520 596 1680 629 nomen,
1715 592 1752 619 et
1779 583 1970 633 sapientiae
2000 596 2134 632 perso-

1137 655 1222 678 nain
1245 643 1422 680 Salomon
1451 643 1556 691 gerit.
1581 648 1702 687 Ama,
1724 643 1869 691 inquit,
1891 645 2131 691 sapientiam,

1137 711 1173 737 et
1205 702 1483 750 amplexabitur
1509 712 1557 738 te.
1591 702 1798 750 Amplexus
1818 731 1827 747 ‚
1860 702 2136 738 colluctationis

1135 761 1336 810 quamdam
1363 762 1523 809 speciem
1546 761 1709 809 praefert.
1731 762 1981 810 Amplexare‚
2003 770 2044 797 ut
2060 775 2134 797 am-

1135 821 1310 870 plexetur
1328 828 1374 856 te.
1396 819 1668 867 GlorIfi'caberis
1689 820 1735 855 ab
1753 834 1808 863 ea,
1825 834 1906 855 cum
1925 824 2030 856 illam
2044 819 2133 867 fue-

1136 885 1184 916 ris
1209 883 1464 928 amplexuum,
1486 880 1581 915 sicut
1601 879 1691 916 dicit
1710 880 1747 915 in
1768 879 1981 916 Proverbiis
2004 886 2030 915 7.
2048 884 2137 916 Am-

1135 941 1299 989 plectere
1313 938 1471 975 verbum
1488 968 1497 984 ,
1518 947 1627 974 utere
1642 952 1687 975 eo
1704 939 1799 974 sicut
1816 939 1853 974 in
1873 939 2030 982 lectulo,
2056 952 2130 974 non

1137 997 1233 1034 sicut
1256 997 1293 1033 in
1318 996 1434 1032 bello.
1459 1000 1501 1033 In
1522 997 1659 1032 lectulo
1683 996 1787 1032 locus
1804 1004 1950 1032 estnon
1969 996 2134 1038 ensibus,

1137 1057 1202 1093 sed
1222 1055 1464 1105 amplexibus
1485 1056 1632 1091 strictis.
1650 1056 1735 1092 Noli
1755 1056 1862 1091 fortis
1882 1068 1961 1092 csse
1975 1085 1984 1100 ‚
2002 1068 2048 1091 ne
2072 1055 2136 1091 tibi

78 1116 289 1165 sapientiae,
306 1123 343 1152 et
356 1115 561 1164 unicuique
577 1114 724 1151 doctori
739 1128 805 1151 sua
819 1114 928 1150 datur
947 1127 967 1150 a
989 1114 1074 1164 Spi-
1093 1123 1120 1156 Β
1139 1117 1230 1153 soris
1258 1129 1338 1152 esse
1375 1116 1581 1164 contingat.
1607 1120 1712 1152 Intus
1743 1124 1850 1152 utere
1879 1115 2019 1158 verbo,
2059 1128 2135 1151 non

78 1175 150 1211 ritu
178 1175 296 1224 gratia
315 1181 341 1210 ².
369 1176 663 1222 Unitcscujusque
691 1178 786 1209 ensis
816 1188 928 1222 super·
945 1173 1076 1222 semin·

78 1248 184 1271 suum
205 1249 217 1269 .·
241 1243 283 1270 ut
302 1233 368 1270 ubi
385 1242 441 1270 est
465 1234 683 1270 tentationis
700 1233 867 1278 occasio,
886 1233 938 1270 ibi
956 1233 1076 1282 major

78 1294 185 1330 verbi
212 1293 493 1343 praeoccupatio
507 1294 592 1338 fiat,
613 1293 859 1329 commonitio
891 1292 1073 1329 crebrior.

84 1354 370 1401 Uuiuseujusque
396 1357 493 1387 ensis
519 1365 632 1400 super
643 1350 773 1400 femur
798 1365 903 1388 suum
932 1366 943 1386 .·
972 1361 1012 1388 ut
1039 1365 1076 1388 se

80 1413 203 1462 ipsum
221 1413 346 1462 primo
367 1411 567 1461 corripiat,
592 1424 630 1448 se
653 1411 777 1460 ipsum
804 1411 1014 1455 custodiat,
1037 1425 1076 1448 se

81 1473 205 1522 ipsum
231 1471 423 1520 dijudicet,
452 1475 569 1508 Docet
595 1480 630 1508 te
659 1472 798 1508 Paulus
828 1472 935 1520 quasi
959 1485 1074 1521 super

81 1532 204 1568 femur
224 1540 329 1567 tuum
347 1543 473 1567 ensem
493 1530 632 1567 habere
651 1545 659 1566 ε
684 1531 885 1566 Considera
899 1559 910 1574 ,
929 1531 1072 1580 inquit,

80 1602 115 1628 te
131 1597 250 1641 istsmn
265 1621 276 1638 ,
293 1605 340 1628 ne
353 1602 391 1628 et
405 1601 441 1627 ιιι
455 1594 614 1628 tenteris.
637 1594 749 1627 Ensis
767 1597 944 1640 cujusque
963 1605 1074 1640 super

71 1650 201 1699 femur
210 1665 316 1687 suum
327 1679 340 1695 ‚
353 1660 512 1700 propter
525 1655 674 1686 cilmn’es
690 1661 885 1687 nocturnos
894 1680 903 1695 ,
919 1660 1078 1701 propter

84 1712 210 1761 lapsus
230 1709 397 1755 subitos,
432 1718 716 1760 praeoccupatos
743 1724 864 1747 casus.
890 1711 1005 1759 Quasi
1031 1711 1079 1746 ti—

81 1783 232 1807 morem
256 1778 483 1807 nocturnum
503 1771 708 1820 Apostolus
728 1771 852 1807 innuit
872 1771 1001 1807 dicens
1018 1786 1025 1807 :
1043 1772 1082 1806 Si

75 1838 365 1879 praeoccupatus
395 1829 518 1876 scierit
542 1830 649 1864 homo
681 1832 717 1865 ιή
745 1834 871 1878 aliquo
897 1831 1029 1865 delicto
1054 1827 1080 1866 3.

83 1891 319 1926 Nocturnum
353 1897 409 1924 est
438 1889 538 1925 enim
571 1888 675 1937 quod
716 1889 966 1938 improvisum
999 1897 1075 1934 cst,
1096 1888 1123 1924 C
1143 1887 1214 1934 Qui
1233 1887 1440 1936 experitur,
1462 1887 1636 1935 intelligit
1664 1902 1671 1923 :

84 1947 188 1997 quod
204 1947 368 1984 subitum
392 1962 400 1984 z
423 1956 652 1984 nocturnum
674 1948 784 1984 etiam
806 1948 908 1996 quod
926 1948 1079 1984 insidio-

87 2020 169 2043 sum
190 2015 257 2044 est.
279 2006 370 2043 Ideo
388 2006 479 2042 dicit
501 2021 508 2042 ε
542 2009 585 2042 Ut
612 2020 684 2041 non
708 2011 1038 2042 circumvenianua·
1055 2021 1080 2042 a

85 2075 235 2102 satana.
270 2068 354 2101 Noa
381 2070 476 2101 enim
508 2071 719 2113 ignoramus
753 2067 910 2101 itzsiclias
944 2067 1022 2110 (jus
1052 2066 1078 2101 ⁴.

87 2126 191 2163 Idem
215 2125 353 2162 Paulus
373 2124 461 2161 alibi
492 2124 647 2161 timebat
671 2138 691 2160 a
720 2125 854 2161 timore
879 2134 1079 2161 nocturno.

94 2188 232 2229 Timeo,
256 2185 397 2234 inquit,
422 2198 482 2228 ne,
501 2190 594 2220 sicut
609 2198 756 2233 serpens
777 2187 928 2220 seduxit
947 2187 981 2220 E
984 2199 1078 2229 vam,

87 2249 138 2279 ila
167 2252 452 2291 corrumpantur
485 2256 609 2278 sensus
639 2247 752 2278 vestri
774 2257 798 2277 a
827 2246 1077 2291 Mmph'cilate,

86 2316 172 2351 quoe
201 2310 255 2337 est
285 2306 324 2336 in
357 2302 501 2336 Clu-isto
532 2299 559 2337 ⁵.
599 2304 702 2337 Bona
733 2300 976 2350 simplicitas,
1016 2300 1080 2337 ubi

87 2362 234 2399 Christo
269 2360 464 2397 adliaerens
490 2373 587 2396 unus
614 2373 653 2396 es
688 2373 772 2396 curn
816 2360 882 2395 illo
911 2361 1077 2409 spiritus.

87 2420 314 2471 Simplicitas
330 2429 384 2456 est
398 2419 463 2456 ubi
480 2420 603 2456 unitas
620 2428 675 2456 est
693 2434 701 2455 :
719 2420 938 2468 simplicitas
954 2428 1032 2464 est,
1049 2420 1078 2456 si

83 2481 161 2530 jam
184 2493 262 2517 non
277 2480 356 2529 ipse
373 2479 490 2523 vivis,
516 2479 581 2516 sed
603 2480 695 2515 vivit
719 2479 757 2515 in
779 2487 814 2514 te
844 2479 1029 2524 Christus3
1050 2479 1079 2515 si

89 2548 123 2576 tc
139 2539 295 2576 devoret
308 2539 489 2588 sapientia
508 2539 576 2576 Dei
591 2567 600 2583 ‚
617 2539 647 2575 si
670 2547 704 2574 te
724 2539 926 2588 spiritualis
942 2538 1077 2575 absor-

87 2598 174 2635 beat
195 2598 338 2643 laetitia,
368 2606 405 2633 et
430 2598 571 2634 intimis
601 2597 831 2634 recondatur
858 2597 1076 2634 visceribus.

87 2661 133 2695 Et
146 2657 211 2694 ubi
232 2664 288 2693 est
304 2664 406 2693 tanta
421 2657 639 2705 simplicitas
653 2657 723 2692 nisi
744 2657 779 2692 in
795 2657 959 2692 lectulo?

141 2720 176 2753 (i.
211 2717 504 2764 Uniuscujusque
536 2720 631 2751 ensis
655 2729 767 2764 super
794 2714 926 2762 semar
959 2729 1078 2751 sumn.

87 2777 209 2824 Super
217 2774 365 2822 femur,
387 2787 463 2810 non
491 2782 649 2824 propter
669 2774 808 2819 femur,
840 2774 905 2810 sed
931 2785 1084 2823 propter

87 2839 232 2870 timores
250 2843 464 2869 nocturnos:
481 2833 576 2869 forte
592 2833 679 2881 quia
701 2846 776 2869 non
797 2841 851 2869 est
872 2833 943 2869 illis
959 2833 1080 2868 collu-

87 2895 199 2931 ctatio
219 2893 398 2930 adversus
424 2906 574 2929 carnem
602 2901 639 2929 et
671 2894 915 2942 sanguinem,
944 2894 1009 2942 qui
1031 2893 1082 2929 si-

87 2962 223 3003 gnatur
240 2953 278 2989 in
299 2953 460 2998 femore3
475 2951 538 2988 sed
561 2952 742 2989 adversus
758 2952 887 2988 mundi
903 2961 1080 2999 rectores,

89 3012 328 3051 tenebrarum
353 3012 484 3048 barum
507 3010 534 3048 ⁶.
560 3012 650 3049 Ideo
663 3021 817 3060 propter
837 3017 984 3048 timores
1009 3028 1079 3048 110-

88 3084 254 3117 cmrnos,
286 3080 419 3108 contra
453 3071 666 3121 spirituales
696 3071 893 3121 nequitias.
928 3076 1079 3119 Quanto

89 3133 294 3170 feliciorem
328 3131 461 3168 sortita
485 3144 524 3167 cs
550 3131 716 3175 luctam,
754 3145 838 3180 quae
870 3131 1081 3167 Salomonis

138 3275 147 3291 ¹
170 3269 289 3300 Cantic.
309 3280 369 3306 ιιι,
390 3271 421 3299 8.
437 3286 479 3291 —-
498 3271 624 3299 ²1Cor.
640 3279 689 3298 xii
705 3292 712 3306 ‚
736 3270 830 3299 7-10.
846 3286 888 3291 ·—
913 3267 1043 3299 ³(2alat.
1068 3280 1101 3298 w
1117 3293 1125 3306 ‚
1152 3272 1178 3299 1.
1263 3267 1478 3300 ⁴11(101·.11.
1503 3271 1575 3297 tt«
1603 3266 1788 3303 45’1ι1.ιι,
1820 3271 1848 3297 ἶ.
1874 3286 1886 3289 -

95 3326 147 3352 12)..
166 3339 207 3343 —
227 3327 239 3350 7
263 3324 352 3352 l‘rov.
373 3332 418 3357 ιν,
441 3324 566 3352 5-8.-
593 3320 667 3351 ⁸11!
686 3324 761 3361 Reg.
777 3332 816 3358 x,
842 3324 956 3351 18-20.
982 3339 1019 3344 --
1045 3327 1060 3350 ⁹
1077 3322 1196 3352 tlantic.
1227 3334 1262 3351 ιιι
1279 3347 1286 3358 ,
1314 3325 1344 3353 9.
1387 3341 1392 3343 -

94 3381 119 3395 ¹²
136 3373 247 3405 Maius.
267 3385 342 3411 vni,
363 3378 394 3404 6.
411 3392 452 3396 —-
475 3371 502 3395 ¹³
518 3377 614 3406 Marc.
634 3386 664 3409 ν,
685 3376 738 3404 40.

1141 1177 1248 1225 quasi
1276 1176 1399 1225 gladio
1416 1205 1425 1221 ‚
1448 1176 1513 1212 sed
1532 1176 1638 1224 quasi
1659 1188 1802 1225 sponso
1818 1204 1827 1220 ‚
1854 1183 1896 1211 ut
1916 1173 2034 1210 *erbo
2063 1175 2142 1223 ipse

1142 1235 1354 1272 oblecteris.
1371 1234 1579 1273 oblecteris
1601 1236 1756 1271 veritate
1778 1235 1857 1283 ipsa
1873 1263 1882 1279 ‚
1907 1247 1982 1270 non
2008 1242 2139 1269 contra

1145 1307 1294 1331 errores
1321 1293 1526 1331 oblucteris
1551 1302 1588 1330 et
1613 1294 1726 1339 vitia3
1755 1294 1835 1330 aliis
1855 1294 1928 1329 hoc
1947 1306 2082 1329 munus
2104 1301 2141 1328 et

1146 1354 1312 1390 osticium
1338 1354 1521 1403 relinque.
1542 1354 1640 1401 Quid
1658 1353 1724 1389 tibi
1747 1366 1830 1389 cum
1853 1353 2051 1397 conflictu,
2081 1353 2141 1388 cui

1142 1420 1263 1449 totum
1287 1413 1332 1449 de
1361 1414 1497 1450 affectu
1527 1422 1698 1449 constare
1725 1412 1859 1449 debet?
1887 1416 1978 1460 Quae
2002 1425 2139 1460 sponsa

1141 1481 1196 1508 cst
1209 1501 1218 1517 ‚
1242 1485 1317 1508 non
1339 1472 1567 1521 disputantis
1583 1481 1620 1508 et
1636 1471 1872 1520 confligentis
1886 1479 2049 1507 sectatur
2069 1484 2137 1506 ne-

1140 1532 1304 1580 gotium,
1324 1531 1387 1567 sed
1415 1531 1533 1567 otium
1566 1531 1827 1580 amplexantis.
1856 1531 1930 1567 Alii
1956 1530 2134 1566 lectulum

1143 1589 1333 1635 ambiant,
1356 1598 1395 1625 tu
1413 1590 1549 1639 cupitis
1563 1590 1800 1638 amplexibus
1819 1590 1954 1625 fruere.

1199 1650 1232 1686 7.
1251 1649 1350 1696 Quid
1369 1658 1492 1685 tamen
1511 1658 1565 1685 est
1585 1648 1687 1697 quod
1708 1649 1754 1684 dc
1778 1649 1861 1697 ipso
1883 1647 2007 1684 lectuli
2030 1647 2138 1684 nobis

1145 1717 1328 1757 apparatu
1351 1709 1401 1744 nil
1420 1708 1531 1745 dicit?
1548 1708 1650 1757 quod
1671 1707 1751 1756 ejus
1767 1708 1823 1743 vel
1843 1708 1878 1743 in
1902 1707 2050 1743 modico
2072 1707 2137 1743 dc-

1146 1768 1287 1817 promit
1322 1768 1500 1803 delicias?
1532 1771 1645 1805 Forte
1677 1767 1836 1803 verbum
1875 1768 1946 1803 boc
1982 1766 2140 1803 verbum

1147 1827 1338 1864 ineffabile
1365 1836 1442 1871 est,
1463 1836 1499 1863 ct
1527 1827 1630 1876 quod
1650 1841 1725 1863 non
1746 1828 1833 1863 licet
1860 1828 2003 1864 bomini
2021 1827 2138 1876 loqui.

1697 1895 1733 1922 et
1756 1887 1938 1936 tantisper
1958 1886 2046 1922 dum
2070 1900 2138 1921 ex·-

1144 1946 1290 1994 pcritur
1303 1974 1311 1990 ,
1333 1959 1380 1981 ne
1400 1946 1582 1982 memoria
1599 1946 1750 1994 quidem
1774 1947 1982 1995 praeteritas
1997 1946 2142 1993 integre

1146 2014 1314 2041 recenset
1331 2004 1493 2040 delicias.
1512 2004 1621 2051 Quod
1638 2005 1761 2054 potuit
1779 2005 1971 2054 Scriptura
1989 2016 2141 2052 expres-

1147 2065 1204 2100 sit.
1227 2065 1422 2100 Lectulum
1441 2064 1554 2109 dixit,
1578 2073 1615 2100 et
1636 2065 1812 2100 lectulum
1837 2063 2060 2099 Salomonis,
2077 2066 2142 2099 Sa-

1149 2125 1194 2159 tis
1215 2123 1356 2159 dictum
1389 2131 1465 2168 est,
1489 2123 1552 2159 sed
1583 2124 1755 2172 sapienti.
1788 2127 1834 2159 Et
1861 2124 2029 2158 thronum
2059 2122 2141 2169 lego

1148 2183 1359 2218 Salomonis
1375 2182 1403 2227 S,
1429 2181 1660 2229 etscrcalam
1679 2190 1695 2213 9
1725 2198 1732 2219 ε
1759 2183 1821 2219 sed
1844 2191 2046 2230 utrumque
2063 2194 2142 2217 am-

1146 2241 1284 2277 bitioso
1319 2250 1548 2277 exstructum
1579 2250 1782 2290 apparatu,
1818 2250 1855 2277 et
1893 2241 1987 2276 sicut
2024 2241 2144 2287 regias

1149 2299 1255 2336 dccet
1274 2299 1436 2335 delicias,
1452 2300 1644 2347 Numquid
1661 2312 1750 2348 ergo
1768 2300 1943 2335 lectulum
1963 2299 2146 2346 intelli-gc-

1147 2372 1229 2395 mus
1258 2359 1496 2407 neglectum?
1522 2359 1630 2396 Absit
1662 2374 1668 2394 :

1146 2416 1268 2463 beuti,
1288 2426 1328 2453 ut
1352 2418 1528 2453 lectulum
1558 2418 1720 2463 diceret,
1745 2418 1808 2466 qui
1834 2431 1981 2467 sponsae
2008 2418 2140 2466 loque-

1146 2476 1269 2513 batur.
1291 2478 1357 2514 Illa
1375 2478 1473 2513 enim
1490 2477 1579 2513 nibil
1603 2478 1637 2513 in
1661 2478 1798 2513 lectulo
1818 2477 1936 2525 diligit
1957 2477 2025 2513 nisi
2040 2476 2143 2526 quod

1146 2537 1304 2573 lectulus
1324 2545 1379 2573 est
1397 2565 1405 2580 ‚
1425 2545 1463 2572 et
1484 2536 1586 2585 quod
1613 2537 1649 2572 in
1672 2550 1717 2572 eo
1735 2537 1843 2586 eopia
1864 2537 1909 2572 sit
1936 2550 2043 2572 suum
2063 2550 2145 2572 am-

1143 2596 1332 2645 plectendi
1369 2597 1622 2632 Salomonem.
1660 2600 1836 2644 Magnum
1878 2605 1914 2631 et
1947 2597 2142 2645 multiplex

1706 2359 1770 2395 sed
1800 2358 2014 2395 sufficiebat
2048 2359 2142 2393 seri-

1094 2655 1128 2689 D
1147 2655 1367 2704 mysterium
1389 2655 1553 2704 reperies
1570 2656 1605 2691 iu
1622 2656 1766 2691 lectulis
1784 2668 1851 2704 per
1873 2669 2023 2691 omnem
2046 2655 2142 2691 Seri-

1148 2724 1345 2765 pturarum
1378 2723 1541 2759 textum,
1568 2714 1633 2750 sed
1665 2728 1741 2750 non
1767 2724 1821 2750 est
1849 2714 2081 2764 comparatio
2098 2713 2144 2749 ad

1148 2775 1327 2811 lectulum
1360 2775 1582 2811 Salomonis.
1615 2777 1678 2810 Est
1713 2775 1870 2810 lectulus
1885 2803 1893 2817 ‚
1925 2787 2036 2822 quem
2069 2773 2139 2809 sibi

1147 2834 1220 2871 Job
1240 2833 1369 2870 sternit
1390 2833 1426 2868 in
1455 2832 1619 2869 tenebris
1637 2839 1731 2875 ¹¹';et
1753 2841 1807 2868 est
1825 2833 1984 2868 lectulus
2001 2860 2009 2875 ‚
2028 2845 2140 2880 quem

1146 2892 1266 2930 Daxid
1285 2893 1377 2941 rigat
1395 2892 1431 2927 in
1455 2892 1629 2940 lacrymis
1649 2898 1672 2913 ¹¹
1700 2907 1707 2927 ε
1727 2901 1781 2927 est
1809 2892 1986 2935 lectulus,
2011 2892 2140 2940 inquo

1146 2954 1327 3002 languens
1339 2950 1531 2987 decumbit
1548 2958 1575 2973 ¹²
1591 2967 1599 2994 ;
1618 2960 1655 2987 et
1674 2960 1726 2987 est
1747 2952 1916 2993 lectulus,
1933 2952 1967 2987 in
1985 2965 2060 3000 quo
2077 2951 2142 2986 de-

1148 3015 1298 3049 sum-tus
1319 3011 1480 3060 resurgit
1512 3010 1552 3047 ¹³.
1583 3012 1680 3047 'salis
1704 3012 1843 3056 tilis-mi,
1879 3012 1959 3047 talis
1983 3011 2141 3047 lectulus

1146 3073 1247 3109 Elim.
1274 3074 1444 3119 l‘terquc
1474 3070 1693 3106 defunctum
1720 3071 1878 3119 liospita‘
1906 3071 2071 3106 mulieris
2103 3071 2140 3104 li-

1146 3132 1235 3168 lium
1255 3131 1290 3166 in
1313 3131 1449 3166 lectulo
1467 3131 1658 3167 suscitavit
1676 3138 1681 3151 ¹
1696 3140 1715 3166 ¹.
1739 3132 1803 3167 llle
1823 3131 2001 3180 expandit
2023 3144 2060 3165 se
2077 3143 2138 3164 su-

1937 3269 1950 3285 ‘'
1968 3266 2077 3307 [pla-⁴.
2096 3278 2105 3293 x
2119 3278 2141 3298 1.

1447 3328 1474 3341 ¹⁰
1493 3321 1554 3352 Joh
1578 3334 1668 3357 xvii,
1702 3326 1751 3354 l-l.
1794 3340 1797 3342 ·
1841 3321 2126 3351 ··1’».ι1.κι.ῖ,-

774 3394 795 3395 ff
819 3374 844 3399 '4
866 3377 905 3404 {Y
923 3377 1061 3415 Rt·g.1v‚
1083 3377 1304 3408 3'2-37.‹=11u
1329 3378 1404 3415 Reg.
1424 3387 1507 3408 xxii.
1530 3377 1643 3404 ¹7³2&
