2418 3949
172 230 266 267 1241

167 306 328 356 Expedit
348 313 387 342 ut
403 317 501 342 unus
515 304 630 342 homo
646 305 830 342 moriatur
848 318 916 355 pro
938 305 1103 355 populo,
1120 313 1157 341 et

815 229 880 264 DE
908 229 1078 265 VERBIS
1109 229 1285 265 DOMINI
1314 231 1363 265 IN
1394 230 1558 266 COENA.

1167 304 1216 322 028

2114 232 2213 269 1242

1226 304 1340 341 ritum
1360 305 1467 351 fidei3
1485 306 1561 342 imo
1582 317 1658 341 non
1677 313 1734 341 est
1752 304 1845 342 fides
1863 305 1909 342 de
1927 319 1971 342 eo
1991 308 2094 356 quod
2113 309 2216 346 vide-

168 379 245 402 non
272 374 348 401 tota
368 378 458 414 gens
475 373 615 414 pereat.
636 368 796 401 Tantum
819 364 938 401 tribus
958 364 1090 401 diebus
1119 372 1155 400 et
1171 367 1200 400 A
1222 372 1293 399 tur.
1313 363 1385 400 Sed
1403 364 1560 400 credatis
1577 378 1635 400 me
1652 364 1785 401 Filium
1805 365 1895 409 Dei,
1918 379 1994 402 non
2013 380 2111 404 nova
2126 368 2212 414 fide,

169 425 288 461 tribus
308 423 484 460 noctibus
503 437 569 460 ero
591 423 628 459 in
653 423 766 459 corde
788 431 896 459 terrae
915 438 922 460 :
941 432 1072 472 postea
1097 422 1156 458 die

168 484 276 519 tertia
304 495 495 531 resurgam
521 490 721 531 perempto
750 482 922 531 principe
944 482 1094 527 mundi,
1119 490 1156 518 et

166 541 341 578 videbitis
358 554 416 577 me
429 570 438 586 ‚
457 549 494 577 et
512 540 689 589 gaudebit
708 554 775 577 cor
790 549 969 577 vestrum.
991 541 1157 588 Quadra-

166 602 307 650 gesimo
336 600 395 636 die
421 599 619 636 ascendam
650 600 688 635 in
718 601 875 645 coelum,
906 613 1074 636 sessurus
1110 599 1157 635 ad

167 660 358 697 dexteram
390 659 535 704 Patris3
565 667 601 695 et
633 660 722 695 illuc
753 659 896 696 traham
928 672 993 695 vos
1021 659 1067 695 ad
1098 672 1157 695 me

165 720 286 769 ipsum
299 748 309 765 ,
328 731 474 754 mecum
492 718 648 754 feliciter
664 726 887 767 regnaturos
903 733 911 754 ε
930 727 967 755 et
986 718 1072 754 ideo
1099 731 1158 754 ro·

166 791 213 827 go
231 805 240 822 ,
265 777 434 826 gaudete.

219 837 253 873 7.
274 839 305 874 O
327 835 427 872 bone
446 840 556 881 Jesu,
587 836 749 872 Domine
780 839 904 881 Deus,
938 836 1016 872 vita
1046 849 1127 872 mea
1142 864 1152 881 ,

165 904 242 933 tota
257 909 341 946 spes
360 909 441 932 mea
454 925 463 940 ‚
482 908 595 932 omne
608 895 834 932 desiderium
852 904 1022 931 nostrum
1034 923 1043 940 ,
1062 895 1153 944 quid

163 954 275 992 nobis
290 955 369 991 ais?
387 954 478 1004 quid
496 954 605 991 nobis
627 968 696 1004 pro
715 963 750 991 te
773 953 1009 1003 gementibus
1031 962 1068 989 et
1090 953 1152 989 lu-

163 1014 338 1064 gentibus
360 1014 477 1050 dicis?
507 1014 582 1051 Scis
612 1014 732 1060 enim,
752 1014 829 1050 vita
850 1026 933 1063 quae
957 1025 1149 1061 nunquam

1221 422 1309 470 quia
1329 430 1366 458 et
1394 423 1503 471 prius
1530 423 1762 469 credidisti53
1786 424 1850 460 sed
1871 433 1978 461 aucta
2008 435 2044 462 et
2064 428 2212 463 referta.

1221 480 1335 517 Modo
1350 494 1433 517 cum
1452 482 1530 518 haec
1543 482 1698 527 diceret,
1715 492 1793 518 erat
1807 483 1898 519 fides
1912 484 2059 521 illorum
2076 499 2212 535 parva3

1222 549 1259 576 et
1288 554 1373 576 cum
1401 550 1610 578 moreretur
1637 542 1707 577 fuit
1730 542 1873 578 nullaa.
1904 545 2105 592 Sequitur:
2129 548 2212 580 lam

1222 613 1295 635 non
1313 602 1429 635 multa
1442 603 1574 648 loquar
1585 601 1786 641 vobiscum.
1808 605 1914 638 I‘cnlt
1929 609 2026 638 enlm
2038 608 2213 654 princeps

1222 660 1350 693 mnndi
1366 658 1493 703 hujus,
1513 669 1548 694 et
1564 665 1601 694 itt
1617 674 1673 694 me
1687 674 1760 695 mm
1775 660 1886 710 habet
1900 665 2114 709 quidquam.
2135 667 2212 700 Im-

1221 717 1338 753 minet
1355 726 1502 767 tempus
1517 727 1553 754 et
1568 719 1659 755 liora
1674 728 1716 755 ut
1730 720 1871 755 solvam
1887 721 2053 758 debitum
2069 724 2212 770 mortis,

1220 784 1257 812 et
1285 777 1323 812 in
1349 777 1417 813 hac
1439 779 1586 814 mortali
1607 792 1717 815 carne
1741 778 1817 827 jam
1840 793 1915 816 non
1941 783 2058 818 multa
2079 784 2212 833 loquar

1219 835 1431 872 vobiscum.
1453 839 1563 874 Venit
1584 838 1777 884 diabolus,
1802 852 1878 875 non
1901 842 2076 891 princeps
2101 857 2208 881 crea-

1220 903 1388 932 turarum
1403 924 1412 940 ,
1430 897 1493 932 sed
1513 906 1776 946 peccator-uum
1797 912 1873 934 non
1891 899 1984 936 lucis
1997 929 2006 945 ,
2029 902 2092 937 sed
2109 912 2210 940 tene-

1218 952 1394 1000 brarum3
1414 968 1489 991 non
1510 957 1610 1002 vitae,
1631 957 1694 992 sed
1712 958 1861 1003 mortis;
1884 972 1959 994 non
1978 961 2123 1008 gaudii,
2145 965 2210 1000 sed

1218 1014 1391 1050 moeroris
1408 1029 1415 1050 :
1441 1024 1477 1049 et
1493 1018 1529 1050 iu
1547 1028 1604 1050 me
1620 1029 1693 1050 non
1711 1015 1820 1051 habet
1837 1019 2064 1064 qmdquam‚·
2082 1021 2119 1057 id
2141 1031 2208 1068 est,

162 1075 348 1120 morieris,
361 1074 463 1123 quod
478 1082 517 1110 tu
531 1087 570 1110 es
583 1082 703 1110 totum
715 1072 943 1109 desiderium
960 1080 1150 1108 nostrum:
1172 1071 1198 1105 B
1218 1073 1310 1109 nihil
1338 1082 1393 1109 est
1420 1073 1458 1109 in
1492 1086 1550 1110 me
1571 1074 1675 1122 quod
1703 1074 1748 1110 ad
1777 1087 1860 1111 eum
1891 1078 2090 1124 pertineat.
2122 1084 2207 1129 Ipse

162 1134 248 1171 ideo
269 1134 453 1183 gemimus
481 1141 517 1169 et
538 1133 708 1168 dolemus
734 1131 864 1177 valde,
887 1130 974 1180 quia
994 1139 1028 1167 te
1057 1130 1153 1167 sicut

161 1206 200 1230 cs
214 1221 224 1239 ,
246 1193 374 1229 videre
394 1205 470 1228 non
487 1204 700 1240 possumus.
718 1190 833 1228 Valde
850 1190 949 1227 enim
961 1217 970 1235 ,
988 1190 1151 1226 Domine

159 1257 270 1297 Jesu,
293 1252 404 1288 unica
425 1264 510 1301 spes
541 1259 680 1287 nostrae
708 1250 856 1296 salutis,
879 1249 1054 1286 turbatur
1085 1263 1152 1286 cor

162 1319 353 1357 nostrum,
377 1311 466 1360 quia
489 1310 613 1346 adhuc
632 1323 708 1346 non
734 1310 941 1347 meruimus
967 1310 1095 1347 videre
1116 1319 1151 1347 tc

158 1370 366 1406 Dominum
389 1377 572 1406 nostrum.
603 1369 797 1407 Gemimus
824 1377 862 1405 et
890 1369 1085 1415 dolemus,
1115 1378 1153 1406 et

159 1430 320 1466 multum
351 1428 524 1466 turbatur
556 1442 621 1465 cor
652 1438 823 1465 nostrum
850 1444 857 1464 ε
884 1429 949 1466 sed
979 1429 1101 1466 adhuc
1131 1442 1151 1466 a

157 1488 323 1524 Domino
341 1496 470 1524 nostro
486 1500 563 1523 non
581 1487 787 1524 meruimus
804 1487 953 1533 audire,
972 1490 1056 1524 Non
1077 1497 1152 1524 tur-

159 1546 264 1582 betur
287 1561 349 1582 cor
374 1556 548 1582 vestrum.
575 1549 606 1584 Ο
633 1547 757 1583 felices
783 1546 978 1596 Apostoli,
1000 1559 1023 1582 o
1052 1545 1150 1582 beati

158 1605 333 1655 discipuli
359 1606 532 1643 Domini!
558 1610 634 1643 Vos
650 1606 749 1642 enim
776 1606 965 1643 meruistis
987 1605 1091 1642 illum
1110 1605 1148 1641 in

157 1678 269 1702 carne
287 1665 414 1702 videre
435 1673 658 1715 praesentem
671 1693 680 1710 ‚
706 1665 905 1701 docentem
932 1665 970 1701 in
998 1663 1124 1701 verbis
1137 1693 1147 1710 ,

156 1733 350 1774 potentem
365 1725 403 1761 in
422 1725 544 1770 factis⁷
558 1724 729 1760 infirmos
744 1732 936 1760 curantem
951 1753 960 1769 ,
978 1732 1149 1760 mortuos

155 1785 397 1821 suscitantem
415 1799 424 1830 ;
443 1797 527 1820 cum
546 1784 610 1820 illo
627 1782 840 1829 ambulare,
860 1797 946 1819 cum
962 1782 1028 1819 illo
1046 1783 1149 1820 sede-

1218 1131 1319 1167 enim
1345 1140 1537 1180 peccatum
1560 1145 1636 1168 non
1656 1133 1766 1178 fecit,
1792 1146 1859 1169 nec
1880 1147 2046 1182 unquam
2063 1139 2206 1183 voluit,

1217 1191 1282 1227 sed
1301 1203 1369 1227 nec
1389 1204 1545 1240 peccare
1571 1204 1738 1240 unquam
1764 1192 1899 1241 potuit.
1923 1194 2049 1230 Noluit
2071 1195 2209 1233 habere

1215 1253 1319 1286 Deus
1335 1249 1438 1298 quod
1459 1249 1646 1299 perderet.
1663 1254 1811 1300 Pauper
1826 1252 1929 1287 venit
1941 1279 1950 1294 ‚
1971 1266 2017 1289 ne
2037 1253 2209 1291 diabolus

1217 1308 1372 1345 haberet
1392 1309 1495 1358 quod
1512 1309 1688 1346 auferret.
1707 1311 1818 1346 Venit
1837 1311 1935 1347 enim
1955 1313 2131 1363 princeps
2147 1328 2210 1352 su-

1216 1367 1378 1416 perbiae,
1404 1369 1578 1418 princeps
1603 1369 1774 1415 invidiae,
1809 1370 1986 1419 princeps
2012 1372 2141 1409 livoris
2173 1383 2209 1410 et

1217 1427 1425 1464 dolositatis
1436 1456 1445 1473 ,
1460 1429 1635 1478 princeps
1648 1429 1816 1465 rancoris
1831 1438 1866 1465 et
1884 1429 2086 1478 cujuslibet
2101 1434 2208 1470 malae

1215 1488 1441 1532 voluntatis,
1462 1487 1508 1523 ad
1529 1488 1737 1537 principem
1756 1488 1996 1534 humilitatis,
2017 1492 2205 1539 patientiae

1215 1554 1251 1582 ct
1276 1545 1538 1594 benignitatis,
1568 1547 1775 1595 principem
1799 1549 1883 1584 vitae
1905 1557 1940 1584 ct
1962 1552 2207 1588 resurrectio-

1216 1605 1294 1650 nis,
1316 1606 1524 1655 principem
1545 1606 1673 1654 gloriae
1691 1615 1727 1642 et
1746 1606 1988 1644 beatitudinis
2008 1610 2208 1659 sempiter-

1215 1677 1285 1701 nae.
1306 1665 1363 1700 Ad
1379 1678 1463 1700 eum
1482 1665 1583 1700 venit
1597 1693 1606 1710 ‚
1629 1673 1670 1701 ut
1690 1665 1834 1701 videret
1853 1666 1882 1701 si
1903 1667 1939 1702 in
1959 1680 2004 1703 co
2023 1670 2205 1706 maculam

1215 1724 1356 1772 peccati
1377 1724 1539 1772 aliquam
1561 1724 1760 1760 inveniret.
1789 1724 1943 1761 Viderat
1971 1740 2056 1762 eum
2080 1728 2206 1765 trabea

1215 1791 1354 1818 nostrae
1372 1782 1607 1818 mortalitatis
1625 1783 1797 1819 indutum
1809 1812 1817 1828 ,
1841 1785 1951 1820 morti
1967 1785 2152 1832 vicinuin3
2169 1796 2206 1824 et

157 1857 216 1889 rc,
235 1857 307 1880 una
323 1857 408 1880 cum
422 1844 488 1880 illo
504 1856 651 1880 sumere
667 1843 812 1888 cibum,
832 1843 938 1879 illum
956 1856 976 1879 a
991 1843 1150 1880 mortuis
1167 1845 1193 1880 C
1212 1842 1251 1878 in
1278 1855 1322 1878 eo
1357 1855 1394 1878 se
1423 1841 1581 1878 credidit
1612 1842 1752 1891 aliquid
1773 1843 1944 1880 invenire
1971 1845 2074 1893 quod
2103 1846 2135 1882 ei
2165 1848 2203 1883 in

156 1912 411 1953 resurgentem
425 1932 434 1949 ‚
456 1903 500 1940 ad
523 1904 638 1940 coelos
658 1903 923 1940 ascendentem
945 1917 952 1939 ε
971 1915 1073 1939 nunc
1090 1903 1147 1939 vi-

155 1962 250 1999 detis
271 1963 376 1999 illum
396 1963 434 1998 in
458 1963 541 1998 sinu
570 1963 688 1999 Patris
716 1962 771 1999 sui
798 1963 1015 2012 fulgentem.
1048 1962 1147 2009 Quid

156 2022 255 2057 enim
284 2021 425 2057 felicius
444 2048 453 2065 ‚
489 2020 629 2070 quidve
658 2020 804 2057 beatius
822 2048 831 2065 ,
862 2033 975 2069 quam
1004 2020 1147 2069 perfrui

155 2080 300 2116 visione
313 2081 408 2116 Dei?
422 2083 541 2127 Quam
558 2079 693 2116 dilecta
707 2080 766 2116 illa
784 2088 844 2115 tua
858 2079 966 2124 visio,
985 2080 1147 2116 Domine

155 2141 278 2175 Deus!
307 2141 412 2175 Hanc
432 2139 554 2174 anima
576 2151 657 2174 mea
678 2139 865 2188 peccatrix
891 2138 1143 2187 concupiscit3

154 2206 188 2234 ct
213 2198 299 2247 quia
331 2211 412 2233 eam
447 2197 568 2233 adhuc
591 2210 666 2233 non
696 2196 827 2241 habet,
863 2196 1145 2245 quodammodo

155 2257 306 2305 languet
325 2265 361 2293 et
389 2257 514 2293 delicit
535 2271 542 2292 :
567 2256 632 2292 sed
655 2269 766 2305 spero
800 2256 837 2291 in
870 2255 1035 2291 Domino
1055 2259 1145 2292 Jesu

154 2317 318 2361 Christo,
341 2316 441 2365 quod
462 2317 499 2352 in
522 2328 633 2352 carne
654 2328 735 2352 mea
760 2314 898 2351 videbo
920 2319 1042 2351 Deum
1066 2315 1147 2351 Sal-

153 2383 321 2411 vatorem
346 2389 482 2411 meum.
512 2375 691 2423 Reposita
711 2383 766 2411 est
785 2374 864 2410 haec
890 2387 974 2423 spes
996 2387 1079 2410 mea
1106 2375 1143 2410 in

154 2442 278 2471 mente
299 2447 392 2471 mea.
421 2438 499 2484 Ego
527 2434 676 2470 interim
701 2433 867 2483 gaudens
895 2433 1085 2482 gaudebo,
1108 2442 1146 2469 et

153 2507 301 2544 semper
317 2494 439 2530 anima
456 2507 537 2530 mea
556 2493 760 2530 exsultabit
779 2493 826 2530 de
844 2496 932 2530 Jesu
954 2494 1146 2529 Salvator-e

153 2566 257 2598 meo,
279 2554 343 2602 qui
360 2566 556 2602 resurgens
571 2567 590 2590 a
613 2554 770 2589 mortuis
785 2581 794 2597 ‚
821 2552 988 2589 ascendit
1008 2552 1052 2588 ad
1070 2566 1146 2588 coe-

153 2612 230 2656 los,
259 2619 296 2647 et
327 2612 428 2647 sedet
457 2611 588 2648 beatus
616 2612 662 2648 ad
693 2612 883 2647 dexteram
908 2612 1038 2648 Patris.
1071 2612 1190 2658 QuiD
1211 2607 1374 2651 invenit,
1407 2608 1502 2644 sicut
1532 2609 1610 2658 ipsa
1646 2610 1788 2645 veritas
1812 2609 1905 2645 dixit
1935 2625 1942 2646 :

1203 2670 1380 2714 princeps
1401 2670 1530 2702 mundi
1543 2669 1673 2712 liujus,
1697 2678 1730 2703 cc
1744 2673 1779 2703 in
1801 2682 1857 2702 me
1878 2683 1950 2704 mm
1968 2670 2078 2706 lmbct
2092 2675 2202 2719 quid—

152 2681 374 2704 ascensurus
394 2669 439 2704 ad
461 2673 607 2705 Patrem
634 2669 850 2705 dolentibus
868 2669 1063 2718 discipulis
1081 2669 1141 2704 di-

154 2728 232 2763 xit:
256 2730 293 2763 Si
313 2730 513 2776 diligeretis
539 2741 616 2771 me,
646 2730 856 2776 gauderetis
883 2732 1027 2775 utique,
1051 2731 1141 2774 qula

152 2789 254 2822 vado
276 2788 328 2821 ad
345 2788 494 2822 Patrem
504 2814 514 2831 ,
534 2791 622 2835 qm'a
640 2789 756 2822 Pater
771 2792 891 2832 umjor
909 2801 966 2822 me
984 2796 1048 2822 cst.
1073 2790 1140 2823 Se-

152 2846 282 2895 quitur
301 2874 307 2881 .

205 2907 239 2941 8.
263 2907 311 2940 Ec
325 2919 419 2941 mmc
436 2908 519 2940 dimi
539 2905 641 2942 vobis
654 2910 760 2954 prius
774 2905 984 2954 qnamfiat,
1006 2913 1044 2939 ut
1060 2919 1140 2940 cum

143 2962 288 3010 sac-lum
310 2963 431 3010 suern
457 2967 629 3001 credatis.
656 2968 737 3001 Jam
769 2977 868 3000 nunc
897 2963 981 2999 (lico
1006 2962 1113 3000 vobis
1129 2992 1138 3008 ,

151 3023 254 3073 prius
269 3036 379 3071 quam
400 3024 480 3069 fiat,
499 3023 595 3060 vado
616 3024 662 3060 ad
683 3028 854 3068 Patrem,
879 3032 919 3059 ut
939 3031 1136 3072 postquam

152 3081 355 3118 ascendero
367 3111 375 3127 ,
394 3083 558 3131 perfecte
572 3083 731 3119 credatis
747 3083 833 3132 quia
848 3096 916 3131 ego
931 3095 1012 3119 sum
1032 3082 1142 3119 Filius

151 3142 234 3178 Dei.
272 3143 316 3176 Ut
343 3144 520 3185 credam,
546 3143 679 3191 inquit.
711 3141 897 3185 Credatis,
930 3153 1005 3176 non
1038 3140 1141 3188 quod

153 3201 288 3236 factum
310 3199 474 3247 vidistis,
496 3201 585 3249 quia
605 3201 683 3237 lnaec
701 3214 776 3237 non
797 3209 852 3237 cst
873 3201 950 3237 laus
972 3200 1029 3235 vel
1060 3212 1140 3234 mc—

203 3331 210 3345 '
233 3324 327 3355 llebr.
347 3336 377 3359 v.
400 3328 465 3356 7-9.

1214 1911 1334 1939 morte
1358 1911 1485 1952 posset
1506 1902 1683 1951 objicere.
1709 1903 1780 1941 Sed
1803 1903 1915 1940 miser
1943 1905 2004 1941 ille
2025 1905 2204 1955 deceptus

1213 1970 1287 2007 est,
1309 1962 1396 2011 quia
1414 1962 1449 1997 in
1469 1976 1514 1998 eo
1535 1963 1627 1998 nihil
1649 1963 1793 1999 invenit
1811 1964 2007 2012 proprium
2027 1979 2034 2000 ε
2055 1965 2119 2001 scd
2137 1979 2205 2015 per

1214 2021 1358 2071 ipsum,
1384 2020 1447 2069 jus
1473 2021 1575 2070 quod
1602 2020 1765 2057 habebat
1790 2022 1826 2057 in
1849 2023 1946 2068 aliis,
1966 2024 2087 2060 amisit
2107 2026 2205 2061 anti-

1212 2093 1342 2128 quum.
1369 2083 1440 2116 Per
1460 2080 1586 2116 omnia
1607 2080 1652 2116 sit
1679 2084 1787 2117 Jcsus
1807 2080 2048 2126 benedictus,
2077 2084 2141 2132 qui
2164 2084 2202 2120 in

1213 2137 1345 2174 diebus
1365 2139 1484 2174 carnis
1515 2151 1591 2175 suae
1614 2151 1747 2188 preces
1771 2148 1807 2175 et
1829 2138 2108 2177 obsecrationes
2131 2141 2203 2178 ob·

1213 2198 1296 2233 tulit
1313 2198 1358 2234 ad
1375 2211 1459 2234 eum
1471 2227 1480 2243 ‚
1497 2199 1560 2246 qui
1576 2207 1723 2247 poterat
1738 2199 1843 2235 illum
1864 2200 2008 2236 salvare
2028 2214 2046 2236 a
2066 2210 2201 2247 morte,

1212 2270 1295 2292 cum
1317 2257 1490 2305 lacrymis
1507 2266 1541 2293 ct
1561 2258 1723 2293 clamore
1744 2257 1867 2293 valido
1888 2259 2069 2304 offerens,
2093 2273 2204 2296 exau-

1212 2315 1311 2351 ditus
1335 2324 1389 2352 est
1419 2329 1490 2364 pro
1520 2329 1585 2352 sua
1610 2318 1818 2352 reverentia
1847 2331 1854 2352 :
1882 2318 1944 2365 qui
1977 2318 2087 2354 etiam
2118 2332 2202 2355 cum

1211 2383 1307 2410 esset
1322 2375 1434 2411 Filius
1451 2375 1537 2420 Dei,
1554 2374 1683 2411 didicit
1700 2383 1822 2411 tamen
1841 2388 1886 2410 ex
1901 2375 1957 2411 his
1974 2390 2057 2424 quse
2073 2390 2204 2426 passus

1211 2442 1265 2468 est
1280 2432 1533 2469 obedientiam
1547 2461 1556 2477 ,
1574 2442 1610 2469 et
1627 2442 1910 2470 consummatus
1924 2435 2041 2472 factus
2055 2445 2109 2471 est
2126 2450 2203 2472 om-

1212 2490 1322 2527 nibus
1349 2490 1701 2541 obtemperantibus
1721 2492 1789 2528 sibi
1811 2506 1920 2529 causa
1940 2494 2068 2530 salutis
2093 2504 2203 2532 zeter-

1212 2562 1269 2584 nae
1289 2555 1311 2585 ¹.
1343 2552 1385 2585 In
1417 2563 1493 2597 quo
1523 2558 1655 2585 auctor
1685 2551 1816 2586 mortis
1842 2560 2035 2599 peccatum
2057 2554 2202 2590 nullum

1972 2614 2079 2647 l'em't
2107 2619 2202 2648 euim

1209 2738 1334 2771 quam.

1261 2784 1293 2819 9.
1317 2785 1388 2821 Sed
1417 2786 1510 2821 forte
1531 2794 1656 2834 posset
1686 2786 1810 2822 (licere
1831 2787 1964 2835 aliquis
1989 2803 1996 2823 :
2019 2792 2093 2825 Cur
2113 2803 2202 2838 crgo

1210 2844 1384 2888 moreris,
1412 2845 1439 2879 si
1462 2853 1653 2893 peccatum
1677 2859 1750 2881 non
1771 2845 1906 2889 buln-53
1933 2860 2016 2882 cuni
2039 2861 2138 2884 mors
2156 2864 2200 2885 ex

1209 2911 1363 2951 peccato
1383 2911 1525 2939 tautum
1545 2904 1590 2939 sit
1611 2906 1836 2940 consecuta?
1858 2905 1945 2940 Ideo
1964 2906 2045 2941 lacit
2066 2908 2122 2943 liic
2139 2922 2202 2944 an-

1210 2961 1464 3010 tipophoram,
1480 2971 1515 2997 ct
1533 2963 1735 3012 respondet
1751 2964 1836 3000 liuic
1855 2965 1972 3000 tau-ita·
1987 2967 2198 3013 qumzstioni,

1208 3029 1243 3055 ct
1273 3020 1361 3056 dicit
1383 3035 1390 3056 :
1415 3023 1460 3056 (lt
1489 3032 1683 3069 cognoscat
1712 3026 1866 3058 mundus
1890 3028 1977 3071 qaia
1994 3028 2104 3071 dlltgo
2129 3029 2201 3061 Ρη-

1208 3089 1316 3123 trem,
1337 3089 1371 3114 ct
1390 3080 1456 3114 lem·
1476 3083 1694 3117 mamlamm
1715 3084 1816 3117 dedit
1835 3083 1926 3117 milei
1948 3085 2063 3118 l'atrr
2078 3084 2198 3131 ‘asa’

1209 3152 1336 3174 rerem.
1359 3142 1411 3174 Ac
1439 3139 1467 3174 si
1499 3140 1636 3175 (liceret
1661 3155 1668 3176 :
1693 3144 1830 3177 Verum
1852 3150 1903 3177 est
1921 3170 1929 3184 ,
1953 3142 2054 3190 quod
2076 3144 2200 3179 adbuc

1210 3211 1310 3233 mors
1327 3210 1401 3233 non
1417 3207 1530 3243 esset,
1549 3199 1577 3234 si
1595 3209 1785 3248 peccatum
1803 3214 1877 3236 non
1898 3201 2022 3237 fuisset
2037 3217 2044 3243 ς
2060 3210 2095 3236 ct
2113 3202 2199 3237 idco

1309 3329 1322 3344 ³
1342 3323 1459 3354 Scilicet
1474 3348 1480 3356 .
1499 3323 1661 3367 ν’·[νῖιι-ἰτιι.
