2418 3949
159 149 233 187 897

903 157 968 190 DE
997 156 1225 192 PASSIONE
1255 157 1445 193 DOMINI.

156 229 348 276 Ecclesia',
380 230 549 279 loquitur
577 231 656 267 ista.
690 233 810 280 Caput
846 232 946 268 enim
976 229 1190 268 nostrum⁴⁴

2129 164 2206 203 898

1196 230 1396 270 ⁴constare
1424 234 1610 270 salutem?
1633 235 1832 285 Numquid
1859 236 2012 286 aliquod
2039 239 2209 278 membro

155 290 344 327 Dominus
366 293 475 327 Jesus
495 291 628 327 volens
650 290 831 327 unitatem
861 290 1149 335 commendare,
1169 297 1299 329 Arum
1328 301 1384 328 est
1416 293 1453 328 in
1487 294 1634 329 mortali
1663 307 1824 343 corpore
1856 305 2009 342 nostro,
2043 298 2102 334 cui
2133 311 2213 335 non

157 358 195 386 et
219 350 440 386 charitatem
469 363 573 387 suam
600 364 712 400 quam
740 350 853 387 habet
878 350 926 387 ad
949 350 1150 386 Ecclesiam

158 422 334 459 sponsam
354 422 458 446 suam
474 437 484 455 ,
503 423 542 446 se
559 423 710 459 quoque
726 410 764 446 in
780 409 957 446 omnibus
974 407 1152 445 membris

160 469 235 505 suis
265 482 462 518 passurum
481 469 657 506 ‘ostendit
682 484 689 505 ε
720 470 808 518 quia
833 482 936 505 nunc
963 469 1002 504 in
1030 467 1152 516 capite

161 528 340 564 sustinuit
364 528 600 578 passionem,
626 529 699 565 hoc
726 536 801 573 est,
828 529 866 564 in
893 528 1047 578 proprio
1068 539 1152 562 eor-

160 601 254 638 pore
267 617 276 634 ,
294 587 398 637 quod
412 588 612 638 assumpsit
628 587 673 624 de
687 587 851 636 Virgine.
869 588 1010 625 Clamat
1026 594 1150 622 autem

159 660 198 685 se
216 647 432 684 derelictum
448 675 458 693 ,
478 647 543 696 qui
561 646 768 696 derelinqui
783 659 860 682 non
878 653 1046 695 poterat3
1063 643 1152 693 quia

159 708 277 744 multa
297 706 554 743 membrorum
580 719 733 742 suorum
755 705 801 742 ad
828 713 966 741 tantam
992 703 1150 740 tribula-

161 767 303 803 tionem
329 774 435 802 erant
457 773 642 811 ventura,
666 773 708 800 ut
729 778 750 800 a
774 768 856 801 Deo
883 763 1060 800 derelicta
1085 774 1153 811 pe-

161 826 264 863 nitus
292 825 523 861 viderentur.
555 827 735 872 Quorum
757 836 958 873 personam
985 821 1154 872 gestabat

161 886 244 929 ille,
277 885 342 934 qui
375 883 524 920 dicebat
556 899 564 920 ι
596 885 671 930 Qui
699 883 953 919 custodiebant
985 887 1152 918 animam

163 957 302 989 meam,
333 946 528 979 consilium
541 941 716 990 fecerunt
739 947 778 977 in
798 956 934 986 unum,
964 944 1126 977 (licentes
1143 954 1154 974 :

161 1004 263 1039 Deus
282 1005 479 1051 dereliquit
496 1016 576 1038 eam
586 1031 598 1048 ,
614 1006 908 1052 persequimini,
930 1010 965 1036 et
983 1013 1150 1048 compre·
1170 1003 1197 1037 B

160 1063 309 1099 hendite
337 1076 437 1106 eum,
468 1068 560 1112 quia
586 1076 660 1098 non
689 1071 742 1098 est
769 1066 833 1109 qui
860 1060 990 1096 liberet
1016 1073 1096 1096 eum
1128 1065 1151 1094 ¹.

160 1121 272 1169 Quod
297 1130 335 1159 et
359 1122 431 1172 ipsi
456 1122 620 1172 benigno
641 1125 730 1159 Jesu
757 1121 796 1156 in
817 1128 1007 1156 tormento
1033 1119 1154 1155 crucis

161 1183 458 1232 improperatum
478 1190 534 1219 est
556 1197 564 1219 ε
587 1183 625 1218 Si
647 1184 763 1217 Filius
782 1183 852 1216 Dei
876 1194 936 1225 es,
959 1181 1100 1215 salvum
1121 1188 1155 1214 te

154 1239 225 1288 sac
242 1247 268 1278 ².

217 1301 278 1338 42.
299 1304 426 1338 Potest
443 1310 481 1338 et
497 1301 548 1338 ita
568 1300 709 1350 accipi,
728 1299 832 1349 quod
852 1298 1038 1336 Dominus
1056 1311 1155 1348 prae-

162 1361 296 1399 videns
317 1362 482 1411 aliquos,
510 1364 585 1399 imo
605 1361 788 1412 plurimos
820 1360 858 1396 in
874 1371 1036 1408 corpore
1062 1371 1149 1405 suo,

161 1422 226 1471 qui
247 1421 295 1457 ab
315 1422 460 1458 unitate
479 1422 655 1459 Ecclesiae
675 1433 751 1456 suae
777 1431 845 1469 per
863 1419 1025 1455 haereses
1040 1446 1049 1463 ,
1077 1418 1157 1454 sive

160 1494 229 1532 per
246 1481 318 1518 alIa
333 1481 540 1518 criminalia
556 1487 709 1530 peccata
727 1486 834 1515 erant
850 1477 1055 1522 recessuri,
1073 1477 1156 1513 illo-

163 1554 246 1577 rum
267 1553 469 1590 personam
489 1540 526 1576 in
543 1553 581 1576 se
597 1536 900 1586 transfigurando
914 1565 924 1582 ,
942 1534 1127 1572 clamabat
1143 1550 1152 1572 t

170 1602 310 1650 thuicl
322 1603 576 1649 dereliquisti?
591 1604 643 1635 Ac
659 1599 689 1635 si
705 1598 866 1634 diceret:
881 1599 1003 1644 Quare
1020 1595 1154 1644 aliquis

163 1674 294 1698 eorum
312 1660 402 1697 abiit
415 1668 620 1697 retrorsum
634 1687 643 1704 ,
660 1666 701 1695 ut
715 1665 843 1707 pereat
856 1655 903 1693 ab
916 1655 1061 1692 unitate
1075 1668 1157 1691 cor-

164 1719 270 1770 poris
291 1720 386 1765 mei,
407 1720 472 1769 qui
495 1727 598 1755 tanto
619 1717 787 1754 cruciatu
814 1715 904 1751 mihi
925 1723 1012 1752 sunt
1031 1714 1156 1750 uniti?

1218 351 1418 388 condoleat
1438 361 1549 401 caput
1574 357 1770 390 nostrum?
1794 356 1829 393 Si
1856 356 2035 405 affligitur
2060 370 2126 407 pes
2150 359 2213 395 vel

1217 424 1368 456 manus,
1396 413 1517 447 statim
1539 413 1674 449 clamat
1693 423 1805 464 eaput
1829 429 1896 465 per
1922 416 2084 465 linguam
2105 432 2112 453 :
2139 420 2214 455 Cur

1219 469 1389 519 affligor?
1406 470 1598 507 Clamabat
1614 473 1799 510 Dominus
1817 474 1862 510 ad
1876 476 2027 511 Saulum
2045 476 2081 511 in
2098 489 2215 512 mem-

1218 527 1287 565 bra
1311 542 1376 565 sua
1396 530 1611 566 saevientem
1626 560 1635 576 ,
1661 532 1690 565 C
1689 546 1733 567 αν
1751 546 1808 567 me
1821 540 2054 581 persequeris
2070 534 2109 571 ⁵?
2128 549 2213 572 cum

1218 588 1299 637 ipse
1328 597 1452 625 tamen
1481 602 1634 626 securus
1661 602 1871 628 remaneret
1896 594 1931 628 in
1962 595 2070 630 coelo.
2092 598 2214 632 Bene-

1219 647 1342 684 dictus
1367 648 1414 683 sit
1436 648 1623 684 Dominus
1645 653 1774 695 Jesus,
1798 652 1861 699 qui
1883 653 2004 700 primo
2025 654 2061 689 in
2086 668 2124 690 se
2144 668 2214 704 pro

1218 706 1349 752 nobis,
1373 720 1473 743 nunc
1495 720 1584 743 vero
1602 709 1711 744 etiam
1738 709 1932 747 nobiscum
1956 713 1991 747 in
2013 713 2122 750 nobis
2138 715 2215 764 pati

1219 766 1395 815 dignatur
1414 766 1723 813 tribulationem,
1745 782 1856 818 quam
1879 771 2050 820 exigente
2068 772 2214 820 justitia

1218 825 1405 875 patimur,
1428 839 1531 863 suam
1553 835 1731 876 reputans
1753 837 1790 864 et
1810 830 1996 876 clamans,
2026 832 2114 867 Cum
2134 838 2214 880 ipso

1218 899 1296 921 sum
1318 890 1356 921 ln
1377 884 1660 932 tribulatione⁶3
1680 895 1722 923 ut
1743 890 1909 926 securius
1927 890 2173 929 confidamus.

1557 1019 1733 1058 CAPUT
1762 1020 1880 1059 XIII.

1220 1135 1268 1164 De
1281 1132 1390 1174 quinto
1408 1132 1481 1164 solio
1498 1132 1567 1163 vitis
1579 1156 1586 1167 ,
1607 1143 1660 1164 seu
1682 1133 1790 1174 quinto
1810 1134 1907 1165 verbo
1923 1134 2037 1167 Christi
2059 1136 2089 1167 in
2106 1148 2216 1175 cruce,

1457 1186 1547 1218 Silio.
1561 1189 1654 1218 Joan.
1675 1197 1743 1229 cap.
1763 1198 1842 1225 xm,
1865 1185 1904 1223 Ji‘.
1929 1191 1983 1219 28.

1274 1308 1334 1344 43.
1369 1307 1550 1356 Quintum
1590 1307 1721 1343 folium
1741 1335 1750 1351 ‚
1791 1306 1870 1344 sive
1909 1308 2043 1357 quinta
2075 1310 2219 1348 chorda

1220 1368 1347 1405 brevis
1375 1367 1528 1416 quidem
1558 1367 1732 1412 videtur,
1760 1367 1824 1403 sed
1857 1367 1886 1403 si
1916 1368 2158 1415 discutiatur,
2187 1371 2219 1408 si

1222 1427 1437 1476 diligentius
1466 1426 1746 1470 consideretur,
1783 1426 1830 1462 ad
1860 1429 1999 1465 amoris
2034 1429 2216 1466 indicium

1223 1486 1478 1522 efficacissima
1492 1485 1634 1535 poterit
1654 1485 1830 1521 inveniri.
1850 1486 1914 1522 Ait
1929 1487 2029 1523 enim
2053 1501 2218 1538 evange—

1219 1545 1322 1581 lista:
1341 1546 1477 1580 Videm-
1494 1546 1599 1579 Jesns
1623 1548 1714 1591 qaia
1735 1549 1864 1579 mnnia
1885 1557 2139 1583 consummata
2159 1563 2218 1584 es-

1219 1612 1319 1648 sent,
1341 1613 1378 1639 itt
1402 1607 1643 1652 implerentur
1658 1604 1879 1650 Scriplicroe,
1905 1617 1988 1653 quae
2015 1606 2218 1655 implendae

1220 1671 1327 1700 erant
1340 1691 1349 1707 ‚
1374 1663 1447 1699 illae
1467 1663 1599 1712 utique
1616 1676 1700 1711 quae
1719 1663 1850 1699 dicunt
1867 1678 1874 1699 :
1893 1667 2086 1701 Desierunt
2105 1671 2142 1701 in
2159 1681 2218 1702 es-

1221 1736 1300 1757 cam
1323 1735 1444 1757 meam
1453 1720 1525 1769 sel,
1544 1731 1579 1756 et
1596 1725 1634 1756 in
1647 1726 1709 1757 siti
1721 1735 1804 1756 mea
1816 1731 2038 1770 potaverunt
2056 1738 2114 1760 me
2133 1740 2219 1761 ace-

163 1779 273 1816 Unde
292 1792 340 1816 ex
359 1791 520 1828 persona
537 1785 743 1825 martyrum
760 1774 897 1811 dicitur
915 1774 954 1810 in
974 1774 1123 1811 Psalmo
1144 1787 1151 1808 ε
1176 1780 1204 1817 C
1222 1789 1291 1818 107,
1310 1780 1509 1830 subjungit
1530 1781 1628 1818 enim
1651 1782 1879 1831 evangelista
1895 1797 1902 1819 :
1925 1785 1999 1818 Vas
2016 1797 2100 1831 ergo
2113 1790 2219 1832 posi-

163 1840 337 1875 Adlzoesic
355 1844 394 1874 ιἰι
414 1848 512 1874 terra
532 1846 664 1873 venter
684 1845 805 1872 noster
824 1834 851 1871 3.
873 1837 945 1871 Per
963 1842 1155 1879 ventrem,

162 1900 228 1949 qui
255 1907 312 1936 est
340 1898 490 1934 mollior
510 1906 547 1934 et
571 1895 760 1933 infirmior
783 1907 871 1944 pars
899 1894 1083 1939 hominis,
1104 1893 1157 1929 si-

162 1968 326 2009 gnantur
347 1958 401 1994 illi
426 1958 490 2007 qui
515 1964 684 1993 carentes
710 1954 890 2004 patientia
917 1962 954 1989 et
982 1953 1156 1989 firmitate

164 2018 471 2069 perseverantiae,
492 2025 529 2053 et
544 2024 704 2067 propter
720 2015 792 2050 hoc
807 2015 844 2049 in
861 2012 1065 2049 acerbitate
1083 2021 1157 2049 tor-

164 2087 379 2116 mentorum
401 2077 616 2114 deficientes
630 2105 640 2122 ,
661 2074 901 2111 adhaeserunt
917 2072 955 2108 in
978 2080 1097 2118 terra,
1120 2071 1158 2107 id

165 2148 242 2186 est,
272 2138 430 2176 terrenis
460 2137 626 2174 consiliis
654 2144 690 2172 et
716 2133 928 2171 actionibus
954 2144 1158 2169 consense-

165 2207 266 2236 runt.
293 2201 370 2236 Nos
392 2206 517 2234 autem
543 2196 608 2246 qui
634 2194 756 2232 adhuc
779 2194 817 2229 in
849 2190 1158 2229 tribulationibus

163 2258 394 2310 quotidianis
414 2270 620 2299 versamur,
636 2255 700 2304 qui
716 2253 972 2304 spectaculum
992 2251 1077 2287 sacti
1093 2263 1158 2287 su-

166 2331 250 2356 mus
272 2317 416 2354 mundo
437 2324 474 2353 et
497 2311 650 2364 Angelis
676 2322 713 2350 et
738 2310 978 2357 hominibus,
1005 2318 1042 2346 et
1074 2318 1158 2345 tan—

166 2392 280 2429 quam
305 2384 552 2429 purgamenta
579 2374 692 2423 hujus
715 2372 847 2410 mundi
878 2380 914 2408 et
945 2371 1157 2421 peripsema

168 2438 339 2476 omnium
359 2449 479 2487 usque
499 2435 621 2472 adhuc
640 2434 674 2480 43
695 2431 986 2470 inenarrabilem
1005 2429 1159 2480 spiritus

168 2498 344 2535 fiduciam
371 2497 628 2546 concipiamus
650 2507 696 2530 ex
721 2493 795 2529 hoc
814 2492 1026 2542 praecipue,
1056 2489 1160 2539 quod

169 2559 250 2607 ipse
265 2557 451 2594 Dominus
466 2555 684 2592 consolator
698 2553 868 2590 omnium
885 2562 1160 2601 pressurarum,
1178 2563 1212 2596 1)

170 2624 274 2652 tanta
301 2616 445 2651 unitate
475 2614 630 2664 spiritus
649 2621 687 2649 et
713 2611 902 2648 charitatis
925 2609 1035 2645 nobis
1063 2622 1159 2645 con-

164 2675 320 2725 junctus
339 2682 413 2719 est,
436 2682 478 2710 ut
493 2674 604 2709 etiam
622 2684 823 2722 personam
843 2678 981 2706 nostrae
1002 2668 1161 2705 infirmi-

170 2735 254 2771 tatis
279 2734 318 2770 in
344 2746 382 2769 se
409 2741 481 2769 tam
511 2731 716 2768 manifestis
743 2729 869 2766 verbis
896 2730 1161 2777 transfigurare

169 2795 344 2844 dignatus
373 2793 420 2829 sit
451 2808 458 2829 :
493 2793 557 2842 qui
586 2792 708 2828 adhuc
737 2791 849 2828 etiam
881 2788 981 2839 apud
1015 2792 1160 2825 Patrem

172 2855 389 2891 ostensione
425 2854 625 2890 vulnerum
658 2864 813 2889 suorum
847 2849 1061 2900 interpellat
1093 2861 1162 2898 pro

174 2913 302 2959 nobis,
331 2927 443 2951 orans
471 2927 518 2950 ne
543 2913 825 2961 derelinquatur
851 2911 888 2946 in
920 2908 1163 2946 inferioribus

173 2973 351 3010 membris
373 2973 448 3010 suis
462 3002 471 3019 ,
493 2973 555 3022 qui
578 2973 614 3009 in
636 2986 673 3009 se
694 2972 814 3022 capite
831 2982 1068 3020 nequaquam
1087 2983 1161 3020 po—

176 3035 245 3071 tuit
273 3033 496 3082 derelinqui.
521 3036 564 3069 Et
593 3031 786 3082 quomodo
816 3029 983 3067 membra
1016 3028 1164 3078 deperi-

173 3101 275 3140 rent,
296 3106 379 3142 quae
405 3093 443 3130 in
469 3093 660 3129 voluntate
681 3090 812 3141 capitis
834 3090 891 3127 sui
913 3101 1016 3125 suam
1043 3089 1165 3124 sciunt

1222 1851 1297 1878 tum
1319 1850 1400 1877 erat
1415 1850 1517 1876 aceto
1530 1844 1708 1890 plenum,·
1733 1850 1768 1876 et
1780 1855 1929 1877 currens
1945 1856 2038 1877 unus
2053 1846 2218 1891 implevit

1221 1906 1414 1950 spongiam
1442 1909 1546 1936 aceto
1560 1930 1570 1946 ‚
1595 1910 1629 1936 et
1647 1905 1928 1949 circumponens
1952 1903 2123 1952 hyssopo,
2145 1907 2217 1940 da—

1224 1961 1287 1997 bat
1316 1966 1351 1996 ei
1379 1959 1537 1997 bibet-eg.
1560 1961 1665 1997 Alter
1694 1974 1786 1997 vero
1814 1963 2040 2010 evangelista
2066 1964 2216 2013 plenius

1223 2033 1419 2070 exponens
1435 2020 1628 2068 quomodo
1646 2020 1840 2069 Scriptura
1853 2022 1900 2057 sit
1915 2022 2086 2071 impleta,
2103 2024 2215 2060 etiam

1224 2081 1320 2117 fellis
1342 2080 1427 2116 facit
1444 2080 1673 2116 mentionem
1689 2108 1698 2124 ,
1722 2080 1771 2116 ita
1789 2080 1918 2118 dicens
1937 2084 2011 2117 :Et
2029 2082 2171 2119 dabant
2183 2089 2218 2119 ei

1224 2145 1351 2176 vinnm
1380 2140 1607 2186 myri-lmmm
1636 2139 1758 2174 bibere
1785 2154 1865 2175 eum
1888 2139 1982 2187 selle
2015 2147 2216 2180 miximus.

1222 2199 1364 2236 Fractis
1391 2197 1568 2234 membris
1599 2197 1797 2243 omnibus,
1826 2198 1946 2235 dulcis
1969 2204 2077 2237 Jesus
2097 2203 2220 2239 voluit

1223 2259 1351 2309 puniri
1370 2267 1407 2294 et
1430 2259 1607 2306 linguam.
1628 2257 1740 2293 Dedit
1755 2271 1845 2306 ergo
1866 2259 1899 2294 ei
1918 2259 1978 2295 illa
1998 2260 2084 2296 vitis
2099 2262 2220 2298 aliena

1223 2330 1406 2354 conversa
1426 2317 1462 2353 in
1485 2316 1774 2352 amaritudinem
1793 2316 1839 2352 de
1857 2317 1981 2353 fructu
2002 2330 2070 2354 suo
2086 2328 2219 2368 potum

1223 2390 1413 2421 amarum,
1448 2385 1579 2425 potum
1615 2388 1689 2411 non
1726 2375 1958 2424 potandum,
1992 2377 2056 2413 sed
2093 2380 2220 2427 potius

1225 2437 1521 2488 degustandum3
1555 2436 1643 2485 quia
1674 2435 1719 2472 ad
1739 2449 1888 2485 poenam
1921 2437 2056 2486 linguae
2085 2440 2222 2477 sufficit

1225 2507 1371 2535 acetum
1395 2505 1574 2546 gustasse.

1281 2557 1343 2593 44.
1369 2556 1440 2594 Sed
1459 2556 1544 2592 licet
1569 2555 1649 2590 liaec
1670 2554 1716 2590 ad
1733 2554 1992 2604 impletionem
2018 2557 2222 2607 Scripturae

1226 2617 1264 2652 in
1279 2616 1435 2652 veritate
1455 2622 1600 2664 patrata
1612 2614 1686 2649 sint
1699 2641 1708 2658 ,
1733 2622 1855 2649 tamen
1869 2614 1940 2650 hoe
1957 2614 2074 2650 verbo
2087 2645 2095 2661 ,
2111 2618 2219 2663 Sitia,

1227 2675 1367 2725 aliquid
1383 2674 1482 2711 aliud
1500 2673 1699 2722 significari
1717 2672 1878 2708 videtur.
1896 2677 1990 2710 Puto
2007 2676 2105 2711 enim
2118 2678 2220 2725 quod

1228 2737 1298 2772 lioc
1332 2734 1475 2783 liquido
1507 2733 1794 2769 immensitatem
1825 2732 1933 2768 nobis
1959 2735 2221 2773 ardentissime

1229 2793 1419 2831 charitatis
1443 2792 1561 2827 voluit
1581 2791 1848 2827 couuneudare
1863 2820 1871 2836 ‚
1895 2793 1982 2841 quia
2007 2793 2054 2829 al)
2072 2794 2223 2832 homine

1230 2853 1506 2891 sitientemulto
1518 2851 1710 2887 ardentius
1720 2850 1956 2887 desideratur
1969 2861 2092 2901 potus,
2111 2868 2223 2903 quam

1231 2912 1336 2949 cibus
1353 2911 1399 2947 ab
1422 2910 1622 2946 esuriente.
1646 2912 1685 2945 Iu
1705 2921 1742 2944 se
1760 2922 1850 2956 ergo
1867 2910 2069 2946 ostendeus
2091 2914 2226 2949 Domi-

1231 2986 1301 3008 nus
1316 2976 1422 3008 Jesus
1440 2969 1666 3005 desiderium
1684 2969 1782 3004 illius
1799 2969 1849 3004 rei
1865 2983 1947 3017 qua·
1965 2970 2226 3009 ardentissime

1231 3031 1532 3080 concupiscitur,
1566 3042 1633 3078 per
1661 3028 1759 3064 illam
1785 3029 1933 3077 ligur-iri
1955 3029 2129 3067 ardorem
2152 3046 2228 3068 sua*

1232 3090 1424 3127 charitatis
1451 3089 1630 3126 ostendit.
1664 3088 1768 3125 Licet
1796 3089 1907 3124 etiam
1930 3089 2114 3126 veraciter
2135 3105 2225 3141 pos-

225 3233 232 3247 ¹
253 3227 331 3258 Psal.
351 3230 586 3265 1.xx‚10‚ll.
600 3245 641 3250 —
657 3233 669 3249 ¹
688 3226 995 3264 Matttn.xxv11.40.
1013 3246 1054 3250 —-
1071 3227 1085 3250 3
1102 3229 1180 3260 Psal.
1199 3228 1432 3262 xi‚11=,9,.›.——
1448 3224 1461 3249 ⁶
1483 3227 1493 3254 1
1511 3225 1582 3255 Cor.
1603 3236 1648 3260 ιν,
1666 3227 1697 3260 t),
1720 3227 1824 3255 13.-—
1840 3221 1853 3244 ⁵
1869 3227 1938 3254 Act.
1957 3236 2008 3256 ix.
2029 3227 2090 3254 4,-
2120 3225 2134 3246 ⁶
2151 3228 2232 3258 ι’».ιΙ,

178 3290 236 3317 xc,
257 3283 308 3311 15.
325 3298 365 3302 ——
381 3286 394 3309 7
411 3280 492 3311 l'sal.
514 3291 615 3311 mxvii!
631 3305 638 3315 ,
662 3284 713 3311 22.
733 3299 772 3303 -—
790 3278 804 3300 ⁸
823 3284 914 3312 Joan.
932 3291 1007 3316 xix,
1029 3283 1067 3313 23
1083 3307 1089 3316 ,
1119 3285 1172 3312 29.
1192 3299 1229 3302 —
1245 3285 1261 3308 9
1283 3278 1394 3310 nauti.
1416 3289 1529 3309 xxvii.
1551 3279 1590 3309 3¹·
1607 3301 1614 3311 .
1630 3283 1658 3307 et
1675 3280 1771 3307 Marc.
1796 3288 1849 3308 xv.
1873 3279 1924 3305 93.

335 3351 410 3375 ΤΟΜ
417 3367 424 3375 .
457 3352 476 3373 V
484 3367 490 3375 .

2023 3336 2070 3368 Ἦ,

2026 3360 2055 3370 -ι
