2418 3949
223 172 1412 306 MEDITATIONES
1461 175 2163 290 PHSSIMAE

1161 437 1226 465 DE

478 595 574 651 CO
585 593 956 652 GNITIONE
1003 592 1344 649 HUMANAE
1388 595 1905 653 CONDITIONIS.

215 1002 263 1040 In
291 999 476 1039 omnibus
495 999 576 1038 fere
604 999 881 1048 manuscriptis
901 997 1102 1036 Bernardo
1128 997 1375 1045 tribuuntur,
1406 1007 1445 1035 et
1471 998 1634 1049 quidem
1658 1012 1779 1050 saepe,
1807 1018 1822 1033 «
1848 999 1906 1036 De
1937 1000 2110 1038 interiori
2138 1001 2217 1041 ho-

166 1084 182 1099 »
203 1066 309 1104 mine
323 1095 333 1112 ,
352 1082 368 1098 υ
392 1065 595 1114 inscriptae.
614 1063 776 1101 Exstant
792 1062 1054 1100 nihilominus
1074 1062 1180 1113 apud
1206 1063 1416 1114 Hugonem
1433 1063 1680 1101 Victorinum
1702 1064 1775 1101 sub
1803 1063 1920 1102 titulo
1942 1083 1958 1097 u
1977 1064 2068 1102 libri
2087 1070 2217 1116 quarti

167 1148 182 1164 »
205 1129 253 1168 de
278 1129 417 1167 Anima
439 1145 448 1166 ε
473 1148 486 1160 »ι
507 1141 738 1178 quanquam
764 1141 834 1165 nec
856 1127 963 1164 illius
990 1141 1070 1165 esse
1098 1126 1317 1165 videantur.
1343 1128 1388 1165 In
1415 1127 1542 1166 codice
1563 1127 1742 1166 Dunensi
1768 1128 1869 1166 hanc
1894 1129 2110 1179 praeferunt
2130 1132 2219 1180 epi-

159 1194 333 1247 graphen
357 1211 365 1231 :
391 1212 407 1227 «
427 1193 633 1231 Tractatus
647 1192 754 1230 utilis
776 1206 823 1230 ex
842 1192 969 1230 verbis
994 1192 1037 1231 B.
1057 1191 1246 1231 Bernardi
1264 1192 1417 1230 abbatis
1434 1192 1776 1231 Clarae—Vallensis
1795 1202 1833 1231 et
1849 1192 2018 1231 aliorum
2037 1194 2216 1242 Patrum,

163 1277 180 1292 υ
203 1259 252 1297 de
275 1260 455 1297 Interiori
474 1258 655 1305 homine,
685 1257 886 1308 quomodo
913 1257 1044 1295 Deum
1075 1258 1262 1295 inveniat.
1283 1275 1300 1290 n
1320 1257 1432 1296 Certe
1459 1256 1665 1307 aliquoties
1685 1256 1902 1304 Ambrosii,
1925 1258 2157 1309 Augustini,
2181 1268 2220 1297 et

160 1322 282 1361 Boetii
308 1324 530 1369 sententiae,
564 1322 716 1360 nedum
746 1321 930 1369 Senccae,
960 1323 1186 1361 reseruntur
1214 1324 1254 1359 in
1284 1322 1345 1360 his
1373 1322 1702 1361 Meditationibus
1732 1339 1740 1359 ε
1772 1335 1859 1372 quae
1887 1336 1965 1360 non
1992 1322 2114 1360 semel
2145 1323 2219 1361 sub

159 1389 316 1426 nomine
345 1387 533 1426 Bernardi
564 1387 780 1425 laudantur
807 1388 847 1424 in
876 1386 1144 1432 Bel-nardino,
1174 1401 1242 1425 seu
1272 1387 1311 1423 in
1340 1395 1566 1437 pervetusto
1596 1386 1698 1423 libro
1724 1385 1888 1423 Florum
1917 1400 1962 1424 ex
1992 1386 2216 1434 Bernardo,

158 1467 302 1504 nempe
329 1455 369 1490 in
386 1453 455 1490 lib.
479 1455 519 1500 5,
543 1467 654 1503 capp.
678 1456 747 1498 10,
771 1454 833 1498 11,
854 1452 917 1497 13,
943 1454 1006 1498 17,
1029 1452 1093 1497 44,
1123 1452 1198 1498 48;
1229 1453 1382 1490 tametsi
1413 1464 1536 1501 pauca
1556 1464 1601 1487 ex
1630 1450 1796 1502 vulgatis
1822 1450 2007 1487 Bernardi
2036 1450 2220 1501 operibus

159 1519 200 1555 in
225 1517 287 1555 his
304 1516 626 1555 Meditationibus
653 1515 874 1553 afferuntur
895 1531 902 1552 :
927 1529 1014 1565 quae
1036 1515 1233 1553 Bernardo
1252 1531 1322 1554 nec
1340 1516 1507 1567 indignae
1526 1524 1640 1563 sunt,
1662 1529 1732 1553 nec
1749 1524 1880 1553 tamen
1908 1516 1992 1564 ejus
2011 1529 2091 1552 esse
2109 1515 2220 1553 nobis

160 1581 356 1628 videntur,
381 1596 471 1619 cum
490 1581 542 1619 ob
559 1580 648 1632 styli
668 1579 1027 1618 dissimilitudinem
1040 1609 1049 1626 ,
1069 1589 1157 1618 tum
1184 1580 1235 1618 ob
1252 1582 1473 1618 carminum
1491 1582 1710 1626 citationes,
1734 1579 1932 1618 Bel-nardo
1960 1578 2152 1626 insolitas;
2172 1594 2220 1618 ne

161 1645 260 1696 quid
275 1645 451 1683 dicamus
465 1645 513 1683 de
535 1644 602 1682 illa
616 1654 866 1695 peccatorum
882 1644 1118 1683 consessione
1134 1676 1143 1691 ,
1168 1660 1254 1696 quae
1273 1647 1316 1683 fit
1342 1660 1363 1683 a
1387 1661 1470 1697 cap.
1493 1648 1533 1693 9,
1552 1645 1664 1697 longe
1683 1644 1758 1682 alia
1774 1644 1824 1682 ab
1841 1658 1900 1692 ea,
1921 1659 2008 1697 quae
2030 1654 2087 1683 est
2112 1643 2219 1696 apud

161 1709 404 1757 Bernardum
429 1711 469 1747 in
486 1718 652 1748 tractatu
675 1708 722 1748 de
739 1708 938 1747 Gradibus
953 1708 1205 1757 humilitatis,
1227 1724 1311 1760 cap.
1338 1711 1398 1747 18.

858 1857 1521 1879 ψ

535 2011 710 2050 CAPUT
739 2012 771 2049 I.

1162 2006 1329 2055 ²⁵¹⁰quod
1349 2006 1428 2055 ipse
1461 2005 1550 2041 mihi
1580 2004 1722 2040 donare
1751 2004 1938 2053 dignatur.
1971 2004 2221 2053 Intelligentia

1175 2070 1205 2101 A
1227 2067 1379 2102 intueor
1395 2065 1485 2114 quid
1506 2065 1552 2101 sit
1570 2068 1672 2101 Deus
1687 2064 1725 2099 in
1747 2076 1785 2099 se
1805 2063 1906 2111 ipso;
1929 2063 2019 2111 quid
2041 2064 2077 2099 in
2098 2069 2220 2112 Ange·

462 2133 510 2161 De
529 2129 677 2171 dignitate
698 2130 832 2161 hominis
839 2155 845 2161 .

219 2245 250 2280 1.
270 2242 379 2280 Multi
403 2242 520 2278 multa
541 2241 680 2283 sciunt,
713 2249 750 2276 et
775 2253 814 2276 se
842 2240 943 2289 ipsos
974 2241 1156 2277 nesciunt.

166 2304 270 2340 Alios
295 2302 523 2351 inspiciunt,
552 2308 589 2336 et
617 2312 655 2335 se
683 2300 786 2348 ipsos
812 2299 1005 2336 deserunt.
1036 2304 1159 2336 Deum

166 2369 340 2411 quaerunt
360 2374 428 2410 per
446 2361 515 2396 ista
541 2359 751 2403 exteriora,
774 2358 990 2395 deserentes
1009 2372 1075 2395 sua
1099 2360 1160 2395 in-

165 2421 324 2465 teriora,
357 2419 494 2468 quibus
520 2419 679 2454 interior
706 2426 761 2454 est
788 2422 900 2454 Deus.
933 2418 1081 2454 Idcirco
1113 2418 1159 2455 ab

165 2477 414 2514 exterioribus
432 2478 580 2514 redeam
598 2477 644 2513 ad
665 2478 863 2521 interiora,
886 2486 922 2513 et
941 2477 987 2513 ab
1005 2477 1160 2513 infcrio—

171 2537 274 2573 ribus
289 2537 333 2573 ad
348 2538 541 2586 superiora
558 2538 754 2573 ascendam
775 2553 782 2573 :
802 2546 843 2573 ut
859 2538 998 2586 possim
1021 2550 1160 2585 cogno-

167 2609 270 2632 scere
285 2595 384 2631 unde
401 2596 510 2631 venio
524 2623 533 2640 ,
556 2605 620 2632 aut
637 2609 711 2644 quo
732 2595 849 2639 rado3
872 2595 963 2644 quid
984 2609 1064 2631 sum
1078 2624 1087 2640 ,
1102 2596 1160 2631 vel

169 2654 268 2690 unde
301 2668 402 2698 sum·‚
425 2663 461 2689 et
482 2654 530 2704 ita
558 2668 625 2703 per
645 2655 898 2702 cognitionem
923 2655 996 2691 mei
1016 2655 1159 2690 vah-am

171 2713 367 2761 pervenire
387 2712 432 2748 ad
449 2713 703 2761 cognitionem
726 2713 804 2749 Dei.
827 2717 977 2760 Quanto
1000 2726 1160 2761 namque

1224 2125 1287 2168 lis,
1312 2124 1403 2172 quid
1424 2124 1461 2159 in
1481 2122 1642 2166 sanctis,
1668 2121 1761 2170 quid
1783 2121 1820 2156 in
1841 2121 2043 2165 creaturis,
2068 2121 2160 2169 quid
2181 2122 2220 2157 in

1222 2182 1452 2218 hominibus.
1474 2185 1516 2218 In
1547 2195 1584 2217 se
1607 2181 1689 2229 ipso
1717 2189 1772 2216 cst
1798 2180 2190 2229 incomprehensibilis
2211 2195 2219 2216 ε

1223 2241 1310 2289 quia
1331 2240 1559 2289 principium
1582 2248 1617 2275 et
1639 2240 1743 2284 linis;
1767 2239 1994 2287 principium
2016 2238 2096 2274 sine
2116 2240 2221 2288 prin-

1226 2299 1325 2347 cipio
1340 2327 1349 2343 ,
1373 2300 1457 2334 linis
1475 2300 1554 2334 sine
1576 2299 1660 2334 linc.
1684 2301 1738 2334 Ex
1761 2310 1821 2333 me
1842 2297 2010 2345 intelligo
2027 2311 2138 2346 quam
2161 2299 2221 2334 in-

1226 2356 1575 2406 comprehensibilis
1595 2356 1642 2392 sit
1664 2360 1785 2400 Deus;
1811 2356 1990 2404 quoniam
2018 2369 2077 2392 me
2097 2356 2221 2405 ipsum

1224 2418 1432 2466 intelligere
1467 2431 1544 2453 non
1576 2430 1752 2465 possum,
1787 2429 1897 2465 quem
1932 2416 2011 2464 ipse
2044 2417 2141 2452 fecit.
2178 2420 2221 2453 In

1227 2478 1377 2525 Angelis
1397 2485 1452 2513 est
1473 2475 1731 2512 desiderabilis
1746 2503 1754 2519 ‚
1784 2475 1872 2523 quia
1904 2475 1939 2510 in
1962 2488 2047 2510 cum
2070 2475 2220 2511 deside—

1226 2545 1310 2572 rant
1327 2536 1543 2584 prospicere
1563 2550 1570 2570 :
1590 2535 1626 2570 in
1645 2534 1782 2569 sanctis
1798 2542 1853 2569 cst
1869 2533 2119 2578 delectabilis,
2136 2534 2222 2582 quia

1226 2595 1263 2631 in
1287 2608 1332 2631 eo
1353 2595 1500 2630 assidue
1523 2594 1646 2629 felices
1675 2594 1849 2628 laetantur
1868 2607 1874 2627 :
1895 2593 1930 2627 in
1959 2593 2140 2628 creaturis
2167 2601 2224 2628 est

1227 2653 1473 2696 admirabilis,
1492 2653 1578 2700 quia
1595 2652 1719 2686 omnia
1740 2659 1915 2699 potenter
1934 2659 2034 2686 creat
2049 2679 2056 2691 ,
2077 2652 2223 2699 sapien-

1228 2721 1283 2748 tcr
1305 2711 1508 2760 gubernat,
1533 2710 1694 2757 benigne
1713 2710 1901 2757 dispensat
1921 2723 1927 2744 :
1950 2709 1984 2744 in
2008 2709 2222 2745 hominibus

169 2772 205 2807 in
227 2771 439 2819 cognitione
467 2772 537 2807 mei
561 2772 738 2820 proficio,
762 2780 866 2807 tanto
896 2772 942 2807 ad
971 2773 1158 2820 cognitio-
1182 2775 1209 2808 B
1229 2778 1283 2806 cst
1302 2769 1470 2806 amabilis
1485 2798 1493 2812 ,
1518 2769 1604 2816 quia
1625 2781 1755 2802 corum
1778 2772 1876 2803 licus
1894 2775 1969 2809 cst,
1991 2776 2025 2802 ct
2050 2767 2118 2816 ipsi
2136 2776 2223 2802 sunt

171 2843 254 2866 nem
280 2830 344 2864 Dei
373 2830 523 2865 accedo.
549 2830 762 2866 Secundum
786 2831 1003 2866 interiorem
1035 2831 1158 2866 homi-

171 2902 253 2925 nem
274 2889 340 2923 tria
363 2889 398 2924 in
421 2898 544 2925 mente
560 2902 640 2925 mea
662 2890 834 2934 invenio,
856 2903 924 2939 per
939 2904 1022 2938 (μην
1040 2894 1160 2926 Deum

172 2948 297 2984 recolo
313 2976 321 2992 ,
345 2948 558 2996 conspicio,
581 2957 616 2984 et
647 2949 887 2997 concupisco.
916 2952 1009 2985 Sunt
1035 2957 1159 2984 autem

172 3007 249 3042 l1a¹c
271 3008 357 3051 tria,
379 3008 576 3052 memoria,
600 3008 865 3056 intelligentia,
892 3009 1067 3043 voluntas
1084 3007 1162 3042 sive

172 3079 290 3102 amor.
313 3070 382 3103 Per
407 3068 624 3103 memoriam
655 3068 894 3111 reminiscor;
932 3080 1000 3115 per
1022 3066 1162 3102 intelli-

173 3125 334 3171 gentiam
369 3126 537 3170 intueor3
569 3140 637 3176 per
675 3127 908 3161 voluntatem
941 3126 1160 3173 amplector.

174 3187 265 3218 (jum
287 3184 352 3219 Dei
375 3185 614 3229 reminiscor,
635 3186 670 3220 in
694 3185 873 3220 memoria
897 3198 976 3219 mea
997 3197 1081 3219 cnm
1106 3185 1161 3218 in-

176 3242 284 3277 venio
296 3271 304 3285 ‚
319 3243 403 3279 etin
419 3256 460 3278 ea
476 3243 520 3279 (le
532 3257 576 3279 eo
594 3252 628 3279 et
646 3244 680 3279 in
697 3257 741 3280 eo
757 3243 941 3285 delector,
958 3242 1161 3278 secundum

1226 2830 1392 2878 populus
1414 2828 1505 2875 ejus.
1537 2832 1618 2876 lpse
1645 2828 1682 2862 in
1715 2828 1766 2862 eis
1796 2826 1936 2861 lialiitat
1971 2835 2148 2874 tanquam
2185 2827 2222 2862 in

1228 2889 1368 2936 templo
1396 2901 1487 2925 suo.
1517 2895 1549 2921 et
1578 2887 1645 2934 ipsi
1679 2896 1765 2921 sunt
1799 2886 1980 2934 templum
2010 2885 2091 2933 ejus
2115 2900 2122 2920 z
2146 2898 2223 2921 non

1227 2947 1450 2994 dedignatur
1467 2946 1632 2993 singulos
1646 2974 1654 2989 ‚
1673 2959 1794 2994 ncquc
1815 2945 2024 2981 universos.
2047 2945 2223 2993 Quisquis

1227 3005 1309 3053 ejus
1330 3006 1519 3049 meminit,
1542 3018 1704 3053 cumque
1724 3004 1897 3053 intelligit
1917 3017 1958 3040 ac
1979 3003 2118 3051 diligit,
2137 3017 2223 3039 cuin

1230 3065 1293 3099 illo
1318 3072 1385 3100 cst.

1282 3124 1314 3158 2.
1335 3123 1494 3170 Diligerc
1509 3135 1595 3158 eum
1613 3121 1793 3158 debemus
1805 3151 1813 3162 ,
1831 3122 2007 3170 quoniam
2024 3121 2102 3169 ipsc
2121 3121 2224 3168 prior

1229 3182 1361 3218 ‹lili-,xit
1391 3196 1482 3221 nos.
1515 3191 1548 3217 et
1583 3182 1628 3217 atl
1659 3182 1856 3230 imaginem
1878 3190 1911 3215 ct
1941 3179 2222 3215 similitudinem

1229 3255 1332 3278 suain
1355 3254 1422 3277 nos
1442 3241 1522 3277 fecit
1537 3269 1545 3280 .
1567 3241 1668 3289 quod
1688 3241 1778 3277 nulli
1800 3241 1861 3275 alii
1880 3247 2059 3275 creatur-c
2081 3237 2223 3281 donare
