2418 3949
62 292 126 328 101
777 294 826 327 IN
855 292 1080 335 CANTICA,
1120 295 1280 331 SERMO
1310 299 1389 332 XV.
2033 298 2104 334 10'.)

55 367 209 418 prodiit.
234 371 338 406 Nova
360 369 482 418 plane.
505 373 597 406 Nam
613 368 795 405 sodalium
816 369 912 405 eirca
929 369 1045 418 ipsam
1067 371 1095 390 ‘¹¹³
1114 370 1258 419 impetu
1282 371 1328 407 de
1360 370 1523 416 Libano,
1559 372 1660 420 quod
1700 372 1889 421 virginalis
1914 374 2107 411 munditiae

55 427 252 464 admiratio
273 430 477 465 novitatem
505 437 749 478 protestatur,
774 430 868 474 Ome
898 437 950 463 est
978 432 1048 463 ista
1067 432 1099 464 A
1115 429 1255 465 candor
1272 430 1480 479 spirituales
1496 432 1669 468 refundat
1694 432 1840 480 gratias.
1862 435 2002 468 Hortus
2016 447 2108 469 con-

56 500 142 535 ᾳιια,Β
163 489 329 524 ascendit
343 491 363 524 ἱ)
377 500 419 524 ac
434 488 463 523 si
480 487 591 534 dicat,
604 491 688 524 Non
705 496 760 524 est
773 500 858 523 cum
875 487 937 523 illa
953 487 1048 523 sicut

56 545 137 582 heri
156 554 193 582 et
218 546 503 583 nudiustertius.
521 551 604 584 Non
626 547 704 596 jam
733 546 893 596 amplius
919 546 1049 581 circuit

56 605 265 652 civitatem3
289 619 365 642 non
384 606 558 643 discurrit
570 619 638 656 per
657 607 781 651 vicos,
805 618 873 654 per
887 605 1045 654 plateas,

58 676 126 714 per
147 665 289 714 vigiles.
313 669 396 702 Non
417 665 629 702 errabunda
646 672 814 713 vagatur,
835 663 899 699 sed
916 663 1049 700 itinere

57 723 200 760 directo
230 723 408 760 ascendit.
423 727 515 771 Quae
534 732 589 760 est
619 724 657 760 in
685 723 754 759 hac
775 722 855 771 ipsa
872 722 952 759 haec
975 731 1049 758 tam

57 782 179 820 subita
205 783 375 819 novitas?
396 785 490 828 Quoe
515 792 567 818 est
594 785 663 818 ista
689 795 775 830 (μαι)
805 784 988 825 ascendit,
1015 789 1052 817 et

56 840 223 878 ascendit
233 854 305 889 per
314 843 495 876 desertum
506 845 526 877 9
540 844 739 880 Desertum
754 853 842 876 vere
855 848 891 876 et
904 840 1050 877 aridum

57 907 94 936 et
115 899 242 936 sterile
261 907 412 949 reputat
432 899 608 935 saeculum
634 912 746 935 omne
767 899 839 935 hoc
860 912 928 948 per
946 899 1049 948 quod

57 957 237 995 ascendit.
262 961 309 995 Et
323 971 486 1007 quanam
508 958 654 994 ratione
665 956 776 993 nobis
793 958 911 994 factus
921 958 1048 995 deser-

59 1017 87 1053 ti
115 1016 228 1066 hujus
244 1016 353 1063 odor,
374 1017 468 1053 sicut
482 1016 579 1052 odor
597 1016 674 1064 agri
695 1016 811 1065 pleni,
834 1024 871 1052 et
886 1017 992 1065 quasi
1015 1016 1049 1052 ei

57 1075 293 1113 benedixerit
308 1075 523 1113 Dominus?
541 1079 710 1123 Quantos
728 1075 840 1111 trahit
856 1075 902 1111 ad
929 1088 968 1112 se
988 1076 1052 1111 de-

1111 488 1236 524 clusus
1267 497 1398 524 venter
1419 488 1498 537 ejus
1524 490 1750 526 castimoniae
1776 491 1966 539 virginalis
1993 491 2106 527 disci-

1114 546 1216 595 plina
1230 577 1238 592 ‚
1265 561 1310 584 eo
1332 539 1434 596 quod
1455 548 1676 598 integritatis
1697 562 1823 598 sepem
1849 551 2006 586 carnalis
2038 551 2106 588 de-

1114 606 1240 642 siderii
1273 620 1349 643 non
1383 606 1619 657 dissipaverit
1651 607 1763 644 ardor
1794 624 1801 645 :
1839 618 2040 658 propterea
2067 611 2106 647 in

1115 664 1248 701 talibus
1266 666 1428 714 irriguus
1446 667 1551 715 aquis
1573 667 1733 703 fructum
1755 668 1858 704 dedit
1881 669 1917 704 in
1940 677 2109 718 tempore

1116 738 1196 761 suo.
1220 725 1283 761 Vis
1309 726 1437 761 audire
1462 726 1609 774 qualem
1639 726 1716 762 liaec
1737 735 1834 763 terra
1859 727 2005 764 deserta
2032 729 2111 766 fru—

1116 790 1216 818 ctum
1239 781 1369 817 dedit?
1386 785 1479 818 Osee
1499 790 1533 818 te
1555 782 1685 828 docet,
1709 784 1771 832 qui
1793 784 1883 821 dicit
1907 800 1914 820 z
1941 789 2112 823 Adducet

1117 845 1298 877 Dmnl'nus
1313 850 1464 877 ventam
1485 843 1532 876 cle
1546 843 1687 876 deserto
1701 851 1877 886 urentem,
1903 853 1937 879 et
1951 847 2111 881 desicca-

1117 899 1170 935 bit
1198 913 1318 935 venas
1338 905 1462 935 mortis
1479 900 1506 934 4.
1525 900 1615 946 Quis
1637 899 1731 936 alius
1761 901 1891 937 mortis
1915 901 2111 940 desiccavit

1114 972 1244 1004 venas,
1268 958 1338 995 nisi
1355 958 1521 996 Christus
1541 956 1668 1003 Jesus‚
1692 970 1804 1006 quem
1829 958 1939 996 nobis
1955 960 2111 998 inteme-

1116 1018 1186 1055 rati
1201 1018 1345 1054 ventris
1363 1018 1549 1054 desertum
1574 1017 1741 1053 refudit?
1759 1021 1805 1053 Et
1825 1016 1921 1054 bene
1944 1028 2079 1055 ventus
2105 1036 2112 1057 :

1117 1078 1204 1127 quia
1221 1077 1381 1126 Spiritus
1400 1086 1485 1114 ante
1506 1077 1634 1113 faciem
1660 1085 1825 1112 nostram
1851 1077 2016 1114 Christus
2041 1082 2118 1115 Do-

61 1134 151 1171 serti
162 1133 276 1183 hujus
291 1134 401 1178 odor,
418 1142 456 1170 et
471 1142 571 1170 tenet
583 1147 630 1170 ne
646 1134 792 1183 possint
805 1134 914 1170 avelli
925 1136 938 1170 ?
949 1134 1054 1171 Odor
1071 1138 1098 1172 B
1117 1137 1241 1172 minus
1252 1135 1278 1172 ⁵.
1300 1136 1472 1184 Denique
1504 1135 1625 1171 dictus
1651 1144 1706 1171 est
1727 1139 1908 1171 secundus
1933 1139 2057 1172 Adam
2077 1144 2115 1173 m

58 1194 127 1231 iste
161 1202 217 1230 est
242 1193 339 1230 odor
369 1194 500 1230 mortis
525 1193 572 1230 ad
595 1201 769 1229 mortem.
805 1194 969 1230 Inanitas
997 1202 1052 1230 est

58 1264 171 1302 quam
188 1253 327 1302 putatis
340 1252 563 1289 ubertatem.
583 1253 754 1302 Denique
774 1262 872 1289 terra
887 1257 965 1288 sitis
981 1261 1051 1299 est,

59 1319 98 1348 et
117 1316 241 1360 imago
258 1315 397 1355 morus,
421 1312 515 1348 sicut
530 1311 619 1348 dicit
631 1312 812 1348 Jeremias
829 1311 1013 1361 propheta
1024 1318 1050 1346 ¹.

65 1371 196 1417 Terra,
212 1370 348 1419 inquit,
371 1374 465 1407 site's.
485 1371 715 1420 Cupiditates
728 1371 827 1407 enim
847 1371 1055 1407 mundanas

60 1429 177 1478 magis
201 1429 347 1475 irritat,
366 1443 479 1480 quam
505 1430 626 1467 satiat.
642 1431 881 1467 Infructuosa
912 1438 968 1466 est
987 1430 1055 1467 ista

59 1501 172 1539 quam
189 1497 299 1539 putas
320 1489 519 1539 plenitudo
535 1504 543 1526 :
558 1497 594 1525 et
611 1489 640 1526 si
658 1489 748 1538 quid
771 1498 825 1525 est
843 1490 1004 1535 fructus,
1020 1489 1056 1525 id

60 1549 206 1586 fluxum
235 1557 314 1594 est,
340 1557 378 1586 et
399 1549 647 1586 mutabilitate
668 1562 734 1585 sua
756 1549 886 1585 mortis
907 1550 1060 1598 praefert

60 1607 273 1656 imaginem.
287 1607 488 1654 Quomodo
502 1607 568 1644 ubi
581 1608 712 1644 mortis
723 1607 827 1644 vides
842 1608 1056 1657 imaginem,

61 1666 218 1704 odorem
244 1666 330 1703 vitae
357 1667 494 1703 sentire
520 1675 555 1703 te
587 1668 768 1716 reputas?
792 1666 956 1704 Odorem
976 1667 1060 1703 vitae

62 1726 198 1764 Christi
225 1726 343 1775 spirat
371 1725 534 1763 ubertas.
566 1729 650 1776 Ipse
668 1727 766 1762 enim
787 1734 843 1762 est
860 1739 947 1775 ager
967 1739 1054 1763 vere

62 1785 222 1835 plenus,
249 1797 337 1834 ager
370 1785 519 1832 fertilis,
551 1798 638 1834 ager
665 1786 722 1822 cui
748 1784 938 1821 benedixit
960 1789 1063 1822 Deus

61 1847 184 1882 Pater.
203 1844 328 1881 Alium
345 1852 484 1894 praeter
498 1844 609 1881 istum
629 1857 760 1893 agrum
782 1857 920 1893 sponsa
932 1845 1063 1890 nescit,

65 1903 131 1941 sed
148 1903 337 1940 desertum
355 1911 504 1953 reputat
519 1932 529 1950 ,
556 1912 592 1939 et
610 1911 744 1939 terram
767 1903 976 1952 salsuginis.
1075 1909 1102 1943 C

114 1963 151 2000 3.
179 1965 276 2011 Quoe
298 1971 354 1998 est
369 1967 441 1998 ista
458 1976 544 2010 quoe
569 1964 734 1998 ascendit
755 1976 826 2010 per
845 1964 1026 1998 desertum
1037 1966 1057 1998 ,³

65 2026 211 2059 Bonum
244 2022 317 2059 erit
342 2030 442 2058 certe
469 2021 683 2068 desertum,
711 2022 740 2057 si
765 2034 841 2057 non
863 2022 974 2058 fuerit
993 2035 1059 2058 cor

66 2090 173 2118 tuum
193 2081 420 2118 insulcatum
439 2081 579 2117 inimici
601 2093 754 2117 vomere
772 2094 778 2116 ε
800 2081 829 2116 51
852 2093 929 2116 non
948 2081 1059 2117 fuerit

64 2139 147 2189 ejus
158 2140 340 2191 irriguum
362 2140 580 2185 stillicidiis,
602 2140 877 2189 impinguatum
900 2153 1006 2185 rore;
1029 2140 1060 2176 si

66 2213 145 2236 non
164 2212 249 2249 quae
268 2198 543 2248 superseminat
567 2198 705 2234 zizania
724 2199 761 2234 in
785 2207 820 2234 te
841 2199 925 2234 laeta
946 2199 1057 2235 luxu-

66 2260 183 2305 rient,
208 2259 286 2295 imo
311 2266 554 2295 renascantur
580 2258 732 2307 quidem
766 2257 870 2306 quasi
897 2257 1058 2294 fecundo

66 2319 161 2356 solo.
194 2318 325 2356 Sterile
350 2317 398 2354 sit
423 2330 490 2353 cor
518 2325 623 2353 tuum
639 2344 649 2360 ‚
667 2329 714 2353 ne
736 2316 807 2352 tale
828 2316 887 2352 vel
905 2329 1058 2365 germen

64 2377 257 2427 proferat,
288 2377 348 2413 vel
372 2388 500 2413 semen
519 2375 708 2424 suscipiat.
733 2378 894 2418 Anima,
920 2375 1059 2424 inquit,

65 2450 149 2473 mea
163 2439 256 2472 sicut
276 2444 377 2472 terra
400 2439 481 2471 sitze
502 2448 603 2482 aqua
631 2434 696 2470 tibi
709 2440 734 2470 ².
758 2437 905 2470 Bonum
931 2433 1059 2470 deser-

66 2503 146 2532 tum
174 2495 255 2532 talis
279 2494 422 2539 anima,
448 2493 592 2530 bonum
620 2493 732 2529 etiam
759 2492 949 2528 desertum
972 2506 1062 2529 caro

65 2554 230 2605 integra,
260 2566 346 2591 caro
365 2553 525 2598 intacta,
550 2565 637 2588 caro
661 2551 866 2588 immundis
896 2564 973 2588 non
995 2564 1063 2587 ex—

66 2621 169 2650 arata
189 2612 528 2662 concupiscentiis,
557 2624 645 2648 caro
672 2611 830 2647 carnalis
859 2611 1064 2660 voluptatis

65 2672 235 2709 nesciens
262 2671 417 2709 semina.
441 2670 514 2717 Qui
545 2670 646 2707 enim
674 2670 832 2706 seminat
861 2670 898 2705 in
928 2682 1058 2716 carne,

64 2731 111 2769 de
129 2744 240 2768 carne
265 2738 380 2767 metet
395 2730 677 2779 corruptionem
689 2728 714 2766 3.
733 2732 879 2765 Bonum
898 2729 1059 2778 denique

66 2789 254 2827 desertum
275 2790 382 2826 alvus
397 2789 602 2838 virginalis.
624 2788 721 2825 Talis
734 2796 814 2824 erat
829 2787 946 2824 beatae
963 2789 1060 2825 illius

65 2857 104 2886 et
137 2849 306 2899 specialis
344 2848 567 2899 virginitatis
595 2856 750 2891 uterus,
782 2860 893 2896 quem
923 2848 1060 2884 nullius

66 2908 247 2958 impudici
272 2916 396 2944 motus
426 2907 634 2945 affectionis
664 2906 868 2943 immundae
902 2915 1060 2942 temera—

66 2967 122 3004 vit
140 2968 254 3004 laesio.
287 2970 381 3007 Caro
401 2967 517 3017 ipsius
533 2967 628 3003 sicut
648 2975 745 3003 terra
762 2965 929 3011 deserta,
952 2974 988 3002 ct
1008 2967 1061 3002 in-

66 3026 147 3072 via,
165 3035 204 3063 et
222 3027 403 3076 inaquosa
415 3056 425 3073 ,
445 3027 482 3063 in
496 3039 571 3075 qua
587 3027 753 3064 Christus
772 3026 960 3075 apparuit.
979 3029 1061 3062 Non

68 3093 192 3123 tamen
213 3086 358 3123 deserta
381 3086 549 3135 penitus,
577 3099 660 3135 quae
687 3085 874 3123 Christum
894 3085 1062 3134 parturi—

68 3145 123 3182 vit
138 3159 146 3181 :
164 3144 303 3195 irrigua
316 3153 391 3192 cst,
408 3145 473 3181 sed
495 3144 645 3180 fluentis
657 3145 848 3180 virtutum.
865 3143 955 3179 Ideo
970 3157 1063 3192 qna—

68 3204 97 3240 si
113 3212 249 3254 puteus
261 3204 397 3241 dicitur
411 3216 593 3253 aquarum
608 3203 832 3247 viventium,
845 3215 928 3251 quae
941 3202 1064 3238 fluunt

119 3343 126 3357 ¹
148 3340 263 3369 Jerem.
279 3349 323 3375 ιι,
348 3342 379 3368 6.
393 3356 436 3360 -
457 3343 469 3358 ²
488 3338 569 3368 Psat.
593 3348 680 3367 cxiai
697 3360 704 3373 ,
724 3341 755 3367 (3.
772 3354 814 3358 —-
832 3334 965 3367 36111111.
984 3347 1012 3365 vi
1028 3361 1035 3373 ‚
1060 3340 1089 3367 8.
1114 3355 1153 3358 -κ
1184 3338 1288 3366 tosci-
1309 3347 1368 3365 xiii
1383 3360 1390 3373 ‚
1418 3339 1468 3366 ts».

74 3391 126 3419 45.
147 3407 187 3411 ——
204 3389 302 3421 715111.
319 3401 379 3427 rx,
397 3393 471 3421 8³„
503 3388 577 3419 3111.
594 3400 651 3418 xix
666 3412 673 3426 ,
702 3392 728 3418 1.
748 3392 910 3419 -91,111·.
928 3400 1020 3425 xxiv,
1040 3392 1093 3419 3⁴2.

1117 1199 1282 1244 spiritum
1314 1197 1560 1243 vivificantem
1578 1193 1604 1231 6.
1626 1194 1747 1243 Hujus
1781 1195 1871 1231 flatu
1904 1197 2116 1245 apostolicae

1119 1253 1239 1290 nubes
1249 1254 1398 1299 volant,
1413 1267 1505 1303 quas
1516 1254 1629 1291 Isaias
1649 1254 1806 1290 miratur
1816 1262 1841 1290 7.
1860 1255 1956 1302 Quid
1979 1256 2114 1292 mirum

1120 1314 1149 1349 si
1168 1322 1303 1350 ventus
1325 1314 1484 1359 dicitur,
1506 1326 1617 1362 quem
1639 1321 1676 1349 et
1697 1312 1835 1349 nubem
1850 1314 1962 1363 legis?
1979 1319 2117 1351 Ascen-

1120 1375 1201 1418 det,
1225 1373 1368 1422 inquit,
1393 1376 1574 1408 Domlmts
1599 1386 1709 1420 super
1723 1372 1855 1409 mcbem
1875 1373 2020 1410 levemss.
2045 1378 2118 1411 ,Nec

1121 1432 1180 1468 hic
1203 1432 1324 1468 levem
1348 1432 1454 1481 quasi
1474 1445 1603 1481 vagam
1625 1439 1660 1467 et
1686 1431 1899 1469 instabilem
1932 1432 2088 1482 accipias
2108 1449 2115 1469 ;

1123 1491 1188 1528 sed
1208 1491 1368 1528 levitatis
1384 1491 1667 1541 intelligentiam
1689 1491 1734 1526 ad
1763 1492 1992 1540 spiritualem
2014 1493 2115 1541 apti—

1123 1549 1292 1586 tudinem
1314 1550 1441 1596 trahe,
1461 1549 1564 1599 quod
1581 1563 1717 1598 corpus
1732 1549 2021 1599 incorruptibile
2040 1552 2122 1587 nul-

1124 1609 1195 1645 lam
1219 1610 1352 1645 animae
1371 1610 1588 1658 gravitatem
1606 1608 1792 1654 attulerit,
1812 1622 1878 1644 nec
1896 1609 2121 1658 depresserit

1130 1677 1276 1705 terrena
1298 1669 1542 1705 commoratio
1563 1680 1712 1704 sensum
1731 1668 1848 1704 multa
1863 1696 1872 1713 ,
1892 1668 1967 1703 imo
1988 1677 2121 1705 cuneta

1125 1728 1364 1776 cogitantem.
1390 1733 1448 1764 An
1469 1740 1545 1763 non
1560 1727 1666 1775 quasi
1684 1727 1785 1762 venti
1806 1727 1923 1762 sancti
1941 1736 2027 1764 sunt
2044 1742 2122 1763 om-

1128 1799 1216 1832 nes,
1252 1787 1317 1835 qui
1344 1786 1527 1836 spirituali
1556 1786 1708 1822 levitate
1738 1797 1759 1820 a
1792 1786 1950 1822 terrenis
1979 1787 2119 1836 clapsi,

1129 1846 1453 1881 conversationem
1471 1844 1542 1882 sibi
1558 1845 1596 1880 in
1613 1845 1708 1880 coelo
1728 1844 1939 1880 collocant?
1957 1846 2026 1881 Sed
2047 1847 2124 1895 ipsc

1125 1905 1274 1955 speciali
1291 1905 1436 1941 ratione
1452 1912 1607 1949 ventus,
1626 1904 1691 1952 qui
1709 1904 1939 1952 reliquorum
1957 1905 2122 1941 ambulat

1122 1976 1236 2013 super
1262 1976 1404 2012 pennas
1430 1971 1630 1999 ventorum
1647 1991 1656 2008 ,
1677 1970 1713 1997 et
1733 1963 1931 2011 spirituum
1950 1964 2120 2000 omnium

1122 2023 1280 2058 virtutes
1298 2022 1455 2058 excedit.
1477 2026 1567 2058 Jure
1588 2034 1676 2071 ergo
1694 2030 1848 2057 ventum
1870 2035 1955 2058 eum
1987 2032 2096 2059 vocat
2112 2052 2120 2066 ‚

1124 2088 1161 2116 et
1191 2089 1345 2117 ventum
1380 2088 1549 2116 urentem
1567 2108 1575 2125 ,
1611 2080 1714 2128 quod
1742 2079 1823 2128 ejus
1859 2081 1947 2117 flatu
1981 2083 2122 2131 pcccati

1125 2139 1198 2174 sint
1222 2138 1259 2174 in
1284 2137 1394 2174 nobis
1415 2138 1552 2187 frigora
1573 2138 1758 2183 resoluta,
1782 2146 1818 2173 et
1838 2140 2035 2187 captivitas
2053 2153 2124 2175 no-

1125 2206 1200 2233 stra
1215 2210 1396 2233 conversa
1415 2205 1592 2245 tanquam
1618 2205 1764 2232 torrens
1784 2197 1822 2232 in
1843 2206 1981 2233 austro.
2002 2198 2123 2246 Hujus

1126 2269 1164 2293 se
1188 2264 1278 2293 aestu
1298 2264 1452 2292 exustos
1474 2255 1646 2304 discipuli
1670 2264 1867 2291 senserunt
1885 2284 1894 2300 ‚
1918 2270 2002 2292 cum
2021 2257 2122 2292 dice-

1126 2323 1210 2351 rent
1239 2329 1246 2350 :
1270 2317 1403 2351 Nonne
1430 2328 1492 2349 cor
1518 2323 1676 2349 nostrum
1697 2316 1832 2349 ardens
1859 2324 1938 2350 crat
1958 2320 1995 2350 in
2020 2316 2125 2351 nobis

1127 2377 1212 2410 clam
1232 2375 1488 2422 loqueram-⁹?
1512 2377 1558 2409 Et
1579 2373 1704 2408 nescio
1726 2373 1754 2408 si
1777 2373 1920 2422 uspiam
1948 2373 2124 2410 libentius

1126 2434 1261 2483 spirat,
1291 2446 1402 2482 quam
1426 2433 1462 2469 in
1487 2441 1595 2469 castae
1614 2440 1649 2468 et
1671 2432 1794 2468 iltaesae
1814 2433 2036 2482 integritatis
2057 2434 2124 2469 de-

1130 2501 1230 2529 serto
1256 2501 1292 2528 et
1316 2493 1432 2528 iux-io.
1463 2496 1551 2528 erc
1582 2492 1663 2527 loca
1699 2491 1860 2527 libenter
1898 2493 2052 2540 perflat,
2088 2501 2125 2529 ct

1130 2552 1219 2589 casti
1242 2552 1413 2602 corporis
1439 2552 1602 2587 animam
1628 2551 1818 2587 charitatis
1846 2550 1992 2587 fervore
2015 2551 2126 2587 deco-

1130 2613 1210 2661 quit
1234 2641 1242 2657 ,
1262 2621 1298 2648 et
1315 2611 1571 2661 spiritualibus
1591 2610 1828 2659 liquefactam
1856 2610 2048 2647 desideriis
2071 2619 2124 2646 te-

1078 2680 1109 2713 D
1128 2684 1221 2708 nues
1238 2671 1391 2707 resolvit.
1416 2671 1450 2706 in
1468 2683 1627 2719 vapores
1645 2698 1654 2714 ,
1689 2677 1724 2705 et
1744 2670 1860 2705 veluti
1883 2669 1973 2705 fumi
2004 2671 2125 2718 virgu-

1129 2731 1200 2767 lam
1223 2743 1422 2779 exsurgere
1454 2729 1551 2765 lacit.

1178 2791 1212 2826 4.
1240 2794 1338 2836 Ome
1357 2799 1422 2834 ‹ns-t,
1445 2789 1587 2838 inquit,
1611 2794 1678 2823 ista
1699 2802 1783 2835 quw
1799 2791 1964 2823 ascendas
1980 2791 2127 2836 perde-

1124 2858 1258 2884 ιςυνηυη
1276 2854 1382 2895 quasi
1406 2847 1690 2895 iurgulafiimi?
1712 2850 1752 2881 Et
1772 2845 1912 2881 bonum
1936 2847 2124 2883 desertum

1126 2921 1213 2943 caro
1230 2907 1405 2943 castitatis
1426 2907 1603 2942 exhausta
1622 2914 1657 2941 et
1678 2905 1860 2941 desiccata
1876 2906 2025 2949 virtute,
2039 2920 2124 2955 qua*

1128 2967 1268 3002 nullam
1300 2967 1557 3002 delectationis
1588 2965 1790 3001 immundae
1812 2964 1985 3000 nebulam
2007 2966 2125 3001 exha-

1129 3026 1198 3070 let,
1237 3038 1304 3061 nec
1326 3026 1447 3073 ignem
1468 3025 1701 3073 exstinguat,
1731 3023 1794 3059 scd
1828 3025 1984 3068 nutriat,
2015 3038 2127 3073 quem

1129 3084 1281 3120 Domini
1314 3084 1423 3120 ssatus
1454 3083 1657 3119 succendit.
1689 3083 1786 3131 Ignis
1808 3083 1866 3118 hic
1886 3084 2126 3119 aromaticam

1130 3143 1158 3179 si
1190 3143 1374 3179 invenerit
1404 3144 1596 3189 animam,
1637 3143 1857 3186 succendit,
1895 3151 1929 3178 111
1972 3144 2124 3178 alteram

1130 3211 1334 3238 commutat
1361 3202 1395 3238 in
1419 3203 1606 3251 speciem,
1624 3211 1657 3238 ct
1689 3202 1793 3250 quasi
1823 3202 2004 3249 virgulam
2040 3203 2127 3237 fumi

1510 3355 1517 3357 -
1554 3333 1566 3355 5
1591 3335 1698 3366 fliren.
1718 3346 1759 3369 iv,
1785 3340 1872 3364 ’11ιᾷ
1914 3332 1928 3352 s·
1949 3337 1956 3362 1
1978 3336 2047 3363 (ζων.
2073 3346 2104 3362 xx
2120 3358 2126 3364 .
