2418 3949
151 179 226 216 925

149 269 235 294 suas
249 284 258 301 ‚
275 263 313 293 et
327 255 468 292 intrent
484 268 568 292 cum
583 268 629 292 eo
646 255 693 292 ad
712 255 864 306 nuptias
880 256 1148 306 sempiternas,
1159 253 1189 272 ⁴³

903 182 968 216 DE
997 179 1229 216 PASSIONE
1261 179 1449 214 DOMINI.

1194 253 1302 290 ”rum
1333 254 1502 290 omnium
1533 253 1765 300 otiosorum,
1794 266 1879 290 cum
1909 253 2046 291 sederit
2064 254 2102 291 in
2123 255 2212 292 sede

2127 178 2203 215 926

146 315 212 352 ubi
227 314 445 364 jucunditas
464 323 501 353 et
520 315 720 353 exsultatio
746 315 1013 352 thesaurizabit
1032 328 1147 366 super
1163 314 1194 347 A
1212 312 1559 362 majestatisjudicii
1576 313 1646 358 sui,
1667 312 1731 349 ubi
1749 326 1826 349 non
1841 312 1918 361 jam
1937 314 2209 362 misericordia,

147 376 260 425 ipsas,
284 384 321 412 et
343 375 495 412 nomine
512 384 651 412 aeterno
670 375 904 413 haereditabit
919 376 1000 412 illas
1018 376 1146 413 Domi-

148 448 219 472 nus
235 438 338 472 Deus
358 444 497 472 noster.
519 439 596 473 Vos
614 435 740 485 igitur,
759 449 782 472 o
801 436 966 485 virgines
984 435 1144 482 Christi,

148 508 196 531 ne
230 495 409 532 deficiatis
442 495 478 531 in
515 495 798 544 exspectatione
829 495 976 533 Christi.
1012 494 1145 532 Aderit

148 555 248 591 enim
268 554 443 591 citissime
463 567 622 605 sponsus
648 563 792 600 vester,
823 555 889 604 qui
908 554 1048 591 idcirco
1072 555 1142 591 ad-

148 623 304 651 ventum
321 627 430 651 suum
447 614 586 660 differt,
602 622 644 651 ut
661 627 746 651 cum
765 614 906 650 caeteris
924 613 1035 650 bonis
1052 626 1146 664 ope-

149 674 254 712 ribus
273 674 426 720 vestris,
446 682 581 710 vestrae
603 674 714 710 etiam
735 673 851 710 donet
873 672 1145 722 exspectationi

148 746 341 770 coronam.
375 732 478 778 Scio,
513 733 686 781 quamvis
715 739 894 782 expertus
927 745 1005 768 non
1040 745 1144 778 sum,

149 791 346 842 quomodo
365 791 520 841 gematis
533 819 543 835 ,
566 790 761 840 quomodo
781 790 1090 840 compungamini
1105 789 1144 826 in

147 851 212 887 illo
232 849 437 900 purissimo
458 848 572 885 cubili
592 849 716 885 cordis
742 849 870 885 vestri.
895 852 948 885 Ne
964 848 1144 885 deficiatis

145 910 185 946 in
205 908 308 946 bono
327 908 526 958 proposito
545 916 673 944 vestro
686 935 696 952 ‚
719 916 760 944 ut
777 908 823 944 ad
844 907 1142 944 consummatio-

146 981 232 1004 nem
261 966 353 1004 boni
375 967 501 1017 operis
527 975 565 1003 et
591 967 912 1017 perseverantiam
942 967 1142 1016 pervenire

1210 373 1275 409 sed
1286 372 1471 421 judicium
1494 371 1707 409 cantabitur
1726 373 1904 410 Domino.
1927 373 2026 422 Quid
2043 382 2120 410 tum
2139 375 2211 411 mi-

1210 432 1280 468 seri
1302 439 1339 467 et
1360 430 1590 468 miserabiles
1611 431 1812 469 faciemus?
1835 433 2137 482 Sapientissimus
2158 447 2210 480 es,

1209 491 1390 535 Domine,
1414 490 1490 526 salli
1510 504 1586 527 non
1613 499 1721 540 potes
1745 491 2001 540 :justissimus
2029 506 2092 538 es,
2122 507 2211 530 cor—

1211 549 1336 598 rumpi
1351 562 1427 585 non
1443 558 1562 598 potes.
1578 553 1741 599 Tempus
1756 551 1958 587 miserendi
1977 561 2065 589 tunc
2078 562 2211 602 praete-

1210 609 1323 645 ritum
1341 608 1431 652 erit,
1451 608 1538 657 quia
1551 607 1740 656 judicabis
1759 609 1890 647 orbem
1911 620 2018 648 terrae
2034 612 2071 648 in
2088 613 2210 662 aequi-

1211 675 1304 713 tate3
1321 666 1508 716 judicabis
1526 668 1688 716 populos
1706 668 1743 703 in
1755 667 1899 716 justitia
1912 698 1921 714 ,
1942 671 2006 719 qui
2020 671 2125 720 prius
2140 685 2210 721 per

1211 725 1505 763 misericordiam
1524 727 1738 776 pepercisti.
1756 727 1854 774 Quid
1871 741 1961 778 ergo
1977 729 2121 766 dicam?
2142 731 2210 767 Mi-

1211 799 1348 830 serere,
1364 799 1508 834 quaeso,
1525 785 1613 822 dum
1630 794 1778 836 tempus
1794 796 1849 823 est
1862 788 2079 835 miserendi,
2098 793 2208 828 Pater

1210 844 1572 889 misericordiarum,
1591 853 1632 881 ut
1647 858 1722 881 non
1736 844 1884 894 judices
1902 860 1961 884 me
1979 848 2017 884 in
2036 857 2208 899 tempore

1206 903 1414 953 judicandi.
1442 907 1546 940 Pone
1571 904 1779 941 custodiam
1803 906 1860 942 ori
1881 919 1989 952 meo,
2013 916 2050 944 et
2071 910 2210 947 ostium

1208 963 1500 1000 circumstantiae
1520 962 1630 1000 labiis
1650 964 1741 1000 meis
1756 992 1765 1009 ,
1791 972 1833 1000 ut
1854 978 1929 1001 non
1948 967 2068 1003 solum
2091 981 2110 1004 a
2133 982 2213 1005 ma-

146 1028 314 1078 possitis,
338 1040 408 1078 per
422 1040 536 1077 quam
556 1039 736 1064 coronam
757 1026 980 1063 mereamini
999 1026 1142 1076 sempi-
1161 1030 1189 1064 Β
1208 1022 1353 1060 ledictis
1370 1031 1406 1059 et
1423 1022 1595 1073 turpibus
1612 1023 1811 1070 declinem,
1828 1037 1961 1061 verum
1981 1026 2091 1063 etiam
2110 1029 2209 1064 otio-

147 1097 290 1126 ternam
297 1117 304 1125 .

469 1205 646 1245 CAPUT
675 1205 810 1246 XXV.

190 1331 238 1360 De
257 1327 338 1359 foliis
358 1326 416 1359 lilii
435 1327 517 1359 circa
531 1333 695 1365 truncum,
721 1327 754 1358 id
770 1332 832 1363 est,
856 1326 895 1358 de
914 1327 1018 1359 verbis
1038 1327 1096 1370 piis

446 1387 478 1413 et
492 1381 656 1413 fructuosis
671 1381 837 1423 w'rginum.

197 1507 260 1544 82.
279 1511 362 1545 Jam
383 1507 430 1544 de
450 1507 547 1544 foliis
566 1520 652 1557 quae
669 1507 766 1544 circa
780 1515 956 1544 truncum
979 1515 1068 1544 sunt
1081 1507 1140 1544 vi-

144 1567 311 1604 deamus.
341 1567 445 1605 Folia
473 1567 607 1617 igitur,
637 1567 733 1603 sicut
757 1579 873 1616 supra
905 1566 1071 1603 diximus
1093 1566 1140 1604 de

145 1627 243 1664 foliis
262 1627 348 1663 vitis
378 1633 410 1673 ¹,
436 1626 641 1663 verborum
669 1627 826 1675 figuram
857 1625 1008 1663 habent.
1032 1619 1140 1664 ¹Circa

143 1699 227 1735 quae
247 1686 335 1723 folia
351 1686 665 1723 considerandum
684 1693 752 1731 est,
770 1684 873 1734 quod
890 1697 1040 1735 semper
1053 1693 1142 1721 sunt

142 1746 301 1782 virentia
316 1746 470 1783 inferius
483 1773 492 1790 ,
515 1754 552 1782 et
570 1745 668 1781 circa
688 1752 823 1780 terram
844 1743 987 1793 majora
1004 1751 1092 1780 sunt
1107 1752 1143 1779 et

1209 1097 1248 1121 sa
1267 1084 1385 1122 verba
1404 1084 1589 1130 devitem3
1610 1098 1656 1121 ne
1674 1084 1720 1121 de
1739 1086 1810 1122 illis
1827 1099 1885 1122 me
1902 1095 2077 1136 oporteat
2096 1089 2132 1124 in
2149 1089 2210 1125 die

1204 1142 1339 1192 judicii
1358 1143 1518 1181 reddere
1538 1144 1723 1181 rationem
1737 1172 1746 1190 ‚
1769 1144 1835 1181 ubi
1849 1144 1927 1193 jam
1945 1158 2021 1182 non
2039 1146 2085 1183 de
2100 1146 2214 1185 bonis

1208 1212 1245 1240 et
1265 1203 1448 1241 viridibus
1469 1204 1567 1241 foliis
1582 1203 1788 1241 verborum
1801 1233 1811 1251 ,
1828 1204 1894 1241 sed
1911 1205 1958 1242 de
1976 1206 2082 1243 malis
2100 1207 2214 1245 aridis

1210 1264 1305 1300 ratio
1322 1272 1379 1301 est
1395 1263 1601 1301 reddenda.

1262 1323 1323 1360 83.
1339 1323 1437 1371 Quid
1455 1331 1511 1360 est
1528 1331 1651 1360 autern
1669 1322 1827 1360 verbum
1844 1323 2026 1361 otiosum?
2040 1324 2212 1363 Otiosum

1207 1392 1263 1420 est
1286 1383 1443 1420 verbum
1458 1412 1467 1429 ,
1486 1392 1578 1420 teste
1594 1383 1801 1433 Gregorio,
1819 1383 1921 1432 quod
1947 1383 2094 1421 ratione
2104 1384 2218 1434 justae

1206 1443 1456 1489 necessitatis,
1477 1443 1536 1479 vel
1558 1442 1769 1479 intentione
1790 1442 1862 1492 piae
1879 1442 2049 1480 utilitatis
2064 1452 2164 1480 caret
2184 1445 2213 1481 ⁵.

1206 1502 1400 1552 Quidquid
1439 1515 1529 1552 ergo
1560 1502 1728 1551 loqueris
1743 1531 1752 1547 ,
1790 1502 1862 1539 nisi
1900 1502 2072 1539 intendas
2103 1504 2216 1541 alicui

1205 1562 1385 1612 prodesse
1401 1590 1410 1608 ‚
1440 1562 1602 1598 otiosum
1630 1569 1698 1597 est.
1734 1561 1824 1608 Quis
1860 1561 1906 1597 de
1939 1561 1998 1598 his
2032 1563 2211 1600 omnibus

1206 1621 1364 1658 reddere
1381 1629 1505 1671 potest
1522 1621 1731 1657 rationem?
1746 1619 1966 1657 Moderetur
1980 1634 2070 1671 ergo
2089 1623 2213 1659 omnis

1206 1681 1322 1717 homo
1361 1681 1526 1729 linguam
1561 1692 1664 1717 suam
1681 1707 1690 1725 ,
1725 1679 1789 1716 sed
1823 1680 2014 1729 praecipue
2046 1681 2212 1730 virgines

1208 1740 1367 1785 Christi3
1403 1748 1444 1776 ut
1469 1739 1613 1784 sciant,
1641 1738 1794 1787 quando
1827 1739 1885 1775 vel
1913 1740 2063 1788 qualem
2083 1741 2213 1790 profe—

141 1805 271 1854 plura,
290 1818 403 1854 quam
419 1805 456 1841 in
473 1804 661 1854 superiori
676 1811 802 1854 parte,
820 1811 856 1840 et
871 1803 975 1853 quod
1003 1815 1141 1852 super-
1161 1806 1188 1842 C
1208 1808 1292 1836 rant
1312 1812 1539 1836 sermonem.
1567 1802 1650 1835 Non
1671 1799 1771 1835 enim
1793 1798 1902 1835 decet
1921 1811 1968 1835 ex
1989 1812 2055 1835 ore
2076 1808 2212 1836 canta-

141 1863 265 1912 posita
289 1862 603 1913 apostematibus,
625 1871 808 1912 rumpunt
832 1870 869 1899 et
894 1862 1065 1910 mitigant
1085 1874 1141 1898 ea.

141 1923 326 1960 Nimirum
344 1923 399 1960 his
411 1923 508 1959 foliis
519 1922 652 1959 similia
665 1922 805 1959 debent
819 1921 1019 1959 esseverba
1035 1921 1146 1970 virgi—

143 1996 245 2020 num.
266 1983 440 2020 Viriditas
456 1982 570 2031 igitur
591 1983 781 2029 foliorum,
800 1983 980 2019 virtutem
1000 1981 1144 2018 verbo-

143 2055 225 2079 rum
240 2042 446 2093 significat:
464 2041 638 2079 videlicet
658 2050 698 2078 ut
715 2042 859 2078 nullum
875 2040 1033 2078 verbum
1049 2054 1142 2091 pro-

143 2102 286 2138 seratur
302 2101 349 2138 ab
377 2115 444 2138 ore
462 2101 619 2151 virginis
637 2101 794 2148 Christi,
812 2101 916 2150 quod
937 2101 1028 2137 nihil
1049 2101 1086 2137 in
1104 2114 1142 2138 se

140 2162 291 2198 virtutis
308 2162 511 2198 contineat.
535 2165 587 2199 Ut
606 2169 823 2198 resecentur
840 2161 900 2197 hic
921 2173 997 2197 non
1019 2162 1141 2198 solum

143 2219 257 2257 verba
278 2221 417 2270 turpia,
438 2220 774 2270 scurrilia‚j0cosa,
791 2221 995 2266 luxuriosa,
1010 2233 1143 2270 super-

143 2279 202 2326 ba,
224 2280 417 2325 iracunda,
438 2279 677 2325 detractoria,
699 2279 924 2323 adulatoria,
945 2279 1010 2316 sed
1032 2280 1143 2316 etiam

142 2337 258 2376 verba
289 2338 490 2389 superflua.
515 2337 681 2376 Verbum
706 2338 805 2374 enim
826 2338 1060 2388 superfluum
1075 2367 1085 2384 ,
1106 2337 1144 2374 id

142 2407 198 2436 est
223 2399 410 2445 otiosum,
445 2398 574 2435 solium
602 2397 749 2434 aridum
777 2406 844 2435 est.
875 2398 1023 2435 Folium
1049 2410 1140 2434 vero

141 2457 310 2503 aridum,
326 2458 456 2495 solium
479 2457 543 2493 lilii
564 2470 640 2494 non
662 2465 729 2494 est.
748 2457 786 2494 Si
807 2470 896 2506 ergo
916 2456 972 2493 vis
995 2469 1075 2493 esse
1096 2455 1142 2492 li-

142 2517 257 2563 lium,
280 2516 417 2554 habeto
442 2515 559 2554 verba
582 2517 748 2554 virtuosa
763 2545 772 2563 ,
795 2517 883 2553 folia
910 2515 1069 2562 viridia,
1092 2514 1138 2551 de

1211 1868 1297 1896 turo
1322 1860 1506 1896 canticum
1527 1872 1668 1895 novum
1690 1871 1830 1908 sponso
1848 1871 1931 1903 suo,
1951 1859 2106 1908 aliquod
2124 1873 2211 1896 ver-

1210 1918 1300 1955 bum
1319 1918 1523 1968 procedere
1544 1917 1647 1967 quod
1666 1918 1719 1954 illi
1735 1919 1880 1954 cantico
1900 1918 1947 1954 sit
1965 1920 2209 1956 contrarium.

1210 1978 1309 2025 Quid
1329 1986 1384 2014 est
1400 1991 1489 2028 ergo
1510 1978 1696 2014 canticum
1713 1979 1879 2014 novum?
1902 1978 2096 2015 Canticum
2115 1979 2209 2015 cha-

1210 2039 1342 2075 ritatis.
1364 2041 1487 2085 Quare
1505 2039 1675 2074 novum?
1695 2037 1790 2085 Quia
1816 2037 1926 2073 initio
1945 2038 2069 2074 saeculi
2088 2051 2108 2074 a
2128 2039 2210 2088 pri-

1209 2098 1279 2134 mis
1315 2097 1495 2134 creaturis
1525 2097 1711 2133 canticum
1745 2097 1814 2133 fuit
1849 2105 1958 2133 vetus
1972 2125 1981 2142 ,
2020 2098 2208 2134 canticum

1209 2157 1438 2193 contrarium
1462 2156 1647 2193 charitati.
1671 2156 1736 2192 vis
1764 2168 1854 2205 ergo
1874 2157 2012 2192 nosse?
2037 2158 2211 2194 Cantaxit

1209 2217 1362 2267 angelus
1391 2217 1581 2265 periturus
1601 2217 1639 2252 in
1664 2216 1760 2252 coelo
1786 2216 1973 2251 canticum
1997 2216 2209 2266 superbiae,

1210 2276 1339 2313 dicens
1360 2290 1366 2311 :
1399 2278 1540 2311 Ponam
1558 2277 1684 2311 sedem
1706 2289 1827 2310 meam
1848 2276 1901 2310 ml
1916 2278 2153 2323 aquilonem,
2178 2286 2216 2312 et

1210 2339 1344 2372 similis
1368 2350 1428 2371 cro
1449 2338 1640 2371 Altis-simo
1668 2334 1694 2370 ⁵.
1726 2334 1899 2370 Cantavit
1925 2342 2055 2383 postea
2080 2334 2211 2371 detra—

1207 2396 1342 2432 ctionis
1361 2396 1547 2431 canticum
1571 2395 1609 2430 in
1635 2393 1810 2443 paradiso
1824 2421 1839 2439 ‚
1859 2407 1943 2430 cum
1965 2394 2147 2431 accedens
2163 2395 2210 2431 ad

1207 2456 1402 2492 mulierem
1426 2455 1499 2500 ait,
1527 2456 1654 2500 Quare
1673 2452 1868 2502 prohibuit
1890 2454 1991 2488 Deus
2013 2452 2115 2489 vobis
2129 2481 2142 2498 ,
2164 2468 2210 2489 ne

1205 2517 1446 2551 comederetis
1463 2517 1508 2550 de
1529 2516 1627 2563 ligno
1646 2518 1812 2549 scienlioe
1829 2512 1914 2548 boni
1942 2522 1979 2548 et
1994 2515 2110 2548 mali?
2128 2521 2213 2549 tan—

142 2576 281 2626 quibus
309 2577 489 2627 scriptum
510 2585 589 2613 est:
609 2579 756 2613 Folium
773 2582 851 2623 ejus
867 2591 941 2612 non
962 2576 1097 2623 (listuet
1112 2580 1138 2612 ².
1161 2584 1194 2618 D
1210 2588 1322 2625 quam
1343 2574 1496 2619 diceret,
1516 2574 1612 2611 Mala
1632 2573 1843 2609 intentione
1860 2571 2067 2622 prohibuit.
2084 2573 2212 2609 Canti-

143 2636 207 2672 vis
222 2644 344 2672 autem
363 2636 491 2672 videre
504 2665 513 2681 ,
529 2636 632 2685 quod
649 2636 807 2673 verbum
830 2638 994 2673 otiosum
1012 2636 1142 2672 folium

146 2694 292 2730 aridum
325 2696 406 2731 est?
427 2693 527 2731 Audi
549 2695 665 2744 ipsam
686 2695 890 2731 Veritatem
904 2724 913 2741 ,
936 2695 1143 2732 Dominum

147 2758 274 2792 Jesum
302 2769 310 2791 ε
338 2757 457 2791 Omne
478 2758 592 2804 igitur
611 2754 765 2790 verbum
787 2759 943 2790 otiosum
964 2756 1066 2802 quod
1087 2757 1144 2788 lo-

149 2819 221 2850 cuci
231 2812 380 2861 ficerint
397 2815 562 2850 homines
573 2843 583 2860 ‚
605 2816 764 2850 reddent
781 2817 827 2850 de
843 2829 884 2850 eo
907 2819 1085 2850 rationem
1106 2819 1144 2849 in

151 2875 214 2908 die
231 2875 372 2919 judicii
394 2873 420 2910 ³.
445 2876 476 2911 Ο
496 2882 661 2924 quantus
683 2876 824 2910 terror!
848 2874 968 2911 Judex
990 2873 1144 2923 sapien—

153 2933 337 2978 tissimus,
371 2932 437 2982 qui
467 2942 641 2970 numerat
672 2946 803 2970 omnes
832 2934 970 2983 pluviae
999 2941 1146 2982 guttas,

152 2991 336 3028 discretor
351 2992 520 3029 omnium
543 2993 812 3043 cogitationum
832 2993 1001 3029 omnium
1026 2993 1147 3029 homi-

153 3064 268 3097 num,
295 3064 316 3088 a
343 3052 466 3102 primo
494 3052 614 3089 Adam
638 3065 758 3102 usque
787 3051 834 3089 ad
856 3053 1053 3098 ultimum,
1083 3052 1149 3101 qui

153 3110 223 3147 crit
241 3111 278 3148 in
298 3112 373 3149 fine
393 3111 538 3159 saeculi,
559 3113 639 3149 vult
655 3112 786 3150 audire
805 3113 989 3150 rationem
1011 3111 1150 3149 verbo-

1210 2649 1295 2672 cum
1323 2633 1571 2671 dubitationis
1594 2632 1758 2669 cantavit
1786 2632 1941 2676 mulier,
1973 2631 2102 2667 (licens
2125 2645 2132 2667 :
2156 2633 2212 2666 Ne

1211 2698 1466 2737 comedamus,
1488 2703 1522 2729 et
1535 2691 1638 2740 sorte
1655 2696 1868 2727 moriamur.
1898 2693 1929 2728 O
1942 2690 2066 2736 jorio,
2086 2704 2211 2739 quan-

1213 2765 1291 2792 tuni
1310 2753 1538 2791 infirmitatis
1557 2751 1667 2788 nobis
1687 2750 1868 2787 induxisti
1886 2752 1893 2785 !
1925 2750 2066 2787 Videtis
2089 2759 2213 2787 autem

1211 2814 1384 2852 diabolus
1400 2813 1594 2849 mulierem
1610 2810 1860 2853 dubitantem,
1877 2809 2051 2859 prorupit
2064 2809 2110 2845 ad
2126 2823 2213 2846 can-

1214 2875 1326 2910 ticum
1360 2871 1564 2915 mendacii,
1597 2869 1725 2906 dicens
1757 2884 1764 2905 z
1798 2870 2046 2916 Nequaquam
2075 2874 2213 2903 morie-

1213 2938 1305 2969 mini
1326 2930 1354 2967 ⁶.
1381 2934 1412 2968 O
1440 2943 1624 2979 nequam,
1653 2943 1675 2965 o
1705 2942 1887 2978 nequam,
1919 2927 1983 2964 ubi
2017 2936 2073 2964 est
2102 2928 2216 2964 modo

1215 3002 1319 3029 tuum
1356 2992 1626 3038 nequaquam?
1658 2992 1751 3025 Ecce
1780 2988 1917 3024 mortui
1948 2996 2034 3024 suut
2069 2987 2212 3038 duplici

1217 3060 1358 3096 morte,
1379 3063 1473 3099 quos
1491 3049 1618 3085 dixisti
1640 3061 1877 3097 nequaquam
1899 3048 2114 3084 morituros.
2138 3051 2215 3084 Ni·-

1216 3124 1419 3159 quaquam,
1450 3109 1597 3158 inquit,
1623 3112 1844 3143 moriemini.
1872 3107 2010 3144 Malum
2041 3116 2077 3143 et
2110 3117 2217 3144 vetus

204 3251 213 3266 ¹
231 3247 307 3288 Cap.
330 3250 368 3284 6,
385 3256 417 3278 n.
437 3249 492 3278 28.
510 3265 553 3271 ——
574 3248 715 3280 ²1‘sal.1
730 3272 737 3286 ,
759 3251 789 3278 3.
809 3265 844 3270 -
871 3245 884 3268 3
904 3246 1018 3278 Manli.
1045 3257 1118 3282 111,
1143 3248 1196 3276 3ὓ.
1221 3263 1260 3267 ——
1280 3244 1293 3270 ⁴
1312 3243 1427 3275 Moral.
1446 3243 1499 3274 lib.
1517 3246 1546 3280 7,
1564 3253 1632 3284 cap.
1654 3245 1706 3274 18.
1724 3260 1759 3264 —
1792 3240 1804 3263 ⁵
1827 3242 1897 3272 lsai.
1928 3251 1993 3273 xiv.
2021 3243 2056 3270 13
2071 3243 2153 3276 ,1-3.

159 3294 352 3337 ¹²Gen.1n‚
376 3301 520 3338 1,:t,s..
