2418 3949
182 233 256 270 813
853 237 1138 274 TRACTATUS
1166 238 1230 272 DE
1261 238 1551 274 CHARITATE.
2155 240 2227 274 8111

176 314 269 348 Cum
299 312 403 348 omni
440 313 574 350 fiducia
602 314 761 350 charitas
789 315 912 364 pulsat
941 314 988 350 ad
1025 313 1164 350 ostium
1179 311 1282 348 ⁴⁰⁰ab
1317 314 1478 350 amando
1513 315 1655 363 quippe
1695 329 1815 360 amor,
1847 328 1922 351 non
1955 315 2002 352 ab
2034 316 2229 352 honoran-

177 371 309 416 amici,
340 385 577 422 nequaquam
610 382 746 422 putans
775 386 813 410 se
848 374 927 423 pati
955 373 1142 422 repulsam
1157 400 1167 417 ‚
1184 372 1217 405 A
1237 370 1288 406 do
1307 372 1584 410 denominatur.
1604 377 1775 410 Honoret
1792 387 1880 410 sane
1900 375 1963 423 qui
1990 375 2145 420 horret,
2167 375 2233 424 qni

178 442 263 478 quae
279 431 526 468 amicitiarum
551 441 708 468 matrem
730 446 769 470 se
791 433 910 469 novit.
929 436 1004 469 Nec
1019 440 1174 468 veretur
1239 438 1383 480 stupet,
1413 432 1477 480 qui
1507 433 1660 478 metuit,
1688 433 1753 482 qui
1785 434 1955 470 miratur.
1987 437 2129 470 Vacant
2155 434 2234 471 haee

179 489 467 538 signatissimum
492 491 685 541 paulisper
708 492 917 540 inquietare
945 492 1062 527 otium
1084 503 1173 539 pro·
1239 490 1365 526 omnia
1389 503 1504 540 penes
1532 500 1748 536 amantem3
1785 501 1986 541 propterea
2013 494 2078 542 qui
2107 506 2232 530 amare

181 557 265 597 pter
287 563 394 587 suum
419 552 624 601 negotium.
647 552 714 588 Illa
738 551 922 600 siqnidem
938 564 1028 587 vcra
1045 558 1082 588 et
1098 549 1174 586 sin-
1238 557 1360 596 amat,
1394 558 1431 586 et
1460 550 1562 587 aliud
1595 551 1701 587 novit
1731 551 1835 587 nihil.
1866 555 1950 601 Ipse
1979 553 2043 601 qui
2069 553 2230 598 honori,

181 621 267 645 cera
297 618 351 646 est
373 610 554 655 charitas,
586 625 660 660 qua
684 612 848 661 proximi
881 611 1022 647 bonum
1044 618 1085 646 ut
1109 622 1174 645 no-
1240 609 1394 654 merito,
1420 618 1457 645 et
1483 610 1652 659 stupori,
1673 618 1709 646 et
1733 611 1915 647 miraculo
1938 621 2011 658 est3
2035 614 2151 648 amari
2177 621 2232 649 ta-

181 675 300 704 strum
319 669 498 718 diligitur.
519 674 611 707 Nam
632 671 696 720 qui
716 672 832 720 magis
849 679 914 707 aut
931 678 1031 706 certe
1052 668 1173 704 solum
1241 680 1327 704 men
1346 669 1430 717 plus
1446 677 1556 705 amat.
1579 669 1703 717 Exigit
1717 673 1820 706 Deus
1841 671 1960 707 timeri
1978 680 2017 707 ut
2034 673 2234 717 Dominus,

183 726 303 776 diligit
337 741 466 774 suum,
499 730 737 766 convincitur
766 743 841 766 non
881 737 979 766 caste
1019 728 1174 776 diligere
1239 727 1422 764 honorari
1449 736 1491 764 ut
1520 737 1637 777 pater,
1664 737 1700 764 et
1727 738 1766 764 ut
1793 743 1953 779 sponsus
1979 732 2106 767 amari.
2136 733 2235 779 Quid

183 785 350 832 bonum,
377 787 480 836 quod
511 789 642 837 utique
671 797 828 838 propter
855 801 894 824 se
921 788 1066 836 diligit,
1097 799 1174 823 uon
1240 787 1276 823 in
1305 787 1363 823 his
1388 796 1558 836 praestat‚
1596 788 1687 836 quid
1723 789 1888 825 eminet?
1920 802 2056 839 nempe
2091 792 2233 826 timor?

182 854 340 894 propter
357 847 493 896 ipsum.
519 853 699 885 Amemus
725 857 762 884 et
781 861 962 892 amemur,
992 848 1028 884 in
1055 847 1174 883 altero
1239 844 1348 882 Absit
1367 846 1439 882 hoe
1465 862 1472 883 :
1501 854 1538 882 et
1569 847 1681 882 timor
1707 860 1853 896 poenam
1878 847 2010 884 habet²
2027 877 2036 894 ,
2057 857 2094 884 et
2114 850 2237 885 honor

184 903 314 950 nobis,
335 906 372 941 in
391 907 509 942 altero
530 908 668 943 nostris
687 909 938 944 consulentes.
965 911 1057 944 Nam
1079 918 1175 954 quos
1241 918 1317 942 non
1341 905 1454 942 liabet
1477 906 1651 955 gratiam,
1672 915 1709 943 et
1728 908 1792 956 qui
1814 907 1860 944 de
1883 920 2012 944 amore
2034 921 2109 944 non
2131 910 2234 944 venit

182 974 373 1008 amamus,
409 964 448 1000 in
482 965 572 1014 ipsis
613 965 786 1014 profecto
827 965 1122 1014 requiescimus3
1155 975 1176 999 a
1241 965 1381 1009 honor,
1407 978 1485 1001 non
1509 965 1646 1012 honor,
1663 966 1727 1002 sed
1745 966 1911 1003 adulatio
1933 975 2000 1003 est.
2019 970 2066 1003 Et
2085 967 2236 1016 quidem

183 1021 322 1070 quibus
348 1032 472 1060 autem
503 1038 687 1070 amamur,
719 1025 809 1075 ipsis
829 1038 899 1061 nos
919 1025 956 1061 in
983 1024 1093 1061 nobis
1115 1036 1176 1059 re·
1242 1025 1310 1061 soli
1331 1028 1412 1061 Deo
1429 1025 1552 1061 honor
1569 1033 1606 1061 et
1629 1023 1772 1074 gloria3
1793 1040 1799 1061 :
1823 1025 1887 1061 sed
1909 1025 2046 1062 horum
2063 1035 2238 1062 neutrum

183 1082 307 1130 quiem
329 1096 517 1132 paramus.
537 1089 657 1122 Porro
679 1098 805 1122 amare
828 1085 865 1121 in
883 1088 984 1130 Deo,
1012 1084 1176 1120 charita·
1199 1082 1225 1116 B
1242 1083 1453 1132 acceptabit
1476 1087 1602 1128 Deus,
1628 1085 1658 1120 si
1682 1085 1792 1120 melle
1815 1086 1955 1121 amoris
1981 1085 2133 1121 condita
2163 1099 2238 1121 non

183 1149 257 1177 tem
284 1141 422 1180 habere
452 1152 507 1180 est
538 1159 545 1180 :
577 1144 728 1181 studere
754 1158 845 1181 vero
875 1144 993 1180 amari
1022 1150 1179 1193 propter
1245 1144 1397 1180 fuerint.
1426 1149 1462 1181 Is
1489 1158 1558 1194 per
1583 1158 1622 1181 se
1649 1145 1805 1188 sufficit,
1835 1145 1866 1181 is
1894 1158 1963 1193 per
1988 1158 2026 1180 se
2057 1146 2177 1194 placet
2204 1154 2239 1181 et

182 1203 323 1248 Demn,
355 1203 525 1240 charitati
547 1204 688 1241 servire
715 1213 782 1241 est.
809 1207 1020 1252 Utramque
1047 1212 1178 1246 tenc-0,
1246 1212 1404 1254 propter
1422 1217 1483 1251 se3
1509 1205 1588 1253 ipse
1618 1205 1817 1249 meritum,
1846 1204 1925 1253 ipse
1951 1205 2148 1254 praemium
2171 1203 2238 1239 sibi

183 1259 423 1298 dilectionem
443 1263 538 1308 Dei,
560 1271 597 1300 et
614 1263 853 1300 dilectionem
879 1263 1062 1313 proximi,
1091 1276 1175 1298 cum
1241 1272 1308 1300 est.
1331 1268 1449 1300 Amor
1466 1272 1605 1313 praeter
1624 1276 1663 1300 se
1686 1277 1763 1300 non
1792 1264 1949 1312 requirit
1969 1276 2116 1299 causam
2132 1291 2140 1307 ,
2165 1276 2240 1298 uon

185 1329 220 1357 te
236 1334 344 1365 amo,
368 1323 531 1358 Domine
549 1327 638 1360 Jesu
652 1351 662 1367 ,
684 1323 749 1373 qui
771 1336 876 1359 meus
898 1323 1096 1372 proximus
1116 1334 1154 1357 es
1167 1350 1175 1366 ,
1244 1323 1406 1359 fructum
1431 1338 1438 1359 :
1464 1323 1606 1359 fructus
1622 1322 1703 1371 ejus
1722 1336 1810 1360 usus
1829 1332 1897 1360 est.
1916 1328 2011 1359 Amo
2031 1323 2119 1372 quia
2137 1336 2242 1367 amo,

183 1381 362 1429 quoniam
383 1382 496 1419 homo
517 1396 575 1428 es,
602 1392 639 1420 et
664 1383 782 1420 fecisti
803 1396 948 1419 mecum
971 1381 1179 1418 misericor·
1244 1395 1329 1419 amo
1346 1391 1386 1418 ut
1406 1395 1544 1419 amem.
1564 1381 1640 1419 Ijbi
1658 1391 1783 1419 autem
1805 1395 1926 1427 amor,
1945 1381 2055 1418 labor
2073 1395 2150 1417 non
2171 1390 2243 1425 est,

183 1439 306 1488 diam,
330 1449 367 1478 et
386 1441 632 1479 nihilominus
658 1456 696 1479 es
711 1456 826 1493 super
841 1441 968 1478 omnia
992 1444 1093 1477 Deus
1113 1439 1179 1476 be·
1247 1441 1312 1478 sed
1335 1455 1448 1491 sapor
1469 1457 1476 1478 ε
1500 1442 1680 1491 quoniam
1709 1442 1850 1477 amanti
1875 1441 1968 1477 nihil
1994 1441 2146 1477 difficile
2171 1449 2238 1476 est.

185 1499 356 1538 nedictus
380 1502 417 1538 in
444 1503 590 1539 saecula.
1247 1506 1366 1538 Amor
1391 1500 1587 1537 dominum
1615 1500 1760 1537 nescit:
1786 1514 1854 1550 per
1878 1513 1916 1536 se
1937 1501 2024 1536 satis
2053 1499 2243 1548 subjectus

1247 1567 1322 1605 est,
1344 1560 1566 1609 obsequitur
1592 1568 1750 1609 sponte,
1778 1559 1892 1608 gratis
1917 1558 2174 1609 obtemperat,
2200 1560 2245 1595 li-

543 1632 719 1671 CAPUT
749 1632 820 1670 VI·
1247 1618 1336 1656 bere
1359 1619 1553 1656 retinetur.

1301 1680 1362 1717 29.
1389 1684 1499 1716 Amat
1522 1686 1559 1715 et
1585 1682 1708 1724 Deus,
1738 1691 1807 1714 nec
1834 1677 1986 1714 aliunde
2015 1677 2088 1714 hoc
2118 1678 2241 1715 habet.

187 1748 234 1776 De
256 1754 366 1777 natura
386 1756 440 1777 seu
458 1745 563 1777 indole
586 1752 616 1777 et
643 1746 674 1776 vi
699 1746 765 1777 veri
792 1743 927 1781 amoris,
956 1750 1021 1775 tum
1046 1744 1180 1775 hominis
1247 1740 1333 1786 Ipse
1350 1745 1405 1773 est
1422 1735 1523 1773 unde
1545 1744 1665 1781 amat,
1685 1744 1722 1771 et
1742 1735 1829 1772 inde
1852 1736 2132 1781 vehementius,
2156 1739 2243 1786 quia

351 1810 422 1842 erga
445 1803 546 1831 Deum
559 1824 568 1839 ,
589 1806 654 1831 tum
672 1800 730 1831 Dei
751 1811 823 1842 erga
846 1799 1015 1830 hominem.
1249 1809 1323 1833 non
1345 1810 1513 1833 amorem
1532 1804 1604 1832 tam
1626 1795 1752 1841 habet,
1770 1809 1881 1845 quam
1899 1796 1970 1832 hoc
1990 1796 2070 1846 ipse
2087 1805 2155 1832 est.
2175 1800 2243 1833 Ne-

1203 1862 1228 1897 C
1249 1857 1386 1892 minem
1405 1856 1561 1905 suspicit
1579 1868 1705 1901 amor,
1722 1855 1787 1892 sed
1810 1868 1878 1892 nec
1898 1855 2057 1905 despicit
2074 1855 2240 1904 quidem.

242 1919 303 1956 28.
329 1919 506 1968 Flagrans
526 1919 729 1956 vehemens
755 1932 862 1956 amor
888 1919 1094 1968 praesertim
1121 1917 1181 1954 di-
1247 1919 1387 1953 Omnes
1402 1929 1448 1951 ex
1465 1927 1575 1964 aequo
1592 1915 1771 1960 intuetur,
1786 1915 1850 1964 qni
1868 1915 2034 1964 perfecte
2047 1928 2085 1952 se
2101 1925 2243 1960 amant,

188 1979 318 2024 vinus,
339 1992 424 2016 cum
442 1993 480 2016 se
502 1980 599 2016 intra
620 1993 658 2016 se
675 1979 852 2016 cohibere
870 1991 946 2014 non
967 1979 1084 2022 valet,
1104 1991 1180 2014 uon
1247 1983 1285 2012 et
1317 1975 1353 2011 in
1383 1988 1421 2012 se
1450 1975 1532 2024 ipso
1552 1975 1671 2010 celsos
1695 1974 1932 2024 humilesque
1964 1983 2246 2024 contemperat,

187 2038 347 2076 attendit
373 2052 450 2088 quo
485 2039 642 2082 ordine,
674 2052 749 2088 qua
775 2039 875 2088 lege,
909 2051 1031 2086 quave
1061 2038 1179 2083 serie,
1250 2049 1318 2071 nec
1344 2048 1453 2085 pares
1478 2033 1615 2083 modo,
1644 2034 1708 2070 sed
1739 2048 1853 2071 unum
1885 2047 1951 2072 eos
1983 2035 2080 2071 saeit.
2111 2038 2245 2084 Magna

190 2112 256 2137 seu
277 2099 465 2148 paucitate
486 2099 690 2136 verborum
709 2098 887 2143 ebulliat,
912 2097 1120 2134 dummodo
1137 2111 1183 2134 ex
1250 2108 1309 2132 res
1327 2108 1446 2131 amor.
1465 2098 1558 2131 Nam
1582 2107 1666 2130 cum
1685 2103 1785 2131 amat
1805 2098 1925 2139 Deus,
1947 2107 2023 2131 non
2043 2095 2146 2131 aliud
2166 2095 2247 2130 vult

192 2158 262 2195 hoc
283 2159 428 2195 nullum
450 2159 506 2196 sui
527 2159 662 2195 sentiat
687 2158 967 2195 detrimentum.
986 2156 1183 2195 Interdum
1249 2167 1362 2203 quam
1388 2153 1503 2190 amari
1529 2167 1535 2189 :
1562 2153 1704 2202 quippe
1727 2154 1792 2203 qui
1812 2154 1862 2190 ob
1886 2154 1985 2190 aliud
2016 2167 2092 2190 non
2123 2162 2245 2198 amat,

192 2231 261 2254 nec
289 2217 405 2254 verba
435 2219 614 2267 requirit,
644 2231 713 2254 nec
739 2231 852 2254 voces
881 2218 1037 2253 omnino
1066 2218 1157 2254 ullas
1171 2247 1181 2264 ‚
1249 2212 1321 2248 nisi
1343 2220 1384 2248 ut
1402 2221 1573 2256 ametur,
1594 2212 1715 2248 sciens
1737 2213 1840 2261 ipsos
1858 2224 1987 2248 amore
2008 2211 2137 2248 beatos
2152 2241 2160 2256 ‚
2181 2212 2247 2260 qui

191 2277 280 2314 solis
293 2276 339 2314 ad
355 2277 426 2314 hoc.
443 2286 642 2314 contentus
658 2277 840 2326 suspiriis.
856 2282 975 2314 Amor
991 2291 1159 2327 praeceps
1172 2307 1182 2324 ‚
1250 2285 1289 2310 se
1303 2273 1521 2309 amaverint.
1537 2275 1568 2309 Ο
1583 2272 1804 2309 suavitatem
1820 2274 1827 2306 ἔ
1844 2284 1867 2308 ο
1883 2271 2038 2320 gratian]
2052 2274 2059 2307 !
2073 2284 2096 2307 0
2111 2271 2249 2307 amoris

192 2336 415 2382 vehemens,
440 2337 620 2386 flagrans,
643 2337 872 2386 impetuose,
897 2337 961 2385 qui
986 2346 1124 2386 praete.-
1150 2346 1185 2374 te
1254 2333 1345 2368 vim!
1363 2334 1538 2368 Summus
1555 2331 1726 2367 omnium
1746 2332 1844 2368 imus
1862 2331 1980 2367 factus
1994 2339 2048 2366 est
2065 2331 2249 2366 omnium.

192 2395 295 2433 aliud
315 2397 481 2446 cogitare
511 2410 588 2433 non
614 2396 724 2442 sinis,
747 2395 892 2433 fastidis
915 2404 1067 2442 caetera,
1094 2410 1187 2433 con·
1253 2392 1344 2439 Quis
1365 2391 1434 2427 hoc
1455 2391 1566 2428 fecit?
1586 2396 1704 2427 Amor
1722 2390 1915 2440 dignitatis
1933 2391 2101 2435 nescius,
2125 2390 2252 2439 digna—

194 2455 328 2492 temnis
343 2456 470 2492 omnia
491 2463 626 2505 praeter
651 2463 703 2500 te,
726 2464 761 2491 te
783 2463 996 2491 contentus.
1019 2455 1189 2492 Consun-
1256 2451 1358 2486 tione
1378 2449 1483 2487 dives
1497 2478 1506 2495 ‚
1529 2449 1665 2486 affectu
1682 2457 1837 2499 potens,
1861 2462 1972 2485 suasu
1990 2449 2131 2485 efficax.
2152 2447 2251 2496 Quid

195 2513 252 2550 dis
267 2513 420 2551 ordines
433 2543 443 2560 ,
465 2514 675 2552 dissimulas
693 2527 821 2560 usum,
839 2514 993 2551 modum
1012 2515 1161 2565 ignoras
1179 2529 1187 2552 :
1256 2510 1480 2547 violentius?
1497 2510 1719 2559 Triumpliat
1733 2509 1779 2546 de
1795 2513 1876 2547 Deo
1891 2522 2016 2554 amor;
2035 2517 2075 2545 ut
2091 2509 2252 2545 sciamus

198 2581 317 2608 totum
357 2573 461 2621 quod
502 2573 823 2622 opportunitatis,
859 2573 962 2622 quod
999 2573 1156 2610 rationis
1179 2603 1188 2620 ‚
1255 2571 1396 2608 amoris
1419 2571 1530 2608 fuisse
1556 2570 1661 2620 qnod
1682 2570 1879 2620 plenitudo
1906 2570 2025 2606 effusa
2045 2576 2120 2614 est,
2150 2568 2253 2617 quod

197 2631 300 2680 quod
321 2632 498 2681 pudoris,
528 2633 630 2682 quod
656 2633 801 2669 consilii
824 2632 1004 2680 judiciive
1024 2646 1104 2670 esse
1127 2633 1187 2670 vi-
1209 2638 1239 2672 D
1257 2631 1417 2668 altitudo
1440 2630 1635 2680 adaequata
1660 2638 1738 2675 est,
1759 2630 1863 2678 quod
1890 2628 2128 2677 singularitas
2150 2640 2255 2663 asso-

197 2691 326 2735 detur,
361 2691 570 2740 triumphas
603 2692 639 2727 in
672 2692 891 2740 temetipso,
921 2700 960 2729 et
990 2693 1126 2742 redigis
1151 2694 1189 2729 in
1256 2692 1352 2728 ciata
1368 2699 1437 2728 est.
1460 2694 1563 2727 Deus
1578 2704 1654 2726 nou
1675 2690 1788 2726 modo
1806 2703 1956 2733 amans,
1974 2687 2038 2724 sed
2059 2700 2166 2723 amor
2183 2695 2261 2731 est,

199 2750 468 2799 captivitatem.
489 2753 639 2788 Frustra
659 2751 705 2787 ad
726 2751 955 2788 audiendum
977 2752 1192 2801 legendum·
1258 2760 1293 2787 ct
1313 2751 1431 2787 solam
1449 2749 1589 2786 amoris
1609 2750 1728 2785 vicem
1752 2749 1907 2796 requirit
1926 2756 1962 2783 ct
1983 2746 2107 2782 fidem.

201 2822 246 2845 ve
265 2809 404 2846 amoris
424 2823 595 2854 carmen,
613 2811 678 2859 qui
698 2823 774 2846 non
796 2819 894 2847 amat
910 2811 1053 2848 accedit
1070 2827 1077 2848 :
1096 2826 1191 2861 quo-
1312 2811 1374 2847 30.
1403 2809 1544 2857 Quidni
1564 2817 1713 2844 ametur
1738 2809 1872 2843 amor?
1899 2809 1941 2842 Et
1959 2805 2050 2855 quid
2070 2814 2143 2841 tam
2168 2818 2254 2841 cor-

202 2869 302 2905 niam
328 2869 485 2905 omnino
514 2882 590 2906 non
619 2878 743 2919 potest
774 2883 908 2919 capere
933 2871 1092 2921 ignitum
1113 2873 1193 2908 elo-
1260 2870 1363 2906 dium
1382 2869 1477 2914 vita,
1501 2882 1614 2917 qnam
1635 2872 1736 2904 Deus
1754 2880 1858 2903 mens
1879 2867 2012 2903 jesus?
2033 2869 2067 2902 Is
2089 2878 2176 2900 vere
2201 2872 2257 2900 est

202 2928 334 2977 quium
359 2928 532 2977 frigidum
555 2937 697 2978 pectus.
726 2930 927 2977 Quomodo
952 2931 1051 2967 enim
1074 2944 1193 2980 graece
1260 2938 1296 2966 et
1317 2942 1470 2973 amans,
1492 2937 1529 2964 et
1557 2927 1744 2969 amabilis,
1771 2936 1807 2962 et
1837 2934 1956 2962 totum
1980 2923 2082 2973 quod
2106 2923 2152 2959 de
2177 2923 2258 2972 ipso

203 2987 418 3035 loquentem
441 2999 518 3023 non
544 2987 717 3037 intelligit
741 2989 806 3036 qui
833 3001 994 3037 graecum
1019 3002 1094 3025 non
1125 3003 1194 3025 no-
1260 2998 1337 3033 est,
1363 3001 1451 3024 vere
1472 2996 1546 3031 est,
1573 2987 1727 3036 quando
1755 2987 1833 3036 ipse
1857 2994 1911 3022 est
1941 2998 2016 3021 non
2043 2983 2145 3020 aliud
2169 2995 2258 3019 sane

204 3045 278 3089 vit,
311 3058 379 3082 nec
402 3045 516 3082 latine
535 3047 751 3096 loquentem
772 3047 836 3096 qui
861 3048 996 3084 latinus
1019 3061 1094 3084 non
1121 3056 1194 3093 est,
1261 3061 1373 3096 quani
1394 3047 1472 3096 ipsa
1498 3054 1552 3081 est
1570 3046 1718 3082 veritas.
1744 3045 1836 3093 Quis
1857 3045 1974 3084 lidus,
1996 3056 2123 3079 vei-usi
2134 3057 2153 3078 c
2173 3041 2256 3078 ani-

205 3112 241 3140 οἱ
262 3104 312 3140 ita
333 3103 379 3140 de
401 3106 544 3142 caeteris
565 3120 573 3142 :
599 3106 651 3142 sic
671 3106 796 3155 lingua
822 3109 960 3143 amoris
981 3107 1014 3142 ei
1034 3107 1098 3155 qui
1120 3120 1196 3142 non
1264 3120 1332 3142 mae
1348 3119 1473 3150 antor,
1491 3105 1560 3141 nisi
1578 3105 1708 3153 utique
1727 3105 1777 3151 is,
1793 3118 1870 3154 qno
1887 3105 2024 3139 veritas
2039 3101 2257 3139 adamatur?

206 3170 330 3207 amat,
358 3161 516 3200 barbara
539 3164 632 3210 erit3
660 3165 731 3201 erit
756 3165 850 3201 sicut
873 3179 921 3201 aes
947 3178 1084 3201 sonans
1097 3193 1107 3209 ,
1135 3173 1198 3200 unt
1266 3165 1436 3201 Rationis
1454 3177 1535 3200 sum
1554 3177 1731 3213 conipos.
1750 3163 1915 3199 xci-itatis
1935 3176 2017 3198 snm
2035 3174 2151 3210 ‹uipax
2170 3175 2176 3194 :
2193 3158 2256 3195 scd

207 3220 419 3268 cymbatum
442 3222 636 3260 tinniens'.
660 3228 776 3260 Amor
794 3223 1039 3260 reu-rentiam
1064 3224 1198 3268 ιιι-πῆς
1266 3224 1409 3260 utinam
1429 3237 1502 3260 nou
1525 3224 1660 3268 son-m,
1680 3224 1708 3259 si
1727 3237 1833 3260 amor
1850 3223 1887 3259 in
1909 3236 1966 3258 mc
1984 3220 2158 3257 desum-it.
2178 3222 2258 3254 Non

263 3351 483 3383 'l(ss‹11.x111,
507 3355 530 3379 1.
552 3356 620 3371 ‡—¹
645 3353 654 3380 l
676 3353 827 3383 Joanuv.
854 3354 903 3382 18.
933 3369 967 3373 —
994 3350 1030 3380 ³1
1060 3353 1182 3383 lnn.1.
1216 3354 1264 3380 17.
