2418 3949
187 251 284 288 1297

184 329 374 364 relevabor
389 329 540 376 loquens
558 339 698 362 mecum
717 330 753 361 ite
772 335 885 361 stralo
901 339 980 361 meo
993 339 1006 369 ;
1026 324 1172 361 terrebit

897 251 962 285 DE
989 247 1258 285 DISCIPULIS
1287 247 1460 282 EMMAL'
1468 248 1502 282 S.

1180 321 1227 340 857

2129 248 2226 282 1298

1241 324 1416 359 mortales
1435 336 1581 369 sumus,
1604 323 1639 359 in
1663 322 1795 359 exsilio
1823 322 2010 372 degimus,
2036 336 2103 360 nec
2127 324 2227 360 illam

184 400 242 422 me
257 402 327 435 per
341 391 504 430 somnia,
530 395 565 421 et
577 400 649 435 per
667 389 847 421 visionem
868 386 1015 420 horrore
1034 396 1167 419 conca-
1186 385 1217 419 A
1235 382 1408 431 perfectae
1424 383 1580 418 visionis
1596 381 1847 418 laetabundam
1863 381 2130 418 beatitudinem
2150 396 2227 432 prae

189 451 288 482 τίετ’.
320 451 362 483 In
395 446 532 482 lectulo
561 454 713 481 notatur
732 445 856 493 quieta
885 444 1103 488 meditati03
1137 450 1174 478 et

183 518 252 554 per
266 514 422 542 stratum
440 506 476 541 in
496 518 572 554 quo
588 505 774 541 relevatus
788 505 1036 553 colloquitur,
1054 503 1173 539 virtus

182 565 364 600 orationis
381 564 606 614 exprimitur
624 578 631 600 :
650 564 737 613 quia
754 564 790 600 in
808 565 865 600 his
883 563 1032 600 duobus
1051 562 1172 599 tribu-

182 623 265 660 latis
284 624 415 669 corde,
435 636 535 660 verae
555 624 825 660 consolationis
849 624 997 673 requies
1017 623 1168 659 inveni-

183 689 254 718 tur.
289 683 359 720 Sed
381 696 465 719 cum
499 683 569 719 sub
597 683 732 732 pennis
763 696 891 719 earum
921 681 1170 731 deargentatis

181 741 417 790 refrigerium
451 742 600 779 interne
633 743 837 791 quaerimus
851 769 860 786 ,
896 750 933 778 et
966 748 1172 777 occurrunt

181 799 511 849 imaginationibus
542 802 679 838 nostris
700 815 811 851 quam
848 801 1024 837 districtae
1042 800 1080 836 in
1105 812 1170 835 ex-

181 866 303 895 tremo
318 858 462 908 judicio
479 869 566 896 sunt
583 861 775 897 sententiae
788 860 1016 909 judicanti53
1038 859 1090 896 ibi
1109 859 1172 895 tri-

181 918 320 954 stitiam
346 918 558 955 invenimus
574 948 583 965 ,
608 918 672 955 ubi
698 920 871 956 solatium
894 918 1168 968 quaerebamus.

232 977 268 1014 3.
292 981 334 1014 In
353 977 423 1014 hoc
439 987 563 1014 autem
580 979 682 1027 quod
701 979 1013 1028 appropinquans
1032 977 1169 1014 dicitur

180 1050 264 1073 cum
289 1037 361 1074 illis
383 1038 436 1073 ire
452 1041 582 1083 Jesus,
606 1038 696 1074 nihil
720 1038 821 1074 aliud
842 1046 965 1087 potest
982 1036 1168 1086 designari

1240 441 1480 477 multitudine
1499 442 1626 490 gloriae
1656 455 1789 491 capere
1810 443 1988 479 valemus.
2011 443 2102 490 Quis
2127 444 2226 479 enim

1239 509 1365 549 posset
1380 501 1475 537 inter
1486 502 1547 538 illa
1559 502 1826 550 superfluentis
1840 501 2075 551 jubilationis
2093 503 2226 551 gaudia

1237 561 1379 609 spirare
1391 589 1400 606 ,
1418 574 1501 610 quae
1518 560 1709 597 dabuntur
1722 562 1760 597 in
1778 562 1916 611 patria3
1937 575 2019 598 cum
2039 563 2098 598 illa
2114 564 2226 598 etiam

1236 620 1333 656 stilla
1351 620 1558 656 dulcedinis
1571 649 1580 666 ,
1598 633 1709 669 quant
1732 620 1840 657 nobis
1861 621 1897 656 in
1918 621 1976 656 via
1993 621 2143 657 exhibet
2159 651 2167 667 ‚
2186 622 2224 657 in

1236 680 1356 728 patria
1372 680 1568 728 peregrina
1583 708 1592 725 ,
1611 688 1723 716 totam
1741 689 1902 717 mentem
1919 680 2099 726 inebriet,
2122 691 2158 718 et
2175 690 2226 717 to-

1237 746 1309 774 tam
1323 738 1446 774 cordis
1461 738 1692 775 latitudinem
1708 739 1816 775 novis
1832 739 1970 776 deliciis
1983 743 2226 789 coangustet?

1236 796 1325 833 Ideo
1357 796 1580 833 tenebantur
1612 798 1709 833 oculi
1739 811 1868 835 eorum
1887 827 1896 843 ‚
1923 799 2009 847 quia
2039 800 2226 836 Dominus

1236 864 1316 892 erat
1336 856 1372 891 in
1394 856 1523 893 habitu
1545 857 1745 906 peregrini.
1776 861 1820 893 Et
1843 871 1926 893 cum
1949 872 2034 894 eum
2056 860 2226 908 quotidie

1236 916 1482 964 perspicimus
1506 917 1542 952 in
1566 917 1672 952 altari
1693 915 1762 952 sub
1788 918 1910 965 specie
1936 918 2042 967 panis
2064 927 2101 954 et
2126 919 2224 964 vini,

1237 974 1432 1011 nobiscum
1448 974 1589 1012 habitat
1606 976 1641 1011 in
1656 975 1785 1012 habitu
1800 977 2002 1025 peregrini.
2014 980 2147 1013 Nonne
2159 991 2227 1026 per

1236 1034 1366 1069 oculos
1386 1034 1596 1084 intelligere
1617 1047 1816 1083 possumus
1837 1049 2002 1072 amorem
2023 1045 2059 1072 et
2076 1037 2225 1073 deside-

172 1096 393 1146 jucundius.
411 1100 453 1133 In
468 1097 838 1147 appropinquatione
855 1098 952 1133 enim
970 1097 1031 1132 illa
1051 1097 1170 1145 signa-
1189 1095 1216 1128 B
1236 1093 1356 1130 rium?
1375 1095 1572 1143 Diligimus
1589 1095 1687 1130 enim
1707 1099 1828 1131 Deum
1846 1104 1882 1131 et
1899 1096 2114 1145 proximum
2133 1111 2140 1132 ε
2163 1096 2229 1132 de-

179 1163 240 1191 tur
260 1156 320 1192 ille
341 1155 471 1192 sibilus
490 1169 589 1192 aurae
611 1157 756 1201 tenuis,
781 1170 892 1205 quem
914 1156 1067 1205 Eliphaz
1088 1156 1168 1204 glo-

178 1216 297 1252 riatur
323 1228 361 1252 se
394 1215 540 1252 audisse
562 1215 838 1252 dormientibus
868 1216 1011 1252 caeteris
1030 1222 1064 1261 ²,
1100 1229 1169 1265 per

176 1287 288 1323 quam
309 1275 418 1310 etiam
442 1275 531 1311 Etiae
561 1275 779 1311 consistenti
803 1275 839 1311 in
861 1275 956 1311 ostio
978 1275 1166 1324 speluncae

175 1334 331 1382 legimus
347 1333 551 1370 Dominum
571 1333 791 1370 advenisse:
813 1334 900 1382 quia
916 1347 992 1370 non
1011 1334 1046 1369 in
1065 1347 1169 1370 com-

175 1393 361 1438 motione,
385 1406 462 1428 non
490 1393 528 1428 in
550 1393 656 1441 igne,
689 1407 766 1429 non
791 1393 828 1429 in
855 1393 1013 1442 spiritu,
1036 1393 1100 1429 scd
1127 1394 1165 1429 in

175 1451 284 1488 sibilo
307 1465 407 1488 aurae
434 1452 556 1488 tenuis
578 1452 678 1488 visus
705 1461 760 1488 est
790 1453 1034 1502 pertransisse
1048 1451 1073 1489 3.
1095 1453 1165 1490 Hic

172 1521 228 1549 est
259 1512 322 1549 itte
360 1512 486 1548 radius
529 1512 772 1548 suavissimus
805 1512 1135 1561 contemplationis
1152 1540 1161 1557 ,

171 1586 247 1621 quo
266 1573 389 1608 anima
404 1585 471 1621 per
489 1572 703 1608 cincinnum
722 1572 852 1621 capitis
868 1573 1057 1617 elevatur,
1078 1585 1162 1608 cum

170 1631 414 1668 meditatione
444 1631 730 1677 exardescente,
759 1640 796 1667 et
824 1632 995 1667 oratione
1023 1632 1163 1667 scintil-

170 1691 269 1728 lante
283 1719 292 1737 ,
312 1691 474 1727 nascitur
490 1691 526 1727 in
546 1691 659 1727 corde
672 1690 816 1739 jubilus
837 1690 1003 1739 quidam,
1022 1691 1160 1726 scilicet

168 1751 371 1787 mellifluus
388 1750 511 1786 cordis
532 1751 627 1786 risus
641 1779 649 1795 ,
671 1764 783 1799 quem
802 1763 913 1786 nemo
929 1750 996 1786 seit
1011 1750 1079 1785 nisi
1097 1750 1161 1798 qui

167 1811 303 1856 sentit;
323 1822 390 1846 nec
407 1810 516 1846 etiam
537 1810 616 1859 ipse
637 1809 701 1858 qui
722 1809 852 1855 sentit,
877 1809 964 1857 quia
983 1808 1057 1844 cito
1075 1821 1160 1857 per-

1235 1153 1442 1190 sideramus
1463 1167 1587 1202 regem
1615 1162 1652 1190 et
1683 1167 1851 1202 regnum.
1874 1154 1945 1191 Sed
1974 1155 2078 1203 quia,
2106 1163 2147 1191 ut
2177 1155 2227 1190 ait

1233 1212 1365 1249 beatus
1389 1213 1593 1263 Gregorius
1608 1242 1616 1258 ,
1646 1213 1880 1261 incognitum
1903 1221 1958 1249 est
1981 1213 2087 1249 nobis
2102 1242 2111 1259 ,
2134 1214 2224 1249 dum

1232 1273 1270 1309 in
1285 1274 1357 1309 hoc
1369 1286 1528 1323 corpore
1540 1287 1687 1318 sumus,
1701 1281 1882 1322 quantum
1900 1273 2096 1322 diligamus
2109 1277 2229 1310 Deum

1236 1341 1273 1368 et
1296 1333 1532 1382 proximum,
1554 1341 1591 1368 et
1611 1333 1764 1381 quando
1790 1346 1833 1369 ex
1856 1333 1926 1369 lioc
1947 1334 2078 1369 exsilio
2104 1342 2228 1369 trans—

1234 1393 1438 1441 migrantes
1469 1392 1722 1441 adipiscamur
1753 1405 1932 1441 regnum,
1963 1401 2000 1429 et
2033 1392 2228 1429 videamus

1232 1456 1372 1496 Deum,
1399 1453 1601 1488 caecitatem
1624 1452 1791 1501 patimur
1813 1453 2025 1487 oculorum.
2051 1452 2161 1489 [nde
2184 1453 2223 1488 in

1232 1511 1423 1548 Ezechiele
1439 1512 1592 1557 dicitur,
1614 1512 1701 1560 quia
1719 1520 1828 1561 porta
1849 1520 1885 1547 et
1903 1511 2087 1547 thalamus
2111 1510 2223 1547 habet

1230 1578 1409 1607 tectumT.

1281 1632 1315 1667 5.
1338 1634 1412 1667 Nec
1433 1630 1796 1679 praetermittendum
1817 1638 1892 1675 est,
1915 1630 2016 1678 quod
2037 1629 2222 1666 confabu-

1227 1690 1339 1726 lando
1351 1690 1617 1737 gradittntttriu
1630 1692 1817 1725 castellam
1831 1693 2021 1733 Emmaus,
2034 1693 2223 1737 quoderat

1229 1754 1267 1784 in
1295 1754 1414 1796 spatio
1446 1752 1651 1784 stadiorum
1683 1753 1882 1795 sexaginta
1917 1748 1963 1783 ab
1995 1750 2216 1784 Jerusalem.

1226 1808 1345 1843 Dulce
1372 1808 1603 1856 colloquium
1636 1815 1673 1843 et
1703 1808 1789 1843 felix
1818 1807 2097 1852 confabulatio,
2135 1821 2219 1844 cum

168 1870 311 1906 transit.
334 1869 438 1907 Felix
462 1869 553 1905 hora
571 1897 580 1913 ,
605 1869 668 1905 sed
690 1868 813 1905 brevis
833 1882 959 1913 mora,
987 1868 1075 1917 quia
1105 1868 1160 1904 fa-
1181 1873 1208 1907 C
1229 1866 1512 1902 meditationem
1539 1874 1673 1902 tractat
1690 1866 1822 1902 oratio.
1846 1865 1996 1902 Habent
2018 1867 2116 1902 enim
2146 1867 2218 1903 mel

167 1938 268 1966 ctum
295 1938 350 1966 est
370 1929 560 1966 silentium
581 1929 618 1965 in
643 1929 739 1964 coelo
758 1928 862 1977 quasi
882 1928 1004 1964 media
1024 1927 1157 1964 li(›ra⁴'.

166 1993 314 2027 Norunt
338 1990 484 2039 experti
510 2002 593 2038 quae
615 1989 699 2024 dico
714 2017 722 2033 ,
745 1989 810 2037 qui
828 1989 907 2024 ha‘c
925 1987 1159 2036 experientia

165 2050 358 2086 suavitatis
383 2049 524 2085 intimae
545 2048 760 2084 didicerunt
779 2063 786 2084 :
808 2048 896 2097 quia
918 2061 1001 2083 cum
1025 2047 1060 2082 in
1088 2047 1159 2082 fer-

164 2122 255 2146 vore
281 2109 464 2145 orationis
484 2108 712 2145 admiscetur
739 2108 853 2144 ardor
876 2107 1154 2151 meditationis,

163 2169 329 2218 erumpit
357 2169 418 2204 ille
446 2168 774 2217 contemplationis
808 2167 932 2204 radius
955 2168 1000 2202 de
1031 2167 1156 2203 medio

162 2241 290 2264 earum
305 2256 314 2272 ,
334 2228 438 2276 quasi
455 2228 596 2276 species
613 2227 759 2271 electri,
778 2226 847 2262 hoc
868 2234 944 2272 est,
963 2226 1008 2262 de
1028 2226 1154 2262 medio

162 2289 278 2337 ignis,
297 2296 334 2324 et
352 2288 522 2324 scintillae
542 2287 647 2336 quasi
668 2287 751 2322 :eris
765 2286 976 2331 candentis,
995 2286 1155 2335 suspiria

163 2348 301 2384 scilicet
317 2347 554 2383 conscientiae
571 2346 780 2395 jubilantis.

216 2408 250 2443 4.
277 2408 389 2442 Oculi
408 2416 530 2441 autem
553 2409 697 2442 illarum
720 2406 961 2450 tenebamur,
984 2419 1031 2440 ne
1050 2407 1153 2440 illum

160 2475 413 2515 agnoscerent.
436 2466 666 2502 Intirmitatis
682 2474 805 2502 autem
823 2479 898 2501 suae
917 2464 1064 2500 conscia
1085 2465 1153 2500 liu-

161 2537 270 2561 mana
290 2525 514 2561 conscientia
528 2553 537 2570 ,
558 2538 634 2574 prae
655 2525 834 2561 ineffabili
856 2533 968 2560 tanta:
988 2524 1152 2560 suavita-

162 2584 207 2620 tis
223 2585 341 2633 gloria
358 2585 623 2621 contremiscit.
646 2585 756 2621 Unde
775 2586 871 2621 Elias
891 2585 1037 2621 vultum
1060 2597 1152 2633 ope-

1228 1935 1265 1962 et
1282 1926 1336 1962 lac
1352 1926 1388 1962 in
1415 1927 1552 1976 lingua.
1571 1925 1687 1963 Labia
1705 1939 1836 1962 eorum
1864 1927 1958 1962 sicut
1979 1927 2069 1963 vitta
2095 1927 2219 1963 cocci-

1228 1999 1318 2031 nea,
1340 1986 1428 2022 dum
1452 1986 1529 2021 ltaec
1553 1986 1684 2022 invitat
1709 1985 1754 2021 ad
1775 1994 2034 2035 contemptum
2062 1986 2216 2030 mundi,

1224 2055 1260 2082 et
1288 2047 1347 2082 illa
1369 2047 1497 2082 incitat
1525 2046 1570 2081 ad
1597 2059 1763 2081 amorem
1786 2046 1865 2081 Dei.
1888 2045 1997 2082 L‘ude
2024 2045 2161 2082 dicitur
2179 2047 2218 2082 in

1225 2109 1404 2142 Emmaus
1418 2106 1600 2154 proticisci
1616 2133 1625 2150 ,
1645 2105 1748 2154 quod
1765 2105 2046 2154 interpretatur,
2068 2105 2218 2142 Deside-

1222 2167 1316 2202 rium
1335 2166 1492 2202 consilii.
1506 2166 1697 2214 Numquid
1712 2164 1958 2201 ambulabunt
1973 2165 2047 2201 duo
2062 2165 2215 2214 pariter,

1222 2226 1290 2261 nisi
1312 2225 1367 2261 his
1394 2226 1640 2261 convenerit?
1660 2227 1690 2260 O
1711 2225 1818 2261 beata
1841 2225 2066 2269 conventio,
2102 2239 2214 2274 quain

1221 2284 1266 2320 ad
1291 2285 1451 2321 invicem
1478 2293 1673 2320 susurrant
1692 2284 1812 2320 oratio
1833 2292 1867 2319 et
1885 2284 2091 2319 meditatio.
2118 2287 2214 2319 Pro-

1222 2344 1317 2380 fecto
1336 2344 1388 2380 ire
1407 2344 1621 2380 desiderant
1638 2345 1672 2379 in
1687 2348 1862 2380 Emmaus
1882 2344 2094 2387 castellum,
2112 2343 2216 2391 quod

1221 2403 1267 2440 ab
1285 2404 1491 2440 Jerusalem
1508 2412 1563 2439 est
1580 2404 1616 2439 in
1635 2403 1756 2451 spatio
1774 2403 1980 2439 stadiorum
2007 2402 2213 2451 sexaginta.

1220 2463 1491 2511 Sexagcnarius
1526 2475 1705 2498 numerus
1736 2475 1780 2497 ex
1815 2461 1970 2497 denario
2006 2470 2152 2496 constat
2178 2469 2215 2496 et

1219 2523 1386 2567 senari‹›‚
1408 2536 1491 2570 quse
1512 2522 1631 2557 sexies
1658 2521 1806 2565 decem,
1837 2522 1895 2557 vel
1923 2521 2047 2557 decies
2067 2534 2129 2556 sex
2160 2521 2216 2556 sa-

1220 2582 1324 2617 ciunt
1354 2582 1557 2630 sexaginta.
1586 2580 1753 2618 Stadium
1779 2581 1882 2616 locus
1903 2589 1957 2616 est
1976 2581 2011 2616 iu
2034 2594 2110 2629 quo
2127 2594 2215 2616 cur-

161 2644 254 2688 ruit,
271 2644 423 2693 Elipltaz
441 2652 539 2680 totus
557 2644 767 2679 inhorruit:
791 2657 859 2680 nec
875 2648 1024 2691 Moyses
1042 2656 1154 2679 ausus
1170 2649 1203 2682 D
1220 2641 1326 2677 ritur.
1362 2641 1548 2677 Denarius
1577 2641 1761 2689 siguificat
1790 2641 2017 2688 Decalogum
2031 2668 2039 2683 ‚
2072 2640 2106 2675 in
2139 2653 2215 2688 quo

160 2711 215 2738 est
235 2702 401 2752 aspicere
419 2710 547 2738 contra
574 2703 775 2738 Dominum
788 2701 813 2738 ⁵.
832 2705 921 2737 Etsi
941 2706 1087 2737 venerit
1104 2705 1157 2737 ml

161 2775 236 2806 me,
269 2762 318 2797 ait
342 2761 434 2805 Job,
465 2776 540 2797 mm
563 2761 693 2797 videbo
725 2760 846 2796 σι(1)ι(”.
876 2764 984 2797 Oculi
1006 2764 1150 2796 illarum

158 2820 388 2856 tenebamur.
407 2824 437 2857 O
456 2821 483 2856 si
503 2821 704 2856 Dominum
721 2828 1013 2869 cognoscerent,
1035 2833 1154 2867 quau-

161 2888 238 2916 tum
261 2879 467 2928 gauderent
488 2882 494 2914 l
515 2883 704 2927 Quantum
735 2880 803 2928 ipsi
827 2879 1096 2927 gauderemus,
1123 2879 1151 2915 si

160 2939 297 2975 eumin
319 2939 472 2988 propria
488 2939 614 2988 specie
631 2940 788 2988 propius
810 2940 1041 2975 videremus!
1060 2940 1152 2987 Quis

160 3011 236 3034 non
262 2998 479 3041 accederet,
511 2999 585 3035 into
616 3008 785 3035 curreret
812 3008 847 3035 ct
872 3008 1016 3035 teneret
1039 2999 1152 3048 pedes

159 3056 266 3106 ejus?
287 3057 357 3095 Sed
379 3057 501 3093 adhuc
520 3058 689 3106 loquitur
706 3058 845 3108 ,loseph
870 3072 936 3107 per
960 3058 1151 3107 iuterpre-

160 3125 233 3153 tem
252 3116 429 3153 fratribus
444 3117 542 3152 suis:
559 3117 681 3153 adhuc
698 3117 905 3153 dissimulat
922 3130 1025 3152 suam
1044 3117 1152 3153 uoltis

159 3175 336 3212 exhibere
368 3177 621 3212 dulcissimam
657 3177 855 3212 visionem.
889 3176 986 3224 Quid
1021 3176 1119 3212 cuim
1138 3179 1152 3212 Ρ

211 3315 219 3330 ¹
238 3310 360 3341 Jobvu
379 3334 386 3348 ,
416 3314 474 3348 1³,
506 3314 557 3342 lli.
575 3329 616 3334 -—
641 3317 652 3332 ²
680 3311 724 3342 ld.
747 3322 791 3347 tv,
822 3314 930 3342 13-16.
966 3330 987 3331 Π

160 3363 175 3383 ⁰
191 3362 253 3394 Job
275 3374 324 3400 ix,
346 3366 393 3394 tt.
411 3381 451 3386 —
473 3363 613 3395 71¹21eclt.
633 3375 673 3394 xii
687 3387 694 3399 ‚
721 3368 770 3394 tsi.

1015 3309 1028 3332 3
1053 3314 1095 3340 Ill
1124 3313 1200 3351 l'xeg.
1228 3322 1305 3347 xix,
1330 3313 1418 3340 ‘J-lssl.

1220 2701 1348 2737 decem
1363 2701 1623 2736 mandatorum
1642 2701 1754 2736 series
1767 2701 1993 2736 continetur.
2011 2703 2052 2735 Iu
2068 2700 2214 2735 senario

1218 2773 1309 2795 vero
1329 2761 1510 2808 liguratur
1528 2759 1650 2795 szcculi
1669 2758 1973 2802 abi-emuniatio,
2000 2768 2037 2796 et
2067 2772 2212 2794 tuorum

1219 2819 1440 2863 c‹›nv01·si‹›;
1461 2817 1622 2865 abjectio
1646 2818 1808 2867 propt-ize
1834 2818 2056 2862 voluntatis,
2083 2826 2117 2853 et
2145 2817 2214 2853 al)-

1214 2879 1328 2926 jectio
1355 2878 1434 2913 siue
1465 2878 1549 2912 l'uco
1574 2877 1846 2920 simulationi53
1871 2877 2039 2912 custodia
2067 2877 2215 2920 cordis,

1219 2937 1504 2986 circumspectio
1517 2936 1711 2972 sermonis.
1723 2940 1763 2972 ln
1779 2936 1833 2972 liis
1848 2937 1975 2972 stadiis
1989 2936 2215 2972 currendum

1220 3007 1292 3042 est,
1319 3006 1358 3032 ut
1381 3010 1463 3032 cuin
1492 2996 1674 3031 Dominus
1702 2995 1914 3032 dilataverit
1935 3010 2000 3031 cor
2022 3005 2189 3032 nostrum
2205 3024 2214 3039 ,

1221 3070 1415 3093 curramus
1435 3056 1468 3091 iu
1488 3056 1584 3091 viam
1604 3055 1865 3092 matulatoruni
1883 3069 2057 3099 suot-uui,
2077 3064 2111 3091 et
2131 3064 2215 3104 post

1218 3116 1465 3151 devolvamur
1488 3128 1554 3164 per
1572 3115 1668 3151 viam
1697 3130 1703 3150 z
1732 3124 1767 3151 et
1786 3117 1823 3151 ἰιι
1841 3115 1896 3151 liis
1916 3116 1983 3150 viis
2003 3115 2213 3163 appropin-

1219 3190 1338 3225 quans
1358 3176 1539 3212 Dominus
1555 3176 1677 3211 veniet.
1695 3174 1823 3216 uobis,
1848 3177 1940 3211 sicut
1959 3189 2007 3211 sci
2021 3175 2139 3225 iptuui
2159 3182 2212 3208 ‹st

1466 3328 1476 3330 ἡ
1504 3316 1515 3333 ’θ
1541 3311 1636 3349 Λιιοσ.
1662 3320 1741 3342 riti,
1765 3312 1790 3338 1.
1820 3328 1824 3329 ⁷
1880 3306 1892 3328 5
1915 3308 2013 3338 Iixott.
2040 3318 2098 3337 ιιι.
2125 3312 2154 3336 o.
2176 3325 2182 3327 —
2206 3324 2214 3328 ·
