2504 3928
336 223 408 258 472)

335 411 1357 424 ιιιιιιιιιιιιιιιιιιιιιιιιιιιιιιιιιιιιιιιιιιιιιιιιιιιιιιιιιιιιιιιιιιιιιιι

715 1058 892 1096 CAPUT
923 1059 955 1096 1.

502 1175 640 1214 Superna
656 1173 845 1204 beatitudine
860 1173 935 1204 nihil
956 1173 1167 1215 praestabilius.

400 1293 429 1327 l.
451 1289 662 1328 Notandum
682 1301 737 1329 est
754 1292 846 1328 duas
862 1305 940 1328 esse
955 1291 1218 1335 beatitudines,
1238 1290 1330 1326 duas

343 1351 509 1387 miserias
531 1366 538 1386 :
558 1364 631 1387 una
654 1352 752 1387 enim
777 1360 831 1387 est
856 1350 1049 1387 beatitudo
1072 1363 1182 1399 quam
1209 1350 1328 1385 Adam

338 1410 467 1447 habuit
495 1411 531 1446 in
567 1411 740 1459 paradiso
771 1419 807 1446 et
841 1410 1025 1459 perdidit,
1056 1410 1171 1445 altera
1199 1417 1255 1444 est
1292 1409 1329 1443 in

339 1470 453 1512 coelo,
489 1482 599 1518 quam
639 1468 777 1505 liabent
808 1469 924 1504 sancti
957 1468 1088 1517 Angeli
1119 1480 1214 1516 quos
1251 1470 1330 1503 Do-

341 1530 466 1565 minus
501 1529 712 1578 assumpsit.
751 1532 835 1566 Una
870 1536 992 1564 autem
1027 1528 1174 1564 miseria
1207 1535 1262 1562 est
1291 1526 1329 1562 in

341 1597 456 1633 terra,
484 1601 595 1636 quam
627 1588 782 1637 singulis
808 1587 910 1623 horis
939 1587 1125 1636 patimur3
1147 1586 1262 1622 altera
1290 1586 1329 1622 in

340 1647 531 1696 ergastulo
557 1646 813 1692 infernorum,
835 1659 947 1696 quam
971 1645 1107 1695 perditi
1131 1653 1216 1695 post
1236 1658 1335 1681 mor-

341 1714 413 1742 tem
439 1706 649 1755 patiuntur.
669 1706 735 1742 Illa
758 1706 884 1754 itaque
910 1704 1104 1741 beatitudo
1124 1717 1235 1753 quam
1262 1704 1330 1740 lia-

339 1765 421 1802 buit
450 1765 569 1802 Adam
600 1765 637 1801 in
669 1765 867 1814 paradiso,
895 1765 962 1801 fuit
993 1764 1210 1813 temporalis
1238 1778 1245 1799 :
1270 1763 1332 1799 illa

1056 222 1288 256 GUIGOMS
1318 219 1658 254 (laxtt't‘t‘ffltlxsts

2312 216 2382 251 ‘180

1363 403 2382 419 ιιιιιιιιιιιιιιιιιιιιιιιιιιιιιιιιιιιιιιιιιιιιιιιιιιιιιιιιιιιιιιιιιιιιιιιι

1348 1063 1373 1095 Α
1397 1067 1509 1102 terat,
1528 1057 1633 1106 cujus
1659 1057 1804 1107 saporis
1832 1063 1950 1100 esset,
1977 1055 2065 1091 dum
2090 1055 2274 1103 integrum
2306 1067 2387 1090 ma—

1399 1126 1526 1161 neret,
1546 1117 1622 1166 jam
1644 1130 1710 1166 per
1732 1118 1846 1153 frusta
1866 1115 2025 1152 divisum
2053 1113 2278 1150 comederet.
2300 1115 2387 1150 Ser-

1398 1185 1480 1212 vata
1498 1177 1621 1225 itaque
1639 1177 1698 1212 illa
1716 1175 1893 1212 invisibili
1908 1173 2156 1224 promissione
2172 1172 2252 1217 Dei,
2267 1171 2389 1208 donec

1397 1237 1589 1272 veniamus
1610 1235 1672 1272 ubi
1693 1248 1772 1271 eam
1797 1234 2008 1271 videbimus
2027 1233 2132 1269 sicuti
2149 1240 2223 1277 est,
2256 1230 2390 1267 intenti

1397 1295 1579 1331 rimemur
1615 1295 1704 1344 quid
1739 1294 1986 1344 corporibus,
2021 1292 2160 1342 quidve
2193 1290 2389 1328 animabus

1398 1355 1535 1390 nostris
1568 1354 1786 1399 conveniat,
1817 1353 1908 1402 quid
1940 1361 2138 1402 appetere,
2169 1364 2245 1400 quo
2277 1351 2388 1387 etiam

1396 1412 1570 1448 delectari
1601 1412 1716 1448 libere
1747 1420 1782 1448 et
1813 1412 1894 1448 sine
1914 1411 2056 1447 offensa
2079 1410 2248 1454 valcant3
2270 1408 2389 1445 firmi-

1398 1479 1453 1506 tcr
1476 1479 1662 1517 tenentes,
1685 1471 1775 1507 nihil
1797 1470 1952 1506 lionoris
1981 1470 2039 1506 vel
2067 1468 2224 1517 alicujus
2246 1467 2390 1504 bonita-

1398 1530 1442 1565 tis
1461 1529 1589 1566 deesse
1607 1529 1784 1566 omnihus
1797 1558 1805 1574 ‚
1822 1528 1960 1577 quibus
1976 1529 2013 1564 in
2031 1529 2092 1564 illa
2109 1527 2280 1564 felicitate
2299 1538 2389 1562 eon-

1400 1588 1526 1638 tigerit
1546 1601 1636 1625 esse.

1756 1709 1932 1748 CAPUT
1961 1710 2014 1748 II.

340 1837 431 1860 vero
452 1833 507 1861 est
525 1825 697 1870 coelestis,
713 1833 871 1874 propter
887 1837 998 1873 quam
1016 1824 1133 1859 sactus
1153 1831 1208 1860 est
1223 1831 1333 1859 aeter-
1352 1831 1379 1864 Β
1422 1827 1594 1867 Corporum
1616 1823 1778 1855 beatorum
1795 1823 1883 1854 dotes
1903 1827 2100 1854 recensentur
2116 1827 2145 1852 et
2161 1821 2366 1863 explicantur.

340 1885 446 1922 nalis.
471 1885 537 1922 llla
557 1884 684 1921 itidem
707 1884 857 1919 miseria
873 1883 930 1920 vel
951 1882 1143 1919 tribulatio
1159 1895 1270 1931 quam
1294 1882 1333 1918 in

340 1946 515 1994 praesenti
544 1943 708 1993 patimur
722 1971 732 1988 ,
755 1943 867 1978 linem
888 1941 1001 1978 habet
1020 1956 1027 1978 ε
1052 1942 1114 1977 illa
1139 1954 1229 1977 vero
1250 1954 1333 1990 quae

341 2003 378 2038 in
398 2003 544 2039 inferno
562 2009 637 2047 est,
654 2001 758 2037 omni
777 2003 849 2037 line
866 2009 967 2038 caret
980 2029 989 2046 ‚
1007 2014 1090 2050 quae
1107 2001 1218 2037 etiam
1234 2013 1335 2037 mors

342 2061 506 2099 secunda
526 2061 749 2110 appellatur.

395 2122 429 2157 2.
460 2119 656 2157 Beatitudo
682 2119 795 2169 igitur
821 2133 904 2168 quae
924 2119 1060 2156 sanctis
1080 2119 1332 2170 promittitur,

344 2190 416 2218 tam
442 2193 574 2230 magna
595 2187 669 2224 est,
697 2187 846 2229 tamque
869 2179 1069 2225 mirabilis,
1091 2188 1132 2215 ut
1157 2192 1237 2215 eam
1266 2192 1335 2215 nec

342 2241 474 2277 oculus
503 2239 657 2284 viderit,
683 2252 750 2274 nec
776 2239 876 2274 auris
904 2238 1086 2283 audierit,
1110 2251 1179 2274 nec
1205 2239 1242 2274 in
1270 2252 1336 2275 cor

343 2299 505 2335 hominis
527 2297 747 2334 ascenderit.
767 2300 858 2334 Cum
876 2297 1001 2345 itaque
1026 2310 1103 2346 prae
1123 2298 1178 2333 sui
1198 2298 1336 2347 magni-

347 2357 476 2393 tudine
508 2356 634 2392 vidcrc
664 2369 918 2403 nequeamus,
940 2356 1220 2392 consideremus
1246 2356 1337 2405 quid

346 2417 382 2452 in
405 2416 579 2466 praesenti
606 2415 680 2451 vita
709 2428 777 2450 nos
799 2415 1018 2450 naturaliter
1048 2415 1225 2459 delectet,
1247 2415 1337 2463 quid

349 2475 491 2512 bonum
513 2475 571 2511 vel
594 2475 791 2511 honestum
813 2473 985 2510 videatur
1000 2502 1009 2518 ,
1033 2474 1061 2510 si
1083 2474 1222 2522 aliquid
1245 2475 1340 2510 sorte

350 2536 468 2585 possit
487 2535 670 2579 inveniri,
692 2534 791 2570 unde
812 2533 903 2569 illud
930 2532 1149 2569 admirabile
1163 2562 1172 2578 ,
1188 2533 1339 2569 oculum

347 2609 423 2632 non
439 2595 573 2632 vidisse
587 2603 623 2631 et
640 2607 767 2631 aurem
787 2607 862 2630 non
880 2593 1038 2638 audisse,
1055 2593 1213 2629 lucidius
1232 2592 1340 2629 nobis
1360 2602 1385 2634 Γ

347 2664 545 2705 appareat,
570 2664 606 2691 et
631 2668 802 2704 saporem
831 2654 1032 2703 gratiorem
1054 2652 1199 2690 habeat.
1222 2654 1340 2690 Nimis

349 2716 485 2751 etenim
505 2715 631 2764 paucis
655 2713 778 2750 verbis
803 2713 1116 2762 comprehensum
1140 2722 1194 2750 est
1223 2722 1340 2750 totum

353 2774 445 2810 illud
467 2774 570 2823 quod
591 2774 717 2809 clectis
741 2773 994 2822 promittitur,
1014 2781 1049 2808 et
1075 2773 1162 2821 quia
1190 2773 1260 2809 hoc
1293 2774 1342 2810 ita

349 2843 403 2870 cst
421 2834 625 2878 occultum,
646 2833 694 2869 ita
710 2832 894 2868 inclusum
913 2840 949 2868 et
968 2831 1014 2867 ab
1029 2832 1185 2867 infirmis
1207 2833 1342 2868 menti—

350 2893 418 2930 bus
432 2893 538 2929 valde
552 2901 762 2941 separatum
777 2907 786 2937 3
801 2904 983 2927 conemur
997 2890 1042 2926 de
1060 2899 1131 2926 tam
1146 2891 1342 2927 excellenti

350 2952 467 3001 gratia
493 2951 632 2999 aliquid
654 2950 798 2995 dicerc,
820 2964 860 2985 ac,
881 2949 971 2986 illud
996 2950 1030 2985 in
1053 2950 1179 2998 plures
1200 2958 1343 2999 partes,

351 3019 392 3047 ut
407 3010 598 3059 limpidius
616 3010 766 3054 clareat,
780 3008 982 3044 dividendo
999 3016 1172 3044 statuere.
1192 3009 1342 3045 sienim

351 3081 521 3119 grossum
550 3082 703 3118 pomum
731 3067 775 3104 ad
800 3067 1053 3103 mandendum
1087 3067 1219 3103 infanti
1252 3080 1342 3116 por-

353 3131 555 3178 rigeretur,
589 3141 665 3177 prce
694 3127 807 3164 nimia
829 3127 1080 3163 teneritudine
1108 3127 1163 3162 sui
1196 3127 1344 3176 parvuli

352 3190 428 3226 oris
459 3187 550 3225 illud
586 3189 757 3237 nequiret
787 3187 959 3223 mordere
991 3187 1047 3222 vel
1080 3186 1304 3223 manducare
1336 3202 1343 3222 ε

352 3250 454 3299 quod
473 3250 502 3286 si
523 3249 772 3299 particulatim
793 3247 1021 3284 incideretur
1036 3276 1044 3292 ‚
1063 3242 1241 3296 parvulus
1262 3246 1346 3283 inde

353 3309 499 3347 cibatus
521 3310 756 3354 reficeretur;
779 3317 815 3343 et
837 3307 938 3356 quod
960 3308 1062 3356 prius
1078 3307 1168 3343 scire
1189 3321 1262 3343 non
1282 3320 1345 3356 po-

1453 1945 1490 1980 3.
1523 1947 1673 1993 Septem
1702 1943 1816 1992 igitur
1840 1943 2019 1978 videntur
2035 1954 2113 1977 esse
2130 1953 2212 1990 quae
2233 1948 2391 1990 possunt

1400 2002 1625 2053 corporibus
1649 2003 1792 2052 aptari,
1816 2011 1853 2038 et
1873 2011 1959 2039 sunt
1984 2000 2261 2045 decentissima,
2282 2008 2319 2036 et
2346 2000 2392 2037 ad

1400 2062 1671 2099 beatitudinem
1689 2070 1727 2099 et
1746 2061 2052 2098 commoditatem
2069 2060 2236 2109 ipsorum
2253 2071 2389 2108 corpo-

1401 2135 1483 2159 rum
1508 2121 1834 2159 sufficientissima.
1853 2124 1948 2157 Sunt
1968 2128 2091 2156 autem
2108 2119 2208 2164 haec,
2228 2117 2395 2167 pulchri-

1401 2181 1506 2227 tudo,
1527 2181 1722 2226 velocitas‚
1745 2179 1939 2225 fortitudo,
1958 2178 2126 2222 libertas,
2150 2177 2302 2223 sanitas,
2326 2190 2395 2213 vo-

1401 2241 1544 2289 luptas,
1567 2240 1806 2276 diuturnitas.
1826 2243 1944 2276 Porro
1970 2239 1999 2274 si
2025 2238 2148 2286 aliqua
2175 2237 2210 2273 in
2234 2237 2289 2273 his
2308 2244 2396 2273 sunt

1402 2312 1484 2347 quae
1505 2298 1622 2334 sancti
1643 2298 1713 2334 viri
1735 2298 1850 2346 magis
1869 2297 2010 2346 fugiant
2025 2309 2135 2344 quam
2155 2294 2393 2340 desiderent,

1405 2366 1445 2393 ut
1480 2366 1535 2393 est
1569 2357 1740 2406 corporis
1776 2355 2018 2405 pulchritudo
2054 2363 2166 2403 atque
2194 2354 2394 2402 voluptas3

1404 2416 1596 2451 sciendum
1618 2423 1672 2451 est
1699 2428 1773 2451 non
1801 2428 1880 2451 esse
1905 2414 1966 2450 illa
1991 2413 2165 2462 fugienda
2187 2413 2274 2461 quia
2295 2412 2395 2448 bona

1405 2488 1473 2524 per
1489 2487 1527 2511 se
1548 2488 1622 2511 non
1641 2475 1734 2520 sint,
1752 2474 1816 2511 sed
1837 2487 1883 2509 ne
1899 2486 2029 2509 eorum
2048 2472 2244 2508 occasione
2265 2472 2301 2507 in
2319 2472 2396 2507 cul-

1407 2548 1490 2583 pam
1515 2534 1738 2571 offensionis
1758 2534 1994 2583 aliquatenus
2018 2532 2164 2568 cadant.
2188 2535 2278 2567 Nam
2301 2531 2330 2567 si
2353 2544 2396 2566 ca

1407 2593 1670 2642 amplectcndo
1687 2594 1823 2629 scirent
1839 2606 1876 2629 sc
1891 2607 1910 2628 a
1928 2591 2094 2628 bonitate
2112 2604 2186 2626 non
2206 2589 2394 2639 impediri,

1409 2667 1475 2689 nce
1498 2657 1577 2689 Deo
1595 2653 1810 2703 displicere,
1825 2653 1994 2702 profecto
2012 2653 2156 2688 nollent
2171 2650 2223 2687 eis
2240 2663 2367 2686 carere
2385 2663 2392 2684 ι

1409 2726 1484 2748 non
1511 2713 1609 2748 enim
1639 2714 1674 2748 in
1705 2714 1831 2749 l'uturo
1862 2726 1976 2761 parva
2006 2712 2043 2747 in
2070 2710 2124 2746 his
2150 2722 2303 2758 quoque
2327 2709 2398 2745 crit

1408 2781 1544 2808 sanctae
1567 2772 1777 2808 dulcedinis
1798 2772 2015 2815 delectatio,
2042 2770 2103 2806 ubi
2125 2769 2226 2805 nulla
2243 2769 2314 2804 erit
2338 2768 2397 2804 of-

1409 2831 1584 2867 fensionis
1613 2831 1786 2867 formido.
1820 2830 2026 2867 Animabus
2052 2842 2141 2865 vero
2167 2827 2301 2864 sanctis
2322 2827 2398 2863 liaec

1409 2891 1677 2927 convenienter
1703 2890 1822 2940 aptari
1852 2890 2051 2932 videntur,
2083 2887 2281 2937 sapientia,
2303 2885 2398 2922 ami-

1409 2951 1514 2994 citia,
1545 2949 1767 2992 concordia,
1803 2957 1987 2998 potestas,
2021 2947 2165 2990 honor,
2201 2945 2398 2989 securitas,

1409 3009 1598 3058 gaudium.
1632 3012 1719 3044 Haec.
1749 3009 1887 3044 clectos
1912 3007 1980 3043 Dci
2003 3007 2039 3042 in
2067 3006 2130 3041 illo
2149 3003 2259 3040 beato
2282 3015 2398 3052 regno

1410 3068 1603 3105 habituros
1632 3067 1787 3103 dubium
1819 3080 1893 3102 non
1921 3075 1975 3102 cst
1998 3078 2109 3101 :cum
2140 3064 2224 3100 illos
2249 3062 2398 3098 inhabi-

1413 3136 1475 3173 tct,
1490 3140 1530 3162 ac
1549 3127 1618 3162 illis
1636 3125 1831 3175 praesideat
1846 3124 1891 3160 de
1905 3137 1982 3172 quo
1998 3131 2051 3159 est
2069 3121 2226 3171 quiquid
2242 3133 2399 3170 usquam

1414 3187 1557 3223 bonum
1579 3195 1651 3232 est,
1670 3194 1705 3222 ct
1726 3185 1789 3234 qui
1807 3193 1942 3234 potens
1959 3191 2013 3219 est
2033 3190 2068 3218 et
2086 3182 2270 3230 gloriosus
2290 3192 2402 3229 super

1413 3248 1538 3283 omnia
1561 3244 1770 3281 ineffabilis.

1467 3306 1500 3341 st.
1523 3304 1592 3342 Sed
1610 3304 1687 3353 jam
1706 3303 1750 3340 ad
1768 3311 1887 3352 coepta
1906 3301 2115 3346 redeamus,
2134 3308 2168 3335 et
2187 3299 2232 3335 de
2250 3297 2401 3346 singulis
