2504 3928
300 183 367 216 sat

910 180 1034 214 vlTls
1063 180 1292 221 MYS'HCA,
1322 180 1409 214 SEU
1442 176 1722 212 TRACTATUS

297 267 331 293 et
359 257 417 293 ‹lir
448 269 491 292 ex
519 264 596 290 toto
632 254 744 301 corde
764 269 770 290 :
793 256 823 290 Ο
839 267 994 303 sponse,
1019 256 1166 303 ignosce
1196 255 1312 300 illis,⁴

2261 180 2338 216 892

1322 254 1345 272 ⁸¹
1361 255 1445 290 vitaz
1467 253 1575 288 simul
1593 261 1629 288 et
1649 252 1863 289 substantiae
1882 260 2010 302 raptor
2026 253 2175 300 alienae,
2199 256 2344 304 positus

293 318 378 365 quia
405 315 575 351 nesciunt
610 313 699 362 quid
735 314 894 358 faciunt;
934 313 970 349 id
1001 322 1074 360 est,
1105 322 1285 362 quantum
1306 316 1334 347 A
1352 315 1388 349 in
1402 313 1525 361 januis
1542 312 1672 347 mortis
1685 339 1695 357 ,
1713 312 1749 347 in
1766 312 1838 348 line
1855 312 1957 356 viee,
1976 312 2194 361 desperatus
2209 315 2255 350 (le
2269 316 2344 352 vita

291 375 530 422 delinquant,
558 373 742 422 ignorant.
767 373 802 408 Si
820 373 918 408 enim
945 373 1081 409 scirent
1110 381 1286 422 quantam

294 433 562 469 beatitudinem
599 432 791 477 amittant,
824 440 1001 480 quantam
1037 432 1287 468 infelicitatem

294 492 483 542 peccando
505 492 710 536 incurrant,
725 491 855 539 utique
875 504 950 526 non
968 500 1177 540 peccarent.
1191 490 1289 538 Quid

294 552 393 587 enim
418 560 471 587 cst
501 550 600 600 quod
622 563 754 586 omnes
780 550 949 586 homines
981 550 1027 586 ad
1061 550 1291 599 peccandum

296 611 467 658 instigat,
501 610 568 645 nisi
604 609 811 657 ignorantia
849 608 936 644 boni
964 608 1065 657 quod
1096 609 1289 658 perditur,

297 678 333 704 et
378 669 463 705 mali
500 667 602 716 quod
645 667 836 716 peccando
876 667 1082 703 incurritur
1104 669 1118 700 i’
1140 666 1292 703 Amitti-

296 737 356 764 tur
380 728 572 777 peccando
594 728 758 777 optimus
788 730 910 769 Deus,
949 726 1154 775 acquiritur
1182 738 1293 774 piena

295 787 512 836 gehennalis
530 815 539 831 ‚
585 799 747 834 quorum
795 785 1128 821 commutationem
1170 785 1293 820 nullus

293 847 458 896 appetit,
488 846 557 882 nisi
579 858 733 894 prorsus
760 845 923 880 insanus.
953 847 995 880 Et
1012 857 1099 881 vere
1115 844 1291 892 ‹pneum-

297 919 371 954 que
398 905 481 941 coeli
510 904 660 941 delicias
682 904 893 940 amittentes
921 904 1079 940 scienter
1105 903 1294 952 peccando

293 978 423 1015 poenas
458 965 664 1001 infernales
693 964 897 1008 invadunt,
923 964 1041 1000 insani
1074 971 1160 999 sunt
1188 977 1195 998 z
1226 975 1294 998 ne-

1354 371 1545 421 pra·senti‚
1570 383 1675 418 spem
1696 370 1781 406 vitre
1803 370 2062 419 futui·;e‹1uain
2085 372 2194 407 toties
2214 373 2343 409 deme-

1357 439 1477 466 ruerat
1497 458 1505 474 ,
1529 441 1800 477 nunquamque
1819 438 2005 465 meruerat
2024 430 2242 479 concipere,
2263 444 2345 467 eam

1358 490 1545 537 requirere
1566 501 1642 524 non
1664 488 1852 523 formidat.
1874 488 1964 534 Quis
1982 488 2042 524 liic
2062 488 2254 538 desperet,
2277 493 2347 526 La-

1359 557 1465 583 trone
1484 548 1681 596 sperante?
1702 545 1772 583 Sed
1789 559 1914 594 operae
1932 546 2093 595 pretium
2116 556 2170 583 est
2187 547 2347 597 diligen-

1358 615 1412 643 ter
1426 607 1562 642 intueri
1581 606 1701 654 quabs
1717 605 1828 641 fuerit
1841 609 1953 642 Latro
1971 606 2058 652 iste,
2075 619 2135 652 ne,
2152 607 2181 643 si
2198 620 2346 644 causam

1357 666 1435 714 spei
1464 666 1688 708 nesciamus,
1718 665 2023 714 praesumptionis
2047 665 2177 701 vitium
2203 665 2347 702 incida-

1359 739 1452 761 nms.
1478 728 1616 761 Omnes
1641 724 1749 760 amici
1770 732 1806 759 ct
1827 723 2007 773 proximi,
2033 733 2069 760 et
2089 724 2192 770 noti,
2217 724 2348 760 fratres

1358 798 1528 833 quoqne,
1546 785 1620 819 imo
1639 792 1675 819 et
1689 783 1758 832 ipsi
1773 783 1946 832 discipuli
1961 784 2168 830 unanimes,
2187 792 2222 820 et
2240 783 2348 820 electi

1359 844 1405 879 (le.
1424 843 1564 879 mundo
1581 856 1601 879 a
1623 843 1788 879 Domino
1808 845 1894 879 Jesn
1910 843 2058 879 Christo
2072 870 2081 887 ‚
2106 843 2140 878 in
2162 851 2348 879 tantarum

1360 916 1620 953 pressurarum
1647 902 1835 947 molestia,
1861 902 1896 938 in
1920 910 2019 938 tanta
2045 903 2283 948 confusione,
2312 910 2350 939 et

1361 963 1473 999 tantis
1493 961 1731 1012 opprobriis,
1750 974 1929 1011 percusso
1951 969 2100 1010 pastore
2122 963 2224 998 velut
2245 975 2350 998 erra-

293 1026 416 1062 seiunt
445 1038 534 1074 ergo
558 1024 647 1074 quid
671 1025 823 1061 faciunt.
856 1023 1007 1060 Talibus
1041 1031 1186 1071 ergoet
1220 1036 1289 1072 pro
1311 1020 1337 1053 B
1360 1023 1439 1058 ticae
1471 1035 1562 1057 oves
1590 1029 1677 1057 sunt
1705 1020 1880 1069 dispersi.
1915 1023 2076 1070 Fugerat
2105 1034 2258 1070 quoque
2288 1021 2349 1057 ille

297 1094 425 1122 nostra
453 1086 590 1129 salute,
622 1093 658 1121 et
694 1097 764 1134 pro
801 1084 951 1120 illorum
988 1083 1201 1132 ignorantia
1239 1091 1292 1119 est

300 1144 587 1193 ignoscendum,
606 1152 641 1180 et
655 1157 725 1193 pro
738 1143 827 1193 ipsis
838 1142 1140 1186 orandum‚cum
1160 1141 1292 1190 grandi

299 1204 434 1239 fidncia
448 1231 457 1247 ‚
481 1203 567 1251 quia
587 1203 674 1238 tales
690 1216 820 1251 preces
843 1214 951 1237 aures
971 1201 1123 1237 Domini
1139 1200 1290 1236 violen-

298 1272 354 1299 ter
379 1263 606 1311 irrumpunt.
630 1262 813 1298 Nimirum
832 1259 984 1296 exaudit
1011 1260 1090 1308 ipse
1112 1259 1224 1303 alios,
1254 1259 1291 1294 in

296 1335 373 1370 qno
391 1334 429 1357 se
446 1321 566 1356 voluit
593 1319 774 1356 exaudiri.
804 1323 848 1355 Et
869 1317 1070 1354 exauditus
1092 1317 1181 1361 fuit,
1205 1329 1289 1352 cum

299 1381 345 1417 atl
361 1380 665 1429 praedicationem
688 1378 786 1415 Petri
806 1390 882 1413 uno
904 1377 963 1412 die
985 1376 1053 1411 tria
1068 1375 1200 1419 millia,
1219 1375 1291 1410 alio

300 1439 360 1475 die
377 1447 540 1487 quatuor
557 1438 670 1473 millia
686 1449 816 1472 eorum
832 1464 841 1481 ,
859 1435 923 1483 qui
941 1435 977 1470 in
996 1447 1125 1470 necem
1141 1433 1293 1469 Domini

299 1498 616 1540 acclamaverant,
639 1503 725 1532 sunt
746 1493 952 1530 conversi¹.
980 1495 1128 1539 Quanta
1152 1492 1188 1527 in
1216 1504 1293 1527 coe—

300 1556 456 1593 lestibus
469 1555 708 1605 jucunditas,
728 1567 812 1590 cum
842 1553 987 1589 occisus
1010 1552 1215 1588 occisorem
1228 1578 1237 1595 ,
1257 1557 1294 1586 et

302 1615 462 1666 quilibet
483 1616 591 1651 laesus
602 1628 639 1651 se
652 1613 850 1649 laedentem
866 1610 1102 1648 orationibus
1120 1610 1195 1646 suis
1207 1622 1293 1659 per-

300 1675 404 1712 ducit
431 1675 477 1711 ad
498 1675 633 1711 coelum
653 1676 659 1709 !
678 1675 709 1711 O
728 1680 866 1721 quanta
891 1671 961 1707 fuit
985 1670 1185 1707 exsultatio
1210 1672 1293 1707 Ste-

299 1735 414 1784 phani
443 1747 558 1783 super
581 1732 828 1769 conversione
859 1731 986 1777 Pauli,
1009 1730 1074 1779 qui
1108 1730 1184 1766 suis
1203 1742 1291 1765 ora-

302 1794 469 1830 tionibus
497 1793 541 1829 ad
567 1793 677 1828 fidem
714 1804 937 1836 conversus,
972 1798 1103 1840 postea
1126 1803 1196 1839 pro
1223 1788 1295 1824 fide
1316 1789 1343 1825 C

300 1853 437 1890 Christi
467 1852 560 1888 sicut
580 1852 702 1900 ipsum
726 1850 980 1899 lapidaverat,
1011 1847 1196 1897 lapidatus
1217 1855 1292 1892 est,

299 1921 336 1948 et
367 1913 483 1948 multa
511 1911 626 1955 mala,
664 1923 747 1959 quae
773 1918 858 1946 ante
894 1908 1034 1945 sanctis
1063 1908 1291 1956 ingesserat,

299 1979 457 2020 propter
472 1970 659 2006 Christum
681 1968 880 2005 sustinuit!
904 1971 1113 2016 Sequamur
1132 1966 1245 2015 igitur
1259 1973 1295 2001 et

298 2043 367 2066 nos
387 2043 457 2079 pro
481 2028 641 2065 inimicis
661 2027 825 2073 orando,
846 2035 889 2063 ut
904 2027 978 2063 illis
998 2026 1107 2062 simul
1129 2033 1166 2061 et
1186 2023 1295 2061 nobis

300 2097 476 2125 aeternam
498 2101 711 2125 mereamur
725 2087 896 2124 obtinere
918 2086 1090 2123 salutem.

657 2225 832 2263 CAPUT
862 2223 934 2261 IX.

301 2342 348 2370 De
369 2337 504 2369 secundo
524 2336 597 2368 folio
619 2337 708 2373 vitis,
735 2347 787 2367 sen
804 2337 843 2367 de
867 2335 1003 2367 secundo
1024 2334 1119 2365 verbo
1139 2332 1252 2365 Christi
1270 2332 1300 2363 in

347 2402 438 2423 cruce
449 2416 456 2427 ‚
478 2388 577 2421 Hodie
592 2402 707 2420 mecum
723 2390 782 2420 eris
796 2391 829 2420 in
842 2388 1007 2434 paradiso,
1023 2391 1098 2418 Luc.
1110 2398 1178 2428 cap.
1195 2397 1295 2423 xxm,

350 2443 388 2481 j:
411 2447 465 2476 43.

1359 1082 1562 1131 discipulus
1586 1095 1698 1130 quem
1725 1080 1900 1131 diligebat
1930 1083 2048 1117 Jesus.
2078 1081 2145 1117 Ille
2164 1081 2300 1118 ardens
2329 1094 2351 1117 a

1358 1143 1469 1189 longe
1492 1140 1741 1190 sequebatur,
1766 1140 1958 1190 signorum
1988 1140 2229 1177 immemores
2249 1139 2350 1176 divi-

1357 1214 1492 1237 norum
1505 1229 1514 1246 ‚
1530 1214 1614 1249 quae
1628 1200 1858 1237 Salvatorem
1877 1199 1983 1234 toties
1998 1198 2170 1235 viderant
2185 1199 2349 1248 operari,

1358 1262 1434 1297 imo
1454 1269 1491 1296 et
1511 1260 1580 1309 ipsi
1596 1260 1634 1296 in
1654 1259 1806 1295 nomine
1824 1258 1941 1308 ipsius
1959 1258 2107 1294 fuerant
2124 1260 2283 1308 operati.
2303 1262 2351 1296 Et

1359 1332 1458 1355 nunc
1486 1321 1598 1354 Latro
1625 1319 1722 1354 inter
1752 1326 1806 1354 tot
1833 1318 2062 1367 improperia
2092 1326 2129 1354 et
2159 1318 2349 1363 miserias,

1357 1378 1433 1413 imo
1454 1385 1490 1413 et
1507 1377 1605 1412 inter
1626 1384 1680 1412 tot
1702 1385 1889 1412 tormenta
1906 1377 2026 1412 crucis
2041 1385 2077 1413 et
2097 1377 2228 1413 mortis
2245 1378 2351 1426 prius

1359 1448 1435 1472 non
1457 1435 1647 1483 cognitum
1675 1435 1894 1478 confltetur,
1917 1443 1954 1471 et
1979 1435 2025 1470 ab
2054 1449 2099 1471 co
2131 1435 2353 1472 fiducialiter

1359 1494 1452 1544 petit
1470 1494 1650 1530 auxilium
1667 1521 1676 1538 ,
1698 1493 1762 1542 qui
1787 1493 1928 1530 auxilio
1946 1493 2148 1530 videbatur
2167 1495 2348 1544 indigere.

1359 1556 1477 1600 Quem
1499 1552 1768 1601 discipulorum
1790 1560 1890 1588 tanta
1908 1551 2062 1589 audacia
2081 1552 2354 1590 inflammavit?

1358 1615 1553 1662 Fugerunt
1572 1624 1703 1648 omnes
1729 1624 1838 1658 eum,
1865 1624 1977 1661 quem
2005 1612 2184 1649 hactenus
2208 1612 2355 1650 fuerant

1360 1671 1520 1708 confessi
1545 1670 1635 1706 dum
1654 1670 1797 1707 viveret
1816 1685 1823 1707 :
1841 1671 1908 1707 iste
1924 1683 2015 1707 vero
2033 1683 2146 1720 quem
2164 1673 2354 1709 viventem

1361 1738 1583 1779 negaverat,
1600 1730 1801 1766 confitetur
1822 1730 2058 1766 morientem.

1417 1790 1479 1827 35.
1509 1792 1599 1827 Orat
1621 1800 1712 1826 vero
1732 1788 1770 1824 in
1796 1788 1868 1825 fide
1884 1817 1895 1834 ‚
1916 1797 1953 1825 et
1974 1801 2060 1838 spe,
2083 1796 2120 1825 et
2148 1788 2326 1826 charitate
2340 1817 2350 1835 ,

1360 1849 1488 1886 dicens
1516 1863 1524 1885 :
1550 1850 1739 1884 Memento
1766 1853 1861 1892 mei,
1883 1851 2064 1889 Domine,
2092 1850 2178 1883 dum
2207 1853 2354 1884 veneris

1360 1912 1398 1942 in
1419 1920 1570 1955 regnum
1589 1916 1703 1944 tuum.
1723 1906 1850 1944 Credit
1870 1907 2042 1956 profecto
2059 1906 2096 1942 in
2120 1919 2223 1952 eum,
2240 1919 2353 1956 quem

1359 1967 1564 2002 Dominum
1595 1974 1632 2002 et
1659 1969 1798 2014 Regem
1825 1966 2001 2016 appellat.
2022 1966 2114 2012 Quis
2138 1974 2261 2002 autem
2282 1979 2352 2015 pe-

1361 2025 1405 2061 tit
1431 2025 1526 2070 hoc,
1557 2023 1659 2074 quod
1688 2037 1764 2060 non
1794 2026 1946 2074 sperat?
1972 2027 2082 2060 Amat
2113 2036 2205 2061 vero
2238 2037 2323 2061 eum
2341 2052 2351 2070 ,

1360 2085 1419 2121 cui
1457 2083 1637 2134 conjungi
1671 2083 1871 2120 desiderat.
1902 2083 2000 2131 Quid
2027 2084 2089 2120 tali
2119 2084 2260 2120 oratori
2292 2084 2355 2121 ille

1361 2143 1483 2181 bonus
1510 2148 1619 2181 Pater
1644 2152 1819 2194 negaret,
1847 2144 1913 2193 qui
1940 2156 2025 2180 eum
2052 2144 2274 2181 incitaverat
2311 2152 2354 2181 ut

1361 2212 1532 2252 rogaret,
1564 2203 1771 2252 praesertim
1803 2203 1891 2240 dum
1918 2203 1956 2240 in
1983 2203 2070 2240 sede
2098 2204 2282 2254 sponsali,
2316 2204 2355 2241 in

1361 2263 1421 2298 die
1435 2262 1593 2311 nuptiali
1610 2261 1784 2298 sederet?
1800 2261 1914 2298 Sedes
1929 2262 2134 2311 sponsalis,
2153 2275 2244 2298 crux
2261 2270 2354 2307 erat,

1366 2321 1404 2357 in
1426 2335 1498 2369 qua
1519 2333 1629 2357 verus
1650 2333 1813 2369 sponsus
1831 2333 2007 2368 sponsam
2026 2333 2128 2356 snam
2149 2320 2354 2356 Ecclesiam

1365 2380 1434 2416 sibi
1456 2380 1661 2429 copulavit,
1682 2379 1800 2428 ipsam
1819 2378 1889 2415 sibi
1905 2378 2047 2428 proprii
2062 2378 2191 2415 sacrati
2205 2379 2356 2427 sangui-

1364 2441 1421 2476 nis
1441 2440 1623 2475 effusione
1644 2438 1882 2474 subarrhans.
1904 2437 2106 2475 Exaudivit
2127 2450 2215 2486 ergo
2239 2437 2352 2474 Chri-

1362 2507 1440 2534 stus
1459 2498 1620 2534 animam
1641 2510 1716 2533 non
1733 2496 1809 2545 jam
1830 2497 2003 2534 Latronis
2019 2525 2028 2542 ‚
2047 2496 2112 2533 sed
2129 2496 2351 2533 confessoris

356 2564 417 2600 34.
447 2562 660 2599 Secundum
690 2561 783 2597 Vitis
819 2567 954 2595 nostrae
987 2558 1139 2602 folium,
1168 2564 1204 2592 et
1236 2567 1296 2592 se-
1315 2556 1345 2590 D
1363 2558 1442 2603 sni,
1467 2570 1639 2606 sponsam
1662 2569 1788 2602 suam,
1815 2564 1852 2592 et
1871 2564 2041 2592 orantem
2063 2556 2175 2604 digna
2192 2568 2354 2605 respon-

304 2623 426 2660 cnnda
443 2623 593 2658 citliarae
611 2629 749 2658 nostrae
764 2619 903 2656 chorda
919 2627 975 2654 est
989 2617 1192 2654 secundum
1208 2628 1296 2651 ver-

305 2683 395 2719 bum
429 2681 579 2718 Domini
605 2679 773 2716 crucifixi
789 2707 798 2720 ‚
826 2677 927 2726 quod
950 2677 1000 2712 ait
1023 2676 1068 2712 ad
1094 2679 1295 2712 Latronem

306 2742 572 2784 confitentem,
594 2747 631 2774 et
662 2737 831 2774 crucifixi
852 2735 1083 2772 consortium
1115 2742 1297 2783 expeten—

307 2807 382 2836 tem
407 2813 413 2834 ι
439 2804 558 2834 Amen
581 2800 660 2833 {lieo
681 2797 747 2832 tibi
758 2824 769 2840 ‚
792 2798 898 2831 hodie
919 2809 1060 2831 mecum
1081 2799 1151 2829 eris
1170 2798 1207 2828 ιή
1219 2806 1297 2840 pa-

306 2860 444 2893 radiso,
467 2856 605 2904 Quanti
627 2856 761 2891 viroris
784 2864 839 2891 est
858 2855 929 2891 lioc
950 2853 1100 2890 solium!
1121 2856 1152 2890 O
1175 2865 1299 2901 quan-

317 2926 390 2952 tam
428 2916 664 2951 ‹lulecdinem
703 2923 854 2951 resonat
887 2914 1027 2950 chorda
1063 2914 1152 2949 ista!
1181 2916 1299 2959 Quam

306 2976 431 3012 subito
453 2990 497 3011 ex
522 2976 626 3011 hoste
649 2975 764 3011 factus
787 2983 841 3010 est
863 2974 1023 3017 amicus,
1043 2986 1088 3009 ex
1110 2973 1230 3009 alieno
1250 2972 1298 3007 fa-

307 3035 460 3071 miliaris
472 3065 481 3079 ,
498 3035 544 3069 ‹le
561 3043 741 3070 extraneo
760 3034 975 3083 proximus,
992 3033 1037 3068 de
1055 3033 1199 3068 latrone
1214 3044 1300 3067 con-

306 3095 442 3130 fessor!
466 3097 497 3131 Ο
517 3101 656 3142 quanta
677 3093 848 3129 Latronis
870 3092 1022 3128 fiducia!
1046 3091 1168 3127 omnis
1192 3090 1297 3135 mali,

308 3154 448 3190 nullius
474 3152 564 3189 boni
591 3153 761 3188 conscius
788 3151 881 3196 sibi,
908 3159 1159 3199 transgressor
1188 3149 1298 3199 legis,

359 3281 765 3316 'At-t.11‚'il,et1v,'i.

1362 2617 1466 2653 sione
1481 2615 1725 2651 confortavit:
1737 2619 1859 2651 Amen
1874 2617 1955 2650 (lico
1970 2615 2051 2660 tibi,
2068 2627 2160 2652 vere
2174 2614 2260 2651 ‹lico
2275 2614 2357 2660 tibi,

1363 2676 1471 2710 hodie
1491 2688 1629 2709 mertem
1658 2678 1729 2709 eris
1759 2679 1796 2709 in
1821 2675 2015 2722 paradiso.
2037 2674 2104 2711 Cui
2135 2673 2225 2710 tibi?
2255 2673 2354 2719 vbi,

1363 2735 1428 2783 qui
1444 2748 1501 2770 me
1517 2734 1709 2770 confessus
1724 2746 1763 2770 es
1778 2734 1815 2769 in
1832 2746 1942 2769 cruce
1958 2741 2232 2769 tormentorum
2251 2746 2259 2768 :
2281 2746 2357 2768 me-

1363 2807 1446 2829 cum
1462 2794 1583 2829 crisin
1604 2792 1776 2841 paradiso
1791 2792 2022 2828 deliciarum.
2040 2794 2202 2835 Mecum,
2220 2791 2355 2840 inquit.

1366 2853 1459 2889 Mira
1488 2852 1720 2900 benignitas!
1745 2855 1826 2888 Non
1854 2851 1944 2887 dicit
1964 2851 2203 2900 simpliciter,
2226 2855 2296 2885 eris
2318 2855 2356 2885 in

1361 2914 1569 2960 parmliso;
1594 2911 1650 2947 vel
1665 2939 1674 2956 ,
1705 2913 1796 2947 Cum
1818 2910 1969 2959 Angelis
1988 2911 2060 2946 eris
2081 2924 2088 2945 :
2110 2908 2174 2945 sed
2188 2937 2198 2955 ,
2217 2922 2356 2944 mecum

1364 2976 1446 3007 eris.
1468 2970 1667 3008 Satiaberis
1691 2984 1736 3005 eo
1762 2983 1873 3018 quem
1898 2969 2086 3005 desideras
2108 2983 2115 3004 ε
2147 2968 2292 3004 videbis
2318 2969 2357 3004 in

1366 3029 1580 3078 majestate,
1607 3043 1718 3078 quem
1740 3030 1928 3065 confiteris
1948 3029 2112 3078 positum
2132 3027 2169 3063 in
2193 3028 2358 3064 infirmi-

1365 3098 1450 3126 tate.
1486 3092 1559 3126 Nec
1598 3087 1731 3124 differo
1767 3087 1870 3136 quod
1902 3087 2105 3137 promitto;
2137 3086 2223 3135 quia
2253 3087 2359 3122 hodie

1366 3161 1506 3183 mecam
1523 3150 1602 3182 eris.
1624 3149 1750 3183 Bonus
1769 3159 1856 3181 vero
1873 3153 1909 3180 ct
1932 3145 2049 3181 ‹lulcis
2068 3149 2174 3181 Jesus
2199 3144 2273 3180 cito
2295 3157 2358 3180 ex-
