2418 3949
160 247 239 284 909
917 249 981 283 DE
1011 247 1240 283 PASSIONE
1269 249 1457 284 DOMINI.
2135 250 2211 286 910

158 322 249 374 de),
273 323 388 361 nolite
408 323 454 362 de
472 323 669 362 altitudine
698 324 766 361 lilii
783 324 897 361 vestri
914 353 924 371 ,
948 324 984 360 id
1005 331 1081 369 est,
1102 323 1149 360 de
1162 322 1210 341 ⁴³⁰
1221 323 1302 370 ille,
1318 324 1383 373 qui
1399 332 1455 360 est
1470 325 1638 361 excelsus
1654 338 1767 375 super
1787 339 1916 362 omnes
1931 333 2061 377 gentes
2075 327 2209 363 Domi-

158 383 321 432 puritate
352 384 530 421 castitatis
557 392 710 430 vestrae,
743 384 817 421 alta
851 396 992 433 sapere.
1028 383 1152 419 Nolite
1169 385 1200 418 Α
1217 394 1307 426 nus,
1327 390 1365 417 et
1387 394 1501 431 super
1520 383 1636 419 coelos
1653 384 1770 433 gloria
1790 383 1871 432 ejus
1892 399 1900 420 ε
1922 393 1960 421 et
1978 384 2079 421 disce
2099 386 2210 422 etiam

159 441 308 479 laudem
334 443 561 479 exteriorem
586 451 766 493 appetere
791 456 799 478 ε
828 455 874 479 ne
897 442 1023 478 clauso
1053 442 1150 478 ostio
1218 440 1306 489 quia
1323 448 1363 476 tu
1378 453 1417 476 es
1431 441 1551 477 lutum
1567 450 1604 477 et
1615 442 1725 488 einis,
1741 451 1778 479 et
1794 443 1845 479 sic
1861 443 2030 480 invenies
2043 444 2210 493 requiem

159 502 264 551 regni
282 503 478 549 coelorum,
493 502 591 540 dicat
607 502 716 540 vobis
731 514 913 552 sponsus,
933 505 1052 537 Amen
1069 503 1151 536 dico
1217 499 1350 536 animae
1372 507 1455 536 tuae.
1477 501 1548 536 Sed
1567 509 1676 546 nota,
1699 501 1801 550 quod
1821 502 1871 538 ait
1887 517 1894 539 :
1915 505 2076 539 Humilis
2092 505 2210 540 corde.

160 561 287 605 vobis,
305 566 429 598 nescio
444 575 535 606 vos3
552 570 589 598 et
604 575 625 598 a
643 575 681 599 se
696 561 890 606 excludat,
908 560 972 609 qui
990 564 1155 608 respexit
1216 562 1300 595 Non
1322 558 1422 595 enim
1444 559 1529 596 ficta
1551 560 1759 597 humilitate
1779 561 1950 610 placatur
1969 562 2030 598 ille
2042 591 2050 607 ‚
2073 563 2138 612 qui
2157 571 2214 600 est

159 621 407 657 humilitatem
423 624 575 657 ancilloe
588 635 682 656 sace.
700 620 827 657 Multae
847 620 946 656 enim
963 619 1151 668 virginum
1217 618 1368 654 humilis
1390 619 1503 655 corde
1517 648 1526 665 ,
1548 619 1613 656 sed
1633 620 1842 657 humilitate
1867 634 1968 658 vera.
1991 623 2212 659 Humilitate

159 679 432 726 excludentur,
449 680 537 728 quia
560 679 807 729 superbarum
831 679 932 715 nulla
960 676 1150 726 ingredie-
1218 676 1342 712 cordis
1369 676 1577 714 delectatur
1605 678 1685 724 ille,
1713 679 1778 727 qui
1807 679 1976 717 intuetur
2006 695 2094 729 eor3
2125 683 2213 732 quia

161 746 232 775 tur.
248 739 457 776 Humilium
472 752 564 776 vero
578 740 722 785 nullus,
739 752 808 775 nec
821 738 1042 787 conjugatus
1055 766 1064 782 ‚
1082 749 1150 772 nec
1215 735 1253 772 in
1276 736 1473 773 humilium
1503 737 1681 774 cordibus
1708 739 1920 787 requiescit.
1946 742 2090 788 Quaerit
2112 743 2212 778 enim

158 799 288 848 virgo,
311 812 379 835 nec
398 799 512 836 vidua
538 799 746 835 merebitur
776 798 927 848 expelli.
952 801 1063 836 Arcta
1092 804 1148 833 est
1218 796 1332 833 corda
1358 796 1578 843 humilium,
1600 811 1684 847 quae
1717 799 1864 845 elevet;
1899 812 1975 836 non
2009 801 2169 848 tumida,
2193 816 2214 839 a

152 856 272 906 janua
291 858 394 907 regni
421 859 624 904 coelorum,
644 871 713 895 nec
734 858 867 908 recipit
899 857 968 894 nisi
996 869 1146 907 parvos.
1213 854 1354 905 quibus
1375 856 1524 892 resiliat.

156 916 305 953 Tumidi
333 917 586 967 repelluntur,
617 917 693 953 imo
724 929 960 966 nequaquam
990 924 1150 966 possunt
1267 915 1331 951 59.
1356 915 1428 952 Sed
1448 915 1537 964 quia
1557 915 1633 951 duo
1652 916 1869 965 posuimus,
1890 931 1974 966 quae
1996 918 2107 956 nobis
2123 933 2214 957 con-

154 974 352 1022 accedere,
381 975 652 1025 cujuscumque
685 989 796 1012 sexus
818 977 895 1012 sive
918 974 1149 1013 conditionis
1215 972 1413 1009 sideranda
1434 982 1538 1018 sunt,
1570 974 1711 1010 scilicet
1730 983 1915 1023 quantum
1938 985 1974 1012 et
1993 991 2110 1026 quare
2141 979 2213 1015 hu-

156 1034 297 1071 fuerint
313 1036 373 1072 vel
392 1035 525 1072 aetatis.
548 1039 593 1072 Et
613 1035 780 1072 breviter
799 1035 884 1072 dico
899 1064 909 1082 ‚
932 1035 1041 1072 Nulla
1069 1034 1149 1070 vir-
1218 1032 1359 1069 miliata
1375 1032 1444 1069 fuit
1463 1033 1556 1071 Vitis
1572 1042 1702 1070 nostra
1719 1035 1905 1071 Dominus
1923 1039 2052 1082 Jesus;
2070 1046 2215 1075 utrum-

158 1100 217 1130 tus
234 1094 394 1141 accedit,
413 1094 483 1131 nisi
502 1094 549 1131 ad
571 1095 789 1131 humilitatis
808 1095 945 1131 violam
962 1093 1074 1130 fuerit
1091 1093 1151 1129 in-
1170 1094 1198 1128 B
1217 1105 1290 1141 que
1304 1092 1376 1129 hoc
1385 1091 1464 1141 jam
1478 1093 1726 1141 explicemus,
1742 1093 1829 1142 quia
1843 1102 1977 1131 vestrae
1989 1096 2115 1132 votiva
2127 1106 2215 1134 sunt

156 1153 306 1190 clinata.
328 1154 427 1190 Dicit
441 1155 541 1190 enim
562 1162 600 1190 et
612 1154 722 1191 docet
738 1154 809 1190 hoc
826 1154 907 1204 ipse
927 1152 1148 1189 humilitatis
1215 1151 1399 1188 charitati.
1415 1151 1550 1188 Deficit
1562 1151 1663 1187 enim
1676 1151 1863 1188 humanus
1876 1152 2101 1200 intellectus,
2119 1156 2216 1193 ratio

158 1212 348 1262 Magister,
365 1214 430 1262 qui
446 1213 632 1250 advocans
651 1214 852 1264 parvulum
867 1214 995 1250 statuit
1009 1225 1096 1250 eum
1110 1213 1149 1248 in
1216 1211 1448 1257 succumbit,
1478 1219 1663 1261 quantum
1693 1211 1911 1249 humiliatus
1938 1213 2008 1250 fuit
2027 1216 2214 1254 Dominus

157 1271 283 1308 medio
298 1272 591 1322 discipulorum,
607 1281 644 1310 et
659 1273 775 1310 dixit:
794 1276 876 1310 Nisi
888 1271 1151 1321 conversifue-
1215 1272 1254 1308 in
1286 1271 1588 1308 conversatione.
1619 1270 1822 1319 Quomodo
1854 1271 1953 1308 enim
1981 1273 2077 1310 scire
2103 1284 2212 1324 potes

156 1333 258 1376 ritis,
288 1340 325 1367 et
341 1333 551 1376 efficiamini
572 1336 666 1369 sicut
689 1335 864 1382 parvulas
884 1333 966 1377 Ιιίο,
995 1345 1067 1367 non
1088 1336 1149 1367 in·
1217 1330 1468 1380 dejectionem
1501 1331 1745 1376 humilitatis,
1780 1331 1851 1368 nisi
1881 1332 1993 1369 etiam
2021 1335 2213 1372 excellen—

155 1389 300 1426 trabitis
320 1395 360 1427 in
381 1405 533 1440 regnum
555 1394 729 1428 caelorum
749 1399 773 1429 ¹.
802 1391 994 1441 Numquid
1024 1391 1152 1441 posuit
1218 1390 1305 1426 tiam
1333 1390 1602 1426 dominationis
1624 1392 1869 1439 agnosceres?
1897 1395 2072 1441 Loquere
2097 1394 2211 1432 enim.

157 1448 209 1485 ibi
219 1449 257 1486 in
272 1451 487 1500 exemplum
502 1451 693 1500 discipulis
707 1451 827 1487 lilium
842 1451 1020 1487 castitatis
1032 1454 1151 1487 Joan-
1217 1449 1314 1497 Quid
1330 1451 1464 1499 potes?
1477 1449 1663 1498 numquid
1680 1463 1894 1487 mensuram
1912 1452 2059 1500 gloriae,
2080 1462 2212 1503 poten-

158 1521 264 1555 nem,
287 1510 346 1546 vel
367 1522 491 1546 rosam
511 1510 701 1547 charitatis
721 1514 871 1547 Petrum
886 1538 896 1556 ‚
918 1509 982 1559 qui
1000 1517 1036 1546 et
1063 1517 1152 1545 tunc
1218 1509 1276 1545 tiae
1296 1517 1333 1545 et
1352 1509 1647 1559 pulchritudinis
1668 1508 1749 1558 ejus
1769 1510 1950 1560 attinges?
1971 1515 2054 1549 Non
2071 1513 2117 1549 a'd
2141 1514 2214 1551 hoe

157 1577 362 1617 praesentes
378 1578 508 1615 erant;
527 1582 690 1619 quorum
707 1570 812 1619 prior
827 1568 874 1606 ab
888 1569 977 1618 ipsis
995 1568 1150 1617 nuptiis,
1216 1569 1364 1617 Angeli,
1386 1581 1509 1617 neque
1528 1567 1751 1614 Cherubim,
1771 1577 1835 1605 aut
1855 1571 2049 1620 Seraphim
2073 1585 2212 1622 perve—

159 1635 200 1664 ut
218 1629 417 1676 asseritur,
437 1637 594 1666 vocatus
614 1629 683 1665 suit
706 1637 744 1666 et
766 1630 907 1666 electus
923 1642 943 1665 a
958 1628 1149 1673 Domino;
1217 1636 1369 1666 nerunt.
1392 1632 1476 1665 Non
1497 1629 1596 1665 enim
1615 1628 1740 1677 aliqua
1759 1637 1930 1666 creatura
1950 1634 2072 1668 Deum
2093 1645 2213 1682 agno—

156 1699 318 1737 sequens
333 1702 425 1726 vero
443 1689 540 1725 trina
555 1688 792 1726 confessione
805 1688 970 1725 Domino
987 1686 1152 1736 benigno
1218 1689 1287 1726 scit
1313 1689 1365 1725 ita
1390 1688 1558 1738 plenarie
1585 1696 1623 1724 et
1652 1688 1840 1738 perfecte,
1874 1690 1968 1727 sicut
1999 1691 2080 1741 ipse
2110 1701 2166 1729 est
2201 1708 2209 1730 τ

154 1752 264 1794 Jesu,
284 1749 345 1786 cui
361 1749 512 1786 mentiri
532 1762 609 1786 non
625 1749 768 1799 potuit,
787 1749 964 1798 perfectae
984 1748 1149 1784 charita·
1216 1757 1358 1798 quanto
1375 1748 1499 1785 minus
1516 1747 1650 1794 homo,
1667 1756 1732 1784 aut
1752 1749 1849 1785 filius
1865 1749 2029 1787 hominis
2045 1752 2212 1788 vermis?

157 1808 203 1845 tis
222 1809 398 1845 affectum
418 1817 649 1846 contestatus
663 1810 742 1846 est?
762 1809 859 1846 sicut
872 1808 971 1844 enim
987 1811 1152 1844 Joannes
1215 1811 1261 1846 Et
1280 1816 1404 1845 tamen
1418 1808 1505 1857 quia
1523 1816 1649 1845 tantus
1668 1817 1768 1854 erat,
1786 1817 1827 1845 ut
1845 1810 2112 1859 magnitudinis
2129 1811 2211 1860 ejus

156 1866 204 1904 de
237 1868 390 1918 speciali
425 1868 673 1919 praerogativa
707 1867 906 1913 castitatis,
934 1867 985 1904 ita
1016 1871 1148 1904 Petrus
1169 1868 1196 1905 C
1216 1880 1293 1904 non
1314 1875 1411 1904 esset
1432 1867 1537 1913 linis5
1561 1866 1607 1904 ad
1627 1867 1700 1904 hoc
1720 1867 1917 1905 inclinatus
1939 1877 2018 1915 est,
2047 1878 2086 1907 ut
2116 1872 2214 1909 filius

155 1926 204 1963 de
232 1927 451 1964 ferventiori
475 1927 653 1963 charitate
679 1926 977 1963 commendatur.
999 1929 1075 1963 Nec
1096 1934 1154 1961 ta-
1218 1927 1383 1965 hominis
1422 1928 1527 1964 lieret
1559 1927 1711 1964 vermis.
1744 1930 1775 1965 O
1813 1936 1953 1977 quanta
1990 1929 2180 1967 humilitas
2205 1933 2212 1966 ἔ

157 1999 243 2023 men
260 1986 351 2024 istos
368 1986 406 2023 in
419 1987 634 2036 exemplum
655 1987 782 2037 posuit
801 1986 982 2023 coelorum
996 1984 1153 2034 januam
1218 1986 1616 2037 Incompreliensibilis
1650 1991 1752 2024 Deus
1786 1988 1868 2024 vult
1908 1990 2179 2039 comprehendi
2202 2018 2212 2036 ,

157 2046 351 2083 intraturis
370 2061 380 2094 ;
417 2046 483 2084 sed
520 2047 721 2097 parvulum
757 2046 976 2083 humilitatis
1014 2045 1154 2082 virtute
1219 2061 1387 2085 summus
1409 2047 1618 2094 humiliari,
1639 2048 1922 2097 potentissimus
1939 2049 2101 2100 despici,
2123 2052 2215 2101 pul-

157 2105 390 2155 praecelsum.
1220 2107 1430 2145 cherrimus
1464 2107 1692 2152 deformari,
1730 2107 2027 2157 sapientissimus
2057 2110 2137 2146 fieri
2173 2120 2214 2147 ut

209 2165 270 2202 58.
292 2165 493 2203 Videamus
512 2179 601 2216 ergo
621 2174 805 2216 quantum
827 2166 863 2202 in
885 2178 923 2202 se
944 2165 1051 2202 istam
1074 2164 1151 2201 vir—
1215 2167 1452 2217 jumentum,
1471 2167 1694 2203 immortalis
1714 2168 1830 2214 mori;
1851 2176 1906 2213 et,
1927 2176 1967 2204 ut
1987 2170 2214 2219 compendio

156 2231 274 2260 tutem
312 2226 481 2262 omnium
516 2225 699 2262 virtutum
727 2225 913 2262 Dominus
950 2236 1148 2260 commen-
1220 2227 1433 2271 absolvam,
1467 2230 1570 2263 Dens
1598 2227 1680 2262 vult
1712 2227 1790 2262 lieri
1829 2228 2079 2265 vermiculus!
2114 2229 2213 2278 Quid

155 2283 269 2320 davit.
297 2284 424 2321 Primo
449 2284 565 2322 verba
584 2284 667 2333 ejus
693 2283 950 2329 attendentes,
974 2282 1038 2319 ubi
1059 2283 1110 2319 ait
1138 2296 1145 2318 ε
1221 2286 1403 2322 excelsius
1435 2287 1545 2322 Deo?
1566 2285 1657 2334 quid
1680 2286 1888 2322 vermiculo
1912 2287 2094 2323 inferius?
2118 2291 2211 2338 Ego,

155 2347 297 2380 Discite
312 2358 336 2380 a
354 2359 412 2380 me
430 2350 520 2393 quia
537 2350 637 2381 mitis·
655 2359 734 2381 sum
755 2354 790 2380 ec
806 2345 957 2379 humilis
976 2345 1098 2387 corde,
1116 2352 1150 2378 et
1216 2344 1362 2394 inquit,
1387 2350 1524 2380 vermis
1543 2358 1623 2380 sum
1639 2374 1648 2388 ,
1669 2352 1704 2380 et
1719 2358 1792 2379 non
1813 2345 1920 2380 homo
1935 2342 1961 2381 3.
1983 2349 2106 2393 Quare
2126 2359 2214 2383 vcr-

155 2406 348 2439 invem‘ett's
366 2408 529 2451 requiem
550 2404 749 2440 animabus
768 2407 899 2439 vestris
917 2407 942 2438 ².
963 2401 1061 2453 Quid
1078 2410 1147 2447 est,
1215 2404 1312 2441 mis?
1329 2404 1423 2451 Quia
1439 2405 1536 2440 lilius
1550 2404 1724 2440 hominis.
1739 2407 1793 2440 Ita
1817 2404 1917 2440 enim
1933 2403 2047 2440 habes
2062 2405 2100 2440 in
2114 2405 2187 2441 Job
2205 2420 2212 2442 τ

158 2463 334 2511 magister
353 2461 455 2500 bone
467 2492 477 2510 ‚
498 2464 641 2513 optime
659 2467 747 2501 Jesu
763 2465 777 2499 Ρ
800 2462 989 2512 Numquid
1010 2462 1056 2498 ad
1076 2462 1148 2498 hoc
1214 2469 1326 2501 Astra
1343 2477 1416 2500 mm
1435 2473 1518 2501 sunt
1535 2466 1674 2500 munda
1691 2467 1729 2499 in
1748 2472 1941 2511 conspectu
1957 2468 2036 2510 ejas
2050 2478 2061 2500 .·
2077 2475 2213 2513 qmmto

157 2522 297 2559 redacti
316 2533 404 2559 sunt
423 2536 555 2560 omnes
577 2524 738 2561 thesauri
760 2523 954 2573 sapientiae
972 2531 1009 2559 et
1024 2523 1146 2559 scien—
1214 2529 1334 2561 minus
1357 2525 1464 2560 homo
1479 2526 1655 2572 putredo,
1674 2525 1831 2570 etstlt'as
1850 2525 2010 2559 hominis
2027 2529 2163 2560 vermis
2177 2527 2213 2562 >i‚³

156 2581 216 2617 tiae
236 2581 272 2617 in
293 2590 329 2618 te
350 2583 554 2628 reconditi,
575 2592 616 2619 ut
636 2584 708 2620 hoe
728 2582 967 2633 singulariter
991 2582 1145 2628 doceas,
1266 2584 1326 2620 60.
1348 2584 1383 2620 Si
1406 2597 1496 2633 ergo
1517 2583 1614 2620 lilius
1639 2583 1803 2619 hominis
1826 2591 1882 2619 est
1906 2583 2060 2628 vermis,
2084 2585 2213 2633 utique

156 2640 244 2689 quia
270 2640 368 2677 mitis
391 2654 430 2678 es
455 2650 492 2678 et
522 2642 671 2679 humilis
691 2642 816 2679 corde.
846 2645 928 2678 Non
963 2641 1075 2678 doces
1103 2650 1144 2678 ut
1163 2647 1193 2680 D
1210 2644 1343 2692 etipse
1360 2643 1498 2679 vermis
1519 2651 1598 2687 est,
1622 2643 1708 2691 quia
1731 2643 1812 2691 ipso
1835 2650 1992 2678 testante
2014 2643 2127 2680 Filius
2144 2644 2214 2680 lio-

155 2699 240 2736 coeli
260 2699 451 2737 discantur
472 2702 663 2747 fabricari,
688 2702 767 2738 lieri
789 2702 985 2747 miracula,
1010 2702 1150 2738 mortui
1217 2703 1328 2740 minis
1361 2711 1426 2739 est.
1465 2704 1602 2747 Quem,
1628 2702 1770 2751 inquit,
1796 2704 1924 2737 (licant
1950 2703 2111 2737 lumime-s
2137 2718 2215 2738 ‹asmu-

156 2760 347 2805 suscitari,
369 2769 407 2796 et
425 2769 557 2797 caetera
576 2761 791 2810 hujusmodi
808 2776 817 2806 3
840 2761 925 2806 scd,
948 2766 1035 2809 qnia
1053 2766 1152 2797 mitis
1217 2766 1350 2799 Filium
1379 2764 1536 2798 hominis
1552 2761 1592 2796 5?
1619 2765 1712 2797 Eece
1745 2762 1894 2809 qualem
1931 2761 2210 2798 distinctionem

155 2832 235 2853 snm
251 2827 286 2854 et
301 2819 451 2854 hamdis
466 2822 587 2856 corde.
607 2820 797 2868 Numquid
815 2829 886 2856 tam
908 2833 1083 2870 magnum
1098 2829 1152 2857 est
1218 2822 1304 2858 saeit
1319 2822 1416 2858 inter
1436 2821 1627 2857 bominem
1652 2850 1660 2866 ,
1679 2829 1716 2856 et
1737 2821 1852 2856 lilium
1875 2821 2051 2857 bominis.
2079 2823 2213 2858 llomi-

157 2878 259 2926 quod
281 2887 336 2914 cst
357 2882 541 2928 parvum?
560 2881 720 2929 Utiqne3
745 2880 832 2929 quia
855 2893 922 2929 per
941 2880 1012 2916 boc
1039 2881 1146 2917 inve-
1215 2896 1281 2919 nes
1315 2882 1498 2931 appellat,
1522 2881 1585 2930 qni
1607 2880 1652 2917 de
1680 2881 1804 2930 primo
1825 2881 1978 2917 homine
2003 2881 2120 2918 Adam
2147 2897 2214 2932 per

157 2936 260 2973 nitur
275 2938 641 2986 requiesanimabus.
657 2943 749 2987 Qua:
762 2940 861 2975 enim
880 2939 950 2976 alia
966 2947 1022 2976 est
1036 2952 1147 2976 causa
1213 2941 1497 2990 corruptionem
1527 2940 1814 2976 descenderunt.
1847 2940 1956 2977 Unde
1981 2950 2015 2977 ct
2041 2941 2113 2978 ,lob
2139 2944 2187 2979 ait
2203 2972 2213 2987 ,

157 2997 280 3033 omnis
306 2996 444 3034 laboris
464 3007 500 3034 et
520 2999 734 3035 certaminis
761 2999 899 3044 nostri,
929 2999 999 3034 nisi
1023 3007 1063 3034 ut
1087 2999 1146 3035 in-
1218 3004 1365 3047 Quanto
1383 3005 1501 3048 magis
1518 3001 1622 3035 lwmn
1637 3003 1798 3048 putredo
1810 3005 1830 3036 9
1843 3002 1929 3049 qnia
1950 3001 1985 3037 in
2013 3003 2213 3051 putredine

158 3057 353 3093 veniamus
386 3059 552 3107 requiem
586 3058 782 3095 animabus
814 3059 986 3096 nostris?
1021 3059 1147 3095 Brevis
1213 3061 1407 3108 corruptio
1436 3068 1502 3095 cst.
1535 3063 1617 3108 Ipse
1647 3073 1738 3095 vcro
1771 3060 1872 3096 solus
1899 3073 2018 3109 purus
2046 3061 2215 3099 Christus

157 3115 345 3161 doctrina,
362 3117 486 3154 brevis
500 3118 559 3154 via
575 3118 829 3155 demonstrata
844 3127 912 3154 est.
928 3119 1037 3155 Disce
1054 3118 1148 3154 lianc
1216 3119 1399 3156 Dominus
1417 3148 1425 3164 ,
1444 3119 1531 3168 quia
1551 3119 1630 3154 sinc
1649 3120 1895 3168 corruptione
1916 3120 1961 3155 de
1981 3124 2100 3157 Matre
2124 3123 2208 3158 vn·-

158 3190 177 3211 a
198 3177 362 3212 Domino
382 3181 490 3223 Jcsn,
517 3179 581 3227 qui
602 3179 701 3215 mitis
718 3187 772 3214 cst
794 3186 830 3214 ct
850 3178 1000 3213 humilis
1022 3177 1148 3222 corde,
1215 3178 1300 3226 gine
1324 3186 1431 3214 natus
1452 3186 1525 3221 c5t;
1552 3191 1591 3214 se
1616 3178 1768 3227 quidem
1796 3193 1872 3214 non
1899 3180 2064 3229 appellat
2088 3181 2210 3216 bomi-

158 3234 286 3282 idest,
305 3236 390 3273 vide
407 3246 443 3273 et
458 3246 640 3286 (plantum
661 3247 697 3274 et
716 3251 832 3288 quare
849 3237 1065 3274 humiliatus
1082 3236 1149 3272 l'uit
1216 3251 1323 3282 nem,
1354 3238 1417 3287 qui
1444 3239 1572 3287 utiquc
1598 3239 1758 3288 putredo
1780 3248 1833 3274 cst
1854 3254 1862 3280 ς
1889 3239 1951 3274 scd
1979 3242 2116 3275 Villam
2150 3242 2214 3274 lm-

214 3363 476 3402 'Mattli.xx‘111‚
504 3369 565 3396 1-3.
593 3385 621 3388 ψ
645 3366 722 3397 ²1d.
747 3370 873 3400 x1‚'.'.‘.l.
958 3364 1062 3396 31¹⁵nl.
1085 3377 1138 3395 xxi
1156 3390 1162 3399 ,
1185 3368 1213 3395 7.
1260 3384 1271 3385 e
1288 3365 1523 3402 4,ιυ1,χμ-,;,,
1547 3370 1576 3395 ὓ.
1657 3364 1669 3386 5
1692 3365 1805 3396 Manli,
1830 3377 1903 3398 xvi,
1931 3370 1979 3395 m.
