2504 3928
376 199 424 231 tm
1142 200 1429 237 GlLLEssER'rl
1460 204 1655 239 Aiiffl'i‘is

374 273 626 307 ‘l'cmcrarium
650 280 724 313 cst,
764 280 799 306 ut
824 271 911 307 dicit
942 273 1165 321 Apostolum,
1200 276 1361 312 alienum
1384 279 1412 297 ⁴¹²

377 344 525 367 §vryunl
539 331 708 379 judisasp
724 338 744 366 ¹·
758 334 809 366 'su
830 344 919 380 vrgo
935 332 1018 380 (luis
1035 346 1073 368 cs
1091 335 1152 382 qui
1170 333 1364 372 donliuunl
1391 340 1412 371 x
1435 349 2421 368 ======================================================================

379 400 482 426 tuum
498 390 642 438 judices
662 393 676 425 Ρ
701 391 770 437 Qui
793 390 892 426 cuim
914 399 1136 440 potestatem
1159 393 1339 442 dijudicat
1359 425 1367 439 ‚

375 449 650 484 ordinantium-m
671 449 735 485 Dei
755 448 946 497 dijudicat.

437 509 470 541 8.
493 507 662 555 Denique
683 508 928 555 coutpicritur
956 517 992 544 ct
1011 508 1101 545 dicit
1119 525 1126 545 ε
1150 512 1322 547 Tulei-unt
1343 527 1366 547 a

376 580 432 601 mc
454 567 619 601 hommes
640 568 823 611 judicium
843 580 960 602 mcum
976 574 1003 603 ³¹.
1038 569 1114 605 Filii
1146 569 1364 613 hominum,

377 624 508 672 utquid
535 625 684 673 diligitis
709 626 934 672 vanitatem,
961 635 996 662 et
1017 628 1181 675 quaeritis
1210 629 1365 665 menda-

374 684 501 719 cium?
519 685 726 720 Vanitatcm
751 685 878 734 utique
895 685 1045 734 diligitis
1067 688 1307 735 pra‘lationi5‚
1330 698 1362 724 ct

379 743 462 779 idco
497 745 661 792 qumi-itis
696 745 730 780 in
764 746 925 794 pra²latis
963 747 1094 782 vostris
1131 748 1364 785 mendacium

374 815 502 850 prava?
523 803 755 852 suspicionis.
792 804 882 840 Vani
911 804 1011 840 cuim
1044 805 1107 841 lilii
1145 806 1364 853 bominum,

375 862 572 898 mendaces
593 862 628 897 in
653 863 796 899 stateris
810 869 821 884 ²
837 891 846 907 ,
868 863 1064 899 mcudaccs
1084 864 1119 899 in
1141 863 1302 912 judiciis.
1322 869 1365 902 Et

372 920 512 956 utinam
531 933 600 969 pro
627 921 781 957 minimo
802 921 890 957 mibi
913 922 959 957 sit
979 921 1026 958 ab
1047 922 1211 959 humano
1232 924 1290 960 die
1302 924 1366 973 ju-

372 977 501 1023 dicari,
520 979 611 1015 dum
630 980 761 1015 :eterni
775 980 846 1015 dici
860 980 1244 1029 exspectoju‹licium.
1265 985 1364 1028 (ἠιη,

2353 211 2423 246 101)

1714 477 1964 532 SERMO
2015 480 2140 534 XV.

1437 616 1512 651 Qua·
1528 619 1570 641 cs!
1594 613 1652 641 iam
1676 623 1744 654 quw
1765 610 1906 641 ascendi!
1925 623 1985 654 pel·
1999 610 2153 643 desertum
2179 614 2269 657 quasi
2295 615 2419 657 virgula

1529 665 1613 705 furni
1639 677 1675 694 ‹·.1·
1698 663 1885 695 aromatibus
1895 669 1910 694 .³
1931 665 2048 696 (lautic.
2067 677 2134 708 cap.
2153 678 2208 705 ιιι,
2228 665 2266 703 j.
2287 673 2315 698 ὓ.

1820 800 2000 814 ν-εοθῦΰ-
2025 806 2031 809 -

1487 925 1520 959 l.
1553 926 1648 968 Ome
1675 932 1728 958 est
1753 927 1823 958 ism
1845 937 1931 972 quoe
1959 925 2128 958 ascendit
2142 937 2215 972 per
2238 926 2417 959 desertum

1431 987 1535 1030 quasi
1557 981 1815 1030 vitgctlaficmi
1834 997 1882 1017 ext·
1901 982 2152 1018 aromatibus?
2174 982 2324 1028 Videte,
2346 983 2420 1018 l'ra-

376 1040 508 1088 inquit,
527 1054 703 1089 accept-ro
719 1051 875 1090 tempus,
897 1057 961 1091 ego
970 1045 1135 1088 justitiae
1148 1044 1364 1089 juda-abo&
1384 1047 1410 1079 B
1432 1050 1524 1085 tres,
1546 1041 1638 1077 sicut
1660 1050 1696 1077 ct
1714 1041 1864 1087 vidctis,
1885 1055 1996 1090 quam
2016 1042 2062 1077 sit
2081 1042 2211 1078 cl'licax
2233 1041 2278 1077 ad
2299 1042 2418 1078 incre-

372 1102 457 1148 Ipsc
469 1099 591 1147 justus
608 1100 727 1137 Judex
753 1109 899 1150 tempus
919 1111 1136 1151 exspectare
1153 1115 1190 1139 sc
1207 1103 1310 1147 dicit,
1327 1111 1366 1139 ut

368 1157 530 1206 justitias
546 1159 689 1208 judicet
711 1175 717 1196 :
738 1169 775 1196 et
796 1169 833 1196 tu
851 1161 917 1196 tibi
938 1170 1022 1197 aute
1045 1170 1192 1210 tempus
1210 1163 1366 1198 assumis

370 1219 582 1269 judicium?
606 1223 713 1256 Pater
732 1233 844 1255 omne
863 1219 1046 1268 judicium
1074 1221 1176 1257 dedit
1194 1222 1311 1257 Filio:
1329 1230 1365 1257 et

373 1288 411 1316 tu
432 1279 496 1315 tibi
517 1279 618 1328 quod
636 1292 710 1315 non
735 1280 909 1329 accepisti
926 1279 1108 1328 judicium
1131 1281 1307 1326 assumis,
1329 1289 1365 1317 ct

371 1338 443 1373 hoc
466 1338 502 1373 in
524 1346 665 1387 patrcm
682 1339 696 1373 Ρ
711 1327 803 1374 vid}
822 1351 869 1373 nc
900 1339 995 1374 sorte
1024 1339 1059 1374 in
1084 1352 1169 1375 eum
1192 1343 1359 1383 Patrem,

371 1411 390 1433 a
420 1411 496 1446 quo
532 1397 654 1433 omnis
688 1398 890 1446 paternitas
923 1398 960 1433 in
991 1398 1092 1433 coelis
1121 1406 1156 1433 ct
1188 1398 1224 1433 in
1257 1398 1362 1433 terris

372 1456 600 1492 nominatur.
637 1456 795 1504 Viperea
831 1456 1023 1504 generatio
1062 1465 1217 1492 matrem
1259 1470 1362 1493 suam

370 1515 553 1560 comedit,
575 1523 611 1551 et
628 1514 739 1551 deute
756 1523 942 1551 venenato
964 1515 1127 1552 doctoris
1146 1516 1259 1552 vitam
1277 1529 1364 1552 cor-

371 1574 482 1610 rodit.
502 1577 583 1610 Non
601 1582 688 1609 sunt
706 1574 783 1609 istae
800 1575 882 1610 filiae
900 1576 1103 1611 Jerusalem
1118 1604 1126 1620 ,
1145 1576 1245 1625 pacis
1263 1577 1360 1621 filice,

370 1632 434 1668 sed
452 1632 662 1680 Babylonis
681 1632 840 1680 Quando
857 1633 1067 1683 increpabis
1079 1634 1177 1680 illas,
1197 1643 1233 1670 et
1250 1634 1362 1671 dices:

370 1691 470 1728 Filiae
488 1691 708 1740 Babylonis,
730 1692 845 1727 nolite
872 1692 960 1728 flere
978 1705 1092 1741 super
1109 1706 1168 1728 me
1181 1721 1190 1738 ,
1212 1693 1276 1729 sed
1297 1707 1362 1730 su-

369 1762 438 1798 per
462 1762 528 1785 vos
554 1750 651 1798 ipsas
679 1750 795 1785 flete?
816 1750 1006 1798 Siquidem
1034 1751 1263 1800 improperia
1292 1766 1361 1788 eo-

1433 1109 1557 1136 mcnta
1591 1101 1792 1147 gratiarum
1823 1101 2069 1148 tranquillitas
2105 1100 2260 1145 mentis;
2291 1101 2419 1149 quales

1433 1167 1546 1195 metat
1569 1159 1708 1195 fructus
1728 1159 1773 1195 dc
1794 1159 1939 1195 interna
1960 1159 2083 1208 quiete
2109 1159 2243 1196 Christi
2271 1158 2416 1195 dilecta.

1431 1218 1560 1254 Videte
1573 1246 1582 1263 ,
1597 1219 1747 1267 iuquam
1763 1247 1773 1265 ,
1795 1219 1912 1267 qualis
1933 1219 2111 1267 procedat
2133 1218 2179 1254 de
2197 1219 2324 1267 sponsi
2338 1232 2417 1255 am-

1431 1277 1559 1325 plexu.
1574 1278 1700 1324 Qualis
1713 1291 1801 1326 ergo
1819 1278 2072 1327 progreditur,
2091 1291 2110 1314 a
2126 1291 2183 1314 me
2199 1291 2244 1314 ne
2262 1278 2416 1326 quaesic-

1431 1335 1509 1371 ritis
1530 1350 1537 1372 ε
1559 1337 1683 1385 spousi
1701 1336 1825 1385 potius
1838 1349 1950 1385 super
1967 1336 2037 1372 lioc
2054 1335 2200 1372 sodales
2220 1336 2415 1372 consulite.

1429 1394 1541 1440 Quid,
1560 1395 1587 1430 si
1606 1403 1640 1431 et
1657 1395 1745 1444 ipsis
1759 1395 1864 1443 quasi
1882 1408 1979 1431 nova
1993 1404 2030 1431 et
2046 1395 2195 1431 insolita
2211 1395 2257 1432 de
2273 1403 2417 1432 secreto

1430 1452 1552 1489 dilecti
1570 1454 1651 1489 sinu
1670 1453 1863 1502 procedit?
1876 1458 1981 1490 Nova
2000 1455 2122 1502 plane.
2138 1457 2230 1491 Nam
2248 1454 2328 1503 ipsa
2347 1467 2416 1490 no-

1431 1512 1524 1548 vitas
1545 1513 1829 1549 admirationem
1858 1513 2012 1549 inducit.
2046 1515 2143 1559 thoe
2159 1522 2215 1548 est
2243 1517 2314 1548 ista
2333 1527 2418 1561 quw

1431 1574 1629 1607 ascendit?
1645 1571 1806 1607 Attende
1834 1572 2058 1620 profectum.
2084 1575 2126 1608 In
2153 1571 2413 1620 superioribus

1429 1629 1602 1665 custodes
1619 1629 1851 1678 interpellat,
1871 1637 1907 1664 et
1924 1629 1969 1665 de
1987 1629 2130 1665 visione
2153 1637 2260 1678 rogat
2279 1629 2415 1666 dilecti.

1428 1688 1496 1724 llic
1511 1688 1600 1736 ipsis
1626 1686 1843 1724 custodibus
1867 1687 2085 1724 admiranda
2110 1689 2350 1738 prorumpit,
2381 1697 2417 1724 ct

1427 1760 1525 1783 nova
1545 1746 1613 1783 sub
1634 1747 1768 1796 specie.
1789 1747 1927 1793 Quidni
1943 1760 2041 1783 nova
2059 1747 2239 1797 procedat
2254 1747 2300 1784 de
2316 1761 2416 1784 com-

370 1822 453 1845 rum
466 1808 641 1857 quiviccs
659 1816 738 1844 tuas
755 1817 910 1857 gerunt,
929 1811 967 1844 in
986 1818 1020 1845 te
1038 1809 1272 1846 redundant:
1291 1824 1358 1847 nec
1379 1815 1405 1850 C
1426 1807 1539 1855 plexu
1561 1806 1802 1855 dilectiPipse
1817 1815 1872 1842 est
1885 1807 1983 1842 enim
2002 1806 2124 1855 quide
2141 1819 2180 1844 se
2196 1807 2284 1843 dicit
2299 1822 2306 1844 :
2321 1810 2417 1843 Ecce

369 1876 424 1904 est
444 1880 616 1903 murmur
634 1880 765 1903 corum
788 1876 918 1904 contra
940 1880 1026 1910 nos,
1046 1868 1109 1904 sed
1134 1877 1263 1905 contra
1288 1873 1361 1905 Do-

370 1926 526 1961 minum.
543 1925 687 1962 Parcite
707 1938 797 1973 ergo
818 1938 838 1961 a
854 1927 1168 1972 murmuratione,
1187 1940 1270 1976 quae
1284 1940 1359 1964 non

370 1983 524 2031 prodest
546 1983 673 2028 vobis,
694 1991 730 2019 et
757 1983 836 2019 aliis
861 1991 983 2019 nocet.
1014 1987 1088 2029 Tu,
1110 1984 1289 2029 Domine,
1321 1993 1360 2020 tu

368 2043 495 2091 potius
511 2042 665 2078 obstrue
682 2055 724 2078 os
738 2042 972 2091 loquentium
991 2043 1132 2091 iniqua,
1150 2051 1187 2079 et
1205 2056 1251 2079 ne
1262 2044 1359 2080 clau-

368 2101 433 2136 das
453 2115 519 2137 ora
536 2110 570 2137 te
588 2103 814 2137 canentium.
836 2101 906 2138 Sed
929 2101 1019 2150 quid
1035 2101 1113 2150 jam
1140 2114 1241 2137 nunc
1260 2115 1356 2151 que-

368 2161 454 2196 rclis
475 2161 531 2196 his
558 2160 715 2195 ulterius
743 2160 958 2195 immoror?
981 2163 1062 2196 Non
1085 2160 1122 2195 id
1148 2173 1249 2196 nunc
1269 2173 1358 2209 gero

368 2219 567 2268 propositi,
585 2227 625 2254 ut
645 2226 773 2254 nostra
796 2218 968 2263 defleam,
985 2218 1049 2254 sed
1069 2227 1109 2254 ut
1130 2219 1248 2255 aliena
1268 2231 1359 2255 can-·

370 2287 458 2313 tem.
487 2276 652 2313 Sufficiat
680 2276 808 2324 paucis
831 2284 959 2312 nostra
985 2276 1210 2325 deplorasse.
1237 2280 1318 2313 Jam
1339 2290 1359 2313 a

368 2336 542 2372 lamentis
559 2343 727 2371 revertor
743 2334 789 2370 ad
812 2335 968 2379 cantica,
988 2335 1051 2371 illo
1069 2335 1177 2372 nobis
1194 2336 1357 2372 animum

368 2403 570 2445 pi·aestante
589 2403 625 2430 et
645 2408 686 2430 os
702 2403 738 2430 ct
762 2394 880 2430 otium
898 2422 907 2438 ,
926 2395 989 2443 qui
1006 2395 1155 2431 cohibet
1171 2396 1359 2444 inquietos

368 2467 387 2489 a
406 2466 552 2503 sponsae
573 2466 706 2489 somno
726 2453 892 2490 Christus
910 2456 1037 2498 Jesus,
1054 2465 1127 2489 una
1149 2466 1233 2489 cum
1252 2457 1358 2489 Patre

369 2521 406 2548 et
430 2513 570 2561 Spiritu
598 2520 726 2548 sancto
761 2524 919 2560 regnans
950 2524 1016 2560 per
1050 2512 1175 2548 omnia
1207 2513 1353 2548 saecula.

372 2578 502 2609 Amen.

419 3188 424 3200 ¹
450 3183 541 3210 Rom.
558 3190 625 3215 xiv,
649 3181 678 3208 ³..
697 3198 707 3200 —
731 3198 738 3200 -

369 3245 419 3269 ix,
442 3237 494 3263 2¹).
515 3249 553 3252 -
574 3238 586 3259 Τ
603 3234 629 3261 11
648 3234 718 3260 (lor.
737 3243 790 3268 ιιι,
812 3234 861 3261 18.

763 3184 773 3199 ²
792 3179 868 3208 l’sal.
891 3190 940 3208 mu
955 3203 961 3213 ,
988 3181 1037 3209 to.
1057 3198 1097 3202 ——
1120 3177 1133 3199 3
1152 3180 1229 3211 I‘sal.
1252 3190 1362 3216 mxxiv,
1385 3182 1415 3210 3.
1433 3199 1475 3202 —
1496 3179 1508 3206 4
1527 3183 1624 3223 Apoc.
1643 3192 1699 3211 xxi
1714 3205 1721 3219 ,
1743 3186 1771 3212 5.
1799 3200 1838 3203 ——-

1429 1878 1494 1912 ego
1523 1869 1648 1900 munia
1669 1879 1759 1900 nova
1773 1863 1880 1912 facio
1891 1865 1918 1900 4,
1941 1865 2059 1901 Etiam
2083 1878 2167 1914 quae
2194 1879 2291 1902 nova
2315 1875 2416 1911 sunt,

1427 1924 1506 1973 ipse
1523 1932 1692 1960 renovat.
1708 1927 1802 1960 Puta
1815 1924 1983 1960 caminus
1998 1933 2074 1961 cst:
2089 1938 2223 1960 aurum
2240 1924 2414 1970 admove;

1426 1983 1455 2018 si
1477 1995 1614 2032 purum
1632 1992 1700 2025 est,
1729 1983 1922 2032 purgatius
1942 1983 2090 2029 reddit,
2110 1991 2148 2019 et
2167 1984 2324 2020 rutilans
2339 1997 2414 2020 me-

1426 2042 1552 2078 tallum
1571 2051 1756 2078 recentem
1772 2042 1818 2078 de
1836 2042 1988 2078 fornace
2004 2042 2186 2091 fulgorem
2204 2042 2342 2079 educit.
2356 2047 2414 2080 An

1425 2112 1501 2135 non
1521 2100 1689 2136 caminus
1705 2100 1871 2137 Christus
1887 2102 1902 2136 Ρ
1919 2103 2101 2148 Ignitum,
2122 2100 2242 2149 inquit
2262 2101 2415 2137 Psalmi-

1424 2165 1478 2194 sta
1494 2185 1503 2202 ,
1527 2161 1711 2205 eloquium
1741 2167 1839 2194 tunm
1867 2158 2135 2195 vel1ementer5.
2158 2163 2239 2196 Hoc
2268 2160 2416 2196 camino

1425 2215 1577 2251 decocta
1606 2228 1682 2251 non
1712 2224 1836 2264 potest
1853 2217 1922 2252 nisi
1952 2230 2075 2262 nova,
2107 2225 2144 2253 et
2176 2218 2278 2253 velut
2298 2218 2414 2254 altera

1425 2274 1576 2324 prodire
1596 2283 1765 2311 creatura
1792 2275 1829 2311 in
1848 2276 2006 2312 Christo.
2032 2276 2208 2325 Denique
2233 2284 2270 2312 et
2296 2277 2413 2326 ipsius

1425 2333 1514 2370 dum
1542 2342 1666 2370 oraret
1693 2335 1835 2383 species
1857 2335 1949 2371 facta
1980 2344 2036 2371 est
2067 2333 2207 2372 altera⁶
2225 2349 2232 2371 :
2250 2336 2314 2372 sed
2347 2336 2414 2374 tibi

1424 2393 1553 2437 altera,
1571 2405 1655 2428 cum
1674 2405 1772 2437 oras,
1792 2392 1873 2441 ejus
1889 2384 1927 2428 'fit
1941 2394 2096 2442 species.
2112 2396 2205 2430 Nam
2222 2394 2260 2431 in
2277 2408 2315 2431 se
2328 2408 2412 2431 ma-

1425 2464 1517 2487 nens
1536 2465 1646 2496 unus,
1664 2452 1819 2488 innovat
1833 2453 1970 2489 omnia.
1992 2454 2118 2489 Altera
2136 2453 2229 2490 sacta
2249 2462 2304 2490 est
2326 2467 2413 2491 cor-

1424 2510 1564 2559 poralis
1582 2511 1731 2547 Domini
1747 2512 1889 2560 species
1905 2525 1988 2547 cum
2004 2520 2143 2557 oraret,
2164 2520 2201 2548 et
2212 2512 2329 2548 voluit
2345 2525 2414 2562 per

1378 2576 1410 2610 D
1428 2570 1498 2606 hoc
1517 2570 1553 2605 in
1573 2579 1698 2606 mente
1719 2579 1781 2606 tua
1801 2571 1982 2607 orationis
2004 2571 2267 2608 commendare
2290 2572 2411 2608 virtu-

1427 2636 1499 2664 tem
1513 2656 1522 2672 ‚
1544 2629 1645 2677 quod
1664 2630 1726 2665 illa
1746 2629 1790 2665 sit
1804 2643 1888 2678 quae
1913 2638 1947 2665 te
1967 2630 2003 2665 in
2022 2631 2160 2666 intimis
2179 2631 2336 2666 alterum
2358 2632 2412 2667 sa-

1425 2687 1518 2732 ciat,
1539 2695 1576 2723 et
1596 2700 1737 2724 novum
1757 2697 1962 2724 commutet
1981 2689 2017 2724 in
2037 2689 2249 2734 hominem,
2273 2698 2309 2725 et
2327 2702 2409 2726 me-

1426 2746 1735 2783 ‹litatioinnovet.
1761 2750 1849 2792 Nos,
1873 2748 1993 2796 inquit
2013 2749 2233 2797 Apostolus,
2254 2751 2412 2785 revelata

1418 2805 1523 2851 facie
1541 2809 1694 2853 gloriam
1726 2810 1875 2842 Domini
1903 2810 2153 2855 speculantes,
2174 2812 2212 2842 in
2242 2810 2410 2843 eamdem

1426 2869 1626 2911 imaginem
1646 2865 1989 2913 trctn.qsor111(1111ur7;
2004 2866 2074 2902 hoc.
2093 2874 2147 2903 est
2159 2895 2168 2912 ,
2186 2866 2224 2902 in
2240 2866 2408 2903 eamdem

1424 2937 1534 2972 quam
1552 2924 1754 2970 intuemur,
1773 2926 2095 2961 transformamur.

1477 2984 1512 3018 2.
1535 2986 1646 3020 Forte
1678 2992 1714 3020 et
1741 2996 1877 3032 sponsa
1912 2984 1958 3020 de
1982 2984 2246 3033 speculationis
2273 2996 2409 3020 arcano

1423 3055 1518 3088 cam,
1537 3056 1649 3091 quam
1670 3042 1899 3087 intuebatur,
1919 3043 2046 3092 sponsi
2064 3043 2261 3092 imaginem
2276 3043 2408 3079 vestita

1865 3179 1878 3202 ⁵
1902 3181 1980 3213 Psal.
2004 3192 2121 3219 cxviii,
2146 3184 2217 3212 140.
2234 3199 2274 3202 ⁷<
2297 3179 2313 3202 ⁶
2331 3185 2401 3212 Luc.

412 3294 423 3307 ³
445 3290 521 3320 Vide
543 3289 580 3319 dc
606 3289 750 3318 hocloco
773 3289 802 3318 in
829 3291 932 3318 linear.
962 3292 1016 3319 ΙΨ,
1046 3289 1088 3318 lib
1120 3295 1224 3319 contra
1252 3291 1350 3321 leic.
1377 3297 1517 3321 lcmcrar.
