<?xml version="1.0" encoding="UTF-8"?>
<!DOCTYPE html PUBLIC "-//W3C//DTD XHTML 1.0 Transitional//EN"
    "http://www.w3.org/TR/xhtml1/DTD/xhtml1-transitional.dtd">
<html xmlns="http://www.w3.org/1999/xhtml" xml:lang="en" lang="en">
 <head>
  <title>
</title>
<meta http-equiv="Content-Type" content="text/html;charset=utf-8" />
  <meta name='ocr-system' content='tesseract 3.04.00' />
  <meta name='ocr-capabilities' content='ocr_page ocr_carea ocr_par ocr_line ocrx_word'/>
</head>
<body>
  <div class='ocr_page' id='page_1' title='image "./operaomniapostho05bern/operaomniapostho05bern_0346.png"; bbox 0 0 2504 3928; ppageno 0'>
   <div class='ocr_carea' id='block_1_1' title="bbox 317 195 390 230">
    <p class='ocr_par' dir='ltr' id='par_1_1' title="bbox 317 195 390 230">
     <span class='ocr_line' id='line_1_1' title="bbox 317 195 390 230; baseline 0.014 -1"><span class='ocrx_word' id='word_1_1' title='bbox 317 195 390 230; x_wconf 65' lang='lat'>672*</span> 
     </span>
    </p>
   </div>
   <div class='ocr_carea' id='block_1_2' title="bbox 1029 203 1643 238">
    <p class='ocr_par' dir='ltr' id='par_1_2' title="bbox 1029 203 1643 238">
     <span class='ocr_line' id='line_1_2' title="bbox 1029 203 1643 238; baseline 0.005 -4"><span class='ocrx_word' id='word_1_2' title='bbox 1029 203 1059 235; x_wconf 75' lang='lat' dir='ltr'>M</span> <span class='ocrx_word' id='word_1_3' title='bbox 1067 203 1092 236; x_wconf 69' lang='lat' dir='ltr'>t:</span> <span class='ocrx_word' id='word_1_4' title='bbox 1101 203 1324 237; x_wconf 53' lang='lat' dir='ltr'>Dt&#39;t&#39;A&#39;t&#39;tom</span> <span class='ocrx_word' id='word_1_5' title='bbox 1334 204 1384 237; x_wconf 65' lang='lat' dir='ltr'>lssb&#39;</span> <span class='ocrx_word' id='word_1_6' title='bbox 1414 204 1542 237; x_wconf 74' lang='lat' dir='ltr'>t‘tlsst</span> <span class='ocrx_word' id='word_1_7' title='bbox 1552 204 1643 238; x_wconf 54' lang='lat' dir='ltr'>Mas.</span> 
     </span>
    </p>
   </div>
   <div class='ocr_carea' id='block_1_3' title="bbox 2280 210 2355 243">
    <p class='ocr_par' dir='ltr' id='par_1_3' title="bbox 2280 210 2355 243">
     <span class='ocr_line' id='line_1_3' title="bbox 2280 210 2355 243; baseline -0.027 0"><span class='ocrx_word' id='word_1_8' title='bbox 2280 210 2355 243; x_wconf 73' lang='lat'>680</span> 
     </span>
    </p>
   </div>
   <div class='ocr_carea' id='block_1_4' title="bbox 318 273 2353 329">
    <p class='ocr_par' dir='ltr' id='par_1_4' title="bbox 318 273 2353 329">
     <span class='ocr_line' id='line_1_4' title="bbox 318 273 2353 329; baseline 0.005 -23"><span class='ocrx_word' id='word_1_9' title='bbox 318 273 368 308; x_wconf 82' lang='lat' dir='ltr'>ria</span> <span class='ocrx_word' id='word_1_10' title='bbox 387 273 455 322; x_wconf 74' lang='lat' dir='ltr'>legi</span> <span class='ocrx_word' id='word_1_11' title='bbox 474 288 553 322; x_wconf 65' lang='lat' dir='ltr'>ago.</span> <span class='ocrx_word' id='word_1_12' title='bbox 574 278 670 322; x_wconf 45' lang='lat' dir='ltr'>lic-go</span> <span class='ocrx_word' id='word_1_13' title='bbox 691 274 736 309; x_wconf 84' lang='lat' dir='ltr'>de</span> <span class='ocrx_word' id='word_1_14' title='bbox 755 274 934 323; x_wconf 76' lang='lat' dir='ltr'>religione</span> <span class='ocrx_word' id='word_1_15' title='bbox 956 277 992 311; x_wconf 89' lang='lat' dir='ltr'>in</span> <span class='ocrx_word' id='word_1_16' title='bbox 1012 289 1053 312; x_wconf 86' lang='lat' dir='ltr'>ca</span> <span class='ocrx_word' id='word_1_17' title='bbox 1067 306 1075 322; x_wconf 96' lang='lat'>,</span> <span class='ocrx_word' id='word_1_18' title='bbox 1093 286 1128 314; x_wconf 92' lang='lat' dir='ltr'>et</span> <span class='ocrx_word' id='word_1_19' title='bbox 1143 279 1227 327; x_wconf 90' lang='lat' dir='ltr'>plus</span> <span class='ocrx_word' id='word_1_20' title='bbox 1244 277 1358 313; x_wconf 67' lang='lat' dir='ltr'>‹ti-³⁴³⁰</span> <span class='ocrx_word' id='word_1_21' title='bbox 1373 287 1445 321; x_wconf 81' lang='lat' dir='ltr'>cst,</span> <span class='ocrx_word' id='word_1_22' title='bbox 1475 278 1668 314; x_wconf 90' lang='lat' dir='ltr'>immunda</span> <span class='ocrx_word' id='word_1_23' title='bbox 1696 287 1733 313; x_wconf 85' lang='lat' dir='ltr'>et</span> <span class='ocrx_word' id='word_1_24' title='bbox 1766 279 1910 314; x_wconf 84' lang='lat' dir='ltr'>inutilia</span> <span class='ocrx_word' id='word_1_25' title='bbox 1943 279 1977 314; x_wconf 92' lang='lat' dir='ltr'>in</span> <span class='ocrx_word' id='word_1_26' title='bbox 2010 280 2122 316; x_wconf 73' lang='lat' dir='ltr'>corde</span> <span class='ocrx_word' id='word_1_27' title='bbox 2153 283 2353 329; x_wconf 72' lang='lat' dir='ltr'>versando,</span> 
     </span>
    </p>
   </div>
   <div class='ocr_carea' id='block_1_5' title="bbox 319 330 2263 389">
    <p class='ocr_par' dir='ltr' id='par_1_5' title="bbox 319 330 2263 389">
     <span class='ocr_line' id='line_1_5' title="bbox 319 330 2263 389; baseline 0.006 -24"><span class='ocrx_word' id='word_1_28' title='bbox 319 330 390 378; x_wconf 71' lang='lat' dir='ltr'>ligo</span> <span class='ocrx_word' id='word_1_29' title='bbox 418 333 613 368; x_wconf 76' lang='lat' dir='ltr'>lectionem</span> <span class='ocrx_word' id='word_1_30' title='bbox 643 346 754 382; x_wconf 91' lang='lat' dir='ltr'>qnam</span> <span class='ocrx_word' id='word_1_31' title='bbox 783 333 1005 371; x_wconf 86' lang='lat' dir='ltr'>orationem.</span> <span class='ocrx_word' id='word_1_32' title='bbox 1039 340 1301 373; x_wconf 67' lang='lat' dir='ltr'>Verumtamen</span> <span class='ocrx_word' id='word_1_33' title='bbox 1324 341 1349 372; x_wconf 83' lang='grc' dir='ltr'>Α</span> <span class='ocrx_word' id='word_1_34' title='bbox 1372 338 1525 374; x_wconf 80' lang='lat' dir='ltr'>fetorem</span> <span class='ocrx_word' id='word_1_35' title='bbox 1551 337 1767 374; x_wconf 81' lang='lat' dir='ltr'>liorribilem</span> <span class='ocrx_word' id='word_1_36' title='bbox 1789 337 1871 386; x_wconf 82' lang='lat' dir='ltr'>ejus</span> <span class='ocrx_word' id='word_1_37' title='bbox 1890 337 2101 388; x_wconf 68' lang='lat' dir='ltr'>aspectibus</span> <span class='ocrx_word' id='word_1_38' title='bbox 2123 340 2263 389; x_wconf 77' lang='lat' dir='ltr'>ingero.</span> 
     </span>
    </p>
   </div>
   <div class='ocr_carea' id='block_1_6' title="bbox 312 390 1302 1036">
    <p class='ocr_par' dir='ltr' id='par_1_6' title="bbox 312 390 1302 1036">
     <span class='ocr_line' id='line_1_6' title="bbox 317 390 1302 443; baseline 0.008 -18"><span class='ocrx_word' id='word_1_39' title='bbox 317 390 407 425; x_wconf 83' lang='lat' dir='ltr'>niliil</span> <span class='ocrx_word' id='word_1_40' title='bbox 429 392 528 427; x_wconf 85' lang='lat' dir='ltr'>aliud</span> <span class='ocrx_word' id='word_1_41' title='bbox 556 405 613 427; x_wconf 86' lang='lat' dir='ltr'>me</span> <span class='ocrx_word' id='word_1_42' title='bbox 636 392 742 428; x_wconf 87' lang='lat' dir='ltr'>docet</span> <span class='ocrx_word' id='word_1_43' title='bbox 768 393 893 429; x_wconf 89' lang='lat' dir='ltr'>divina</span> <span class='ocrx_word' id='word_1_44' title='bbox 914 395 1105 443; x_wconf 81' lang='lat' dir='ltr'>Scriptura</span> <span class='ocrx_word' id='word_1_45' title='bbox 1122 425 1131 440; x_wconf 93' lang='lat'>,</span> <span class='ocrx_word' id='word_1_46' title='bbox 1152 397 1220 432; x_wconf 91' lang='lat' dir='ltr'>nisi</span> <span class='ocrx_word' id='word_1_47' title='bbox 1242 411 1302 433; x_wconf 82' lang='lat' dir='ltr'>rc-</span> 
     </span>
     <span class='ocr_line' id='line_1_7' title="bbox 316 448 1300 499; baseline 0.009 -16"><span class='ocrx_word' id='word_1_48' title='bbox 316 448 490 495; x_wconf 77' lang='lat' dir='ltr'>ligionem</span> <span class='ocrx_word' id='word_1_49' title='bbox 518 465 666 496; x_wconf 85' lang='lat' dir='ltr'>amare,</span> <span class='ocrx_word' id='word_1_50' title='bbox 689 453 869 489; x_wconf 88' lang='lat' dir='ltr'>unitatem</span> <span class='ocrx_word' id='word_1_51' title='bbox 897 467 1065 499; x_wconf 88' lang='lat' dir='ltr'>servare,</span> <span class='ocrx_word' id='word_1_52' title='bbox 1087 455 1300 492; x_wconf 84' lang='lat' dir='ltr'>charitatem</span> 
     </span>
     <span class='ocr_line' id='line_1_8' title="bbox 317 507 1302 559; baseline 0.009 -17"><span class='ocrx_word' id='word_1_53' title='bbox 317 507 463 545; x_wconf 84' lang='lat' dir='ltr'>babere.</span> <span class='ocrx_word' id='word_1_54' title='bbox 489 514 564 559; x_wconf 75' lang='lat' dir='ltr'>Ego</span> <span class='ocrx_word' id='word_1_55' title='bbox 589 520 712 547; x_wconf 89' lang='lat' dir='ltr'>antem</span> <span class='ocrx_word' id='word_1_56' title='bbox 739 513 850 548; x_wconf 82' lang='lat' dir='ltr'>miser</span> <span class='ocrx_word' id='word_1_57' title='bbox 870 521 907 549; x_wconf 85' lang='lat' dir='ltr'>et</span> <span class='ocrx_word' id='word_1_58' title='bbox 933 513 1168 559; x_wconf 87' lang='lat' dir='ltr'>miserabilis,</span> <span class='ocrx_word' id='word_1_59' title='bbox 1193 515 1302 551; x_wconf 89' lang='lat' dir='ltr'>citius</span> 
     </span>
     <span class='ocr_line' id='line_1_9' title="bbox 315 569 1301 620; baseline 0.009 -19"><span class='ocrx_word' id='word_1_60' title='bbox 315 580 427 603; x_wconf 87' lang='lat' dir='ltr'>curro</span> <span class='ocrx_word' id='word_1_61' title='bbox 452 569 497 605; x_wconf 87' lang='lat' dir='ltr'>ad</span> <span class='ocrx_word' id='word_1_62' title='bbox 529 571 744 616; x_wconf 85' lang='lat' dir='ltr'>lectionem,</span> <span class='ocrx_word' id='word_1_63' title='bbox 772 584 882 620; x_wconf 89' lang='lat' dir='ltr'>qnam</span> <span class='ocrx_word' id='word_1_64' title='bbox 911 572 956 608; x_wconf 92' lang='lat' dir='ltr'>ad</span> <span class='ocrx_word' id='word_1_65' title='bbox 987 573 1194 610; x_wconf 88' lang='lat' dir='ltr'>orationem</span> <span class='ocrx_word' id='word_1_66' title='bbox 1222 588 1228 609; x_wconf 95' lang='lat'><strong>:</strong></span> <span class='ocrx_word' id='word_1_67' title='bbox 1259 574 1301 610; x_wconf 94' lang='lat' dir='ltr'>li-</span> 
     </span>
     <span class='ocr_line' id='line_1_10' title="bbox 317 624 1297 679; baseline 0.009 -20"><span class='ocrx_word' id='word_1_68' title='bbox 317 624 464 664; x_wconf 85' lang='lat' dir='ltr'>bentius</span> <span class='ocrx_word' id='word_1_69' title='bbox 497 630 582 665; x_wconf 77' lang='lat' dir='ltr'>volo</span> <span class='ocrx_word' id='word_1_70' title='bbox 612 630 756 678; x_wconf 72' lang='lat' dir='ltr'>legere,</span> <span class='ocrx_word' id='word_1_71' title='bbox 781 644 892 679; x_wconf 88' lang='lat' dir='ltr'>qnam</span> <span class='ocrx_word' id='word_1_72' title='bbox 924 632 1052 668; x_wconf 82' lang='lat' dir='ltr'>Missas</span> <span class='ocrx_word' id='word_1_73' title='bbox 1077 634 1297 670; x_wconf 87' lang='lat' dir='ltr'>auscultare.</span> 
     </span>
     <span class='ocr_line' id='line_1_11' title="bbox 319 688 1299 738; baseline 0.009 -18"><span class='ocrx_word' id='word_1_74' title='bbox 319 688 514 735; x_wconf 78' lang='lat' dir='ltr'>Exspectat</span> <span class='ocrx_word' id='word_1_75' title='bbox 543 702 600 725; x_wconf 82' lang='lat' dir='ltr'>me</span> <span class='ocrx_word' id='word_1_76' title='bbox 629 690 761 738; x_wconf 84' lang='lat' dir='ltr'>aliquis</span> <span class='ocrx_word' id='word_1_77' title='bbox 788 691 919 726; x_wconf 85' lang='lat' dir='ltr'>volens</span> <span class='ocrx_word' id='word_1_78' title='bbox 940 691 985 727; x_wconf 85' lang='lat' dir='ltr'>de</span> <span class='ocrx_word' id='word_1_79' title='bbox 1002 693 1216 728; x_wconf 83' lang='lat' dir='ltr'>necessitate</span> <span class='ocrx_word' id='word_1_80' title='bbox 1237 707 1299 729; x_wconf 91' lang='lat' dir='ltr'>sna</span> 
     </span>
     <span class='ocr_line' id='line_1_12' title="bbox 317 745 1297 801; baseline 0.009 -22"><span class='ocrx_word' id='word_1_81' title='bbox 317 745 403 781; x_wconf 85' lang='lat' dir='ltr'>milii</span> <span class='ocrx_word' id='word_1_82' title='bbox 432 747 552 796; x_wconf 87' lang='lat' dir='ltr'>loqui;</span> <span class='ocrx_word' id='word_1_83' title='bbox 580 762 648 797; x_wconf 82' lang='lat' dir='ltr'>ego</span> <span class='ocrx_word' id='word_1_84' title='bbox 679 762 768 785; x_wconf 80' lang='lat' dir='ltr'>vcro</span> <span class='ocrx_word' id='word_1_85' title='bbox 795 749 931 786; x_wconf 91' lang='lat' dir='ltr'>librum</span> <span class='ocrx_word' id='word_1_86' title='bbox 955 751 1116 800; x_wconf 80' lang='lat' dir='ltr'>aliquem</span> <span class='ocrx_word' id='word_1_87' title='bbox 1135 753 1297 801; x_wconf 84' lang='lat' dir='ltr'>accipio,</span> 
     </span>
     <span class='ocr_line' id='line_1_13' title="bbox 314 806 1301 859; baseline 0.008 -20"><span class='ocrx_word' id='word_1_88' title='bbox 314 817 424 852; x_wconf 91' lang='lat' dir='ltr'>quem</span> <span class='ocrx_word' id='word_1_89' title='bbox 448 806 506 842; x_wconf 89' lang='lat' dir='ltr'>ille</span> <span class='ocrx_word' id='word_1_90' title='bbox 531 808 587 843; x_wconf 87' lang='lat' dir='ltr'>vel</span> <span class='ocrx_word' id='word_1_91' title='bbox 618 808 679 844; x_wconf 91' lang='lat' dir='ltr'>ille</span> <span class='ocrx_word' id='word_1_92' title='bbox 697 809 806 845; x_wconf 78' lang='lat' dir='ltr'>vellet</span> <span class='ocrx_word' id='word_1_93' title='bbox 831 809 981 846; x_wconf 84' lang='lat' dir='ltr'>babere.</span> <span class='ocrx_word' id='word_1_94' title='bbox 1006 814 1106 859; x_wconf 85' lang='lat' dir='ltr'>Lego</span> <span class='ocrx_word' id='word_1_95' title='bbox 1127 811 1163 846; x_wconf 93' lang='lat' dir='ltr'>in</span> <span class='ocrx_word' id='word_1_96' title='bbox 1182 825 1246 856; x_wconf 90' lang='lat' dir='ltr'>co,</span> <span class='ocrx_word' id='word_1_97' title='bbox 1266 821 1301 847; x_wconf 91' lang='lat' dir='ltr'>ct</span> 
     </span>
     <span class='ocr_line' id='line_1_14' title="bbox 315 864 1300 919; baseline 0.008 -21"><span class='ocrx_word' id='word_1_98' title='bbox 315 864 471 913; x_wconf 81' lang='lat' dir='ltr'>legendo</span> <span class='ocrx_word' id='word_1_99' title='bbox 500 867 630 902; x_wconf 90' lang='lat' dir='ltr'>amitto</span> <span class='ocrx_word' id='word_1_100' title='bbox 662 868 804 904; x_wconf 85' lang='lat' dir='ltr'>fructus</span> <span class='ocrx_word' id='word_1_101' title='bbox 828 869 1039 914; x_wconf 83' lang='lat' dir='ltr'>charitatis,</span> <span class='ocrx_word' id='word_1_102' title='bbox 1067 870 1215 919; x_wconf 89' lang='lat' dir='ltr'>pictatis</span> <span class='ocrx_word' id='word_1_103' title='bbox 1245 872 1300 906; x_wconf 77' lang='lat' dir='ltr'>af—</span> 
     </span>
     <span class='ocr_line' id='line_1_15' title="bbox 314 924 1298 975; baseline 0.007 -17"><span class='ocrx_word' id='word_1_104' title='bbox 314 924 454 969; x_wconf 79' lang='lat' dir='ltr'>fectus,</span> <span class='ocrx_word' id='word_1_105' title='bbox 490 928 790 975; x_wconf 78' lang='lat' dir='ltr'>compunctionis</span> <span class='ocrx_word' id='word_1_106' title='bbox 821 927 947 972; x_wconf 83' lang='lat' dir='ltr'>fletus,</span> <span class='ocrx_word' id='word_1_107' title='bbox 976 929 1169 965; x_wconf 82' lang='lat' dir='ltr'>Missarum</span> <span class='ocrx_word' id='word_1_108' title='bbox 1197 930 1298 965; x_wconf 92' lang='lat' dir='ltr'>utili-</span> 
     </span>
     <span class='ocr_line' id='line_1_16' title="bbox 312 986 1297 1036; baseline 0.005 -18"><span class='ocrx_word' id='word_1_109' title='bbox 312 991 446 1027; x_wconf 90' lang='lat' dir='ltr'>tatem,</span> <span class='ocrx_word' id='word_1_110' title='bbox 467 986 672 1022; x_wconf 71' lang='lat' dir='ltr'>coelestium</span> <span class='ocrx_word' id='word_1_111' title='bbox 699 988 1067 1036; x_wconf 87' lang='lat' dir='ltr'>contemplationem.</span> <span class='ocrx_word' id='word_1_112' title='bbox 1091 988 1148 1024; x_wconf 67' lang='lat' dir='ltr'>Nil</span> <span class='ocrx_word' id='word_1_113' title='bbox 1175 996 1297 1024; x_wconf 89' lang='lat' dir='ltr'>tamen</span> 
     </span>
    </p>
   </div>
   <div class='ocr_carea' id='block_1_7' title="bbox 310 1042 1341 1092">
    <p class='ocr_par' dir='ltr' id='par_1_7' title="bbox 310 1042 1341 1092">
     <span class='ocr_line' id='line_1_17' title="bbox 310 1042 1341 1092; baseline 0.007 -16"><span class='ocrx_word' id='word_1_114' title='bbox 310 1042 344 1077; x_wconf 93' lang='lat' dir='ltr'>in</span> <span class='ocrx_word' id='word_1_115' title='bbox 368 1042 434 1078; x_wconf 87' lang='lat' dir='ltr'>liae</span> <span class='ocrx_word' id='word_1_116' title='bbox 456 1044 530 1080; x_wconf 87' lang='lat' dir='ltr'>vita</span> <span class='ocrx_word' id='word_1_117' title='bbox 556 1045 702 1081; x_wconf 90' lang='lat' dir='ltr'>dulcius</span> <span class='ocrx_word' id='word_1_118' title='bbox 728 1047 906 1092; x_wconf 73' lang='lat' dir='ltr'>sentitur,</span> <span class='ocrx_word' id='word_1_119' title='bbox 937 1047 986 1082; x_wconf 91' lang='lat' dir='ltr'>nil</span> <span class='ocrx_word' id='word_1_120' title='bbox 1013 1047 1158 1083; x_wconf 80' lang='lat' dir='ltr'>avidius</span> <span class='ocrx_word' id='word_1_121' title='bbox 1183 1048 1297 1083; x_wconf 81' lang='lat' dir='ltr'>sinni—</span> <span class='ocrx_word' id='word_1_122' title='bbox 1315 1045 1341 1078; x_wconf 89' lang='lat' dir='ltr'>B</span> 
     </span>
    </p>
   </div>
   <div class='ocr_carea' id='block_1_8' title="bbox 304 1102 1296 1389">
    <p class='ocr_par' dir='ltr' id='par_1_8' title="bbox 304 1102 1296 1389">
     <span class='ocr_line' id='line_1_18' title="bbox 310 1102 1295 1154; baseline 0.006 -19"><span class='ocrx_word' id='word_1_123' title='bbox 310 1109 387 1144; x_wconf 89' lang='lat' dir='ltr'>tur,</span> <span class='ocrx_word' id='word_1_124' title='bbox 415 1102 465 1137; x_wconf 89' lang='lat' dir='ltr'>nil</span> <span class='ocrx_word' id='word_1_125' title='bbox 487 1102 535 1138; x_wconf 89' lang='lat' dir='ltr'>ita</span> <span class='ocrx_word' id='word_1_126' title='bbox 563 1113 724 1140; x_wconf 87' lang='lat' dir='ltr'>mentem</span> <span class='ocrx_word' id='word_1_127' title='bbox 747 1104 793 1140; x_wconf 87' lang='lat' dir='ltr'>ab</span> <span class='ocrx_word' id='word_1_128' title='bbox 819 1118 946 1140; x_wconf 85' lang='lat' dir='ltr'>amore</span> <span class='ocrx_word' id='word_1_129' title='bbox 969 1105 1097 1141; x_wconf 91' lang='lat' dir='ltr'>mnndi</span> <span class='ocrx_word' id='word_1_130' title='bbox 1126 1114 1295 1154; x_wconf 86' lang='lat' dir='ltr'>separat,</span> 
     </span>
     <span class='ocr_line' id='line_1_19' title="bbox 307 1159 1295 1210; baseline 0.004 -15"><span class='ocrx_word' id='word_1_131' title='bbox 307 1159 357 1195; x_wconf 91' lang='lat' dir='ltr'>nil</span> <span class='ocrx_word' id='word_1_132' title='bbox 380 1161 430 1196; x_wconf 91' lang='lat' dir='ltr'>sic</span> <span class='ocrx_word' id='word_1_133' title='bbox 455 1162 615 1198; x_wconf 86' lang='lat' dir='ltr'>animam</span> <span class='ocrx_word' id='word_1_134' title='bbox 646 1173 778 1199; x_wconf 87' lang='lat' dir='ltr'>eontra</span> <span class='ocrx_word' id='word_1_135' title='bbox 805 1165 1029 1200; x_wconf 74' lang='lat' dir='ltr'>tentationes</span> <span class='ocrx_word' id='word_1_136' title='bbox 1051 1163 1226 1210; x_wconf 80' lang='lat' dir='ltr'>roborat,</span> <span class='ocrx_word' id='word_1_137' title='bbox 1246 1165 1295 1200; x_wconf 93' lang='lat' dir='ltr'>nil</span> 
     </span>
     <span class='ocr_line' id='line_1_20' title="bbox 306 1219 1296 1272; baseline 0.006 -18"><span class='ocrx_word' id='word_1_138' title='bbox 306 1219 495 1257; x_wconf 87' lang='lat' dir='ltr'>bominem</span> <span class='ocrx_word' id='word_1_139' title='bbox 526 1223 573 1258; x_wconf 88' lang='lat' dir='ltr'>ita</span> <span class='ocrx_word' id='word_1_140' title='bbox 596 1224 731 1259; x_wconf 77' lang='lat' dir='ltr'>excitat</span> <span class='ocrx_word' id='word_1_141' title='bbox 755 1232 791 1259; x_wconf 81' lang='lat' dir='ltr'>et</span> <span class='ocrx_word' id='word_1_142' title='bbox 815 1223 967 1271; x_wconf 88' lang='lat' dir='ltr'>adjuvat</span> <span class='ocrx_word' id='word_1_143' title='bbox 988 1223 1033 1259; x_wconf 89' lang='lat' dir='ltr'>ad</span> <span class='ocrx_word' id='word_1_144' title='bbox 1057 1237 1168 1259; x_wconf 92' lang='lat' dir='ltr'>omne</span> <span class='ocrx_word' id='word_1_145' title='bbox 1201 1237 1296 1272; x_wconf 90' lang='lat' dir='ltr'>opus</span> 
     </span>
     <span class='ocr_line' id='line_1_21' title="bbox 305 1277 1294 1331; baseline 0.004 -17"><span class='ocrx_word' id='word_1_146' title='bbox 305 1277 467 1324; x_wconf 91' lang='lat' dir='ltr'>bonum,</span> <span class='ocrx_word' id='word_1_147' title='bbox 496 1290 531 1317; x_wconf 87' lang='lat' dir='ltr'>et</span> <span class='ocrx_word' id='word_1_148' title='bbox 559 1282 603 1317; x_wconf 88' lang='lat' dir='ltr'>ad</span> <span class='ocrx_word' id='word_1_149' title='bbox 634 1296 783 1318; x_wconf 88' lang='lat' dir='ltr'>omnem</span> <span class='ocrx_word' id='word_1_150' title='bbox 817 1282 1007 1326; x_wconf 87' lang='lat' dir='ltr'>laborem,</span> <span class='ocrx_word' id='word_1_151' title='bbox 1037 1296 1148 1331; x_wconf 90' lang='lat' dir='ltr'>quam</span> <span class='ocrx_word' id='word_1_152' title='bbox 1180 1284 1294 1331; x_wconf 85' lang='lat' dir='ltr'>gratia</span> 
     </span>
     <span class='ocr_line' id='line_1_22' title="bbox 304 1341 641 1389; baseline 0.009 -16"><span class='ocrx_word' id='word_1_153' title='bbox 304 1341 641 1389; x_wconf 81' lang='lat' dir='ltr'>eontemplationis.</span> 
     </span>
    </p>
   </div>
   <div class='ocr_carea' id='block_1_9' title="bbox 633 1465 951 1504">
    <p class='ocr_par' dir='ltr' id='par_1_9' title="bbox 633 1465 951 1504">
     <span class='ocr_line' id='line_1_23' title="bbox 633 1465 951 1504; baseline 0 -1"><span class='ocrx_word' id='word_1_154' title='bbox 633 1465 809 1503; x_wconf 74' lang='lat' dir='ltr'>CAPUT</span> <span class='ocrx_word' id='word_1_155' title='bbox 838 1466 951 1504; x_wconf 73' lang='lat' dir='ltr'>VIII.</span> 
     </span>
    </p>
   </div>
   <div class='ocr_carea' id='block_1_10' title="bbox 302 1578 1293 1622">
    <p class='ocr_par' dir='ltr' id='par_1_10' title="bbox 302 1578 1293 1622">
     <span class='ocr_line' id='line_1_24' title="bbox 302 1578 1293 1622; baseline 0.006 -15"><span class='ocrx_word' id='word_1_156' title='bbox 302 1579 347 1607; x_wconf 87' lang='lat' dir='ltr'>De</span> <span class='ocrx_word' id='word_1_157' title='bbox 370 1578 493 1609; x_wconf 81' lang='lat' dir='ltr'>incuriae</span> <span class='ocrx_word' id='word_1_158' title='bbox 512 1589 565 1610; x_wconf 88' lang='lat' dir='ltr'>seu</span> <span class='ocrx_word' id='word_1_159' title='bbox 587 1580 778 1622; x_wconf 64' lang='lat' dir='ltr'>negligentiae</span> <span class='ocrx_word' id='word_1_160' title='bbox 803 1581 884 1611; x_wconf 86' lang='lat' dir='ltr'>inter</span> <span class='ocrx_word' id='word_1_161' title='bbox 908 1581 1059 1612; x_wconf 87' lang='lat' dir='ltr'>orandum</span> <span class='ocrx_word' id='word_1_162' title='bbox 1080 1580 1293 1614; x_wconf 83' lang='lat' dir='ltr'>detestatione.</span> 
     </span>
    </p>
   </div>
   <div class='ocr_carea' id='block_1_11' title="bbox 300 1698 1294 1807">
    <p class='ocr_par' dir='ltr' id='par_1_11' title="bbox 300 1698 1294 1807">
     <span class='ocr_line' id='line_1_25' title="bbox 356 1698 1294 1751; baseline 0.003 -17"><span class='ocrx_word' id='word_1_163' title='bbox 356 1698 417 1734; x_wconf 83' lang='lat'>22.</span> <span class='ocrx_word' id='word_1_164' title='bbox 451 1699 627 1735; x_wconf 81' lang='lat' dir='ltr'>Miserere</span> <span class='ocrx_word' id='word_1_165' title='bbox 656 1700 746 1746; x_wconf 90' lang='lat' dir='ltr'>mei,</span> <span class='ocrx_word' id='word_1_166' title='bbox 778 1704 898 1745; x_wconf 88' lang='lat' dir='ltr'>Deus,</span> <span class='ocrx_word' id='word_1_167' title='bbox 925 1701 1104 1750; x_wconf 86' lang='lat' dir='ltr'>quoniam</span> <span class='ocrx_word' id='word_1_168' title='bbox 1134 1701 1185 1737; x_wconf 88' lang='lat' dir='ltr'>ibi</span> <span class='ocrx_word' id='word_1_169' title='bbox 1209 1702 1294 1751; x_wconf 90' lang='lat' dir='ltr'>plus</span> 
     </span>
     <span class='ocr_line' id='line_1_26' title="bbox 300 1757 1291 1807; baseline 0.005 -16"><span class='ocrx_word' id='word_1_170' title='bbox 300 1768 436 1805; x_wconf 85' lang='lat' dir='ltr'>pecco,</span> <span class='ocrx_word' id='word_1_171' title='bbox 467 1757 530 1794; x_wconf 88' lang='lat' dir='ltr'>ubi</span> <span class='ocrx_word' id='word_1_172' title='bbox 562 1768 712 1807; x_wconf 89' lang='lat' dir='ltr'>peccata</span> <span class='ocrx_word' id='word_1_173' title='bbox 742 1773 822 1796; x_wconf 87' lang='lat' dir='ltr'>mea</span> <span class='ocrx_word' id='word_1_174' title='bbox 854 1760 1054 1796; x_wconf 89' lang='lat' dir='ltr'>emendare</span> <span class='ocrx_word' id='word_1_175' title='bbox 1086 1759 1217 1796; x_wconf 84' lang='lat' dir='ltr'>debeo.</span> <span class='ocrx_word' id='word_1_176' title='bbox 1248 1764 1291 1797; x_wconf 86' lang='lat' dir='ltr'>In</span> 
     </span>
    </p>
   </div>
   <div class='ocr_carea' id='block_1_12' title="bbox 1724 469 1998 507">
    <p class='ocr_par' dir='ltr' id='par_1_12' title="bbox 1724 469 1998 507">
     <span class='ocr_line' id='line_1_27' title="bbox 1724 469 1998 507; baseline 0 0"><span class='ocrx_word' id='word_1_177' title='bbox 1724 469 1898 507; x_wconf 83' lang='lat' dir='ltr'><strong>CAPUT</strong></span> <span class='ocrx_word' id='word_1_178' title='bbox 1930 470 1998 507; x_wconf 82' lang='lat' dir='ltr'>IX.</span> 
     </span>
    </p>
   </div>
   <div class='ocr_carea' id='block_1_13' title="bbox 1595 583 2135 615">
    <p class='ocr_par' dir='ltr' id='par_1_13' title="bbox 1595 583 2135 615">
     <span class='ocr_line' id='line_1_28' title="bbox 1595 583 2135 615; baseline 0 -1"><span class='ocrx_word' id='word_1_179' title='bbox 1595 587 1637 614; x_wconf 77' lang='lat' dir='ltr'>De</span> <span class='ocrx_word' id='word_1_180' title='bbox 1660 583 1857 615; x_wconf 77' lang='lat' dir='ltr'>instabilitate</span> <span class='ocrx_word' id='word_1_181' title='bbox 1879 584 1978 615; x_wconf 91' lang='lat' dir='ltr'>cordis</span> <span class='ocrx_word' id='word_1_182' title='bbox 1999 584 2135 615; x_wconf 85' lang='lat' dir='ltr'>humani.</span> 
     </span>
    </p>
   </div>
   <div class='ocr_carea' id='block_1_14' title="bbox 1358 697 2355 1808">
    <p class='ocr_par' dir='ltr' id='par_1_14' title="bbox 1358 697 2355 1808">
     <span class='ocr_line' id='line_1_29' title="bbox 1423 697 2353 747; baseline 0.003 -16"><span class='ocrx_word' id='word_1_183' title='bbox 1423 697 1481 732; x_wconf 72' lang='lat'>23.</span> <span class='ocrx_word' id='word_1_184' title='bbox 1504 697 1596 732; x_wconf 67' lang='lat' dir='ltr'>Niliil</span> <span class='ocrx_word' id='word_1_185' title='bbox 1614 705 1667 732; x_wconf 79' lang='lat' dir='ltr'>cst</span> <span class='ocrx_word' id='word_1_186' title='bbox 1686 697 1720 732; x_wconf 89' lang='lat' dir='ltr'>in</span> <span class='ocrx_word' id='word_1_187' title='bbox 1741 710 1798 732; x_wconf 83' lang='lat' dir='ltr'>me</span> <span class='ocrx_word' id='word_1_188' title='bbox 1819 697 1932 733; x_wconf 86' lang='lat' dir='ltr'>corde</span> <span class='ocrx_word' id='word_1_189' title='bbox 1951 710 2033 733; x_wconf 92' lang='lat' dir='ltr'>meo</span> <span class='ocrx_word' id='word_1_190' title='bbox 2055 697 2235 745; x_wconf 82' lang='lat' dir='ltr'>fugacius3</span> <span class='ocrx_word' id='word_1_191' title='bbox 2251 699 2353 747; x_wconf 89' lang='lat' dir='ltr'>quod</span> 
     </span>
     <span class='ocr_line' id='line_1_30' title="bbox 1367 754 2355 805; baseline 0.006 -17"><span class='ocrx_word' id='word_1_192' title='bbox 1367 755 1513 802; x_wconf 71' lang='lat' dir='ltr'>quoties</span> <span class='ocrx_word' id='word_1_193' title='bbox 1539 768 1596 790; x_wconf 85' lang='lat' dir='ltr'>me</span> <span class='ocrx_word' id='word_1_194' title='bbox 1621 754 1777 800; x_wconf 81' lang='lat' dir='ltr'>(leserit,</span> <span class='ocrx_word' id='word_1_195' title='bbox 1800 763 1835 790; x_wconf 89' lang='lat' dir='ltr'>et</span> <span class='ocrx_word' id='word_1_196' title='bbox 1861 768 1928 805; x_wconf 87' lang='lat' dir='ltr'>per</span> <span class='ocrx_word' id='word_1_197' title='bbox 1955 769 2088 805; x_wconf 89' lang='lat' dir='ltr'>pravas</span> <span class='ocrx_word' id='word_1_198' title='bbox 2111 757 2355 805; x_wconf 86' lang='lat' dir='ltr'>cogitationes</span> 
     </span>
     <span class='ocr_line' id='line_1_31' title="bbox 1368 813 2354 857; baseline 0.006 -10"><span class='ocrx_word' id='word_1_199' title='bbox 1368 813 1518 857; x_wconf 79' lang='lat' dir='ltr'>defluit,</span> <span class='ocrx_word' id='word_1_200' title='bbox 1549 814 1656 850; x_wconf 84' lang='lat' dir='ltr'>toties</span> <span class='ocrx_word' id='word_1_201' title='bbox 1687 818 1805 851; x_wconf 83' lang='lat' dir='ltr'>Deum</span> <span class='ocrx_word' id='word_1_202' title='bbox 1833 814 2003 851; x_wconf 77' lang='lat' dir='ltr'>ol&#39;l&#39;cndit.</span> <span class='ocrx_word' id='word_1_203' title='bbox 2034 819 2107 851; x_wconf 75' lang='lat' dir='ltr'>(lor</span> <span class='ocrx_word' id='word_1_204' title='bbox 2136 829 2259 851; x_wconf 88' lang='lat' dir='ltr'>meum</span> <span class='ocrx_word' id='word_1_205' title='bbox 2289 830 2354 853; x_wconf 90' lang='lat' dir='ltr'>cor</span> 
     </span>
     <span class='ocr_line' id='line_1_32' title="bbox 1367 873 2354 921; baseline 0.004 -13"><span class='ocrx_word' id='word_1_206' title='bbox 1367 886 1523 917; x_wconf 81' lang='lat' dir='ltr'>vanum,</span> <span class='ocrx_word' id='word_1_207' title='bbox 1548 887 1680 921; x_wconf 80' lang='lat' dir='ltr'>vagum</span> <span class='ocrx_word' id='word_1_208' title='bbox 1713 882 1749 909; x_wconf 90' lang='lat' dir='ltr'>et</span> <span class='ocrx_word' id='word_1_209' title='bbox 1777 873 1969 919; x_wconf 88' lang='lat' dir='ltr'>instabile,</span> <span class='ocrx_word' id='word_1_210' title='bbox 1994 874 2083 910; x_wconf 90' lang='lat' dir='ltr'>dum</span> <span class='ocrx_word' id='word_1_211' title='bbox 2109 887 2177 910; x_wconf 92' lang='lat' dir='ltr'>sno</span> <span class='ocrx_word' id='word_1_212' title='bbox 2203 875 2354 912; x_wconf 82' lang='lat' dir='ltr'>ducitur</span> 
     </span>
     <span class='ocr_line' id='line_1_33' title="bbox 1366 931 2351 984; baseline 0.004 -17"><span class='ocrx_word' id='word_1_213' title='bbox 1366 931 1543 978; x_wconf 86' lang='lat' dir='ltr'>arbitrio,</span> <span class='ocrx_word' id='word_1_214' title='bbox 1559 941 1594 968; x_wconf 91' lang='lat' dir='ltr'>ct</span> <span class='ocrx_word' id='word_1_215' title='bbox 1612 932 1740 969; x_wconf 81' lang='lat' dir='ltr'>divino</span> <span class='ocrx_word' id='word_1_216' title='bbox 1757 942 1857 969; x_wconf 89' lang='lat' dir='ltr'>caret</span> <span class='ocrx_word' id='word_1_217' title='bbox 1873 933 2048 979; x_wconf 75' lang='lat' dir='ltr'>consilio,</span> <span class='ocrx_word' id='word_1_218' title='bbox 2067 934 2102 969; x_wconf 90' lang='lat' dir='ltr'>in</span> <span class='ocrx_word' id='word_1_219' title='bbox 2121 947 2158 969; x_wconf 92' lang='lat' dir='ltr'>sc</span> <span class='ocrx_word' id='word_1_220' title='bbox 2177 934 2259 984; x_wconf 90' lang='lat' dir='ltr'>ipso</span> <span class='ocrx_word' id='word_1_221' title='bbox 2275 948 2351 971; x_wconf 89' lang='lat' dir='ltr'>non</span> 
     </span>
     <span class='ocr_line' id='line_1_34' title="bbox 1366 992 2350 1040; baseline 0.003 -14"><span class='ocrx_word' id='word_1_222' title='bbox 1366 1000 1488 1040; x_wconf 83' lang='lat' dir='ltr'>potest</span> <span class='ocrx_word' id='word_1_223' title='bbox 1515 992 1718 1027; x_wconf 80' lang='lat' dir='ltr'>consistere</span> <span class='ocrx_word' id='word_1_224' title='bbox 1741 1007 1748 1028; x_wconf 75' lang='grc' dir='ltr'>ε</span> <span class='ocrx_word' id='word_1_225' title='bbox 1773 992 1836 1028; x_wconf 87' lang='lat' dir='ltr'>sed</span> <span class='ocrx_word' id='word_1_226' title='bbox 1865 993 1967 1028; x_wconf 92' lang='lat' dir='ltr'>omni</span> <span class='ocrx_word' id='word_1_227' title='bbox 2002 992 2130 1028; x_wconf 83' lang='lat' dir='ltr'>mobili</span> <span class='ocrx_word' id='word_1_228' title='bbox 2158 992 2350 1038; x_wconf 80' lang='lat' dir='ltr'>mobilius,</span> 
     </span>
     <span class='ocr_line' id='line_1_35' title="bbox 1365 1051 2353 1102; baseline 0.003 -16"><span class='ocrx_word' id='word_1_229' title='bbox 1365 1064 1431 1099; x_wconf 88' lang='lat' dir='ltr'>per</span> <span class='ocrx_word' id='word_1_230' title='bbox 1457 1052 1601 1087; x_wconf 91' lang='lat' dir='ltr'>inlinita</span> <span class='ocrx_word' id='word_1_231' title='bbox 1628 1051 1865 1097; x_wconf 78' lang='lat' dir='ltr'>distrahitur,</span> <span class='ocrx_word' id='word_1_232' title='bbox 1888 1061 1924 1087; x_wconf 88' lang='lat' dir='ltr'>et</span> <span class='ocrx_word' id='word_1_233' title='bbox 1951 1052 2017 1088; x_wconf 83' lang='lat' dir='ltr'>liae</span> <span class='ocrx_word' id='word_1_234' title='bbox 2038 1060 2149 1100; x_wconf 86' lang='lat' dir='ltr'>atquc</span> <span class='ocrx_word' id='word_1_235' title='bbox 2175 1053 2256 1089; x_wconf 88' lang='lat' dir='ltr'>illac</span> <span class='ocrx_word' id='word_1_236' title='bbox 2285 1066 2353 1102; x_wconf 83' lang='lat' dir='ltr'>per</span> 
     </span>
     <span class='ocr_line' id='line_1_36' title="bbox 1364 1111 2351 1161; baseline 0.002 -15"><span class='ocrx_word' id='word_1_237' title='bbox 1364 1111 1558 1147; x_wconf 89' lang='lat' dir='ltr'>innumera</span> <span class='ocrx_word' id='word_1_238' title='bbox 1575 1112 1764 1147; x_wconf 78' lang='lat' dir='ltr'>discurrit.</span> <span class='ocrx_word' id='word_1_239' title='bbox 1780 1115 1825 1148; x_wconf 76' lang='lat' dir='ltr'>Et</span> <span class='ocrx_word' id='word_1_240' title='bbox 1839 1112 1926 1147; x_wconf 91' lang='lat' dir='ltr'>dum</span> <span class='ocrx_word' id='word_1_241' title='bbox 1944 1125 2010 1161; x_wconf 91' lang='lat' dir='ltr'>per</span> <span class='ocrx_word' id='word_1_242' title='bbox 2022 1111 2168 1148; x_wconf 82' lang='lat' dir='ltr'>diversa</span> <span class='ocrx_word' id='word_1_243' title='bbox 2185 1112 2351 1161; x_wconf 83' lang='lat' dir='ltr'>requiem</span> 
     </span>
     <span class='ocr_line' id='line_1_37' title="bbox 1363 1170 2351 1218; baseline 0.003 -13"><span class='ocrx_word' id='word_1_244' title='bbox 1363 1171 1514 1218; x_wconf 64' lang='lat' dir='ltr'>quawit,</span> <span class='ocrx_word' id='word_1_245' title='bbox 1532 1184 1606 1206; x_wconf 89' lang='lat' dir='ltr'>non</span> <span class='ocrx_word' id='word_1_246' title='bbox 1633 1171 1775 1206; x_wconf 76' lang='lat' dir='ltr'>invenit</span> <span class='ocrx_word' id='word_1_247' title='bbox 1795 1186 1801 1206; x_wconf 92' lang='lat'>:</span> <span class='ocrx_word' id='word_1_248' title='bbox 1824 1170 1888 1207; x_wconf 86' lang='lat' dir='ltr'>sed</span> <span class='ocrx_word' id='word_1_249' title='bbox 1911 1171 1946 1206; x_wconf 92' lang='lat' dir='ltr'>in</span> <span class='ocrx_word' id='word_1_250' title='bbox 1964 1170 2092 1206; x_wconf 83' lang='lat' dir='ltr'>labore</span> <span class='ocrx_word' id='word_1_251' title='bbox 2115 1171 2309 1217; x_wconf 87' lang='lat' dir='ltr'>miserum,</span> <span class='ocrx_word' id='word_1_252' title='bbox 2331 1185 2351 1208; x_wconf 87' lang='lat' dir='ltr'>a</span> 
     </span>
     <span class='ocr_line' id='line_1_38' title="bbox 1363 1229 2352 1278; baseline 0.002 -14"><span class='ocrx_word' id='word_1_253' title='bbox 1363 1230 1491 1278; x_wconf 86' lang='lat' dir='ltr'>requie</span> <span class='ocrx_word' id='word_1_254' title='bbox 1519 1243 1677 1266; x_wconf 82' lang='lat' dir='ltr'>vacuum</span> <span class='ocrx_word' id='word_1_255' title='bbox 1705 1239 1857 1266; x_wconf 86' lang='lat' dir='ltr'>manet:</span> <span class='ocrx_word' id='word_1_256' title='bbox 1881 1229 1950 1266; x_wconf 87' lang='lat' dir='ltr'>sibi</span> <span class='ocrx_word' id='word_1_257' title='bbox 1984 1243 2057 1265; x_wconf 90' lang='lat' dir='ltr'>non</span> <span class='ocrx_word' id='word_1_258' title='bbox 2085 1230 2309 1274; x_wconf 85' lang='lat' dir='ltr'>concordat,</span> <span class='ocrx_word' id='word_1_259' title='bbox 2331 1243 2352 1266; x_wconf 87' lang='lat' dir='ltr'>a</span> 
     </span>
     <span class='ocr_line' id='line_1_39' title="bbox 1362 1289 2348 1334; baseline 0.004 -11"><span class='ocrx_word' id='word_1_260' title='bbox 1362 1302 1400 1323; x_wconf 87' lang='lat' dir='ltr'>se</span> <span class='ocrx_word' id='word_1_261' title='bbox 1428 1289 1610 1333; x_wconf 75' lang='lat' dir='ltr'>dissonat3</span> <span class='ocrx_word' id='word_1_262' title='bbox 1638 1303 1656 1325; x_wconf 92' lang='lat' dir='ltr'>a</span> <span class='ocrx_word' id='word_1_263' title='bbox 1687 1303 1724 1326; x_wconf 90' lang='lat' dir='ltr'>se</span> <span class='ocrx_word' id='word_1_264' title='bbox 1756 1290 1889 1334; x_wconf 85' lang='lat' dir='ltr'>resilit,</span> <span class='ocrx_word' id='word_1_265' title='bbox 1925 1290 2136 1326; x_wconf 85' lang='lat' dir='ltr'>voluntates</span> <span class='ocrx_word' id='word_1_266' title='bbox 2168 1290 2348 1334; x_wconf 84' lang='lat' dir='ltr'>alternat,</span> 
     </span>
     <span class='ocr_line' id='line_1_40' title="bbox 1361 1347 2347 1393; baseline 0.004 -12"><span class='ocrx_word' id='word_1_267' title='bbox 1361 1347 1515 1383; x_wconf 86' lang='lat' dir='ltr'>consilia</span> <span class='ocrx_word' id='word_1_268' title='bbox 1537 1356 1674 1392; x_wconf 87' lang='lat' dir='ltr'>mutat,</span> <span class='ocrx_word' id='word_1_269' title='bbox 1699 1348 1856 1384; x_wconf 75' lang='lat' dir='ltr'>:edilicat</span> <span class='ocrx_word' id='word_1_270' title='bbox 1879 1361 1997 1392; x_wconf 82' lang='lat' dir='ltr'>nova,</span> <span class='ocrx_word' id='word_1_271' title='bbox 2021 1349 2179 1385; x_wconf 82' lang='lat' dir='ltr'>destruit</span> <span class='ocrx_word' id='word_1_272' title='bbox 2202 1357 2347 1393; x_wconf 84' lang='lat' dir='ltr'>vetera,</span> 
     </span>
     <span class='ocr_line' id='line_1_41' title="bbox 1361 1404 2351 1456; baseline 0.004 -17"><span class='ocrx_word' id='word_1_273' title='bbox 1361 1404 1547 1441; x_wconf 80' lang='lat' dir='ltr'>destructa</span> <span class='ocrx_word' id='word_1_274' title='bbox 1574 1406 1796 1450; x_wconf 83' lang='lat' dir='ltr'>reaedilicat,</span> <span class='ocrx_word' id='word_1_275' title='bbox 1819 1407 1948 1442; x_wconf 85' lang='lat' dir='ltr'>cadem</span> <span class='ocrx_word' id='word_1_276' title='bbox 1979 1407 2112 1442; x_wconf 81' lang='lat' dir='ltr'>iterum</span> <span class='ocrx_word' id='word_1_277' title='bbox 2142 1416 2253 1456; x_wconf 86' lang='lat' dir='ltr'>atque</span> <span class='ocrx_word' id='word_1_278' title='bbox 2279 1408 2351 1443; x_wconf 88' lang='lat' dir='ltr'>itc-</span> 
     </span>
     <span class='ocr_line' id='line_1_42' title="bbox 1363 1465 2350 1516; baseline 0.003 -17"><span class='ocrx_word' id='word_1_279' title='bbox 1363 1477 1443 1500; x_wconf 89' lang='lat' dir='ltr'>rum</span> <span class='ocrx_word' id='word_1_280' title='bbox 1469 1465 1541 1500; x_wconf 90' lang='lat' dir='ltr'>alio</span> <span class='ocrx_word' id='word_1_281' title='bbox 1567 1473 1603 1500; x_wconf 87' lang='lat' dir='ltr'>et</span> <span class='ocrx_word' id='word_1_282' title='bbox 1631 1465 1704 1501; x_wconf 87' lang='lat' dir='ltr'>alio</span> <span class='ocrx_word' id='word_1_283' title='bbox 1734 1465 1847 1501; x_wconf 90' lang='lat' dir='ltr'>modo</span> <span class='ocrx_word' id='word_1_284' title='bbox 1875 1474 1991 1502; x_wconf 88' lang='lat' dir='ltr'>mutat</span> <span class='ocrx_word' id='word_1_285' title='bbox 2015 1474 2051 1502; x_wconf 84' lang='lat' dir='ltr'>et</span> <span class='ocrx_word' id='word_1_286' title='bbox 2070 1467 2237 1511; x_wconf 90' lang='lat' dir='ltr'>ordinat,</span> <span class='ocrx_word' id='word_1_287' title='bbox 2261 1467 2350 1516; x_wconf 89' lang='lat' dir='ltr'>quia</span> 
     </span>
     <span class='ocr_line' id='line_1_43' title="bbox 1361 1523 2348 1573; baseline 0.003 -15"><span class='ocrx_word' id='word_1_288' title='bbox 1361 1523 1462 1566; x_wconf 86' lang='lat' dir='ltr'>vult,</span> <span class='ocrx_word' id='word_1_289' title='bbox 1486 1532 1522 1559; x_wconf 90' lang='lat' dir='ltr'>et</span> <span class='ocrx_word' id='word_1_290' title='bbox 1542 1537 1617 1560; x_wconf 90' lang='lat' dir='ltr'>non</span> <span class='ocrx_word' id='word_1_291' title='bbox 1642 1525 1743 1568; x_wconf 84' lang='lat' dir='ltr'>vult,</span> <span class='ocrx_word' id='word_1_292' title='bbox 1766 1533 1801 1561; x_wconf 86' lang='lat' dir='ltr'>et</span> <span class='ocrx_word' id='word_1_293' title='bbox 1822 1538 2013 1573; x_wconf 88' lang='lat' dir='ltr'>nunquam</span> <span class='ocrx_word' id='word_1_294' title='bbox 2035 1525 2072 1560; x_wconf 93' lang='lat' dir='ltr'>in</span> <span class='ocrx_word' id='word_1_295' title='bbox 2094 1524 2226 1561; x_wconf 88' lang='lat' dir='ltr'>eodem</span> <span class='ocrx_word' id='word_1_296' title='bbox 2252 1533 2348 1562; x_wconf 88' lang='lat' dir='ltr'>statu</span> 
     </span>
     <span class='ocr_line' id='line_1_44' title="bbox 1361 1583 2350 1631; baseline 0.003 -14"><span class='ocrx_word' id='word_1_297' title='bbox 1361 1592 1567 1631; x_wconf 82' lang='lat' dir='ltr'>permanet.</span> <span class='ocrx_word' id='word_1_298' title='bbox 1607 1584 1707 1620; x_wconf 83' lang='lat' dir='ltr'>Sicut</span> <span class='ocrx_word' id='word_1_299' title='bbox 1735 1585 1835 1621; x_wconf 87' lang='lat' dir='ltr'>enim</span> <span class='ocrx_word' id='word_1_300' title='bbox 1873 1583 2131 1620; x_wconf 84' lang='lat' dir='ltr'>molendinum</span> <span class='ocrx_word' id='word_1_301' title='bbox 2171 1584 2350 1621; x_wconf 84' lang='lat' dir='ltr'>velociter</span> 
     </span>
     <span class='ocr_line' id='line_1_45' title="bbox 1359 1641 2349 1692; baseline 0.003 -16"><span class='ocrx_word' id='word_1_302' title='bbox 1359 1641 1536 1687; x_wconf 84' lang='lat' dir='ltr'>volvitur,</span> <span class='ocrx_word' id='word_1_303' title='bbox 1551 1650 1586 1677; x_wconf 82' lang='lat' dir='ltr'>et</span> <span class='ocrx_word' id='word_1_304' title='bbox 1607 1642 1697 1678; x_wconf 83' lang='lat' dir='ltr'>niliil</span> <span class='ocrx_word' id='word_1_305' title='bbox 1714 1643 1874 1692; x_wconf 80' lang='lat' dir='ltr'>respuit,</span> <span class='ocrx_word' id='word_1_306' title='bbox 1898 1642 1962 1679; x_wconf 90' lang='lat' dir='ltr'>sed</span> <span class='ocrx_word' id='word_1_307' title='bbox 1983 1641 2166 1691; x_wconf 91' lang='lat' dir='ltr'>quidquid</span> <span class='ocrx_word' id='word_1_308' title='bbox 2183 1643 2349 1692; x_wconf 85' lang='lat' dir='ltr'>imponi-</span> 
     </span>
     <span class='ocr_line' id='line_1_46' title="bbox 1360 1701 2346 1751; baseline 0.003 -17"><span class='ocrx_word' id='word_1_309' title='bbox 1360 1707 1419 1735; x_wconf 90' lang='lat' dir='ltr'>tur</span> <span class='ocrx_word' id='word_1_310' title='bbox 1440 1701 1568 1746; x_wconf 83' lang='lat' dir='ltr'>molit3</span> <span class='ocrx_word' id='word_1_311' title='bbox 1595 1701 1623 1737; x_wconf 86' lang='lat' dir='ltr'>si</span> <span class='ocrx_word' id='word_1_312' title='bbox 1651 1709 1773 1737; x_wconf 89' lang='lat' dir='ltr'>antem</span> <span class='ocrx_word' id='word_1_313' title='bbox 1798 1702 1887 1737; x_wconf 83' lang='lat' dir='ltr'>niliil</span> <span class='ocrx_word' id='word_1_314' title='bbox 1914 1701 2139 1750; x_wconf 89' lang='lat' dir='ltr'>apponitur,</span> <span class='ocrx_word' id='word_1_315' title='bbox 2162 1714 2200 1737; x_wconf 89' lang='lat' dir='ltr'>se</span> <span class='ocrx_word' id='word_1_316' title='bbox 2224 1702 2346 1751; x_wconf 84' lang='lat' dir='ltr'>ipsum</span> 
     </span>
     <span class='ocr_line' id='line_1_47' title="bbox 1358 1759 2347 1808; baseline 0.003 -15"><span class='ocrx_word' id='word_1_317' title='bbox 1358 1759 1545 1795; x_wconf 85' lang='lat' dir='ltr'>consumit</span> <span class='ocrx_word' id='word_1_318' title='bbox 1567 1774 1573 1795; x_wconf 95' lang='lat'><strong>:</strong></span> <span class='ocrx_word' id='word_1_319' title='bbox 1600 1760 1652 1796; x_wconf 86' lang='lat' dir='ltr'>sic</span> <span class='ocrx_word' id='word_1_320' title='bbox 1681 1772 1746 1795; x_wconf 87' lang='lat' dir='ltr'>cor</span> <span class='ocrx_word' id='word_1_321' title='bbox 1767 1773 1890 1796; x_wconf 86' lang='lat' dir='ltr'>meum</span> <span class='ocrx_word' id='word_1_322' title='bbox 1918 1773 2066 1808; x_wconf 85' lang='lat' dir='ltr'>semper</span> <span class='ocrx_word' id='word_1_323' title='bbox 2087 1769 2141 1796; x_wconf 87' lang='lat' dir='ltr'>est</span> <span class='ocrx_word' id='word_1_324' title='bbox 2163 1761 2198 1796; x_wconf 92' lang='lat' dir='ltr'>in</span> <span class='ocrx_word' id='word_1_325' title='bbox 2220 1769 2323 1797; x_wconf 88' lang='lat' dir='ltr'>motu</span> <span class='ocrx_word' id='word_1_326' title='bbox 2338 1789 2347 1805; x_wconf 94' lang='lat'>,</span> 
     </span>
    </p>
   </div>
   <div class='ocr_carea' id='block_1_15' title="bbox 300 1816 2348 1868">
    <p class='ocr_par' dir='ltr' id='par_1_15' title="bbox 300 1816 2348 1868">
     <span class='ocr_line' id='line_1_48' title="bbox 300 1816 2348 1868; baseline 0.002 -17"><span class='ocrx_word' id='word_1_327' title='bbox 300 1818 529 1853; x_wconf 87' lang='lat' dir='ltr'>monasterio</span> <span class='ocrx_word' id='word_1_328' title='bbox 550 1830 711 1867; x_wconf 85' lang='lat' dir='ltr'>namque</span> <span class='ocrx_word' id='word_1_329' title='bbox 736 1831 834 1868; x_wconf 79' lang='lat' dir='ltr'>saepe</span> <span class='ocrx_word' id='word_1_330' title='bbox 857 1819 945 1854; x_wconf 89' lang='lat' dir='ltr'>dum</span> <span class='ocrx_word' id='word_1_331' title='bbox 965 1832 1048 1864; x_wconf 91' lang='lat' dir='ltr'>oro,</span> <span class='ocrx_word' id='word_1_332' title='bbox 1073 1832 1149 1855; x_wconf 90' lang='lat' dir='ltr'>non</span> <span class='ocrx_word' id='word_1_333' title='bbox 1168 1828 1292 1855; x_wconf 88' lang='lat' dir='ltr'>atten—</span> <span class='ocrx_word' id='word_1_334' title='bbox 1313 1816 1339 1852; x_wconf 92' lang='lat' dir='ltr'>C</span> <span class='ocrx_word' id='word_1_335' title='bbox 1359 1825 1395 1853; x_wconf 85' lang='lat' dir='ltr'>et</span> <span class='ocrx_word' id='word_1_336' title='bbox 1414 1831 1607 1867; x_wconf 85' lang='lat' dir='ltr'>nunquam</span> <span class='ocrx_word' id='word_1_337' title='bbox 1629 1819 1844 1868; x_wconf 84' lang='lat' dir='ltr'>requiescit;</span> <span class='ocrx_word' id='word_1_338' title='bbox 1865 1819 1927 1855; x_wconf 92' lang='lat' dir='ltr'>sed</span> <span class='ocrx_word' id='word_1_339' title='bbox 1950 1819 2028 1855; x_wconf 88' lang='lat' dir='ltr'>sive</span> <span class='ocrx_word' id='word_1_340' title='bbox 2049 1819 2252 1865; x_wconf 86' lang='lat' dir='ltr'>dormiam,</span> <span class='ocrx_word' id='word_1_341' title='bbox 2269 1819 2348 1855; x_wconf 86' lang='lat' dir='ltr'>sive</span> 
     </span>
    </p>
   </div>
   <div class='ocr_carea' id='block_1_16' title="bbox 296 1873 1291 2575">
    <p class='ocr_par' dir='ltr' id='par_1_16' title="bbox 296 1873 1291 2575">
     <span class='ocr_line' id='line_1_49' title="bbox 299 1873 1291 1926; baseline 0.006 -17"><span class='ocrx_word' id='word_1_342' title='bbox 299 1873 348 1909; x_wconf 93' lang='lat' dir='ltr'>do</span> <span class='ocrx_word' id='word_1_343' title='bbox 364 1875 466 1923; x_wconf 90' lang='lat' dir='ltr'>qnod</span> <span class='ocrx_word' id='word_1_344' title='bbox 485 1876 582 1911; x_wconf 88' lang='lat' dir='ltr'>dico.</span> <span class='ocrx_word' id='word_1_345' title='bbox 601 1880 677 1913; x_wconf 85' lang='lat' dir='ltr'>Oro</span> <span class='ocrx_word' id='word_1_346' title='bbox 697 1877 848 1926; x_wconf 89' lang='lat' dir='ltr'>quidem</span> <span class='ocrx_word' id='word_1_347' title='bbox 871 1891 956 1922; x_wconf 88' lang='lat' dir='ltr'>ore,</span> <span class='ocrx_word' id='word_1_348' title='bbox 973 1878 1037 1914; x_wconf 86' lang='lat' dir='ltr'>sed</span> <span class='ocrx_word' id='word_1_349' title='bbox 1057 1886 1180 1914; x_wconf 88' lang='lat' dir='ltr'>mente</span> <span class='ocrx_word' id='word_1_350' title='bbox 1203 1879 1291 1915; x_wconf 87' lang='lat' dir='ltr'>soris</span> 
     </span>
     <span class='ocr_line' id='line_1_50' title="bbox 298 1936 1289 1986; baseline 0.006 -18"><span class='ocrx_word' id='word_1_351' title='bbox 298 1942 471 1981; x_wconf 85' lang='lat' dir='ltr'>vagante,</span> <span class='ocrx_word' id='word_1_352' title='bbox 489 1936 671 1972; x_wconf 91' lang='lat' dir='ltr'>orationis</span> <span class='ocrx_word' id='word_1_353' title='bbox 695 1937 816 1973; x_wconf 81' lang='lat' dir='ltr'>fructu</span> <span class='ocrx_word' id='word_1_354' title='bbox 841 1938 984 1986; x_wconf 81' lang='lat' dir='ltr'>privor.</span> <span class='ocrx_word' id='word_1_355' title='bbox 1014 1939 1182 1986; x_wconf 87' lang='lat' dir='ltr'>Corpore</span> <span class='ocrx_word' id='word_1_356' title='bbox 1208 1951 1289 1975; x_wconf 88' lang='lat' dir='ltr'>sum</span> 
     </span>
     <span class='ocr_line' id='line_1_51' title="bbox 297 1991 1290 2046; baseline 0.006 -19"><span class='ocrx_word' id='word_1_357' title='bbox 297 1991 473 2038; x_wconf 88' lang='lat' dir='ltr'>interius,</span> <span class='ocrx_word' id='word_1_358' title='bbox 487 1994 551 2030; x_wconf 91' lang='lat' dir='ltr'>sed</span> <span class='ocrx_word' id='word_1_359' title='bbox 569 1995 682 2031; x_wconf 90' lang='lat' dir='ltr'>corde</span> <span class='ocrx_word' id='word_1_360' title='bbox 698 1997 863 2032; x_wconf 78' lang='lat' dir='ltr'>exterius</span> <span class='ocrx_word' id='word_1_361' title='bbox 879 2011 885 2032; x_wconf 95' lang='lat'>:</span> <span class='ocrx_word' id='word_1_362' title='bbox 899 2005 935 2033; x_wconf 88' lang='lat' dir='ltr'>et</span> <span class='ocrx_word' id='word_1_363' title='bbox 953 1997 1037 2033; x_wconf 87' lang='lat' dir='ltr'>ideo</span> <span class='ocrx_word' id='word_1_364' title='bbox 1052 1997 1170 2046; x_wconf 89' lang='lat' dir='ltr'>perdo</span> <span class='ocrx_word' id='word_1_365' title='bbox 1187 1997 1290 2046; x_wconf 92' lang='lat' dir='ltr'>quod</span> 
     </span>
     <span class='ocr_line' id='line_1_52' title="bbox 297 2051 1289 2104; baseline 0.006 -17"><span class='ocrx_word' id='word_1_366' title='bbox 297 2051 394 2088; x_wconf 79' lang='lat' dir='ltr'>dico.</span> <span class='ocrx_word' id='word_1_367' title='bbox 418 2056 550 2090; x_wconf 86' lang='lat' dir='ltr'>Parum</span> <span class='ocrx_word' id='word_1_368' title='bbox 568 2055 666 2091; x_wconf 86' lang='lat' dir='ltr'>enim</span> <span class='ocrx_word' id='word_1_369' title='bbox 685 2056 841 2104; x_wconf 87' lang='lat' dir='ltr'>prodest</span> <span class='ocrx_word' id='word_1_370' title='bbox 861 2057 939 2093; x_wconf 88' lang='lat' dir='ltr'>sola</span> <span class='ocrx_word' id='word_1_371' title='bbox 961 2069 1054 2092; x_wconf 76' lang='lat' dir='ltr'>voce</span> <span class='ocrx_word' id='word_1_372' title='bbox 1074 2064 1224 2092; x_wconf 87' lang='lat' dir='ltr'>cantare</span> <span class='ocrx_word' id='word_1_373' title='bbox 1241 2057 1289 2093; x_wconf 89' lang='lat' dir='ltr'>si-</span> 
     </span>
     <span class='ocr_line' id='line_1_53' title="bbox 297 2112 1288 2164; baseline 0.006 -19"><span class='ocrx_word' id='word_1_374' title='bbox 297 2122 342 2146; x_wconf 91' lang='lat' dir='ltr'>ne</span> <span class='ocrx_word' id='word_1_375' title='bbox 361 2112 486 2148; x_wconf 90' lang='lat' dir='ltr'>cordis</span> <span class='ocrx_word' id='word_1_376' title='bbox 502 2113 726 2150; x_wconf 87' lang='lat' dir='ltr'>intentione.</span> <span class='ocrx_word' id='word_1_377' title='bbox 753 2118 955 2164; x_wconf 85' lang='lat' dir='ltr'>Propterea</span> <span class='ocrx_word' id='word_1_378' title='bbox 977 2128 1109 2163; x_wconf 86' lang='lat' dir='ltr'>magna</span> <span class='ocrx_word' id='word_1_379' title='bbox 1129 2128 1288 2164; x_wconf 87' lang='lat' dir='ltr'>perver—</span> 
     </span>
     <span class='ocr_line' id='line_1_54' title="bbox 297 2169 1289 2222; baseline 0.006 -18"><span class='ocrx_word' id='word_1_380' title='bbox 297 2169 404 2215; x_wconf 84' lang='lat' dir='ltr'>sitas,</span> <span class='ocrx_word' id='word_1_381' title='bbox 426 2171 501 2207; x_wconf 91' lang='lat' dir='ltr'>imo</span> <span class='ocrx_word' id='word_1_382' title='bbox 521 2185 652 2220; x_wconf 81' lang='lat' dir='ltr'>magna</span> <span class='ocrx_word' id='word_1_383' title='bbox 677 2174 818 2210; x_wconf 90' lang='lat' dir='ltr'>insania</span> <span class='ocrx_word' id='word_1_384' title='bbox 839 2182 914 2217; x_wconf 89' lang='lat' dir='ltr'>est,</span> <span class='ocrx_word' id='word_1_385' title='bbox 934 2173 1088 2222; x_wconf 85' lang='lat' dir='ltr'>quando</span> <span class='ocrx_word' id='word_1_386' title='bbox 1108 2187 1192 2210; x_wconf 89' lang='lat' dir='ltr'>cum</span> <span class='ocrx_word' id='word_1_387' title='bbox 1215 2177 1289 2210; x_wconf 91' lang='lat' dir='ltr'>Do-</span> 
     </span>
     <span class='ocr_line' id='line_1_55' title="bbox 297 2227 1287 2281; baseline 0.006 -19"><span class='ocrx_word' id='word_1_388' title='bbox 297 2227 400 2262; x_wconf 88' lang='lat' dir='ltr'>mino</span> <span class='ocrx_word' id='word_1_389' title='bbox 421 2229 622 2277; x_wconf 87' lang='lat' dir='ltr'>majestatis</span> <span class='ocrx_word' id='word_1_390' title='bbox 643 2231 744 2280; x_wconf 89' lang='lat' dir='ltr'>loqui</span> <span class='ocrx_word' id='word_1_391' title='bbox 766 2232 803 2267; x_wconf 93' lang='lat' dir='ltr'>in</span> <span class='ocrx_word' id='word_1_392' title='bbox 823 2233 991 2268; x_wconf 85' lang='lat' dir='ltr'>oratione</span> <span class='ocrx_word' id='word_1_393' title='bbox 1008 2233 1287 2281; x_wconf 79' lang='lat' dir='ltr'>praesumimus,</span> 
     </span>
     <span class='ocr_line' id='line_1_56' title="bbox 296 2286 1288 2340; baseline 0.007 -20"><span class='ocrx_word' id='word_1_394' title='bbox 296 2293 332 2320; x_wconf 87' lang='lat' dir='ltr'>et</span> <span class='ocrx_word' id='word_1_395' title='bbox 349 2286 522 2324; x_wconf 86' lang='lat' dir='ltr'>insensati</span> <span class='ocrx_word' id='word_1_396' title='bbox 544 2302 671 2325; x_wconf 85' lang='lat' dir='ltr'>aurem</span> <span class='ocrx_word' id='word_1_397' title='bbox 691 2291 912 2336; x_wconf 86' lang='lat' dir='ltr'>avertimus,</span> <span class='ocrx_word' id='word_1_398' title='bbox 930 2300 967 2327; x_wconf 89' lang='lat' dir='ltr'>et</span> <span class='ocrx_word' id='word_1_399' title='bbox 987 2291 1033 2327; x_wconf 90' lang='lat' dir='ltr'>ad</span> <span class='ocrx_word' id='word_1_400' title='bbox 1055 2292 1180 2327; x_wconf 88' lang='lat' dir='ltr'>nescio</span> <span class='ocrx_word' id='word_1_401' title='bbox 1196 2304 1288 2340; x_wconf 86' lang='lat' dir='ltr'>quas</span> 
     </span>
     <span class='ocr_line' id='line_1_57' title="bbox 297 2343 1288 2398; baseline 0.008 -20"><span class='ocrx_word' id='word_1_402' title='bbox 297 2343 456 2393; x_wconf 88' lang='lat' dir='ltr'>ineptias</span> <span class='ocrx_word' id='word_1_403' title='bbox 488 2348 745 2384; x_wconf 72' lang='lat' dir='ltr'>convertimus</span> <span class='ocrx_word' id='word_1_404' title='bbox 777 2362 853 2384; x_wconf 89' lang='lat' dir='ltr'>cor.</span> <span class='ocrx_word' id='word_1_405' title='bbox 882 2353 1016 2398; x_wconf 84' lang='lat' dir='ltr'>Magna</span> <span class='ocrx_word' id='word_1_406' title='bbox 1044 2363 1196 2398; x_wconf 88' lang='lat' dir='ltr'>quoque</span> <span class='ocrx_word' id='word_1_407' title='bbox 1229 2350 1288 2386; x_wconf 93' lang='lat' dir='ltr'>in—</span> 
     </span>
     <span class='ocr_line' id='line_1_58' title="bbox 299 2402 1289 2453; baseline 0.008 -17"><span class='ocrx_word' id='word_1_408' title='bbox 299 2402 420 2448; x_wconf 84' lang='lat' dir='ltr'>sania,</span> <span class='ocrx_word' id='word_1_409' title='bbox 445 2412 480 2439; x_wconf 88' lang='lat' dir='ltr'>et</span> <span class='ocrx_word' id='word_1_410' title='bbox 503 2405 666 2453; x_wconf 80' lang='lat' dir='ltr'>graviter</span> <span class='ocrx_word' id='word_1_411' title='bbox 693 2406 940 2452; x_wconf 84' lang='lat' dir='ltr'>vindicanda,</span> <span class='ocrx_word' id='word_1_412' title='bbox 971 2421 1055 2443; x_wconf 92' lang='lat' dir='ltr'>cum</span> <span class='ocrx_word' id='word_1_413' title='bbox 1089 2409 1289 2445; x_wconf 78' lang='lat' dir='ltr'>vilissimus</span> 
     </span>
     <span class='ocr_line' id='line_1_59' title="bbox 297 2462 1290 2516; baseline 0.007 -19"><span class='ocrx_word' id='word_1_414' title='bbox 297 2462 420 2510; x_wconf 84' lang='lat' dir='ltr'>pulvis</span> <span class='ocrx_word' id='word_1_415' title='bbox 435 2464 649 2513; x_wconf 87' lang='lat' dir='ltr'>loquentem</span> <span class='ocrx_word' id='word_1_416' title='bbox 667 2466 712 2502; x_wconf 90' lang='lat' dir='ltr'>ad</span> <span class='ocrx_word' id='word_1_417' title='bbox 733 2480 770 2502; x_wconf 86' lang='lat' dir='ltr'>se</span> <span class='ocrx_word' id='word_1_418' title='bbox 787 2467 917 2503; x_wconf 87' lang='lat' dir='ltr'>audire</span> <span class='ocrx_word' id='word_1_419' title='bbox 934 2467 1158 2516; x_wconf 80' lang='lat' dir='ltr'>dedignatur</span> <span class='ocrx_word' id='word_1_420' title='bbox 1177 2471 1290 2504; x_wconf 85' lang='lat' dir='ltr'>Crea-</span> 
     </span>
     <span class='ocr_line' id='line_1_60' title="bbox 297 2524 1289 2575; baseline 0.007 -20"><span class='ocrx_word' id='word_1_421' title='bbox 297 2528 415 2557; x_wconf 88' lang='lat' dir='ltr'>torem</span> <span class='ocrx_word' id='word_1_422' title='bbox 435 2524 698 2562; x_wconf 77' lang='lat' dir='ltr'>univcrsitatis.</span> <span class='ocrx_word' id='word_1_423' title='bbox 718 2525 922 2562; x_wconf 78' lang='lat' dir='ltr'>Inel&#39;sabilis</span> <span class='ocrx_word' id='word_1_424' title='bbox 944 2539 1032 2562; x_wconf 80' lang='lat' dir='ltr'>vero</span> <span class='ocrx_word' id='word_1_425' title='bbox 1053 2535 1107 2562; x_wconf 88' lang='lat' dir='ltr'>est</span> <span class='ocrx_word' id='word_1_426' title='bbox 1125 2527 1289 2575; x_wconf 74' lang='lat' dir='ltr'>dignatio</span> 
     </span>
    </p>
   </div>
   <div class='ocr_carea' id='block_1_17' title="bbox 1353 1876 2348 2574">
    <p class='ocr_par' dir='ltr' id='par_1_17' title="bbox 1353 1876 2348 2574">
     <span class='ocr_line' id='line_1_61' title="bbox 1358 1876 2347 1927; baseline 0.004 -16"><span class='ocrx_word' id='word_1_427' title='bbox 1358 1876 1506 1924; x_wconf 83' lang='lat' dir='ltr'>vigilem</span> <span class='ocrx_word' id='word_1_428' title='bbox 1523 1906 1532 1922; x_wconf 94' lang='lat'>,</span> <span class='ocrx_word' id='word_1_429' title='bbox 1557 1878 1718 1914; x_wconf 90' lang='lat' dir='ltr'>somniat</span> <span class='ocrx_word' id='word_1_430' title='bbox 1736 1887 1772 1914; x_wconf 86' lang='lat' dir='ltr'>ct</span> <span class='ocrx_word' id='word_1_431' title='bbox 1797 1879 1934 1927; x_wconf 77' lang='lat' dir='ltr'>cogitat</span> <span class='ocrx_word' id='word_1_432' title='bbox 1953 1878 2136 1927; x_wconf 90' lang='lat' dir='ltr'>quidquid</span> <span class='ocrx_word' id='word_1_433' title='bbox 2157 1879 2190 1915; x_wconf 82' lang='lat' dir='ltr'>ei</span> <span class='ocrx_word' id='word_1_434' title='bbox 2211 1892 2347 1915; x_wconf 85' lang='lat' dir='ltr'>occur-</span> 
     </span>
     <span class='ocr_line' id='line_1_62' title="bbox 1358 1935 2346 1988; baseline 0.004 -18"><span class='ocrx_word' id='word_1_435' title='bbox 1358 1935 1416 1970; x_wconf 89' lang='lat' dir='ltr'>rit.</span> <span class='ocrx_word' id='word_1_436' title='bbox 1445 1939 1490 1971; x_wconf 82' lang='lat' dir='ltr'>Et</span> <span class='ocrx_word' id='word_1_437' title='bbox 1510 1937 1604 1972; x_wconf 86' lang='lat' dir='ltr'>sicut</span> <span class='ocrx_word' id='word_1_438' title='bbox 1628 1937 1886 1973; x_wconf 88' lang='lat' dir='ltr'>molendinum</span> <span class='ocrx_word' id='word_1_439' title='bbox 1913 1951 2044 1982; x_wconf 83' lang='lat' dir='ltr'>arena,</span> <span class='ocrx_word' id='word_1_440' title='bbox 2066 1939 2095 1974; x_wconf 91' lang='lat' dir='ltr'>si</span> <span class='ocrx_word' id='word_1_441' title='bbox 2115 1938 2346 1988; x_wconf 89' lang='lat' dir='ltr'>imponatur,</span> 
     </span>
     <span class='ocr_line' id='line_1_63' title="bbox 1356 1995 2348 2046; baseline 0.003 -17"><span class='ocrx_word' id='word_1_442' title='bbox 1356 1995 1601 2040; x_wconf 87' lang='lat' dir='ltr'>exterminat,</span> <span class='ocrx_word' id='word_1_443' title='bbox 1638 1996 1703 2045; x_wconf 78' lang='lat' dir='ltr'>pix</span> <span class='ocrx_word' id='word_1_444' title='bbox 1734 1997 1922 2045; x_wconf 86' lang='lat' dir='ltr'>inquinat,</span> <span class='ocrx_word' id='word_1_445' title='bbox 1953 1997 2057 2046; x_wconf 87' lang='lat' dir='ltr'>palea</span> <span class='ocrx_word' id='word_1_446' title='bbox 2086 2005 2268 2046; x_wconf 87' lang='lat' dir='ltr'>occupat;</span> <span class='ocrx_word' id='word_1_447' title='bbox 2295 1997 2348 2033; x_wconf 92' lang='lat' dir='ltr'>sic</span> 
     </span>
     <span class='ocr_line' id='line_1_64' title="bbox 1357 2055 2347 2104; baseline 0.003 -14"><span class='ocrx_word' id='word_1_448' title='bbox 1357 2067 1422 2090; x_wconf 88' lang='lat' dir='ltr'>cor</span> <span class='ocrx_word' id='word_1_449' title='bbox 1455 2067 1578 2091; x_wconf 87' lang='lat' dir='ltr'>meum</span> <span class='ocrx_word' id='word_1_450' title='bbox 1611 2056 1786 2104; x_wconf 78' lang='lat' dir='ltr'>cogitatio</span> <span class='ocrx_word' id='word_1_451' title='bbox 1819 2069 1944 2092; x_wconf 88' lang='lat' dir='ltr'>amara</span> <span class='ocrx_word' id='word_1_452' title='bbox 1977 2055 2120 2101; x_wconf 89' lang='lat' dir='ltr'>turbat,</span> <span class='ocrx_word' id='word_1_453' title='bbox 2153 2057 2347 2094; x_wconf 87' lang='lat' dir='ltr'>immunda</span> 
     </span>
     <span class='ocr_line' id='line_1_65' title="bbox 1357 2115 2344 2165; baseline 0.002 -16"><span class='ocrx_word' id='word_1_454' title='bbox 1357 2115 1536 2160; x_wconf 88' lang='lat' dir='ltr'>maculat,</span> <span class='ocrx_word' id='word_1_455' title='bbox 1552 2128 1648 2150; x_wconf 84' lang='lat' dir='ltr'>vana</span> <span class='ocrx_word' id='word_1_456' title='bbox 1664 2115 1846 2164; x_wconf 78' lang='lat' dir='ltr'>inquietat</span> <span class='ocrx_word' id='word_1_457' title='bbox 1862 2123 1898 2151; x_wconf 86' lang='lat' dir='ltr'>et</span> <span class='ocrx_word' id='word_1_458' title='bbox 1913 2115 2052 2165; x_wconf 82' lang='lat' dir='ltr'>fatigat.</span> <span class='ocrx_word' id='word_1_459' title='bbox 2072 2119 2125 2152; x_wconf 90' lang='lat' dir='ltr'>Ita</span> <span class='ocrx_word' id='word_1_460' title='bbox 2143 2129 2344 2152; x_wconf 89' lang='lat' dir='ltr'>cormeum</span> 
     </span>
     <span class='ocr_line' id='line_1_66' title="bbox 1356 2172 2344 2222; baseline 0.002 -15"><span class='ocrx_word' id='word_1_461' title='bbox 1356 2172 1444 2208; x_wconf 92' lang='lat' dir='ltr'>dum</span> <span class='ocrx_word' id='word_1_462' title='bbox 1467 2173 1633 2209; x_wconf 89' lang='lat' dir='ltr'>futurum</span> <span class='ocrx_word' id='word_1_463' title='bbox 1656 2186 1732 2209; x_wconf 88' lang='lat' dir='ltr'>non</span> <span class='ocrx_word' id='word_1_464' title='bbox 1751 2182 1857 2209; x_wconf 84' lang='lat' dir='ltr'>curat</span> <span class='ocrx_word' id='word_1_465' title='bbox 1877 2174 2053 2222; x_wconf 84' lang='lat' dir='ltr'>gaudium</span> <span class='ocrx_word' id='word_1_466' title='bbox 2068 2202 2077 2219; x_wconf 92' lang='lat'>,</span> <span class='ocrx_word' id='word_1_467' title='bbox 2095 2187 2162 2210; x_wconf 84' lang='lat' dir='ltr'>nec</span> <span class='ocrx_word' id='word_1_468' title='bbox 2175 2174 2344 2211; x_wconf 89' lang='lat' dir='ltr'>divinum</span> 
     </span>
     <span class='ocr_line' id='line_1_67' title="bbox 1355 2232 2346 2282; baseline 0.003 -16"><span class='ocrx_word' id='word_1_469' title='bbox 1355 2232 1489 2279; x_wconf 84' lang='lat' dir='ltr'>quaerit</span> <span class='ocrx_word' id='word_1_470' title='bbox 1514 2232 1716 2278; x_wconf 81' lang='lat' dir='ltr'>auxilium3</span> <span class='ocrx_word' id='word_1_471' title='bbox 1735 2232 1780 2268; x_wconf 89' lang='lat' dir='ltr'>ab</span> <span class='ocrx_word' id='word_1_472' title='bbox 1807 2246 1935 2268; x_wconf 86' lang='lat' dir='ltr'>amore</span> <span class='ocrx_word' id='word_1_473' title='bbox 1964 2233 2168 2269; x_wconf 82' lang='lat' dir='ltr'>coelestium</span> <span class='ocrx_word' id='word_1_474' title='bbox 2193 2234 2346 2282; x_wconf 80' lang='lat' dir='ltr'>elonga-</span> 
     </span>
     <span class='ocr_line' id='line_1_68' title="bbox 1357 2291 2344 2341; baseline 0.004 -16"><span class='ocrx_word' id='word_1_475' title='bbox 1357 2298 1428 2334; x_wconf 90' lang='lat' dir='ltr'>tur,</span> <span class='ocrx_word' id='word_1_476' title='bbox 1446 2291 1531 2326; x_wconf 90' lang='lat' dir='ltr'>etin</span> <span class='ocrx_word' id='word_1_477' title='bbox 1548 2304 1676 2326; x_wconf 86' lang='lat' dir='ltr'>amore</span> <span class='ocrx_word' id='word_1_478' title='bbox 1694 2291 1923 2327; x_wconf 81' lang='lat' dir='ltr'>terrestrium</span> <span class='ocrx_word' id='word_1_479' title='bbox 1939 2300 2156 2340; x_wconf 79' lang='lat' dir='ltr'>occupatur.</span> <span class='ocrx_word' id='word_1_480' title='bbox 2175 2295 2344 2341; x_wconf 86' lang='lat' dir='ltr'>Cumque</span> 
     </span>
     <span class='ocr_line' id='line_1_69' title="bbox 1353 2348 2344 2397; baseline 0.003 -13"><span class='ocrx_word' id='word_1_481' title='bbox 1353 2348 1514 2385; x_wconf 90' lang='lat' dir='ltr'>elabitur</span> <span class='ocrx_word' id='word_1_482' title='bbox 1538 2349 1584 2385; x_wconf 89' lang='lat' dir='ltr'>ab</span> <span class='ocrx_word' id='word_1_483' title='bbox 1606 2350 1697 2392; x_wconf 92' lang='lat' dir='ltr'>illis,</span> <span class='ocrx_word' id='word_1_484' title='bbox 1724 2358 1759 2385; x_wconf 89' lang='lat' dir='ltr'>et</span> <span class='ocrx_word' id='word_1_485' title='bbox 1787 2350 1993 2386; x_wconf 87' lang='lat' dir='ltr'>involvitur</span> <span class='ocrx_word' id='word_1_486' title='bbox 2021 2351 2058 2386; x_wconf 92' lang='lat' dir='ltr'>in</span> <span class='ocrx_word' id='word_1_487' title='bbox 2084 2351 2179 2397; x_wconf 85' lang='lat' dir='ltr'>istis;</span> <span class='ocrx_word' id='word_1_488' title='bbox 2202 2353 2344 2387; x_wconf 82' lang='lat' dir='ltr'>vanitas</span> 
     </span>
     <span class='ocr_line' id='line_1_70' title="bbox 1354 2407 2341 2458; baseline 0.005 -16"><span class='ocrx_word' id='word_1_489' title='bbox 1354 2407 1443 2443; x_wconf 92' lang='lat' dir='ltr'>illud</span> <span class='ocrx_word' id='word_1_490' title='bbox 1473 2408 1621 2456; x_wconf 86' lang='lat' dir='ltr'>recipit,</span> <span class='ocrx_word' id='word_1_491' title='bbox 1642 2409 1837 2445; x_wconf 87' lang='lat' dir='ltr'>curiositas</span> <span class='ocrx_word' id='word_1_492' title='bbox 1859 2409 2033 2454; x_wconf 87' lang='lat' dir='ltr'>deducit,</span> <span class='ocrx_word' id='word_1_493' title='bbox 2053 2409 2236 2458; x_wconf 88' lang='lat' dir='ltr'>cupiditas</span> <span class='ocrx_word' id='word_1_494' title='bbox 2256 2410 2341 2447; x_wconf 92' lang='lat' dir='ltr'>alli-</span> 
     </span>
     <span class='ocr_line' id='line_1_71' title="bbox 1355 2466 2343 2519; baseline 0.004 -18"><span class='ocrx_word' id='word_1_495' title='bbox 1355 2466 1422 2511; x_wconf 89' lang='lat' dir='ltr'>cit,</span> <span class='ocrx_word' id='word_1_496' title='bbox 1448 2467 1620 2515; x_wconf 85' lang='lat' dir='ltr'>volnptas</span> <span class='ocrx_word' id='word_1_497' title='bbox 1645 2467 1806 2513; x_wconf 87' lang='lat' dir='ltr'>seducit,</span> <span class='ocrx_word' id='word_1_498' title='bbox 1835 2468 1984 2504; x_wconf 77' lang='lat' dir='ltr'>luxuria</span> <span class='ocrx_word' id='word_1_499' title='bbox 2012 2469 2169 2517; x_wconf 86' lang='lat' dir='ltr'>polluit,</span> <span class='ocrx_word' id='word_1_500' title='bbox 2193 2477 2343 2519; x_wconf 87' lang='lat' dir='ltr'>torquet</span> 
     </span>
     <span class='ocr_line' id='line_1_72' title="bbox 1355 2525 2340 2574; baseline 0.004 -14"><span class='ocrx_word' id='word_1_501' title='bbox 1355 2525 1511 2571; x_wconf 84' lang='lat' dir='ltr'>invidia,</span> <span class='ocrx_word' id='word_1_502' title='bbox 1535 2525 1660 2562; x_wconf 89' lang='lat' dir='ltr'>turbat</span> <span class='ocrx_word' id='word_1_503' title='bbox 1680 2526 1890 2571; x_wconf 88' lang='lat' dir='ltr'>iracundia,</span> <span class='ocrx_word' id='word_1_504' title='bbox 1914 2527 2055 2563; x_wconf 84' lang='lat' dir='ltr'>cruciat</span> <span class='ocrx_word' id='word_1_505' title='bbox 2078 2528 2242 2574; x_wconf 91' lang='lat' dir='ltr'>tristitia;</span> <span class='ocrx_word' id='word_1_506' title='bbox 2265 2528 2340 2564; x_wconf 93' lang='lat' dir='ltr'>sic-</span> 
     </span>
    </p>
   </div>
   <div class='ocr_carea' id='block_1_18' title="bbox 294 2578 2344 2635">
    <p class='ocr_par' dir='ltr' id='par_1_18' title="bbox 294 2578 2344 2635">
     <span class='ocr_line' id='line_1_73' title="bbox 294 2578 2344 2635; baseline 0.005 -22"><span class='ocrx_word' id='word_1_507' title='bbox 294 2578 430 2616; x_wconf 83' lang='lat' dir='ltr'>divinae</span> <span class='ocrx_word' id='word_1_508' title='bbox 449 2581 643 2629; x_wconf 87' lang='lat' dir='ltr'>bonitatis,</span> <span class='ocrx_word' id='word_1_509' title='bbox 661 2597 744 2632; x_wconf 83' lang='lat' dir='ltr'>qnae</span> <span class='ocrx_word' id='word_1_510' title='bbox 758 2584 927 2633; x_wconf 86' lang='lat' dir='ltr'>quotidie</span> <span class='ocrx_word' id='word_1_511' title='bbox 943 2586 1127 2634; x_wconf 83' lang='lat' dir='ltr'>conspicit</span> <span class='ocrx_word' id='word_1_512' title='bbox 1143 2598 1211 2621; x_wconf 86' lang='lat' dir='ltr'>nos</span> <span class='ocrx_word' id='word_1_513' title='bbox 1229 2585 1286 2620; x_wconf 91' lang='lat' dir='ltr'>in·</span> <span class='ocrx_word' id='word_1_514' title='bbox 1305 2583 1335 2615; x_wconf 88' lang='lat' dir='ltr'>D</span> <span class='ocrx_word' id='word_1_515' title='bbox 1353 2598 1426 2633; x_wconf 84' lang='lat' dir='ltr'>que</span> <span class='ocrx_word' id='word_1_516' title='bbox 1453 2586 1596 2622; x_wconf 85' lang='lat' dir='ltr'>miseris</span> <span class='ocrx_word' id='word_1_517' title='bbox 1625 2585 1771 2622; x_wconf 85' lang='lat' dir='ltr'>casibus</span> <span class='ocrx_word' id='word_1_518' title='bbox 1798 2586 2053 2635; x_wconf 84' lang='lat' dir='ltr'>submergitur</span> <span class='ocrx_word' id='word_1_519' title='bbox 2076 2587 2250 2624; x_wconf 90' lang='lat' dir='ltr'>omnibus</span> <span class='ocrx_word' id='word_1_520' title='bbox 2281 2588 2344 2623; x_wconf 92' lang='lat' dir='ltr'>vi—</span> 
     </span>
    </p>
   </div>
   <div class='ocr_carea' id='block_1_19' title="bbox 290 2637 1286 3223">
    <p class='ocr_par' dir='ltr' id='par_1_19' title="bbox 290 2637 1286 3223">
     <span class='ocr_line' id='line_1_74' title="bbox 295 2637 1286 2689; baseline 0.006 -16"><span class='ocrx_word' id='word_1_521' title='bbox 295 2637 418 2675; x_wconf 86' lang='lat' dir='ltr'>selices</span> <span class='ocrx_word' id='word_1_522' title='bbox 444 2654 553 2677; x_wconf 90' lang='lat' dir='ltr'>aures</span> <span class='ocrx_word' id='word_1_523' title='bbox 578 2652 813 2688; x_wconf 78' lang='lat' dir='ltr'>avertentes,</span> <span class='ocrx_word' id='word_1_524' title='bbox 841 2643 1073 2679; x_wconf 90' lang='lat' dir='ltr'>obdurantes</span> <span class='ocrx_word' id='word_1_525' title='bbox 1099 2644 1232 2689; x_wconf 88' lang='lat' dir='ltr'>corda,</span> <span class='ocrx_word' id='word_1_526' title='bbox 1249 2653 1286 2680; x_wconf 87' lang='lat' dir='ltr'>et</span> 
     </span>
     <span class='ocr_line' id='line_1_75' title="bbox 295 2697 1285 2751; baseline 0.006 -19"><span class='ocrx_word' id='word_1_527' title='bbox 295 2697 538 2737; x_wconf 85' lang='lat' dir='ltr'>nibilominus</span> <span class='ocrx_word' id='word_1_528' title='bbox 554 2702 688 2738; x_wconf 91' lang='lat' dir='ltr'>clamat</span> <span class='ocrx_word' id='word_1_529' title='bbox 703 2702 748 2738; x_wconf 89' lang='lat' dir='ltr'>ad</span> <span class='ocrx_word' id='word_1_530' title='bbox 768 2715 836 2738; x_wconf 91' lang='lat' dir='ltr'>nos</span> <span class='ocrx_word' id='word_1_531' title='bbox 851 2702 978 2738; x_wconf 90' lang='lat' dir='ltr'>dicens</span> <span class='ocrx_word' id='word_1_532' title='bbox 996 2717 1002 2738; x_wconf 94' lang='lat'><strong>:</strong></span> <span class='ocrx_word' id='word_1_533' title='bbox 1025 2705 1172 2746; x_wconf 70' lang='lat' dir='ltr'>Redite,</span> <span class='ocrx_word' id='word_1_534' title='bbox 1184 2717 1285 2751; x_wconf 75' lang='lat' dir='ltr'>prce-</span> 
     </span>
     <span class='ocr_line' id='line_1_76' title="bbox 295 2761 1284 2810; baseline 0.006 -19"><span class='ocrx_word' id='word_1_535' title='bbox 295 2761 530 2803; x_wconf 77' lang='lat' dir='ltr'>varicatores,</span> <span class='ocrx_word' id='word_1_536' title='bbox 555 2763 607 2795; x_wconf 82' lang='lat' dir='ltr'>ml</span> <span class='ocrx_word' id='word_1_537' title='bbox 625 2767 719 2796; x_wconf 78' lang='lat' dir='ltr'>cor¹.</span> <span class='ocrx_word' id='word_1_538' title='bbox 743 2764 775 2795; x_wconf 87' lang='lat' dir='ltr'><em>V</em></span> <span class='ocrx_word' id='word_1_539' title='bbox 773 2770 900 2805; x_wconf 74' lang='lat' dir='ltr'>acute,</span> <span class='ocrx_word' id='word_1_540' title='bbox 917 2771 950 2796; x_wconf 82' lang='lat' dir='ltr'>et</span> <span class='ocrx_word' id='word_1_541' title='bbox 968 2763 1091 2797; x_wconf 77' lang='lat' dir='ltr'>videte</span> <span class='ocrx_word' id='word_1_542' title='bbox 1109 2766 1284 2810; x_wconf 77' lang='lat' dir='ltr'>qnoniam</span> 
     </span>
     <span class='ocr_line' id='line_1_77' title="bbox 296 2819 1282 2868; baseline 0.007 -18"><span class='ocrx_word' id='word_1_543' title='bbox 296 2830 360 2863; x_wconf 81' lang='lat' dir='ltr'>ego</span> <span class='ocrx_word' id='word_1_544' title='bbox 377 2830 456 2853; x_wconf 79' lang='lat' dir='ltr'>sum</span> <span class='ocrx_word' id='word_1_545' title='bbox 474 2821 610 2855; x_wconf 58' lang='grc' dir='ltr'><strong>Πρω-2.</strong></span> <span class='ocrx_word' id='word_1_546' title='bbox 638 2820 822 2868; x_wconf 89' lang='lat' dir='ltr'>Loquitur</span> <span class='ocrx_word' id='word_1_547' title='bbox 842 2819 931 2855; x_wconf 90' lang='lat' dir='ltr'>mihi</span> <span class='ocrx_word' id='word_1_548' title='bbox 947 2823 1048 2856; x_wconf 89' lang='lat' dir='ltr'>Deus</span> <span class='ocrx_word' id='word_1_549' title='bbox 1062 2820 1098 2856; x_wconf 91' lang='lat' dir='ltr'>in</span> <span class='ocrx_word' id='word_1_550' title='bbox 1118 2821 1282 2866; x_wconf 85' lang='lat' dir='ltr'>Psalmo,</span> 
     </span>
     <span class='ocr_line' id='line_1_78' title="bbox 295 2878 1283 2926; baseline 0.005 -15"><span class='ocrx_word' id='word_1_551' title='bbox 295 2884 331 2911; x_wconf 82' lang='lat' dir='ltr'>et</span> <span class='ocrx_word' id='word_1_552' title='bbox 352 2889 420 2925; x_wconf 88' lang='lat' dir='ltr'>ego</span> <span class='ocrx_word' id='word_1_553' title='bbox 441 2878 491 2913; x_wconf 91' lang='lat' dir='ltr'>illi</span> <span class='ocrx_word' id='word_1_554' title='bbox 515 2893 522 2914; x_wconf 91' lang='lat'>:</span> <span class='ocrx_word' id='word_1_555' title='bbox 542 2891 610 2914; x_wconf 87' lang='lat' dir='ltr'>nec</span> <span class='ocrx_word' id='word_1_556' title='bbox 633 2887 774 2924; x_wconf 90' lang='lat' dir='ltr'>tamen,</span> <span class='ocrx_word' id='word_1_557' title='bbox 791 2892 874 2915; x_wconf 92' lang='lat' dir='ltr'>cum</span> <span class='ocrx_word' id='word_1_558' title='bbox 896 2880 1082 2916; x_wconf 88' lang='lat' dir='ltr'>Psalmum</span> <span class='ocrx_word' id='word_1_559' title='bbox 1105 2880 1207 2926; x_wconf 89' lang='lat' dir='ltr'>dico,</span> <span class='ocrx_word' id='word_1_560' title='bbox 1225 2889 1283 2916; x_wconf 86' lang='lat' dir='ltr'>at-</span> 
     </span>
     <span class='ocr_line' id='line_1_79' title="bbox 296 2935 1281 2988; baseline 0.006 -19"><span class='ocrx_word' id='word_1_561' title='bbox 296 2935 408 2971; x_wconf 88' lang='lat' dir='ltr'>tendo</span> <span class='ocrx_word' id='word_1_562' title='bbox 429 2935 537 2984; x_wconf 86' lang='lat' dir='ltr'>cnjus</span> <span class='ocrx_word' id='word_1_563' title='bbox 556 2938 723 2974; x_wconf 85' lang='lat' dir='ltr'>Psalmus</span> <span class='ocrx_word' id='word_1_564' title='bbox 742 2939 799 2974; x_wconf 87' lang='lat' dir='ltr'>sit.</span> <span class='ocrx_word' id='word_1_565' title='bbox 821 2938 965 2975; x_wconf 85' lang='lat' dir='ltr'>Idcirco</span> <span class='ocrx_word' id='word_1_566' title='bbox 987 2952 1158 2987; x_wconf 86' lang='lat' dir='ltr'>magnam</span> <span class='ocrx_word' id='word_1_567' title='bbox 1179 2938 1281 2988; x_wconf 90' lang='lat' dir='ltr'>inju-</span> 
     </span>
     <span class='ocr_line' id='line_1_80' title="bbox 295 2993 1282 3046; baseline 0.006 -18"><span class='ocrx_word' id='word_1_568' title='bbox 295 2993 386 3028; x_wconf 85' lang='lat' dir='ltr'>riam</span> <span class='ocrx_word' id='word_1_569' title='bbox 416 2997 496 3030; x_wconf 90' lang='lat' dir='ltr'>Deo</span> <span class='ocrx_word' id='word_1_570' title='bbox 525 2996 639 3041; x_wconf 83' lang='lat' dir='ltr'>facio,</span> <span class='ocrx_word' id='word_1_571' title='bbox 672 3010 756 3031; x_wconf 92' lang='lat' dir='ltr'>cum</span> <span class='ocrx_word' id='word_1_572' title='bbox 786 2996 888 3032; x_wconf 89' lang='lat' dir='ltr'>illum</span> <span class='ocrx_word' id='word_1_573' title='bbox 928 3010 1061 3046; x_wconf 87' lang='lat' dir='ltr'>precor</span> <span class='ocrx_word' id='word_1_574' title='bbox 1088 3006 1129 3033; x_wconf 90' lang='lat' dir='ltr'>ut</span> <span class='ocrx_word' id='word_1_575' title='bbox 1162 3011 1282 3034; x_wconf 89' lang='lat' dir='ltr'>meam</span> 
     </span>
     <span class='ocr_line' id='line_1_81' title="bbox 291 3054 1280 3104; baseline 0.005 -17"><span class='ocrx_word' id='word_1_576' title='bbox 291 3065 440 3101; x_wconf 86' lang='lat' dir='ltr'>precem</span> <span class='ocrx_word' id='word_1_577' title='bbox 462 3054 656 3099; x_wconf 78' lang='lat' dir='ltr'>exaudiat,</span> <span class='ocrx_word' id='word_1_578' title='bbox 677 3068 788 3104; x_wconf 90' lang='lat' dir='ltr'>quam</span> <span class='ocrx_word' id='word_1_579' title='bbox 810 3068 878 3103; x_wconf 86' lang='lat' dir='ltr'>ego</span> <span class='ocrx_word' id='word_1_580' title='bbox 899 3056 962 3104; x_wconf 91' lang='lat' dir='ltr'>qui</span> <span class='ocrx_word' id='word_1_581' title='bbox 981 3056 1097 3092; x_wconf 87' lang='lat' dir='ltr'>fundo</span> <span class='ocrx_word' id='word_1_582' title='bbox 1114 3070 1190 3092; x_wconf 92' lang='lat' dir='ltr'>non</span> <span class='ocrx_word' id='word_1_583' title='bbox 1211 3070 1280 3092; x_wconf 88' lang='lat' dir='ltr'>au-</span> 
     </span>
     <span class='ocr_line' id='line_1_82' title="bbox 292 3109 1281 3163; baseline 0.006 -18"><span class='ocrx_word' id='word_1_584' title='bbox 292 3109 366 3146; x_wconf 92' lang='lat' dir='ltr'>dio.</span> <span class='ocrx_word' id='word_1_585' title='bbox 387 3113 579 3160; x_wconf 83' lang='lat' dir='ltr'>Deprecor</span> <span class='ocrx_word' id='word_1_586' title='bbox 599 3113 701 3148; x_wconf 91' lang='lat' dir='ltr'>illum</span> <span class='ocrx_word' id='word_1_587' title='bbox 725 3121 764 3149; x_wconf 90' lang='lat' dir='ltr'>ut</span> <span class='ocrx_word' id='word_1_588' title='bbox 786 3114 875 3149; x_wconf 82' lang='lat' dir='ltr'>milii</span> <span class='ocrx_word' id='word_1_589' title='bbox 894 3114 1083 3150; x_wconf 84' lang='lat' dir='ltr'>intendat:</span> <span class='ocrx_word' id='word_1_590' title='bbox 1102 3128 1171 3163; x_wconf 88' lang='lat' dir='ltr'>ego</span> <span class='ocrx_word' id='word_1_591' title='bbox 1190 3129 1281 3151; x_wconf 84' lang='lat' dir='ltr'>vcro</span> 
     </span>
     <span class='ocr_line' id='line_1_83' title="bbox 290 3171 1281 3223; baseline 0.006 -17"><span class='ocrx_word' id='word_1_592' title='bbox 290 3183 360 3206; x_wconf 84' lang='lat' dir='ltr'>nec</span> <span class='ocrx_word' id='word_1_593' title='bbox 382 3171 469 3207; x_wconf 81' lang='lat' dir='ltr'>milii</span> <span class='ocrx_word' id='word_1_594' title='bbox 484 3201 492 3217; x_wconf 88' lang='lat'>‚</span> <span class='ocrx_word' id='word_1_595' title='bbox 516 3185 583 3207; x_wconf 75' lang='lat' dir='ltr'>nec</span> <span class='ocrx_word' id='word_1_596' title='bbox 611 3173 661 3208; x_wconf 90' lang='lat' dir='ltr'>illi</span> <span class='ocrx_word' id='word_1_597' title='bbox 688 3173 864 3220; x_wconf 69' lang='lat' dir='ltr'>intendo,</span> <span class='ocrx_word' id='word_1_598' title='bbox 886 3173 970 3219; x_wconf 88' lang='lat' dir='ltr'>sed,</span> <span class='ocrx_word' id='word_1_599' title='bbox 993 3174 1095 3223; x_wconf 89' lang='lat' dir='ltr'>quod</span> <span class='ocrx_word' id='word_1_600' title='bbox 1117 3175 1281 3212; x_wconf 87' lang='lat' dir='ltr'>deterius</span> 
     </span>
    </p>
   </div>
   <div class='ocr_carea' id='block_1_20' title="bbox 337 3296 945 3337">
    <p class='ocr_par' dir='ltr' id='par_1_20' title="bbox 337 3296 945 3337">
     <span class='ocr_line' id='line_1_84' title="bbox 337 3296 945 3337; baseline 0.007 -12"><span class='ocrx_word' id='word_1_601' title='bbox 337 3296 549 3334; x_wconf 68' lang='lat' dir='ltr'>¹1-ai.x»v¹‚</span> <span class='ocrx_word' id='word_1_602' title='bbox 570 3302 598 3327; x_wconf 68' lang='lat'>⁸.</span> <span class='ocrx_word' id='word_1_603' title='bbox 619 3316 641 3319; x_wconf 92' lang='lat'>--</span> <span class='ocrx_word' id='word_1_604' title='bbox 678 3305 685 3316; x_wconf 96' lang='grc'><em>’</em></span> <span class='ocrx_word' id='word_1_605' title='bbox 707 3299 875 3337; x_wconf 55' lang='lat' dir='ltr'>t&#39;za&#39;.›1,v‚</span> <span class='ocrx_word' id='word_1_606' title='bbox 897 3303 945 3330; x_wconf 90' lang='grc'>11,</span> 
     </span>
    </p>
   </div>
   <div class='ocr_carea' id='block_1_21' title="bbox 1347 2645 2341 3226">
    <p class='ocr_par' dir='ltr' id='par_1_21' title="bbox 1355 2645 2341 2747">
     <span class='ocr_line' id='line_1_85' title="bbox 1355 2645 2341 2696; baseline 0.004 -17"><span class='ocrx_word' id='word_1_607' title='bbox 1355 2645 1429 2688; x_wconf 89' lang='lat' dir='ltr'>tiis,</span> <span class='ocrx_word' id='word_1_608' title='bbox 1450 2645 1627 2693; x_wconf 86' lang='lat' dir='ltr'>qnoniam</span> <span class='ocrx_word' id='word_1_609' title='bbox 1646 2658 1762 2681; x_wconf 90' lang='lat' dir='ltr'>unum</span> <span class='ocrx_word' id='word_1_610' title='bbox 1786 2649 1927 2692; x_wconf 89' lang='lat' dir='ltr'>Deum,</span> <span class='ocrx_word' id='word_1_611' title='bbox 1945 2646 2009 2695; x_wconf 91' lang='lat' dir='ltr'>qni</span> <span class='ocrx_word' id='word_1_612' title='bbox 2028 2646 2061 2682; x_wconf 91' lang='lat' dir='ltr'>ei</span> <span class='ocrx_word' id='word_1_613' title='bbox 2078 2646 2249 2683; x_wconf 86' lang='lat' dir='ltr'>suflicere</span> <span class='ocrx_word' id='word_1_614' title='bbox 2268 2659 2341 2696; x_wconf 93' lang='lat' dir='ltr'>po-</span> 
     </span>
     <span class='ocr_line' id='line_1_86' title="bbox 1356 2703 1640 2747; baseline 0 -8"><span class='ocrx_word' id='word_1_615' title='bbox 1356 2711 1466 2747; x_wconf 89' lang='lat' dir='ltr'>terat,</span> <span class='ocrx_word' id='word_1_616' title='bbox 1491 2703 1640 2739; x_wconf 89' lang='lat' dir='ltr'>dimisit.</span> 
     </span>
    </p>

    <p class='ocr_par' dir='ltr' id='par_1_22' title="bbox 1347 2762 2340 3226">
     <span class='ocr_line' id='line_1_87' title="bbox 1406 2762 2340 2814; baseline 0.003 -16"><span class='ocrx_word' id='word_1_617' title='bbox 1406 2762 1465 2798; x_wconf 70' lang='lat'>24.</span> <span class='ocrx_word' id='word_1_618' title='bbox 1494 2766 1563 2799; x_wconf 83' lang='lat' dir='ltr'>Per</span> <span class='ocrx_word' id='word_1_619' title='bbox 1593 2763 1708 2798; x_wconf 85' lang='lat' dir='ltr'>multa</span> <span class='ocrx_word' id='word_1_620' title='bbox 1737 2763 1982 2813; x_wconf 88' lang='lat' dir='ltr'>dispergitur,</span> <span class='ocrx_word' id='word_1_621' title='bbox 2005 2772 2041 2800; x_wconf 88' lang='lat' dir='ltr'>ct</span> <span class='ocrx_word' id='word_1_622' title='bbox 2072 2764 2143 2800; x_wconf 87' lang='lat' dir='ltr'>buc</span> <span class='ocrx_word' id='word_1_623' title='bbox 2175 2764 2340 2814; x_wconf 89' lang='lat' dir='ltr'>illucque</span> 
     </span>
     <span class='ocr_line' id='line_1_88' title="bbox 1350 2821 2340 2871; baseline 0.004 -16"><span class='ocrx_word' id='word_1_624' title='bbox 1350 2822 1483 2869; x_wconf 78' lang='lat' dir='ltr'>quaerit</span> <span class='ocrx_word' id='word_1_625' title='bbox 1509 2821 1570 2857; x_wconf 90' lang='lat' dir='ltr'>ubi</span> <span class='ocrx_word' id='word_1_626' title='bbox 1595 2823 1827 2870; x_wconf 87' lang='lat' dir='ltr'>requiescere</span> <span class='ocrx_word' id='word_1_627' title='bbox 1850 2823 1989 2871; x_wconf 88' lang='lat' dir='ltr'>possit,</span> <span class='ocrx_word' id='word_1_628' title='bbox 2015 2831 2051 2859; x_wconf 89' lang='lat' dir='ltr'>et</span> <span class='ocrx_word' id='word_1_629' title='bbox 2077 2823 2168 2858; x_wconf 87' lang='lat' dir='ltr'>nibil</span> <span class='ocrx_word' id='word_1_630' title='bbox 2195 2823 2340 2859; x_wconf 89' lang='lat' dir='ltr'>invenit</span> 
     </span>
     <span class='ocr_line' id='line_1_89' title="bbox 1348 2880 2338 2931; baseline 0.003 -16"><span class='ocrx_word' id='word_1_631' title='bbox 1348 2880 1450 2928; x_wconf 91' lang='lat' dir='ltr'>qnod</span> <span class='ocrx_word' id='word_1_632' title='bbox 1472 2881 1503 2915; x_wconf 88' lang='lat' dir='ltr'>ci</span> <span class='ocrx_word' id='word_1_633' title='bbox 1524 2881 1700 2927; x_wconf 85' lang='lat' dir='ltr'>sufliciat,</span> <span class='ocrx_word' id='word_1_634' title='bbox 1719 2881 1838 2918; x_wconf 91' lang='lat' dir='ltr'>donec</span> <span class='ocrx_word' id='word_1_635' title='bbox 1858 2882 1903 2918; x_wconf 87' lang='lat' dir='ltr'>ad</span> <span class='ocrx_word' id='word_1_636' title='bbox 1924 2883 2047 2931; x_wconf 90' lang='lat' dir='ltr'>ipsum</span> <span class='ocrx_word' id='word_1_637' title='bbox 2066 2882 2208 2918; x_wconf 88' lang='lat' dir='ltr'>redeat.</span> <span class='ocrx_word' id='word_1_638' title='bbox 2223 2887 2253 2920; x_wconf 88' lang='lat' dir='ltr'>A</span> <span class='ocrx_word' id='word_1_639' title='bbox 2271 2896 2338 2919; x_wconf 89' lang='lat' dir='ltr'>co-</span> 
     </span>
     <span class='ocr_line' id='line_1_90' title="bbox 1348 2940 2338 2990; baseline 0.003 -16"><span class='ocrx_word' id='word_1_640' title='bbox 1348 2940 1525 2988; x_wconf 89' lang='lat' dir='ltr'>gitatione</span> <span class='ocrx_word' id='word_1_641' title='bbox 1546 2940 1582 2975; x_wconf 92' lang='lat' dir='ltr'>in</span> <span class='ocrx_word' id='word_1_642' title='bbox 1607 2941 1870 2989; x_wconf 84' lang='lat' dir='ltr'>cogitationem</span> <span class='ocrx_word' id='word_1_643' title='bbox 1891 2941 2051 2987; x_wconf 89' lang='lat' dir='ltr'>ducitur,</span> <span class='ocrx_word' id='word_1_644' title='bbox 2073 2949 2108 2977; x_wconf 88' lang='lat' dir='ltr'>et</span> <span class='ocrx_word' id='word_1_645' title='bbox 2131 2954 2198 2990; x_wconf 88' lang='lat' dir='ltr'>per</span> <span class='ocrx_word' id='word_1_646' title='bbox 2218 2941 2338 2977; x_wconf 88' lang='lat' dir='ltr'>varias</span> 
     </span>
     <span class='ocr_line' id='line_1_91' title="bbox 1349 2998 2336 3048; baseline 0.001 -14"><span class='ocrx_word' id='word_1_647' title='bbox 1349 2998 1616 3048; x_wconf 85' lang='lat' dir='ltr'>occupationes</span> <span class='ocrx_word' id='word_1_648' title='bbox 1633 3008 1669 3035; x_wconf 89' lang='lat' dir='ltr'>et</span> <span class='ocrx_word' id='word_1_649' title='bbox 1690 3001 1906 3036; x_wconf 76' lang='lat' dir='ltr'>affectiones</span> <span class='ocrx_word' id='word_1_650' title='bbox 1926 3001 2093 3036; x_wconf 84' lang='lat' dir='ltr'>variatur</span> <span class='ocrx_word' id='word_1_651' title='bbox 2117 3015 2124 3036; x_wconf 92' lang='lat'>:</span> <span class='ocrx_word' id='word_1_652' title='bbox 2150 3008 2190 3035; x_wconf 93' lang='lat' dir='ltr'>ut</span> <span class='ocrx_word' id='word_1_653' title='bbox 2206 3000 2336 3036; x_wconf 89' lang='lat' dir='ltr'>saltem</span> 
     </span>
     <span class='ocr_line' id='line_1_92' title="bbox 1348 3058 2333 3108; baseline 0.001 -15"><span class='ocrx_word' id='word_1_654' title='bbox 1348 3058 1525 3094; x_wconf 85' lang='lat' dir='ltr'>varietate</span> <span class='ocrx_word' id='word_1_655' title='bbox 1564 3059 1727 3107; x_wconf 88' lang='lat' dir='ltr'>ipsarum</span> <span class='ocrx_word' id='word_1_656' title='bbox 1764 3073 1887 3095; x_wconf 91' lang='lat' dir='ltr'>rerum</span> <span class='ocrx_word' id='word_1_657' title='bbox 1923 3060 2143 3108; x_wconf 89' lang='lat' dir='ltr'>impleatur,</span> <span class='ocrx_word' id='word_1_658' title='bbox 2174 3070 2333 3107; x_wconf 88' lang='lat' dir='ltr'>quarum</span> 
     </span>
     <span class='ocr_line' id='line_1_93' title="bbox 1347 3116 2333 3168; baseline 0.001 -16"><span class='ocrx_word' id='word_1_659' title='bbox 1347 3117 1524 3166; x_wconf 84' lang='lat' dir='ltr'>qualitate</span> <span class='ocrx_word' id='word_1_660' title='bbox 1546 3118 1667 3154; x_wconf 88' lang='lat' dir='ltr'>satiari</span> <span class='ocrx_word' id='word_1_661' title='bbox 1697 3131 1771 3154; x_wconf 93' lang='lat' dir='ltr'>non</span> <span class='ocrx_word' id='word_1_662' title='bbox 1799 3126 1933 3168; x_wconf 86' lang='lat' dir='ltr'>potest.</span> <span class='ocrx_word' id='word_1_663' title='bbox 1960 3119 2018 3155; x_wconf 87' lang='lat' dir='ltr'>Sic</span> <span class='ocrx_word' id='word_1_664' title='bbox 2045 3117 2182 3154; x_wconf 81' lang='lat' dir='ltr'>labitur</span> <span class='ocrx_word' id='word_1_665' title='bbox 2209 3116 2333 3153; x_wconf 87' lang='lat' dir='ltr'>cordis</span> 
     </span>
     <span class='ocr_line' id='line_1_94' title="bbox 1348 3174 2333 3226; baseline 0 -14"><span class='ocrx_word' id='word_1_666' title='bbox 1348 3176 1495 3213; x_wconf 87' lang='lat' dir='ltr'>miseria</span> <span class='ocrx_word' id='word_1_667' title='bbox 1515 3175 1699 3213; x_wconf 88' lang='lat' dir='ltr'>subtracta</span> <span class='ocrx_word' id='word_1_668' title='bbox 1727 3177 1850 3214; x_wconf 82' lang='lat' dir='ltr'>divina</span> <span class='ocrx_word' id='word_1_669' title='bbox 1876 3178 2003 3226; x_wconf 84' lang='lat' dir='ltr'>gratia.</span> <span class='ocrx_word' id='word_1_670' title='bbox 2028 3181 2195 3223; x_wconf 79' lang='lat' dir='ltr'>Cumque</span> <span class='ocrx_word' id='word_1_671' title='bbox 2220 3174 2265 3210; x_wconf 93' lang='lat' dir='ltr'>ad</span> <span class='ocrx_word' id='word_1_672' title='bbox 2293 3187 2333 3212; x_wconf 91' lang='lat' dir='ltr'>se</span> 
     </span>
    </p>
   </div>
  </div>
 </body>
</html>
