<?xml version="1.0" encoding="UTF-8"?>
<!DOCTYPE html PUBLIC "-//W3C//DTD XHTML 1.0 Transitional//EN"
    "http://www.w3.org/TR/xhtml1/DTD/xhtml1-transitional.dtd">
<html xmlns="http://www.w3.org/1999/xhtml" xml:lang="en" lang="en">
 <head>
  <title>
</title>
<meta http-equiv="Content-Type" content="text/html;charset=utf-8" />
  <meta name='ocr-system' content='tesseract 3.04.00' />
  <meta name='ocr-capabilities' content='ocr_page ocr_carea ocr_par ocr_line ocrx_word'/>
</head>
<body>
  <div class='ocr_page' id='page_1' title='image "./operaomniapostho05bern/operaomniapostho05bern_0671.png"; bbox 0 0 2418 3949; ppageno 0'>
   <div class='ocr_carea' id='block_1_1' title="bbox 171 226 264 262">
    <p class='ocr_par' dir='ltr' id='par_1_1' title="bbox 171 226 264 262">
     <span class='ocr_line' id='line_1_1' title="bbox 171 226 264 262; baseline 0 0"><span class='ocrx_word' id='word_1_1' title='bbox 171 226 264 262; x_wconf 76' lang='lat'><strong>1325</strong></span> 
     </span>
    </p>
   </div>
   <div class='ocr_carea' id='block_1_2' title="bbox 716 229 1660 274">
    <p class='ocr_par' dir='ltr' id='par_1_2' title="bbox 716 229 1660 274">
     <span class='ocr_line' id='line_1_2' title="bbox 716 229 1660 274; baseline 0.002 -12"><span class='ocrx_word' id='word_1_2' title='bbox 716 229 776 263; x_wconf 87' lang='lat' dir='ltr'><strong>ET</strong></span> <span class='ocrx_word' id='word_1_3' title='bbox 805 229 1134 265; x_wconf 81' lang='lat' dir='ltr'><strong>SACERDOTUM</strong></span> <span class='ocrx_word' id='word_1_4' title='bbox 1166 229 1454 274; x_wconf 75' lang='lat' dir='ltr'><strong>DlGMTATE,</strong></span> <span class='ocrx_word' id='word_1_5' title='bbox 1485 232 1660 266; x_wconf 85' lang='lat' dir='ltr'><strong>SERMO.</strong></span> 
     </span>
    </p>
   </div>
   <div class='ocr_carea' id='block_1_3' title="bbox 165 303 1197 354">
    <p class='ocr_par' dir='ltr' id='par_1_3' title="bbox 165 303 1197 354">
     <span class='ocr_line' id='line_1_3' title="bbox 165 303 1197 354; baseline 0.003 -15"><span class='ocrx_word' id='word_1_6' title='bbox 165 316 275 339; x_wconf 88' lang='lat' dir='ltr'><strong>suum</strong></span> <span class='ocrx_word' id='word_1_7' title='bbox 301 315 414 340; x_wconf 87' lang='lat' dir='ltr'><strong>manu</strong></span> <span class='ocrx_word' id='word_1_8' title='bbox 435 311 472 339; x_wconf 88' lang='lat' dir='ltr'><strong>et</strong></span> <span class='ocrx_word' id='word_1_9' title='bbox 490 315 555 339; x_wconf 92' lang='lat' dir='ltr'><strong>ore</strong></span> <span class='ocrx_word' id='word_1_10' title='bbox 576 305 860 350; x_wconf 73' lang='lat' dir='ltr'><strong>contrectaturi,</strong></span> <span class='ocrx_word' id='word_1_11' title='bbox 878 314 914 342; x_wconf 87' lang='lat' dir='ltr'><strong>et</strong></span> <span class='ocrx_word' id='word_1_12' title='bbox 932 306 1155 354; x_wconf 86' lang='lat' dir='ltr'><strong>colloquen-</strong></span> <span class='ocrx_word' id='word_1_13' title='bbox 1168 303 1197 322; x_wconf 75' lang='lat'><strong>‘⁵⁷</strong></span> 
     </span>
    </p>
   </div>
   <div class='ocr_carea' id='block_1_4' title="bbox 2120 232 2216 267">
    <p class='ocr_par' dir='ltr' id='par_1_4' title="bbox 2120 232 2216 267">
     <span class='ocr_line' id='line_1_4' title="bbox 2120 232 2216 267; baseline 0.01 -1"><span class='ocrx_word' id='word_1_14' title='bbox 2120 232 2216 267; x_wconf 76' lang='lat'><strong>1326</strong></span> 
     </span>
    </p>
   </div>
   <div class='ocr_carea' id='block_1_5' title="bbox 1203 303 2217 357">
    <p class='ocr_par' dir='ltr' id='par_1_5' title="bbox 1203 303 2217 357">
     <span class='ocr_line' id='line_1_5' title="bbox 1203 303 2217 357; baseline 0.003 -16"><span class='ocrx_word' id='word_1_15' title='bbox 1203 303 1309 353; x_wconf 68' lang='lat' dir='ltr'><strong>&#39;‘guis</strong></span> <span class='ocrx_word' id='word_1_16' title='bbox 1334 318 1456 352; x_wconf 88' lang='lat' dir='ltr'><strong>meus,</strong></span> <span class='ocrx_word' id='word_1_17' title='bbox 1476 319 1588 355; x_wconf 90' lang='lat' dir='ltr'><strong>quem</strong></span> <span class='ocrx_word' id='word_1_18' title='bbox 1608 320 1679 356; x_wconf 89' lang='lat' dir='ltr'><strong>pro</strong></span> <span class='ocrx_word' id='word_1_19' title='bbox 1707 316 1741 344; x_wconf 90' lang='lat' dir='ltr'><strong>te</strong></span> <span class='ocrx_word' id='word_1_20' title='bbox 1769 307 1844 343; x_wconf 88' lang='lat' dir='ltr'><strong>sudi</strong></span> <span class='ocrx_word' id='word_1_21' title='bbox 1872 308 1909 343; x_wconf 91' lang='lat' dir='ltr'><strong>in</strong></span> <span class='ocrx_word' id='word_1_22' title='bbox 1936 309 2122 357; x_wconf 88' lang='lat' dir='ltr'><strong>pretium,</strong></span> <span class='ocrx_word' id='word_1_23' title='bbox 2151 308 2217 344; x_wconf 91' lang='lat' dir='ltr'><strong>tibi</strong></span> 
     </span>
    </p>
   </div>
   <div class='ocr_carea' id='block_1_6' title="bbox 164 362 2216 417">
    <p class='ocr_par' dir='ltr' id='par_1_6' title="bbox 164 362 2216 417">
     <span class='ocr_line' id='line_1_6' title="bbox 164 362 2216 417; baseline 0.002 -18"><span class='ocrx_word' id='word_1_24' title='bbox 164 372 237 399; x_wconf 88' lang='lat' dir='ltr'><strong>tem</strong></span> <span class='ocrx_word' id='word_1_25' title='bbox 271 362 341 399; x_wconf 88' lang='lat' dir='ltr'><strong>sibi</strong></span> <span class='ocrx_word' id='word_1_26' title='bbox 378 362 467 411; x_wconf 89' lang='lat' dir='ltr'><strong>ipsis</strong></span> <span class='ocrx_word' id='word_1_27' title='bbox 502 362 678 399; x_wconf 79' lang='lat' dir='ltr'>audituri.</span> <span class='ocrx_word' id='word_1_28' title='bbox 715 362 772 400; x_wconf 88' lang='lat' dir='ltr'><strong>Ibi</strong></span> <span class='ocrx_word' id='word_1_29' title='bbox 810 365 908 400; x_wconf 90' lang='lat' dir='ltr'><strong>enim</strong></span> <span class='ocrx_word' id='word_1_30' title='bbox 945 363 1156 400; x_wconf 84' lang='lat' dir='ltr'><strong>celebratur</strong></span> <span class='ocrx_word' id='word_1_31' title='bbox 1175 365 1206 398; x_wconf 85' lang='lat' dir='ltr'>A</span> <span class='ocrx_word' id='word_1_32' title='bbox 1223 377 1419 401; x_wconf 80' lang='lat' dir='ltr'><strong>reservans</strong></span> <span class='ocrx_word' id='word_1_33' title='bbox 1444 366 1480 401; x_wconf 92' lang='lat' dir='ltr'><strong>in</strong></span> <span class='ocrx_word' id='word_1_34' title='bbox 1508 366 1614 402; x_wconf 87' lang='lat' dir='ltr'><strong>altari</strong></span> <span class='ocrx_word' id='word_1_35' title='bbox 1635 367 1812 415; x_wconf 88' lang='lat' dir='ltr'><strong>poculum</strong></span> <span class='ocrx_word' id='word_1_36' title='bbox 1828 396 1837 412; x_wconf 91' lang='lat'>‚</span> <span class='ocrx_word' id='word_1_37' title='bbox 1854 367 1891 403; x_wconf 92' lang='lat' dir='ltr'><strong>in</strong></span> <span class='ocrx_word' id='word_1_38' title='bbox 1914 368 2216 417; x_wconf 80' lang='lat' dir='ltr'><strong>peregrinatione</strong></span> 
     </span>
    </p>
   </div>
   <div class='ocr_carea' id='block_1_7' title="bbox 160 422 1156 1065">
    <p class='ocr_par' dir='ltr' id='par_1_7' title="bbox 161 422 1155 578">
     <span class='ocr_line' id='line_1_7' title="bbox 163 422 1153 472; baseline 0.001 -14"><span class='ocrx_word' id='word_1_39' title='bbox 163 422 343 459; x_wconf 76' lang='lat' dir='ltr'><strong>familiare</strong></span> <span class='ocrx_word' id='word_1_40' title='bbox 371 422 600 470; x_wconf 86' lang='lat' dir='ltr'><strong>colloquium</strong></span> <span class='ocrx_word' id='word_1_41' title='bbox 635 422 733 459; x_wconf 89' lang='lat' dir='ltr'><strong>inter</strong></span> <span class='ocrx_word' id='word_1_42' title='bbox 766 427 885 460; x_wconf 89' lang='lat' dir='ltr'><strong>Deum</strong></span> <span class='ocrx_word' id='word_1_43' title='bbox 921 432 957 459; x_wconf 89' lang='lat' dir='ltr'><strong>et</strong></span> <span class='ocrx_word' id='word_1_44' title='bbox 996 428 1153 472; x_wconf 86' lang='lat' dir='ltr'><strong>Moysen</strong></span> 
     </span>
     <span class='ocr_line' id='line_1_8' title="bbox 161 481 1155 527; baseline 0.002 -10"><span class='ocrx_word' id='word_1_45' title='bbox 161 482 322 518; x_wconf 87' lang='lat' dir='ltr'><strong>amicum</strong></span> <span class='ocrx_word' id='word_1_46' title='bbox 347 495 476 527; x_wconf 90' lang='lat' dir='ltr'><strong>suum,</strong></span> <span class='ocrx_word' id='word_1_47' title='bbox 502 481 538 517; x_wconf 90' lang='lat' dir='ltr'><strong>id</strong></span> <span class='ocrx_word' id='word_1_48' title='bbox 563 490 619 518; x_wconf 87' lang='lat' dir='ltr'><strong>est</strong></span> <span class='ocrx_word' id='word_1_49' title='bbox 637 481 778 519; x_wconf 89' lang='lat' dir='ltr'><strong>bonum</strong></span> <span class='ocrx_word' id='word_1_50' title='bbox 801 492 837 519; x_wconf 91' lang='lat' dir='ltr'><strong>et</strong></span> <span class='ocrx_word' id='word_1_51' title='bbox 863 483 1010 520; x_wconf 73' lang='lat' dir='ltr'><strong>fidelem</strong></span> <span class='ocrx_word' id='word_1_52' title='bbox 1043 483 1155 519; x_wconf 88' lang='lat' dir='ltr'><strong>mini-</strong></span> 
     </span>
     <span class='ocr_line' id='line_1_9' title="bbox 161 549 292 578; baseline -0.008 -1"><span class='ocrx_word' id='word_1_53' title='bbox 161 549 292 578; x_wconf 80' lang='lat' dir='ltr'><strong>strum.</strong></span> 
     </span>
    </p>

    <p class='ocr_par' dir='ltr' id='par_1_8' title="bbox 160 600 1156 1065">
     <span class='ocr_line' id='line_1_10' title="bbox 220 600 1154 647; baseline 0.001 -11"><span class='ocrx_word' id='word_1_54' title='bbox 220 600 278 636; x_wconf 91' lang='lat' dir='ltr'><strong>ll.</strong></span> <span class='ocrx_word' id='word_1_55' title='bbox 302 601 486 638; x_wconf 90' lang='lat' dir='ltr'><strong>Caeterum</strong></span> <span class='ocrx_word' id='word_1_56' title='bbox 507 613 630 637; x_wconf 91' lang='lat' dir='ltr'><strong>sermo</strong></span> <span class='ocrx_word' id='word_1_57' title='bbox 650 601 711 637; x_wconf 89' lang='lat' dir='ltr'><strong>ille</strong></span> <span class='ocrx_word' id='word_1_58' title='bbox 730 614 806 638; x_wconf 90' lang='lat' dir='ltr'><strong>non</strong></span> <span class='ocrx_word' id='word_1_59' title='bbox 831 611 885 638; x_wconf 88' lang='lat' dir='ltr'><strong>est</strong></span> <span class='ocrx_word' id='word_1_60' title='bbox 906 615 1044 639; x_wconf 84' lang='lat' dir='ltr'><strong>sonans</strong></span> <span class='ocrx_word' id='word_1_61' title='bbox 1058 630 1067 647; x_wconf 88' lang='lat'><strong>,</strong></span> <span class='ocrx_word' id='word_1_62' title='bbox 1089 601 1154 638; x_wconf 90' lang='lat' dir='ltr'><strong>sed</strong></span> 
     </span>
     <span class='ocr_line' id='line_1_11' title="bbox 162 660 1156 709; baseline 0.003 -14"><span class='ocrx_word' id='word_1_63' title='bbox 162 667 382 708; x_wconf 88' lang='lat' dir='ltr'><strong>penetrans;</strong></span> <span class='ocrx_word' id='word_1_64' title='bbox 401 672 477 695; x_wconf 91' lang='lat' dir='ltr'><strong>non</strong></span> <span class='ocrx_word' id='word_1_65' title='bbox 494 660 651 709; x_wconf 80' lang='lat' dir='ltr'>loquax,</span> <span class='ocrx_word' id='word_1_66' title='bbox 667 660 731 697; x_wconf 89' lang='lat' dir='ltr'><strong>sed</strong></span> <span class='ocrx_word' id='word_1_67' title='bbox 746 661 898 707; x_wconf 84' lang='lat' dir='ltr'><strong>efficax;</strong></span> <span class='ocrx_word' id='word_1_68' title='bbox 915 675 991 698; x_wconf 89' lang='lat' dir='ltr'><strong>non</strong></span> <span class='ocrx_word' id='word_1_69' title='bbox 1012 660 1156 698; x_wconf 88' lang='lat' dir='ltr'><strong>obstre-</strong></span> 
     </span>
     <span class='ocr_line' id='line_1_12' title="bbox 161 718 1154 767; baseline 0.003 -13"><span class='ocrx_word' id='word_1_70' title='bbox 161 731 255 767; x_wconf 83' lang='lat' dir='ltr'><strong>pens</strong></span> <span class='ocrx_word' id='word_1_71' title='bbox 281 718 456 765; x_wconf 84' lang='lat' dir='ltr'><strong>auribus,</strong></span> <span class='ocrx_word' id='word_1_72' title='bbox 479 719 542 756; x_wconf 90' lang='lat' dir='ltr'><strong>sed</strong></span> <span class='ocrx_word' id='word_1_73' title='bbox 566 718 763 757; x_wconf 84' lang='lat' dir='ltr'><strong>blandiens</strong></span> <span class='ocrx_word' id='word_1_74' title='bbox 787 721 1007 758; x_wconf 85' lang='lat' dir='ltr'><strong>affectibus:</strong></span> <span class='ocrx_word' id='word_1_75' title='bbox 1031 734 1154 758; x_wconf 86' lang='lat' dir='ltr'><strong>sermo</strong></span> 
     </span>
     <span class='ocr_line' id='line_1_13' title="bbox 160 776 1152 828; baseline 0.001 -16"><span class='ocrx_word' id='word_1_76' title='bbox 160 776 224 812; x_wconf 78' lang='lat' dir='ltr'><strong>ille</strong></span> <span class='ocrx_word' id='word_1_77' title='bbox 250 789 326 813; x_wconf 88' lang='lat' dir='ltr'><strong>non</strong></span> <span class='ocrx_word' id='word_1_78' title='bbox 355 777 571 826; x_wconf 88' lang='lat' dir='ltr'><strong>popularis,</strong></span> <span class='ocrx_word' id='word_1_79' title='bbox 594 777 659 814; x_wconf 89' lang='lat' dir='ltr'><strong>sed</strong></span> <span class='ocrx_word' id='word_1_80' title='bbox 690 778 887 827; x_wconf 83' lang='lat' dir='ltr'><strong>singularis</strong></span> <span class='ocrx_word' id='word_1_81' title='bbox 911 787 948 815; x_wconf 86' lang='lat' dir='ltr'><strong>et</strong></span> <span class='ocrx_word' id='word_1_82' title='bbox 973 779 1152 828; x_wconf 89' lang='lat' dir='ltr'><strong>privatus.</strong></span> 
     </span>
     <span class='ocr_line' id='line_1_14' title="bbox 161 836 1155 886; baseline 0.001 -14"><span class='ocrx_word' id='word_1_83' title='bbox 161 839 244 872; x_wconf 88' lang='lat' dir='ltr'><strong>Non</strong></span> <span class='ocrx_word' id='word_1_84' title='bbox 262 844 372 872; x_wconf 89' lang='lat' dir='ltr'><strong>sonat</strong></span> <span class='ocrx_word' id='word_1_85' title='bbox 390 836 426 872; x_wconf 92' lang='lat' dir='ltr'><strong>in</strong></span> <span class='ocrx_word' id='word_1_86' title='bbox 446 836 528 872; x_wconf 87' lang='lat' dir='ltr'><strong>foro</strong></span> <span class='ocrx_word' id='word_1_87' title='bbox 541 864 551 882; x_wconf 94' lang='lat'>‚</span> <span class='ocrx_word' id='word_1_88' title='bbox 571 849 648 872; x_wconf 92' lang='lat' dir='ltr'><strong>non</strong></span> <span class='ocrx_word' id='word_1_89' title='bbox 670 836 823 874; x_wconf 83' lang='lat' dir='ltr'><strong>auditur</strong></span> <span class='ocrx_word' id='word_1_90' title='bbox 842 838 879 873; x_wconf 92' lang='lat' dir='ltr'><strong>in</strong></span> <span class='ocrx_word' id='word_1_91' title='bbox 902 836 1066 886; x_wconf 85' lang='lat' dir='ltr'><strong>publico.</strong></span> <span class='ocrx_word' id='word_1_92' title='bbox 1088 839 1155 873; x_wconf 91' lang='lat' dir='ltr'><strong>Se-</strong></span> 
     </span>
     <span class='ocr_line' id='line_1_15' title="bbox 160 895 1152 946; baseline 0.002 -15"><span class='ocrx_word' id='word_1_93' title='bbox 160 903 304 932; x_wconf 80' lang='lat' dir='ltr'><strong>cretuni</strong></span> <span class='ocrx_word' id='word_1_94' title='bbox 324 895 520 932; x_wconf 86' lang='lat' dir='ltr'><strong>consilium</strong></span> <span class='ocrx_word' id='word_1_95' title='bbox 534 904 719 932; x_wconf 89' lang='lat' dir='ltr'><strong>secretum</strong></span> <span class='ocrx_word' id='word_1_96' title='bbox 737 897 871 946; x_wconf 84' lang='lat' dir='ltr'><strong>quaerit</strong></span> <span class='ocrx_word' id='word_1_97' title='bbox 886 898 1045 933; x_wconf 85' lang='lat' dir='ltr'><strong>amicum</strong></span> <span class='ocrx_word' id='word_1_98' title='bbox 1065 910 1152 933; x_wconf 87' lang='lat' dir='ltr'><strong>:au-</strong></span> 
     </span>
     <span class='ocr_line' id='line_1_16' title="bbox 161 954 1154 1004; baseline 0.001 -14"><span class='ocrx_word' id='word_1_99' title='bbox 161 954 256 990; x_wconf 86' lang='lat' dir='ltr'><strong>ditui</strong></span> <span class='ocrx_word' id='word_1_100' title='bbox 272 955 402 1004; x_wconf 89' lang='lat' dir='ltr'><strong>procul</strong></span> <span class='ocrx_word' id='word_1_101' title='bbox 421 954 538 991; x_wconf 87' lang='lat' dir='ltr'><strong>dubio</strong></span> <span class='ocrx_word' id='word_1_102' title='bbox 558 955 734 1004; x_wconf 84' lang='lat' dir='ltr'><strong>gaudium</strong></span> <span class='ocrx_word' id='word_1_103' title='bbox 753 955 856 992; x_wconf 85' lang='lat' dir='ltr'><strong>dabit</strong></span> <span class='ocrx_word' id='word_1_104' title='bbox 871 964 908 992; x_wconf 88' lang='lat' dir='ltr'><strong>et</strong></span> <span class='ocrx_word' id='word_1_105' title='bbox 926 956 1109 1000; x_wconf 76' lang='lat' dir='ltr'><strong>laetitiam,</strong></span> <span class='ocrx_word' id='word_1_106' title='bbox 1123 955 1154 991; x_wconf 91' lang='lat' dir='ltr'><strong>si</strong></span> 
     </span>
     <span class='ocr_line' id='line_1_17' title="bbox 160 1014 1153 1065; baseline 0 -14"><span class='ocrx_word' id='word_1_107' title='bbox 160 1014 285 1051; x_wconf 84' lang='lat' dir='ltr'><strong>sobria</strong></span> <span class='ocrx_word' id='word_1_108' title='bbox 305 1014 428 1051; x_wconf 91' lang='lat' dir='ltr'><strong>cordis</strong></span> <span class='ocrx_word' id='word_1_109' title='bbox 447 1028 537 1051; x_wconf 90' lang='lat' dir='ltr'><strong>aure</strong></span> <span class='ocrx_word' id='word_1_110' title='bbox 557 1015 776 1065; x_wconf 86' lang='lat' dir='ltr'><strong>percipitur.</strong></span> <span class='ocrx_word' id='word_1_111' title='bbox 802 1017 918 1059; x_wconf 69' lang='lat' dir='ltr'><strong>Audi,</strong></span> <span class='ocrx_word' id='word_1_112' title='bbox 939 1015 1062 1064; x_wconf 90' lang='lat' dir='ltr'><strong>inquit</strong></span> <span class='ocrx_word' id='word_1_113' title='bbox 1081 1018 1153 1051; x_wconf 92' lang='lat' dir='ltr'><strong>Do-</strong></span> 
     </span>
    </p>
   </div>
   <div class='ocr_carea' id='block_1_8' title="bbox 1218 424 2219 1066">
    <p class='ocr_par' dir='ltr' id='par_1_9' title="bbox 1221 424 2218 710">
     <span class='ocr_line' id='line_1_18' title="bbox 1221 424 2214 475; baseline 0.004 -16"><span class='ocrx_word' id='word_1_114' title='bbox 1221 431 1284 459; x_wconf 88' lang='lat' dir='ltr'><strong>tua</strong></span> <span class='ocrx_word' id='word_1_115' title='bbox 1302 424 1536 472; x_wconf 79' lang='lat' dir='ltr'><strong>praesidium,</strong></span> <span class='ocrx_word' id='word_1_116' title='bbox 1554 426 1590 461; x_wconf 93' lang='lat' dir='ltr'><strong>in</strong></span> <span class='ocrx_word' id='word_1_117' title='bbox 1606 425 1709 462; x_wconf 82' lang='lat' dir='ltr'><strong>exitu</strong></span> <span class='ocrx_word' id='word_1_118' title='bbox 1725 425 1770 462; x_wconf 88' lang='lat' dir='ltr'><strong>de</strong></span> <span class='ocrx_word' id='word_1_119' title='bbox 1785 429 1952 475; x_wconf 87' lang='lat' dir='ltr'><strong>AEgypto</strong></span> <span class='ocrx_word' id='word_1_120' title='bbox 1973 426 2214 471; x_wconf 88' lang='lat' dir='ltr'><strong>conductum,</strong></span> 
     </span>
     <span class='ocr_line' id='line_1_19' title="bbox 1221 482 2216 534; baseline 0.005 -16"><span class='ocrx_word' id='word_1_121' title='bbox 1221 482 1258 518; x_wconf 90' lang='lat' dir='ltr'><strong>in</strong></span> <span class='ocrx_word' id='word_1_122' title='bbox 1280 483 1375 519; x_wconf 84' lang='lat' dir='ltr'><strong>coelo</strong></span> <span class='ocrx_word' id='word_1_123' title='bbox 1393 484 1581 520; x_wconf 89' lang='lat' dir='ltr'><strong>viaticum.</strong></span> <span class='ocrx_word' id='word_1_124' title='bbox 1602 488 1681 533; x_wconf 80' lang='lat' dir='ltr'><strong>Ego</strong></span> <span class='ocrx_word' id='word_1_125' title='bbox 1700 485 1832 521; x_wconf 88' lang='lat' dir='ltr'><strong>botrus</strong></span> <span class='ocrx_word' id='word_1_126' title='bbox 1849 485 1990 531; x_wconf 87' lang='lat' dir='ltr'><strong>carnis,</strong></span> <span class='ocrx_word' id='word_1_127' title='bbox 2009 499 2078 534; x_wconf 88' lang='lat' dir='ltr'><strong>pro</strong></span> <span class='ocrx_word' id='word_1_128' title='bbox 2096 487 2216 523; x_wconf 87' lang='lat' dir='ltr'><strong>salute</strong></span> 
     </span>
     <span class='ocr_line' id='line_1_20' title="bbox 1222 542 2218 590; baseline 0.005 -14"><span class='ocrx_word' id='word_1_129' title='bbox 1222 549 1283 576; x_wconf 89' lang='lat' dir='ltr'><strong>tua</strong></span> <span class='ocrx_word' id='word_1_130' title='bbox 1306 550 1478 590; x_wconf 85' lang='lat' dir='ltr'><strong>portatus</strong></span> <span class='ocrx_word' id='word_1_131' title='bbox 1494 556 1574 579; x_wconf 91' lang='lat' dir='ltr'><strong>sum</strong></span> <span class='ocrx_word' id='word_1_132' title='bbox 1597 542 1642 579; x_wconf 88' lang='lat' dir='ltr'><strong>ad</strong></span> <span class='ocrx_word' id='word_1_133' title='bbox 1671 544 1835 580; x_wconf 81' lang='lat' dir='ltr'><strong>torcular</strong></span> <span class='ocrx_word' id='word_1_134' title='bbox 1861 544 1982 580; x_wconf 85' lang='lat' dir='ltr'><strong>erucis</strong></span> <span class='ocrx_word' id='word_1_135' title='bbox 2003 559 2010 581; x_wconf 73' lang='grc' dir='ltr'>ε</span> <span class='ocrx_word' id='word_1_136' title='bbox 2031 544 2119 581; x_wconf 88' lang='lat' dir='ltr'><strong>inde</strong></span> <span class='ocrx_word' id='word_1_137' title='bbox 2147 546 2218 581; x_wconf 88' lang='lat' dir='ltr'><strong>eli-</strong></span> 
     </span>
     <span class='ocr_line' id='line_1_21' title="bbox 1221 603 2218 652; baseline 0.004 -16"><span class='ocrx_word' id='word_1_138' title='bbox 1221 609 1377 649; x_wconf 86' lang='lat' dir='ltr'><strong>quatum</strong></span> <span class='ocrx_word' id='word_1_139' title='bbox 1400 610 1455 638; x_wconf 84' lang='lat' dir='ltr'><strong>est</strong></span> <span class='ocrx_word' id='word_1_140' title='bbox 1472 610 1633 638; x_wconf 87' lang='lat' dir='ltr'><strong>mustum</strong></span> <span class='ocrx_word' id='word_1_141' title='bbox 1656 611 1726 639; x_wconf 86' lang='lat' dir='ltr'><strong>tuae</strong></span> <span class='ocrx_word' id='word_1_142' title='bbox 1747 603 2030 652; x_wconf 85' lang='lat' dir='ltr'><strong>redemptionis.</strong></span> <span class='ocrx_word' id='word_1_143' title='bbox 2057 605 2218 652; x_wconf 69' lang='lat' dir='ltr'><strong>Sangass</strong></span> 
     </span>
     <span class='ocr_line' id='line_1_22' title="bbox 1221 661 1814 710; baseline 0.003 -15"><span class='ocrx_word' id='word_1_144' title='bbox 1221 668 1347 696; x_wconf 61' lang='lat' dir='ltr'><strong>&amp;sstem</strong></span> <span class='ocrx_word' id='word_1_145' title='bbox 1366 674 1468 696; x_wconf 67' lang='lat' dir='ltr'><strong>[nell-5</strong></span> <span class='ocrx_word' id='word_1_146' title='bbox 1491 675 1579 697; x_wconf 73' lang='lat' dir='ltr'><strong>‘DCYC</strong></span> <span class='ocrx_word' id='word_1_147' title='bbox 1596 671 1648 697; x_wconf 75' lang='lat' dir='ltr'><strong>L’SC</strong></span> <span class='ocrx_word' id='word_1_148' title='bbox 1659 671 1771 710; x_wconf 68' lang='lat' dir='ltr'><strong>l)()[ll.5</strong></span> <span class='ocrx_word' id='word_1_149' title='bbox 1791 661 1814 698; x_wconf 75' lang='lat'><strong>3.</strong></span> 
     </span>
    </p>

    <p class='ocr_par' dir='ltr' id='par_1_10' title="bbox 1218 718 2219 1066">
     <span class='ocr_line' id='line_1_23' title="bbox 1273 718 2216 769; baseline 0.004 -15"><span class='ocrx_word' id='word_1_150' title='bbox 1273 718 1333 755; x_wconf 78' lang='lat'><strong>12.</strong></span> <span class='ocrx_word' id='word_1_151' title='bbox 1364 719 1457 756; x_wconf 83' lang='lat' dir='ltr'><strong>Mira</strong></span> <span class='ocrx_word' id='word_1_152' title='bbox 1477 728 1583 765; x_wconf 84' lang='lat' dir='ltr'><strong>sunt,</strong></span> <span class='ocrx_word' id='word_1_153' title='bbox 1612 721 1761 766; x_wconf 87' lang='lat' dir='ltr'><strong>fratres,</strong></span> <span class='ocrx_word' id='word_1_154' title='bbox 1790 734 1874 769; x_wconf 87' lang='lat' dir='ltr'><strong>quae</strong></span> <span class='ocrx_word' id='word_1_155' title='bbox 1895 721 1941 757; x_wconf 85' lang='lat' dir='ltr'><strong>de</strong></span> <span class='ocrx_word' id='word_1_156' title='bbox 1973 724 2216 758; x_wconf 83' lang='lat' dir='ltr'><strong>Sacramento</strong></span> 
     </span>
     <span class='ocr_line' id='line_1_24' title="bbox 1220 777 2214 817; baseline 0.003 -4"><span class='ocrx_word' id='word_1_157' title='bbox 1220 778 1291 813; x_wconf 91' lang='lat' dir='ltr'><strong>isto</strong></span> <span class='ocrx_word' id='word_1_158' title='bbox 1309 777 1498 814; x_wconf 89' lang='lat' dir='ltr'><strong>dicuntur.</strong></span> <span class='ocrx_word' id='word_1_159' title='bbox 1519 778 1628 815; x_wconf 84' lang='lat' dir='ltr'><strong>Fides</strong></span> <span class='ocrx_word' id='word_1_160' title='bbox 1648 787 1701 815; x_wconf 85' lang='lat' dir='ltr'><strong>est</strong></span> <span class='ocrx_word' id='word_1_161' title='bbox 1723 779 1928 815; x_wconf 86' lang='lat' dir='ltr'><strong>necessaria</strong></span> <span class='ocrx_word' id='word_1_162' title='bbox 1947 794 1953 814; x_wconf 74' lang='grc' dir='ltr'>ε</span> <span class='ocrx_word' id='word_1_163' title='bbox 1975 780 2130 816; x_wconf 88' lang='lat' dir='ltr'><strong>scientia</strong></span> <span class='ocrx_word' id='word_1_164' title='bbox 2153 794 2214 817; x_wconf 90' lang='lat' dir='ltr'><strong>ra-</strong></span> 
     </span>
     <span class='ocr_line' id='line_1_25' title="bbox 1223 837 2214 887; baseline 0.004 -15"><span class='ocrx_word' id='word_1_165' title='bbox 1223 837 1336 872; x_wconf 88' lang='lat' dir='ltr'><strong>tionis</strong></span> <span class='ocrx_word' id='word_1_166' title='bbox 1353 850 1598 887; x_wconf 88' lang='lat' dir='ltr'><strong>supervacua.</strong></span> <span class='ocrx_word' id='word_1_167' title='bbox 1623 839 1782 874; x_wconf 85' lang='lat' dir='ltr'><strong>Scientia</strong></span> <span class='ocrx_word' id='word_1_168' title='bbox 1799 839 1944 874; x_wconf 87' lang='lat' dir='ltr'><strong>ratione</strong></span> <span class='ocrx_word' id='word_1_169' title='bbox 1965 847 2001 875; x_wconf 89' lang='lat' dir='ltr'><strong>et</strong></span> <span class='ocrx_word' id='word_1_170' title='bbox 2022 839 2214 876; x_wconf 88' lang='lat' dir='ltr'><strong>intellectu</strong></span> 
     </span>
     <span class='ocr_line' id='line_1_26' title="bbox 1221 896 2215 944; baseline 0.003 -12"><span class='ocrx_word' id='word_1_171' title='bbox 1221 896 1410 944; x_wconf 82' lang='lat' dir='ltr'><strong>colligitur</strong></span> <span class='ocrx_word' id='word_1_172' title='bbox 1431 911 1437 932; x_wconf 89' lang='lat'>:</span> <span class='ocrx_word' id='word_1_173' title='bbox 1462 896 1554 933; x_wconf 86' lang='lat' dir='ltr'><strong>fides</strong></span> <span class='ocrx_word' id='word_1_174' title='bbox 1571 898 1648 933; x_wconf 90' lang='lat' dir='ltr'><strong>sola</strong></span> <span class='ocrx_word' id='word_1_175' title='bbox 1666 897 1890 933; x_wconf 89' lang='lat' dir='ltr'><strong>auctoritate</strong></span> <span class='ocrx_word' id='word_1_176' title='bbox 1908 898 2116 935; x_wconf 85' lang='lat' dir='ltr'><strong>inducitur.</strong></span> <span class='ocrx_word' id='word_1_177' title='bbox 2133 903 2215 935; x_wconf 91' lang='lat' dir='ltr'><strong>Au-</strong></span> 
     </span>
     <span class='ocr_line' id='line_1_27' title="bbox 1218 956 2213 1005; baseline 0.003 -14"><span class='ocrx_word' id='word_1_178' title='bbox 1218 956 1390 1005; x_wconf 83' lang='lat' dir='ltr'><strong>gustinus</strong></span> <span class='ocrx_word' id='word_1_179' title='bbox 1411 965 1542 993; x_wconf 86' lang='lat' dir='ltr'><strong>contra</strong></span> <span class='ocrx_word' id='word_1_180' title='bbox 1559 957 1785 994; x_wconf 88' lang='lat' dir='ltr'><strong>Felicianum</strong></span> <span class='ocrx_word' id='word_1_181' title='bbox 1806 971 1812 992; x_wconf 92' lang='lat'>:</span> <span class='ocrx_word' id='word_1_182' title='bbox 1830 973 1843 988; x_wconf 87' lang='lat'>«</span> <span class='ocrx_word' id='word_1_183' title='bbox 1858 961 1940 994; x_wconf 88' lang='lat' dir='ltr'><strong>Hoc</strong></span> <span class='ocrx_word' id='word_1_184' title='bbox 1957 957 2213 1002; x_wconf 67' lang='lat' dir='ltr'><strong>lidescredat,</strong></span> 
     </span>
     <span class='ocr_line' id='line_1_28' title="bbox 1224 1016 2219 1066; baseline 0.002 -15"><span class='ocrx_word' id='word_1_185' title='bbox 1224 1032 1237 1047; x_wconf 84' lang='lat'>»</span> <span class='ocrx_word' id='word_1_186' title='bbox 1258 1016 1503 1066; x_wconf 76' lang='lat' dir='ltr'><strong>intelligentia</strong></span> <span class='ocrx_word' id='word_1_187' title='bbox 1539 1029 1616 1053; x_wconf 90' lang='lat' dir='ltr'><strong>non</strong></span> <span class='ocrx_word' id='word_1_188' title='bbox 1651 1018 1842 1066; x_wconf 88' lang='lat' dir='ltr'><strong>requirat,</strong></span> <span class='ocrx_word' id='word_1_189' title='bbox 1866 1030 1912 1054; x_wconf 89' lang='lat' dir='ltr'><strong>ne</strong></span> <span class='ocrx_word' id='word_1_190' title='bbox 1944 1026 2009 1054; x_wconf 90' lang='lat' dir='ltr'><strong>aut</strong></span> <span class='ocrx_word' id='word_1_191' title='bbox 2044 1030 2121 1054; x_wconf 91' lang='lat' dir='ltr'><strong>non</strong></span> <span class='ocrx_word' id='word_1_192' title='bbox 2163 1018 2219 1053; x_wconf 92' lang='lat' dir='ltr'><strong>in-</strong></span> 
     </span>
    </p>
   </div>
   <div class='ocr_carea' id='block_1_9' title="bbox 161 1074 2219 1125">
    <p class='ocr_par' dir='ltr' id='par_1_11' title="bbox 161 1074 2219 1125">
     <span class='ocr_line' id='line_1_29' title="bbox 161 1074 2219 1125; baseline 0.001 -15"><span class='ocrx_word' id='word_1_193' title='bbox 161 1074 285 1111; x_wconf 87' lang='lat' dir='ltr'><strong>minus</strong></span> <span class='ocrx_word' id='word_1_194' title='bbox 298 1103 307 1119; x_wconf 93' lang='lat'>‚</span> <span class='ocrx_word' id='word_1_195' title='bbox 326 1077 464 1119; x_wconf 81' lang='lat' dir='ltr'><strong>Israel,</strong></span> <span class='ocrx_word' id='word_1_196' title='bbox 477 1084 515 1110; x_wconf 80' lang='lat' dir='ltr'><strong>et</strong></span> <span class='ocrx_word' id='word_1_197' title='bbox 532 1084 624 1111; x_wconf 76' lang='lat' dir='ltr'><strong>tace.</strong></span> <span class='ocrx_word' id='word_1_198' title='bbox 647 1075 857 1124; x_wconf 88' lang='lat' dir='ltr'><strong>Respondit</strong></span> <span class='ocrx_word' id='word_1_199' title='bbox 875 1075 994 1111; x_wconf 84' lang='lat' dir='ltr'><strong>fidelis</strong></span> <span class='ocrx_word' id='word_1_200' title='bbox 1013 1075 1153 1111; x_wconf 80' lang='lat' dir='ltr'><strong>amicus</strong></span> <span class='ocrx_word' id='word_1_201' title='bbox 1174 1076 1199 1109; x_wconf 90' lang='lat' dir='ltr'>B</span> <span class='ocrx_word' id='word_1_202' title='bbox 1224 1093 1237 1107; x_wconf 71' lang='lat' dir='ltr'><em>n</em></span> <span class='ocrx_word' id='word_1_203' title='bbox 1260 1084 1413 1112; x_wconf 90' lang='lat' dir='ltr'><strong>ventum</strong></span> <span class='ocrx_word' id='word_1_204' title='bbox 1437 1084 1542 1124; x_wconf 89' lang='lat' dir='ltr'><strong>putet</strong></span> <span class='ocrx_word' id='word_1_205' title='bbox 1570 1076 1790 1112; x_wconf 81' lang='lat' dir='ltr'><strong>incredibile</strong></span> <span class='ocrx_word' id='word_1_206' title='bbox 1803 1105 1812 1123; x_wconf 89' lang='lat'><strong>,</strong></span> <span class='ocrx_word' id='word_1_207' title='bbox 1831 1085 1894 1113; x_wconf 88' lang='lat' dir='ltr'><strong>aut</strong></span> <span class='ocrx_word' id='word_1_208' title='bbox 1923 1085 2115 1125; x_wconf 80' lang='lat' dir='ltr'><strong>repertum</strong></span> <span class='ocrx_word' id='word_1_209' title='bbox 2141 1090 2219 1113; x_wconf 91' lang='lat' dir='ltr'><strong>non</strong></span> 
     </span>
    </p>
   </div>
   <div class='ocr_carea' id='block_1_10' title="bbox 157 1133 1159 1835">
    <p class='ocr_par' dir='ltr' id='par_1_12' title="bbox 157 1133 1159 1835">
     <span class='ocr_line' id='line_1_30' title="bbox 159 1133 1151 1183; baseline 0 -13"><span class='ocrx_word' id='word_1_210' title='bbox 159 1141 198 1169; x_wconf 84' lang='lat' dir='ltr'><strong>et</strong></span> <span class='ocrx_word' id='word_1_211' title='bbox 218 1133 336 1170; x_wconf 81' lang='lat' dir='ltr'><strong>fidelis</strong></span> <span class='ocrx_word' id='word_1_212' title='bbox 354 1146 484 1170; x_wconf 85' lang='lat' dir='ltr'><strong>servus</strong></span> <span class='ocrx_word' id='word_1_213' title='bbox 504 1135 575 1183; x_wconf 86' lang='lat' dir='ltr'><strong>piae</strong></span> <span class='ocrx_word' id='word_1_214' title='bbox 596 1133 854 1170; x_wconf 85' lang='lat' dir='ltr'><strong>familiaritatis</strong></span> <span class='ocrx_word' id='word_1_215' title='bbox 869 1147 960 1170; x_wconf 87' lang='lat' dir='ltr'><strong>ausu</strong></span> <span class='ocrx_word' id='word_1_216' title='bbox 973 1162 982 1180; x_wconf 88' lang='lat'>‚</span> <span class='ocrx_word' id='word_1_217' title='bbox 997 1147 1072 1170; x_wconf 90' lang='lat' dir='ltr'><strong>non</strong></span> <span class='ocrx_word' id='word_1_218' title='bbox 1096 1143 1151 1170; x_wconf 85' lang='lat' dir='ltr'><strong>ta-</strong></span> 
     </span>
     <span class='ocr_line' id='line_1_31' title="bbox 161 1193 1152 1243; baseline 0 -14"><span class='ocrx_word' id='word_1_219' title='bbox 161 1206 246 1229; x_wconf 91' lang='lat' dir='ltr'><strong>men</strong></span> <span class='ocrx_word' id='word_1_220' title='bbox 277 1193 395 1230; x_wconf 90' lang='lat' dir='ltr'><strong>vocali</strong></span> <span class='ocrx_word' id='word_1_221' title='bbox 425 1193 579 1243; x_wconf 89' lang='lat' dir='ltr'><strong>plausu,</strong></span> <span class='ocrx_word' id='word_1_222' title='bbox 602 1193 667 1230; x_wconf 91' lang='lat' dir='ltr'><strong>sed</strong></span> <span class='ocrx_word' id='word_1_223' title='bbox 695 1193 800 1229; x_wconf 88' lang='lat' dir='ltr'><strong>suavi</strong></span> <span class='ocrx_word' id='word_1_224' title='bbox 830 1193 1004 1242; x_wconf 89' lang='lat' dir='ltr'><strong>planctu,</strong></span> <span class='ocrx_word' id='word_1_225' title='bbox 1025 1193 1152 1229; x_wconf 89' lang='lat' dir='ltr'><strong>dicens</strong></span> 
     </span>
     <span class='ocr_line' id='line_1_32' title="bbox 160 1252 1154 1300; baseline 0.001 -13"><span class='ocrx_word' id='word_1_226' title='bbox 160 1265 245 1288; x_wconf 84' lang='lat' dir='ltr'><strong>cum</strong></span> <span class='ocrx_word' id='word_1_227' title='bbox 279 1252 469 1297; x_wconf 83' lang='lat' dir='ltr'><strong>Samuele,</strong></span> <span class='ocrx_word' id='word_1_228' title='bbox 498 1254 684 1299; x_wconf 80' lang='lat' dir='ltr'><strong>Loquere,</strong></span> <span class='ocrx_word' id='word_1_229' title='bbox 715 1254 894 1297; x_wconf 77' lang='lat' dir='ltr'><strong>Domine,</strong></span> <span class='ocrx_word' id='word_1_230' title='bbox 926 1257 1017 1300; x_wconf 76' lang='lat' dir='ltr'><strong>quin</strong></span> <span class='ocrx_word' id='word_1_231' title='bbox 1047 1255 1154 1288; x_wconf 76' lang='lat' dir='ltr'><strong>audit</strong></span> 
     </span>
     <span class='ocr_line' id='line_1_33' title="bbox 157 1311 1158 1361; baseline 0.002 -15"><span class='ocrx_word' id='word_1_232' title='bbox 157 1325 277 1346; x_wconf 77' lang='lat' dir='ltr'><strong>servus</strong></span> <span class='ocrx_word' id='word_1_233' title='bbox 302 1318 407 1347; x_wconf 75' lang='lat' dir='ltr'><strong>taas¹</strong></span> <span class='ocrx_word' id='word_1_234' title='bbox 432 1326 439 1348; x_wconf 92' lang='lat'><strong>:</strong></span> <span class='ocrx_word' id='word_1_235' title='bbox 461 1319 498 1348; x_wconf 88' lang='lat' dir='ltr'><strong>et</strong></span> <span class='ocrx_word' id='word_1_236' title='bbox 525 1325 609 1348; x_wconf 88' lang='lat' dir='ltr'><strong>cum</strong></span> <span class='ocrx_word' id='word_1_237' title='bbox 636 1311 844 1361; x_wconf 89' lang='lat' dir='ltr'><strong>propheta,</strong></span> <span class='ocrx_word' id='word_1_238' title='bbox 872 1314 1031 1348; x_wconf 78' lang='lat' dir='ltr'><strong>Audiam</strong></span> <span class='ocrx_word' id='word_1_239' title='bbox 1064 1314 1158 1360; x_wconf 76' lang='lat' dir='ltr'><strong>quid</strong></span> 
     </span>
     <span class='ocr_line' id='line_1_34' title="bbox 159 1371 1154 1419; baseline 0.003 -16"><span class='ocrx_word' id='word_1_240' title='bbox 159 1372 333 1417; x_wconf 78' lang='lat' dir='ltr'><strong>loquatur</strong></span> <span class='ocrx_word' id='word_1_241' title='bbox 346 1374 384 1405; x_wconf 79' lang='lat' dir='ltr'><strong>in</strong></span> <span class='ocrx_word' id='word_1_242' title='bbox 400 1384 459 1406; x_wconf 82' lang='lat' dir='ltr'><strong>me</strong></span> <span class='ocrx_word' id='word_1_243' title='bbox 474 1373 654 1406; x_wconf 78' lang='lat' dir='ltr'><strong>Dominus</strong></span> <span class='ocrx_word' id='word_1_244' title='bbox 670 1373 769 1406; x_wconf 74' lang='lat' dir='ltr'><strong>Deus</strong></span> <span class='ocrx_word' id='word_1_245' title='bbox 781 1377 806 1408; x_wconf 85' lang='lat'><strong>².</strong></span> <span class='ocrx_word' id='word_1_246' title='bbox 827 1374 936 1408; x_wconf 86' lang='lat' dir='ltr'><strong>Certe</strong></span> <span class='ocrx_word' id='word_1_247' title='bbox 956 1371 1007 1407; x_wconf 87' lang='lat' dir='ltr'><strong>ibi</strong></span> <span class='ocrx_word' id='word_1_248' title='bbox 1028 1371 1154 1419; x_wconf 88' lang='lat' dir='ltr'><strong>loqui—</strong></span> 
     </span>
     <span class='ocr_line' id='line_1_35' title="bbox 161 1429 1154 1479; baseline 0 -13"><span class='ocrx_word' id='word_1_249' title='bbox 161 1437 223 1466; x_wconf 88' lang='lat' dir='ltr'><strong>tur</strong></span> <span class='ocrx_word' id='word_1_250' title='bbox 242 1429 411 1467; x_wconf 89' lang='lat' dir='ltr'><strong>Christus</strong></span> <span class='ocrx_word' id='word_1_251' title='bbox 431 1443 516 1466; x_wconf 89' lang='lat' dir='ltr'><strong>cum</strong></span> <span class='ocrx_word' id='word_1_252' title='bbox 537 1430 709 1466; x_wconf 89' lang='lat' dir='ltr'><strong>ministro</strong></span> <span class='ocrx_word' id='word_1_253' title='bbox 732 1444 800 1467; x_wconf 85' lang='lat' dir='ltr'><strong>suo</strong></span> <span class='ocrx_word' id='word_1_254' title='bbox 822 1444 829 1466; x_wconf 92' lang='lat'><strong>:</strong></span> <span class='ocrx_word' id='word_1_255' title='bbox 851 1434 988 1476; x_wconf 87' lang='lat' dir='ltr'><strong>Pensa,</strong></span> <span class='ocrx_word' id='word_1_256' title='bbox 1011 1430 1154 1479; x_wconf 91' lang='lat' dir='ltr'><strong>inquit,</strong></span> 
     </span>
     <span class='ocr_line' id='line_1_36' title="bbox 157 1487 1156 1539; baseline 0.001 -15"><span class='ocrx_word' id='word_1_257' title='bbox 157 1487 319 1537; x_wconf 70' lang='lat' dir='ltr'><strong>jugiter,</strong></span> <span class='ocrx_word' id='word_1_258' title='bbox 356 1501 501 1539; x_wconf 81' lang='lat' dir='ltr'><strong>repone</strong></span> <span class='ocrx_word' id='word_1_259' title='bbox 536 1489 712 1535; x_wconf 82' lang='lat' dir='ltr'><strong>fideliter,</strong></span> <span class='ocrx_word' id='word_1_260' title='bbox 735 1490 959 1539; x_wconf 84' lang='lat' dir='ltr'><strong>amplectere</strong></span> <span class='ocrx_word' id='word_1_261' title='bbox 992 1489 1156 1526; x_wconf 85' lang='lat' dir='ltr'><strong>suaviter</strong></span> 
     </span>
     <span class='ocr_line' id='line_1_37' title="bbox 157 1547 1155 1598; baseline 0.001 -15"><span class='ocrx_word' id='word_1_262' title='bbox 157 1547 261 1597; x_wconf 81' lang='lat' dir='ltr'><strong>quod</strong></span> <span class='ocrx_word' id='word_1_263' title='bbox 284 1547 406 1594; x_wconf 86' lang='lat' dir='ltr'><strong>vides,</strong></span> <span class='ocrx_word' id='word_1_264' title='bbox 423 1548 526 1597; x_wconf 89' lang='lat' dir='ltr'><strong>quod</strong></span> <span class='ocrx_word' id='word_1_265' title='bbox 552 1549 651 1598; x_wconf 84' lang='lat' dir='ltr'><strong>agis,</strong></span> <span class='ocrx_word' id='word_1_266' title='bbox 675 1548 779 1597; x_wconf 90' lang='lat' dir='ltr'><strong>quod</strong></span> <span class='ocrx_word' id='word_1_267' title='bbox 802 1558 915 1586; x_wconf 87' lang='lat' dir='ltr'><strong>tenes.</strong></span> <span class='ocrx_word' id='word_1_268' title='bbox 937 1549 1155 1598; x_wconf 86' lang='lat' dir='ltr'><strong>Amplecte-</strong></span> 
     </span>
     <span class='ocr_line' id='line_1_38' title="bbox 161 1607 1159 1658; baseline 0.001 -16"><span class='ocrx_word' id='word_1_269' title='bbox 161 1619 200 1643; x_wconf 90' lang='lat' dir='ltr'><strong>re</strong></span> <span class='ocrx_word' id='word_1_270' title='bbox 215 1635 223 1651; x_wconf 93' lang='lat'><strong>,</strong></span> <span class='ocrx_word' id='word_1_271' title='bbox 247 1607 421 1656; x_wconf 87' lang='lat' dir='ltr'><strong>inquam,</strong></span> <span class='ocrx_word' id='word_1_272' title='bbox 450 1607 521 1658; x_wconf 82' lang='lat' dir='ltr'><strong>piae</strong></span> <span class='ocrx_word' id='word_1_273' title='bbox 557 1607 831 1645; x_wconf 82' lang='lat' dir='ltr'><strong>recordationis</strong></span> <span class='ocrx_word' id='word_1_274' title='bbox 854 1609 1008 1654; x_wconf 87' lang='lat' dir='ltr'><strong>affectu,</strong></span> <span class='ocrx_word' id='word_1_275' title='bbox 1028 1616 1062 1644; x_wconf 86' lang='lat' dir='ltr'><strong>et</strong></span> <span class='ocrx_word' id='word_1_276' title='bbox 1089 1608 1159 1657; x_wconf 71' lang='lat' dir='ltr'><strong>piae</strong></span> 
     </span>
     <span class='ocr_line' id='line_1_39' title="bbox 159 1666 1159 1716; baseline 0.001 -14"><span class='ocrx_word' id='word_1_277' title='bbox 159 1666 376 1703; x_wconf 86' lang='lat' dir='ltr'><strong>imitationis</strong></span> <span class='ocrx_word' id='word_1_278' title='bbox 394 1666 527 1703; x_wconf 84' lang='lat' dir='ltr'><strong>effectu</strong></span> <span class='ocrx_word' id='word_1_279' title='bbox 551 1695 559 1711; x_wconf 93' lang='lat'><strong>,</strong></span> <span class='ocrx_word' id='word_1_280' title='bbox 578 1667 698 1704; x_wconf 77' lang='lat' dir='ltr'><strong>sciens</strong></span> <span class='ocrx_word' id='word_1_281' title='bbox 714 1667 893 1716; x_wconf 86' lang='lat' dir='ltr'><strong>quoniam</strong></span> <span class='ocrx_word' id='word_1_282' title='bbox 911 1667 995 1704; x_wconf 79' lang='lat' dir='ltr'><strong>talia</strong></span> <span class='ocrx_word' id='word_1_283' title='bbox 1009 1676 1159 1716; x_wconf 77' lang='lat' dir='ltr'><strong>oportet</strong></span> 
     </span>
     <span class='ocr_line' id='line_1_40' title="bbox 160 1727 1158 1776; baseline 0 -14"><span class='ocrx_word' id='word_1_284' title='bbox 160 1733 195 1762; x_wconf 85' lang='lat' dir='ltr'><strong>te</strong></span> <span class='ocrx_word' id='word_1_285' title='bbox 217 1739 442 1776; x_wconf 77' lang='lat' dir='ltr'><strong>praeparare.</strong></span> <span class='ocrx_word' id='word_1_286' title='bbox 457 1730 669 1776; x_wconf 80' lang='lat' dir='ltr'><strong>Apparatus</strong></span> <span class='ocrx_word' id='word_1_287' title='bbox 687 1740 824 1764; x_wconf 83' lang='lat' dir='ltr'><strong>mensae</strong></span> <span class='ocrx_word' id='word_1_288' title='bbox 845 1727 968 1773; x_wconf 85' lang='lat' dir='ltr'><strong>istius,</strong></span> <span class='ocrx_word' id='word_1_289' title='bbox 992 1740 1067 1763; x_wconf 90' lang='lat' dir='ltr'><strong>nou</strong></span> <span class='ocrx_word' id='word_1_290' title='bbox 1090 1727 1158 1763; x_wconf 90' lang='lat' dir='ltr'><strong>ho-</strong></span> 
     </span>
     <span class='ocr_line' id='line_1_41' title="bbox 159 1784 1156 1835; baseline 0 -14"><span class='ocrx_word' id='word_1_291' title='bbox 159 1784 271 1822; x_wconf 87' lang='lat' dir='ltr'><strong>minis</strong></span> <span class='ocrx_word' id='word_1_292' title='bbox 285 1793 353 1830; x_wconf 87' lang='lat' dir='ltr'><strong>est,</strong></span> <span class='ocrx_word' id='word_1_293' title='bbox 372 1785 436 1822; x_wconf 86' lang='lat' dir='ltr'><strong>sed</strong></span> <span class='ocrx_word' id='word_1_294' title='bbox 456 1786 540 1823; x_wconf 78' lang='lat' dir='ltr'><strong>fidei</strong></span> <span class='ocrx_word' id='word_1_295' title='bbox 559 1800 655 1823; x_wconf 82' lang='lat' dir='ltr'><strong>:non</strong></span> <span class='ocrx_word' id='word_1_296' title='bbox 677 1787 871 1832; x_wconf 87' lang='lat' dir='ltr'><strong>facinoris,</strong></span> <span class='ocrx_word' id='word_1_297' title='bbox 885 1787 949 1823; x_wconf 87' lang='lat' dir='ltr'><strong>sed</strong></span> <span class='ocrx_word' id='word_1_298' title='bbox 969 1787 1133 1835; x_wconf 77' lang='lat' dir='ltr'><strong>mysterii</strong></span> <span class='ocrx_word' id='word_1_299' title='bbox 1149 1800 1156 1820; x_wconf 77' lang='lat' dir='ltr'><strong>t</strong></span> 
     </span>
    </p>
   </div>
   <div class='ocr_carea' id='block_1_11' title="bbox 1219 1133 2221 1835">
    <p class='ocr_par' dir='ltr' id='par_1_13' title="bbox 1219 1133 2221 1835">
     <span class='ocr_line' id='line_1_42' title="bbox 1223 1133 2220 1183; baseline 0.001 -14"><span class='ocrx_word' id='word_1_300' title='bbox 1223 1151 1237 1165; x_wconf 89' lang='lat'>»</span> <span class='ocrx_word' id='word_1_301' title='bbox 1258 1133 1385 1170; x_wconf 86' lang='lat' dir='ltr'><strong>credat</strong></span> <span class='ocrx_word' id='word_1_302' title='bbox 1418 1134 1651 1182; x_wconf 80' lang='lat' dir='ltr'><strong>singulare.»</strong></span> <span class='ocrx_word' id='word_1_303' title='bbox 1687 1138 1776 1170; x_wconf 82' lang='lat' dir='ltr'><strong>Haec</strong></span> <span class='ocrx_word' id='word_1_304' title='bbox 1814 1143 1920 1180; x_wconf 89' lang='lat' dir='ltr'><strong>sunt,</strong></span> <span class='ocrx_word' id='word_1_305' title='bbox 1947 1134 2103 1180; x_wconf 86' lang='lat' dir='ltr'><strong>fratres,</strong></span> <span class='ocrx_word' id='word_1_306' title='bbox 2136 1148 2220 1183; x_wconf 86' lang='lat' dir='ltr'><strong>quae</strong></span> 
     </span>
     <span class='ocr_line' id='line_1_43' title="bbox 1219 1193 2219 1242; baseline 0.002 -14"><span class='ocrx_word' id='word_1_307' title='bbox 1219 1193 1329 1229; x_wconf 87' lang='lat' dir='ltr'><strong>fidem</strong></span> <span class='ocrx_word' id='word_1_308' title='bbox 1347 1194 1557 1230; x_wconf 86' lang='lat' dir='ltr'><strong>necessario</strong></span> <span class='ocrx_word' id='word_1_309' title='bbox 1575 1193 1752 1242; x_wconf 79' lang='lat' dir='ltr'><strong>exigunt,</strong></span> <span class='ocrx_word' id='word_1_310' title='bbox 1773 1194 1956 1229; x_wconf 87' lang='lat' dir='ltr'><strong>rationem</strong></span> <span class='ocrx_word' id='word_1_311' title='bbox 1971 1195 2126 1230; x_wconf 91' lang='lat' dir='ltr'><strong>omnino</strong></span> <span class='ocrx_word' id='word_1_312' title='bbox 2142 1207 2219 1230; x_wconf 90' lang='lat' dir='ltr'><strong>non</strong></span> 
     </span>
     <span class='ocr_line' id='line_1_44' title="bbox 1219 1252 2217 1302; baseline 0 -14"><span class='ocrx_word' id='word_1_313' title='bbox 1219 1252 1436 1288; x_wconf 84' lang='lat' dir='ltr'><strong>admittunt.</strong></span> <span class='ocrx_word' id='word_1_314' title='bbox 1478 1255 1673 1302; x_wconf 84' lang='lat' dir='ltr'><strong>Expetunt</strong></span> <span class='ocrx_word' id='word_1_315' title='bbox 1712 1252 1921 1302; x_wconf 79' lang='lat' dir='ltr'><strong>simplicem</strong></span> <span class='ocrx_word' id='word_1_316' title='bbox 1967 1252 2217 1298; x_wconf 72' lang='lat' dir='ltr'><strong>creditorem,</strong></span> 
     </span>
     <span class='ocr_line' id='line_1_45' title="bbox 1222 1312 2219 1361; baseline 0.002 -14"><span class='ocrx_word' id='word_1_317' title='bbox 1222 1320 1385 1360; x_wconf 77' lang='lat' dir='ltr'><strong>arguunt</strong></span> <span class='ocrx_word' id='word_1_318' title='bbox 1419 1312 1576 1361; x_wconf 88' lang='lat' dir='ltr'><strong>impium</strong></span> <span class='ocrx_word' id='word_1_319' title='bbox 1617 1312 1883 1348; x_wconf 87' lang='lat' dir='ltr'><strong>discussorem.</strong></span> <span class='ocrx_word' id='word_1_320' title='bbox 1919 1316 1962 1348; x_wconf 83' lang='lat' dir='ltr'><strong>Et</strong></span> <span class='ocrx_word' id='word_1_321' title='bbox 1993 1312 2079 1349; x_wconf 88' lang='lat' dir='ltr'><strong>ideo</strong></span> <span class='ocrx_word' id='word_1_322' title='bbox 2116 1312 2219 1349; x_wconf 89' lang='lat' dir='ltr'><strong>credi</strong></span> 
     </span>
     <span class='ocr_line' id='line_1_46' title="bbox 1221 1371 2221 1422; baseline 0.001 -15"><span class='ocrx_word' id='word_1_323' title='bbox 1221 1380 1372 1420; x_wconf 85' lang='lat' dir='ltr'><strong>oportet</strong></span> <span class='ocrx_word' id='word_1_324' title='bbox 1388 1372 1622 1421; x_wconf 82' lang='lat' dir='ltr'><strong>simpliciter,</strong></span> <span class='ocrx_word' id='word_1_325' title='bbox 1645 1371 1747 1420; x_wconf 88' lang='lat' dir='ltr'><strong>quod</strong></span> <span class='ocrx_word' id='word_1_326' title='bbox 1766 1371 1984 1421; x_wconf 78' lang='lat' dir='ltr'><strong>investigari</strong></span> <span class='ocrx_word' id='word_1_327' title='bbox 2001 1385 2078 1408; x_wconf 91' lang='lat' dir='ltr'><strong>non</strong></span> <span class='ocrx_word' id='word_1_328' title='bbox 2097 1381 2221 1422; x_wconf 87' lang='lat' dir='ltr'><strong>potest</strong></span> 
     </span>
     <span class='ocr_line' id='line_1_47' title="bbox 1224 1431 2221 1480; baseline 0.002 -14"><span class='ocrx_word' id='word_1_329' title='bbox 1224 1431 1376 1467; x_wconf 78' lang='lat' dir='ltr'><strong>utiliter,</strong></span> <span class='ocrx_word' id='word_1_330' title='bbox 1398 1431 1467 1468; x_wconf 89' lang='lat' dir='ltr'><strong>Hic</strong></span> <span class='ocrx_word' id='word_1_331' title='bbox 1491 1439 1547 1467; x_wconf 84' lang='lat' dir='ltr'><strong>est</strong></span> <span class='ocrx_word' id='word_1_332' title='bbox 1572 1431 1633 1467; x_wconf 87' lang='lat' dir='ltr'><strong>ille</strong></span> <span class='ocrx_word' id='word_1_333' title='bbox 1654 1439 1802 1467; x_wconf 89' lang='lat' dir='ltr'><strong>torrens</strong></span> <span class='ocrx_word' id='word_1_334' title='bbox 1816 1459 1825 1476; x_wconf 96' lang='lat'><strong>,</strong></span> <span class='ocrx_word' id='word_1_335' title='bbox 1846 1444 1958 1480; x_wconf 88' lang='lat' dir='ltr'><strong>quem</strong></span> <span class='ocrx_word' id='word_1_336' title='bbox 1980 1431 2221 1468; x_wconf 71' lang='lat' dir='ltr'><strong>transvadare</strong></span> 
     </span>
     <span class='ocr_line' id='line_1_48' title="bbox 1224 1490 2218 1540; baseline 0.002 -15"><span class='ocrx_word' id='word_1_337' title='bbox 1224 1502 1299 1525; x_wconf 90' lang='lat' dir='ltr'><strong>non</strong></span> <span class='ocrx_word' id='word_1_338' title='bbox 1319 1490 1442 1538; x_wconf 88' lang='lat' dir='ltr'><strong>potuit</strong></span> <span class='ocrx_word' id='word_1_339' title='bbox 1462 1490 1627 1526; x_wconf 85' lang='lat' dir='ltr'><strong>Elisaeus.</strong></span> <span class='ocrx_word' id='word_1_340' title='bbox 1658 1490 1781 1526; x_wconf 64' lang='lat' dir='ltr'><strong>Nolite</strong></span> <span class='ocrx_word' id='word_1_341' title='bbox 1807 1490 1953 1539; x_wconf 86' lang='lat' dir='ltr'><strong>itaque,</strong></span> <span class='ocrx_word' id='word_1_342' title='bbox 1974 1491 2090 1527; x_wconf 90' lang='lat' dir='ltr'><strong>nolite</strong></span> <span class='ocrx_word' id='word_1_343' title='bbox 2110 1504 2218 1540; x_wconf 86' lang='lat' dir='ltr'><strong>quae-</strong></span> 
     </span>
     <span class='ocr_line' id='line_1_49' title="bbox 1228 1549 2217 1597; baseline 0.001 -12"><span class='ocrx_word' id='word_1_344' title='bbox 1228 1562 1309 1585; x_wconf 87' lang='lat' dir='ltr'><strong>rere</strong></span> <span class='ocrx_word' id='word_1_345' title='bbox 1327 1549 1522 1597; x_wconf 87' lang='lat' dir='ltr'><strong>quomodo</strong></span> <span class='ocrx_word' id='word_1_346' title='bbox 1545 1550 1610 1585; x_wconf 86' lang='lat' dir='ltr'><strong>fiat</strong></span> <span class='ocrx_word' id='word_1_347' title='bbox 1629 1564 1636 1584; x_wconf 93' lang='lat'><strong>:</strong></span> <span class='ocrx_word' id='word_1_348' title='bbox 1662 1549 1777 1585; x_wconf 88' lang='lat' dir='ltr'><strong>nolite</strong></span> <span class='ocrx_word' id='word_1_349' title='bbox 1799 1549 1970 1586; x_wconf 81' lang='lat' dir='ltr'><strong>dubitare</strong></span> <span class='ocrx_word' id='word_1_350' title='bbox 1994 1558 2119 1586; x_wconf 88' lang='lat' dir='ltr'><strong>utrum</strong></span> <span class='ocrx_word' id='word_1_351' title='bbox 2141 1551 2217 1586; x_wconf 82' lang='lat' dir='ltr'><strong>fiat.</strong></span> 
     </span>
     <span class='ocr_line' id='line_1_50' title="bbox 1226 1607 2219 1653; baseline 0.001 -9"><span class='ocrx_word' id='word_1_352' title='bbox 1226 1607 1348 1644; x_wconf 69' lang='lat' dir='ltr'><strong>Nolite</strong></span> <span class='ocrx_word' id='word_1_353' title='bbox 1365 1608 1620 1644; x_wconf 81' lang='lat' dir='ltr'><strong>irreverenter</strong></span> <span class='ocrx_word' id='word_1_354' title='bbox 1637 1608 1814 1644; x_wconf 83' lang='lat' dir='ltr'><strong>accedere</strong></span> <span class='ocrx_word' id='word_1_355' title='bbox 1827 1637 1836 1653; x_wconf 89' lang='lat'><strong>,</strong></span> <span class='ocrx_word' id='word_1_356' title='bbox 1855 1621 1902 1645; x_wconf 89' lang='lat' dir='ltr'><strong>ne</strong></span> <span class='ocrx_word' id='word_1_357' title='bbox 1924 1607 2033 1645; x_wconf 75' lang='lat' dir='ltr'><strong>vobis</strong></span> <span class='ocrx_word' id='word_1_358' title='bbox 2054 1609 2100 1645; x_wconf 88' lang='lat' dir='ltr'><strong>ad</strong></span> <span class='ocrx_word' id='word_1_359' title='bbox 2117 1623 2219 1645; x_wconf 90' lang='lat' dir='ltr'><strong>mor-</strong></span> 
     </span>
     <span class='ocr_line' id='line_1_51' title="bbox 1227 1667 2221 1717; baseline 0.002 -15"><span class='ocrx_word' id='word_1_360' title='bbox 1227 1676 1299 1703; x_wconf 90' lang='lat' dir='ltr'><strong>tem</strong></span> <span class='ocrx_word' id='word_1_361' title='bbox 1333 1667 1406 1702; x_wconf 83' lang='lat' dir='ltr'><strong>liat.</strong></span> <span class='ocrx_word' id='word_1_362' title='bbox 1442 1671 1543 1703; x_wconf 89' lang='lat' dir='ltr'><strong>Deus</strong></span> <span class='ocrx_word' id='word_1_363' title='bbox 1570 1668 1668 1703; x_wconf 85' lang='lat' dir='ltr'><strong>enim</strong></span> <span class='ocrx_word' id='word_1_364' title='bbox 1692 1676 1770 1710; x_wconf 74' lang='lat' dir='ltr'><strong>est3</strong></span> <span class='ocrx_word' id='word_1_365' title='bbox 1802 1677 1838 1704; x_wconf 86' lang='lat' dir='ltr'><strong>et</strong></span> <span class='ocrx_word' id='word_1_366' title='bbox 1870 1681 2086 1716; x_wconf 83' lang='lat' dir='ltr'><strong>quanquam</strong></span> <span class='ocrx_word' id='word_1_367' title='bbox 2114 1668 2221 1717; x_wconf 84' lang='lat' dir='ltr'><strong>panis</strong></span> 
     </span>
     <span class='ocr_line' id='line_1_52' title="bbox 1226 1725 2219 1774; baseline 0.001 -13"><span class='ocrx_word' id='word_1_368' title='bbox 1226 1726 1401 1774; x_wconf 84' lang='lat' dir='ltr'><strong>mysteria</strong></span> <span class='ocrx_word' id='word_1_369' title='bbox 1436 1725 1547 1762; x_wconf 86' lang='lat' dir='ltr'><strong>habet</strong></span> <span class='ocrx_word' id='word_1_370' title='bbox 1561 1754 1570 1770; x_wconf 87' lang='lat'>‚</span> <span class='ocrx_word' id='word_1_371' title='bbox 1617 1734 1782 1762; x_wconf 87' lang='lat' dir='ltr'><strong>mutatur</strong></span> <span class='ocrx_word' id='word_1_372' title='bbox 1818 1735 1940 1762; x_wconf 88' lang='lat' dir='ltr'><strong>tamen</strong></span> <span class='ocrx_word' id='word_1_373' title='bbox 1977 1727 2015 1763; x_wconf 90' lang='lat' dir='ltr'><strong>in</strong></span> <span class='ocrx_word' id='word_1_374' title='bbox 2057 1740 2219 1763; x_wconf 85' lang='lat' dir='ltr'><strong>earnem.</strong></span> 
     </span>
     <span class='ocr_line' id='line_1_53' title="bbox 1225 1785 2221 1835; baseline 0.001 -14"><span class='ocrx_word' id='word_1_375' title='bbox 1225 1789 1327 1822; x_wconf 86' lang='lat' dir='ltr'><strong>Deus</strong></span> <span class='ocrx_word' id='word_1_376' title='bbox 1342 1793 1378 1822; x_wconf 87' lang='lat' dir='ltr'><strong>et</strong></span> <span class='ocrx_word' id='word_1_377' title='bbox 1396 1785 1511 1821; x_wconf 88' lang='lat' dir='ltr'><strong>homo</strong></span> <span class='ocrx_word' id='word_1_378' title='bbox 1531 1793 1605 1829; x_wconf 86' lang='lat' dir='ltr'><strong>est,</strong></span> <span class='ocrx_word' id='word_1_379' title='bbox 1624 1785 1690 1834; x_wconf 88' lang='lat' dir='ltr'><strong>qui</strong></span> <span class='ocrx_word' id='word_1_380' title='bbox 1713 1794 1869 1821; x_wconf 87' lang='lat' dir='ltr'><strong>testatur</strong></span> <span class='ocrx_word' id='word_1_381' title='bbox 1890 1798 2023 1835; x_wconf 86' lang='lat' dir='ltr'><strong>panem</strong></span> <span class='ocrx_word' id='word_1_382' title='bbox 2041 1787 2221 1822; x_wconf 79' lang='lat' dir='ltr'><strong>veraciter</strong></span> 
     </span>
    </p>
   </div>
   <div class='ocr_carea' id='block_1_12' title="bbox 159 1845 2221 1894">
    <p class='ocr_par' dir='ltr' id='par_1_14' title="bbox 159 1845 2221 1894">
     <span class='ocr_line' id='line_1_54' title="bbox 159 1845 2221 1894; baseline 0 -14"><span class='ocrx_word' id='word_1_383' title='bbox 159 1857 233 1880; x_wconf 90' lang='lat' dir='ltr'><strong>non</strong></span> <span class='ocrx_word' id='word_1_384' title='bbox 261 1845 478 1894; x_wconf 87' lang='lat' dir='ltr'><strong>temporalis</strong></span> <span class='ocrx_word' id='word_1_385' title='bbox 500 1845 690 1892; x_wconf 87' lang='lat' dir='ltr'><strong>alimenti,</strong></span> <span class='ocrx_word' id='word_1_386' title='bbox 714 1846 779 1884; x_wconf 88' lang='lat' dir='ltr'><strong>sed</strong></span> <span class='ocrx_word' id='word_1_387' title='bbox 813 1847 954 1883; x_wconf 85' lang='lat' dir='ltr'><strong>aeterni.</strong></span> <span class='ocrx_word' id='word_1_388' title='bbox 980 1846 1052 1894; x_wconf 88' lang='lat' dir='ltr'><strong>Qui</strong></span> <span class='ocrx_word' id='word_1_389' title='bbox 1076 1859 1157 1883; x_wconf 90' lang='lat' dir='ltr'><strong>sum</strong></span> <span class='ocrx_word' id='word_1_390' title='bbox 1177 1849 1203 1883; x_wconf 89' lang='lat' dir='ltr'>C</span> <span class='ocrx_word' id='word_1_391' title='bbox 1226 1846 1304 1882; x_wconf 83' lang='lat' dir='ltr'><strong>lieri</strong></span> <span class='ocrx_word' id='word_1_392' title='bbox 1334 1859 1482 1882; x_wconf 82' lang='lat' dir='ltr'><strong>carnem</strong></span> <span class='ocrx_word' id='word_1_393' title='bbox 1505 1858 1623 1881; x_wconf 82' lang='lat' dir='ltr'><strong>suam.</strong></span> <span class='ocrx_word' id='word_1_394' title='bbox 1655 1849 1725 1881; x_wconf 68' lang='lat' dir='ltr'><strong>Yas</strong></span> <span class='ocrx_word' id='word_1_395' title='bbox 1745 1846 1938 1881; x_wconf 79' lang='lat' dir='ltr'><strong>electionis</strong></span> <span class='ocrx_word' id='word_1_396' title='bbox 1957 1854 2034 1890; x_wconf 82' lang='lat' dir='ltr'><strong>est,</strong></span> <span class='ocrx_word' id='word_1_397' title='bbox 2065 1846 2130 1894; x_wconf 90' lang='lat' dir='ltr'><strong>qui</strong></span> <span class='ocrx_word' id='word_1_398' title='bbox 2151 1846 2221 1881; x_wconf 90' lang='lat' dir='ltr'><strong>mi—</strong></span> 
     </span>
    </p>
   </div>
   <div class='ocr_carea' id='block_1_13' title="bbox 154 1905 1159 2606">
    <p class='ocr_par' dir='ltr' id='par_1_15' title="bbox 154 1905 1159 2606">
     <span class='ocr_line' id='line_1_55' title="bbox 157 1905 1155 1956; baseline 0.002 -17"><span class='ocrx_word' id='word_1_399' title='bbox 157 1912 288 1940; x_wconf 78' lang='lat' dir='ltr'><strong>auctor</strong></span> <span class='ocrx_word' id='word_1_400' title='bbox 306 1905 494 1952; x_wconf 89' lang='lat' dir='ltr'><strong>muneris,</strong></span> <span class='ocrx_word' id='word_1_401' title='bbox 510 1906 589 1956; x_wconf 87' lang='lat' dir='ltr'><strong>ipse</strong></span> <span class='ocrx_word' id='word_1_402' title='bbox 609 1919 689 1942; x_wconf 90' lang='lat' dir='ltr'><strong>sum</strong></span> <span class='ocrx_word' id='word_1_403' title='bbox 710 1905 812 1942; x_wconf 84' lang='lat' dir='ltr'><strong>testis</strong></span> <span class='ocrx_word' id='word_1_404' title='bbox 835 1905 1013 1942; x_wconf 84' lang='lat' dir='ltr'><strong>veritatis.</strong></span> <span class='ocrx_word' id='word_1_405' title='bbox 1031 1905 1155 1942; x_wconf 89' lang='lat' dir='ltr'><strong>Altare</strong></span> 
     </span>
     <span class='ocr_line' id='line_1_56' title="bbox 158 1963 1158 2014; baseline 0 -15"><span class='ocrx_word' id='word_1_406' title='bbox 158 1963 218 1999; x_wconf 87' lang='lat' dir='ltr'><strong>eui</strong></span> <span class='ocrx_word' id='word_1_407' title='bbox 244 1964 404 2008; x_wconf 88' lang='lat' dir='ltr'><strong>assistis,</strong></span> <span class='ocrx_word' id='word_1_408' title='bbox 433 1978 544 2013; x_wconf 87' lang='lat' dir='ltr'><strong>quam</strong></span> <span class='ocrx_word' id='word_1_409' title='bbox 573 1978 644 2014; x_wconf 90' lang='lat' dir='ltr'><strong>pro</strong></span> <span class='ocrx_word' id='word_1_410' title='bbox 667 1973 701 2001; x_wconf 91' lang='lat' dir='ltr'><strong>te</strong></span> <span class='ocrx_word' id='word_1_411' title='bbox 721 1965 881 2001; x_wconf 86' lang='lat' dir='ltr'><strong>sustinui</strong></span> <span class='ocrx_word' id='word_1_412' title='bbox 912 1972 1158 2013; x_wconf 82' lang='lat' dir='ltr'><strong>repraesentat</strong></span> 
     </span>
     <span class='ocr_line' id='line_1_57' title="bbox 159 2023 1157 2074; baseline 0.001 -16"><span class='ocrx_word' id='word_1_413' title='bbox 159 2032 387 2068; x_wconf 82' lang='lat' dir='ltr'><strong>crueem3et</strong></span> <span class='ocrx_word' id='word_1_414' title='bbox 409 2023 526 2070; x_wconf 83' lang='lat' dir='ltr'><strong>calix,</strong></span> <span class='ocrx_word' id='word_1_415' title='bbox 548 2025 763 2074; x_wconf 86' lang='lat' dir='ltr'><strong>sepulcrum</strong></span> <span class='ocrx_word' id='word_1_416' title='bbox 800 2025 835 2060; x_wconf 91' lang='lat' dir='ltr'><strong>in</strong></span> <span class='ocrx_word' id='word_1_417' title='bbox 870 2037 946 2073; x_wconf 87' lang='lat' dir='ltr'><strong>quo</strong></span> <span class='ocrx_word' id='word_1_418' title='bbox 987 2031 1157 2059; x_wconf 83' lang='lat' dir='ltr'><strong>mortuus</strong></span> 
     </span>
     <span class='ocr_line' id='line_1_58' title="bbox 158 2082 1157 2134; baseline 0.002 -17"><span class='ocrx_word' id='word_1_419' title='bbox 158 2082 287 2130; x_wconf 82' lang='lat' dir='ltr'><strong>quievi</strong></span> <span class='ocrx_word' id='word_1_420' title='bbox 307 2097 314 2118; x_wconf 91' lang='lat'>:</span> <span class='ocrx_word' id='word_1_421' title='bbox 335 2091 492 2132; x_wconf 89' lang='lat' dir='ltr'><strong>patena,</strong></span> <span class='ocrx_word' id='word_1_422' title='bbox 510 2085 672 2134; x_wconf 86' lang='lat' dir='ltr'><strong>lapidem</strong></span> <span class='ocrx_word' id='word_1_423' title='bbox 692 2084 995 2134; x_wconf 74' lang='lat' dir='ltr'><strong>superpositum,</strong></span> <span class='ocrx_word' id='word_1_424' title='bbox 1017 2096 1157 2132; x_wconf 82' lang='lat' dir='ltr'><strong>corpo—</strong></span> 
     </span>
     <span class='ocr_line' id='line_1_59' title="bbox 160 2142 1158 2193; baseline -0.001 -16"><span class='ocrx_word' id='word_1_425' title='bbox 160 2142 257 2187; x_wconf 90' lang='lat' dir='ltr'><strong>rale,</strong></span> <span class='ocrx_word' id='word_1_426' title='bbox 281 2142 498 2189; x_wconf 80' lang='lat' dir='ltr'><strong>sudarium3</strong></span> <span class='ocrx_word' id='word_1_427' title='bbox 518 2143 763 2180; x_wconf 87' lang='lat' dir='ltr'><strong>substratoria</strong></span> <span class='ocrx_word' id='word_1_428' title='bbox 781 2143 1003 2193; x_wconf 82' lang='lat' dir='ltr'><strong>corporalis,</strong></span> <span class='ocrx_word' id='word_1_429' title='bbox 1026 2142 1158 2178; x_wconf 82' lang='lat' dir='ltr'><strong>lintea-</strong></span> 
     </span>
     <span class='ocr_line' id='line_1_60' title="bbox 160 2200 1157 2252; baseline 0 -16"><span class='ocrx_word' id='word_1_430' title='bbox 160 2201 263 2237; x_wconf 87' lang='lat' dir='ltr'><strong>mina</strong></span> <span class='ocrx_word' id='word_1_431' title='bbox 289 2201 426 2250; x_wconf 88' lang='lat' dir='ltr'><strong>quibus</strong></span> <span class='ocrx_word' id='word_1_432' title='bbox 445 2202 638 2240; x_wconf 89' lang='lat' dir='ltr'><strong>involutus</strong></span> <span class='ocrx_word' id='word_1_433' title='bbox 660 2203 722 2239; x_wconf 89' lang='lat' dir='ltr'><strong>sui.</strong></span> <span class='ocrx_word' id='word_1_434' title='bbox 747 2203 876 2239; x_wconf 80' lang='lat' dir='ltr'><strong>Hostia</strong></span> <span class='ocrx_word' id='word_1_435' title='bbox 903 2215 1014 2252; x_wconf 86' lang='lat' dir='ltr'><strong>quam</strong></span> <span class='ocrx_word' id='word_1_436' title='bbox 1034 2200 1157 2245; x_wconf 74' lang='lat' dir='ltr'><strong>vides,</strong></span> 
     </span>
     <span class='ocr_line' id='line_1_61' title="bbox 154 2259 1159 2311; baseline -0.001 -15"><span class='ocrx_word' id='word_1_437' title='bbox 154 2259 233 2307; x_wconf 89' lang='lat' dir='ltr'><strong>jam</strong></span> <span class='ocrx_word' id='word_1_438' title='bbox 253 2273 329 2297; x_wconf 91' lang='lat' dir='ltr'><strong>non</strong></span> <span class='ocrx_word' id='word_1_439' title='bbox 349 2270 405 2298; x_wconf 84' lang='lat' dir='ltr'><strong>est</strong></span> <span class='ocrx_word' id='word_1_440' title='bbox 422 2262 529 2311; x_wconf 87' lang='lat' dir='ltr'><strong>panis</strong></span> <span class='ocrx_word' id='word_1_441' title='bbox 542 2290 552 2307; x_wconf 90' lang='lat'><strong>,</strong></span> <span class='ocrx_word' id='word_1_442' title='bbox 570 2261 635 2299; x_wconf 89' lang='lat' dir='ltr'><strong>sed</strong></span> <span class='ocrx_word' id='word_1_443' title='bbox 652 2276 739 2298; x_wconf 89' lang='lat' dir='ltr'><strong>caro</strong></span> <span class='ocrx_word' id='word_1_444' title='bbox 757 2275 856 2305; x_wconf 87' lang='lat' dir='ltr'><strong>mea,</strong></span> <span class='ocrx_word' id='word_1_445' title='bbox 875 2274 958 2310; x_wconf 75' lang='lat' dir='ltr'><strong>quae</strong></span> <span class='ocrx_word' id='word_1_446' title='bbox 976 2260 1159 2310; x_wconf 85' lang='lat' dir='ltr'><strong>pependit</strong></span> 
     </span>
     <span class='ocr_line' id='line_1_62' title="bbox 160 2320 1155 2371; baseline 0 -16"><span class='ocrx_word' id='word_1_447' title='bbox 160 2321 198 2356; x_wconf 90' lang='lat' dir='ltr'><strong>in</strong></span> <span class='ocrx_word' id='word_1_448' title='bbox 220 2334 332 2358; x_wconf 88' lang='lat' dir='ltr'><strong>eruce</strong></span> <span class='ocrx_word' id='word_1_449' title='bbox 353 2334 420 2371; x_wconf 89' lang='lat' dir='ltr'><strong>pro</strong></span> <span class='ocrx_word' id='word_1_450' title='bbox 442 2322 573 2358; x_wconf 90' lang='lat' dir='ltr'><strong>mundi</strong></span> <span class='ocrx_word' id='word_1_451' title='bbox 594 2322 682 2359; x_wconf 89' lang='lat' dir='ltr'><strong>vita.</strong></span> <span class='ocrx_word' id='word_1_452' title='bbox 705 2324 800 2359; x_wconf 87' lang='lat' dir='ltr'><strong>Sane</strong></span> <span class='ocrx_word' id='word_1_453' title='bbox 821 2321 978 2358; x_wconf 84' lang='lat' dir='ltr'><strong>mutatio</strong></span> <span class='ocrx_word' id='word_1_454' title='bbox 998 2321 1066 2356; x_wconf 83' lang='lat' dir='ltr'><strong>ista</strong></span> <span class='ocrx_word' id='word_1_455' title='bbox 1087 2320 1155 2356; x_wconf 82' lang='lat' dir='ltr'><strong>be-</strong></span> 
     </span>
     <span class='ocr_line' id='line_1_63' title="bbox 161 2380 1157 2432; baseline -0.002 -15"><span class='ocrx_word' id='word_1_456' title='bbox 161 2380 385 2419; x_wconf 86' lang='lat' dir='ltr'><strong>nedictionis</strong></span> <span class='ocrx_word' id='word_1_457' title='bbox 413 2396 510 2432; x_wconf 88' lang='lat' dir='ltr'><strong>opus</strong></span> <span class='ocrx_word' id='word_1_458' title='bbox 536 2391 611 2428; x_wconf 90' lang='lat' dir='ltr'><strong>est,</strong></span> <span class='ocrx_word' id='word_1_459' title='bbox 633 2396 709 2419; x_wconf 89' lang='lat' dir='ltr'><strong>non</strong></span> <span class='ocrx_word' id='word_1_460' title='bbox 740 2382 907 2432; x_wconf 82' lang='lat' dir='ltr'><strong>originis.</strong></span> <span class='ocrx_word' id='word_1_461' title='bbox 933 2382 1060 2418; x_wconf 87' lang='lat' dir='ltr'><strong>Virtus</strong></span> <span class='ocrx_word' id='word_1_462' title='bbox 1087 2380 1157 2416; x_wconf 72' lang='lat' dir='ltr'><strong>hoe=</strong></span> 
     </span>
     <span class='ocr_line' id='line_1_64' title="bbox 160 2439 1159 2492; baseline 0 -17"><span class='ocrx_word' id='word_1_463' title='bbox 160 2439 263 2485; x_wconf 85' lang='lat' dir='ltr'><strong>facit,</strong></span> <span class='ocrx_word' id='word_1_464' title='bbox 285 2454 361 2478; x_wconf 91' lang='lat' dir='ltr'><strong>non</strong></span> <span class='ocrx_word' id='word_1_465' title='bbox 379 2454 467 2478; x_wconf 88' lang='lat' dir='ltr'><strong>usus</strong></span> <span class='ocrx_word' id='word_1_466' title='bbox 487 2442 668 2479; x_wconf 87' lang='lat' dir='ltr'><strong>:effectus</strong></span> <span class='ocrx_word' id='word_1_467' title='bbox 688 2450 743 2479; x_wconf 88' lang='lat' dir='ltr'><strong>est</strong></span> <span class='ocrx_word' id='word_1_468' title='bbox 759 2441 959 2492; x_wconf 85' lang='lat' dir='ltr'><strong>potentiae,</strong></span> <span class='ocrx_word' id='word_1_469' title='bbox 979 2454 1052 2477; x_wconf 88' lang='lat' dir='ltr'><strong>uon</strong></span> <span class='ocrx_word' id='word_1_470' title='bbox 1071 2453 1159 2477; x_wconf 78' lang='lat' dir='ltr'><strong>usus</strong></span> 
     </span>
     <span class='ocr_line' id='line_1_65' title="bbox 159 2500 1156 2551; baseline 0 -15"><span class='ocrx_word' id='word_1_471' title='bbox 159 2508 302 2537; x_wconf 74' lang='lat' dir='ltr'><strong>naturae</strong></span> <span class='ocrx_word' id='word_1_472' title='bbox 330 2515 337 2537; x_wconf 91' lang='lat'>:</span> <span class='ocrx_word' id='word_1_473' title='bbox 365 2501 534 2551; x_wconf 81' lang='lat' dir='ltr'><strong>dignatio</strong></span> <span class='ocrx_word' id='word_1_474' title='bbox 560 2511 632 2548; x_wconf 90' lang='lat' dir='ltr'><strong>est,</strong></span> <span class='ocrx_word' id='word_1_475' title='bbox 663 2515 739 2538; x_wconf 92' lang='lat' dir='ltr'><strong>non</strong></span> <span class='ocrx_word' id='word_1_476' title='bbox 771 2502 879 2538; x_wconf 87' lang='lat' dir='ltr'><strong>ratio.</strong></span> <span class='ocrx_word' id='word_1_477' title='bbox 900 2500 1156 2538; x_wconf 85' lang='lat' dir='ltr'><strong>Misericordia</strong></span> 
     </span>
     <span class='ocr_line' id='line_1_66' title="bbox 158 2561 1155 2606; baseline 0.001 -11"><span class='ocrx_word' id='word_1_478' title='bbox 158 2568 236 2605; x_wconf 87' lang='lat' dir='ltr'><strong>est,</strong></span> <span class='ocrx_word' id='word_1_479' title='bbox 265 2574 340 2597; x_wconf 88' lang='lat' dir='ltr'><strong>non</strong></span> <span class='ocrx_word' id='word_1_480' title='bbox 371 2562 530 2599; x_wconf 86' lang='lat' dir='ltr'><strong>miseria.</strong></span> <span class='ocrx_word' id='word_1_481' title='bbox 552 2566 636 2599; x_wconf 91' lang='lat' dir='ltr'><strong>Non</strong></span> <span class='ocrx_word' id='word_1_482' title='bbox 662 2575 887 2606; x_wconf 88' lang='lat' dir='ltr'><strong>commune,</strong></span> <span class='ocrx_word' id='word_1_483' title='bbox 913 2561 978 2598; x_wconf 81' lang='lat' dir='ltr'><strong>sed</strong></span> <span class='ocrx_word' id='word_1_484' title='bbox 1002 2562 1122 2597; x_wconf 89' lang='lat' dir='ltr'><strong>solum</strong></span> <span class='ocrx_word' id='word_1_485' title='bbox 1148 2576 1155 2596; x_wconf 89' lang='lat'>:</span> 
     </span>
    </p>
   </div>
   <div class='ocr_carea' id='block_1_14' title="bbox 1223 1904 2223 2611">
    <p class='ocr_par' dir='ltr' id='par_1_16' title="bbox 1223 1904 2218 2253">
     <span class='ocr_line' id='line_1_67' title="bbox 1224 1904 2216 1953; baseline 0 -12"><span class='ocrx_word' id='word_1_486' title='bbox 1224 1913 1336 1942; x_wconf 86' lang='lat' dir='ltr'><strong>natur</strong></span> <span class='ocrx_word' id='word_1_487' title='bbox 1362 1904 1549 1953; x_wconf 81' lang='lat' dir='ltr'><strong>judicium</strong></span> <span class='ocrx_word' id='word_1_488' title='bbox 1580 1918 1657 1940; x_wconf 88' lang='lat' dir='ltr'><strong>non</strong></span> <span class='ocrx_word' id='word_1_489' title='bbox 1691 1904 1912 1953; x_wconf 71' lang='lat' dir='ltr'><strong>dijudicanti</strong></span> <span class='ocrx_word' id='word_1_490' title='bbox 1948 1913 2020 1940; x_wconf 89' lang='lat' dir='ltr'><strong>tam</strong></span> <span class='ocrx_word' id='word_1_491' title='bbox 2053 1913 2216 1941; x_wconf 76' lang='lat' dir='ltr'><strong>sanctam</strong></span> 
     </span>
     <span class='ocr_line' id='line_1_68' title="bbox 1223 1965 2216 2014; baseline 0 -13"><span class='ocrx_word' id='word_1_492' title='bbox 1223 1965 1442 2002; x_wconf 82' lang='lat' dir='ltr'><strong>carnem.1d</strong></span> <span class='ocrx_word' id='word_1_493' title='bbox 1462 1965 1602 2014; x_wconf 80' lang='lat' dir='ltr'><strong>ipsum,</strong></span> <span class='ocrx_word' id='word_1_494' title='bbox 1621 1979 1643 2000; x_wconf 92' lang='lat' dir='ltr'><strong>o</strong></span> <span class='ocrx_word' id='word_1_495' title='bbox 1662 1965 1877 2009; x_wconf 81' lang='lat' dir='ltr'><strong>christiane,</strong></span> <span class='ocrx_word' id='word_1_496' title='bbox 1897 1965 1943 2001; x_wconf 88' lang='lat' dir='ltr'><strong>de</strong></span> <span class='ocrx_word' id='word_1_497' title='bbox 1960 1965 2049 2000; x_wconf 73' lang='lat' dir='ltr'><strong>vino</strong></span> <span class='ocrx_word' id='word_1_498' title='bbox 2065 1966 2216 2009; x_wconf 85' lang='lat' dir='ltr'><strong>sentias,</strong></span> 
     </span>
     <span class='ocr_line' id='line_1_69' title="bbox 1225 2024 2217 2073; baseline 0 -13"><span class='ocrx_word' id='word_1_499' title='bbox 1225 2024 1260 2060; x_wconf 82' lang='lat' dir='ltr'><strong>id</strong></span> <span class='ocrx_word' id='word_1_500' title='bbox 1279 2025 1443 2061; x_wconf 86' lang='lat' dir='ltr'><strong>honores</strong></span> <span class='ocrx_word' id='word_1_501' title='bbox 1464 2025 1502 2060; x_wconf 93' lang='lat' dir='ltr'><strong>in</strong></span> <span class='ocrx_word' id='word_1_502' title='bbox 1525 2025 1626 2060; x_wconf 79' lang='lat' dir='ltr'><strong>vino.</strong></span> <span class='ocrx_word' id='word_1_503' title='bbox 1645 2028 1799 2061; x_wconf 85' lang='lat' dir='ltr'><strong>Creator</strong></span> <span class='ocrx_word' id='word_1_504' title='bbox 1818 2025 1891 2060; x_wconf 74' lang='lat' dir='ltr'><strong>vini</strong></span> <span class='ocrx_word' id='word_1_505' title='bbox 1909 2033 1987 2068; x_wconf 83' lang='lat' dir='ltr'><strong>est,</strong></span> <span class='ocrx_word' id='word_1_506' title='bbox 2008 2024 2072 2073; x_wconf 87' lang='lat' dir='ltr'><strong>qui</strong></span> <span class='ocrx_word' id='word_1_507' title='bbox 2088 2025 2217 2060; x_wconf 73' lang='lat' dir='ltr'><strong>vinum</strong></span> 
     </span>
     <span class='ocr_line' id='line_1_70' title="bbox 1225 2084 2218 2133; baseline 0.001 -14"><span class='ocrx_word' id='word_1_508' title='bbox 1225 2084 1400 2133; x_wconf 84' lang='lat' dir='ltr'><strong>provehit</strong></span> <span class='ocrx_word' id='word_1_509' title='bbox 1415 2085 1450 2120; x_wconf 91' lang='lat' dir='ltr'><strong>in</strong></span> <span class='ocrx_word' id='word_1_510' title='bbox 1466 2085 1685 2133; x_wconf 77' lang='lat' dir='ltr'><strong>sanguinem</strong></span> <span class='ocrx_word' id='word_1_511' title='bbox 1706 2084 1838 2121; x_wconf 81' lang='lat' dir='ltr'><strong>Christi</strong></span> <span class='ocrx_word' id='word_1_512' title='bbox 1856 2099 1863 2120; x_wconf 89' lang='lat'>:</span> <span class='ocrx_word' id='word_1_513' title='bbox 1881 2088 2022 2120; x_wconf 88' lang='lat' dir='ltr'><strong>Doctor</strong></span> <span class='ocrx_word' id='word_1_514' title='bbox 2038 2084 2218 2121; x_wconf 88' lang='lat' dir='ltr'><strong>Gentium</strong></span> 
     </span>
     <span class='ocr_line' id='line_1_71' title="bbox 1224 2143 2218 2192; baseline 0.001 -13"><span class='ocrx_word' id='word_1_515' title='bbox 1224 2152 1301 2186; x_wconf 78' lang='lat' dir='ltr'><strong>est,</strong></span> <span class='ocrx_word' id='word_1_516' title='bbox 1335 2143 1442 2192; x_wconf 82' lang='lat' dir='ltr'><strong>cujus</strong></span> <span class='ocrx_word' id='word_1_517' title='bbox 1471 2145 1676 2180; x_wconf 85' lang='lat' dir='ltr'><strong>assertione</strong></span> <span class='ocrx_word' id='word_1_518' title='bbox 1710 2153 1867 2180; x_wconf 86' lang='lat' dir='ltr'><strong>mortem</strong></span> <span class='ocrx_word' id='word_1_519' title='bbox 1890 2144 1985 2180; x_wconf 86' lang='lat' dir='ltr'><strong>bibit</strong></span> <span class='ocrx_word' id='word_1_520' title='bbox 2006 2143 2139 2180; x_wconf 85' lang='lat' dir='ltr'><strong>bibens</strong></span> <span class='ocrx_word' id='word_1_521' title='bbox 2160 2145 2218 2180; x_wconf 91' lang='lat' dir='ltr'><strong>iu-</strong></span> 
     </span>
     <span class='ocr_line' id='line_1_72' title="bbox 1225 2204 1771 2253; baseline 0 -14"><span class='ocrx_word' id='word_1_522' title='bbox 1225 2204 1337 2253; x_wconf 76' lang='lat' dir='ltr'><strong>‹ligue</strong></span> <span class='ocrx_word' id='word_1_523' title='bbox 1358 2204 1578 2253; x_wconf 73' lang='lat' dir='ltr'><strong>sanguinem</strong></span> <span class='ocrx_word' id='word_1_524' title='bbox 1598 2204 1771 2241; x_wconf 72' lang='lat' dir='ltr'><strong>Christi-⁶.</strong></span> 
     </span>
    </p>

    <p class='ocr_par' dir='ltr' id='par_1_17' title="bbox 1224 2263 2223 2611">
     <span class='ocr_line' id='line_1_73' title="bbox 1282 2263 2220 2313; baseline 0.001 -14"><span class='ocrx_word' id='word_1_525' title='bbox 1282 2264 1341 2299; x_wconf 84' lang='lat'><strong>13.</strong></span> <span class='ocrx_word' id='word_1_526' title='bbox 1376 2267 1419 2299; x_wconf 65' lang='lat' dir='ltr'><strong>tit</strong></span> <span class='ocrx_word' id='word_1_527' title='bbox 1439 2263 1632 2300; x_wconf 78' lang='lat' dir='ltr'><strong>sciendum</strong></span> <span class='ocrx_word' id='word_1_528' title='bbox 1658 2265 1760 2313; x_wconf 82' lang='lat' dir='ltr'><strong>quod</strong></span> <span class='ocrx_word' id='word_1_529' title='bbox 1781 2277 1877 2312; x_wconf 85' lang='lat' dir='ltr'><strong>aqna</strong></span> <span class='ocrx_word' id='word_1_530' title='bbox 1896 2265 2010 2299; x_wconf 75' lang='lat' dir='ltr'><strong>mixta</strong></span> <span class='ocrx_word' id='word_1_531' title='bbox 2027 2276 2110 2299; x_wconf 86' lang='lat' dir='ltr'><strong>eum</strong></span> <span class='ocrx_word' id='word_1_532' title='bbox 2132 2264 2220 2300; x_wconf 77' lang='lat' dir='ltr'><strong>vino</strong></span> 
     </span>
     <span class='ocr_line' id='line_1_74' title="bbox 1225 2323 2217 2372; baseline 0.001 -15"><span class='ocrx_word' id='word_1_533' title='bbox 1225 2331 1329 2359; x_wconf 86' lang='lat' dir='ltr'><strong>notat</strong></span> <span class='ocrx_word' id='word_1_534' title='bbox 1362 2323 1542 2359; x_wconf 83' lang='lat' dir='ltr'><strong>unionem</strong></span> <span class='ocrx_word' id='word_1_535' title='bbox 1578 2323 1834 2360; x_wconf 67' lang='lat' dir='ltr'><strong>membrmum</strong></span> <span class='ocrx_word' id='word_1_536' title='bbox 1870 2337 1952 2359; x_wconf 88' lang='lat' dir='ltr'><strong>eum</strong></span> <span class='ocrx_word' id='word_1_537' title='bbox 1987 2324 2108 2372; x_wconf 81' lang='lat' dir='ltr'><strong>capite</strong></span> <span class='ocrx_word' id='word_1_538' title='bbox 2137 2337 2217 2359; x_wconf 81' lang='lat' dir='ltr'><strong>suo.</strong></span> 
     </span>
     <span class='ocr_line' id='line_1_75' title="bbox 1225 2382 2219 2432; baseline -0.002 -12"><span class='ocrx_word' id='word_1_539' title='bbox 1225 2388 1341 2432; x_wconf 75' lang='lat' dir='ltr'><strong>Aquae</strong></span> <span class='ocrx_word' id='word_1_540' title='bbox 1361 2384 1459 2420; x_wconf 88' lang='lat' dir='ltr'><strong>enim</strong></span> <span class='ocrx_word' id='word_1_541' title='bbox 1483 2384 1629 2428; x_wconf 62' lang='lat' dir='ltr'><strong>inultm,</strong></span> <span class='ocrx_word' id='word_1_542' title='bbox 1653 2383 1786 2432; x_wconf 87' lang='lat' dir='ltr'><strong>populi</strong></span> <span class='ocrx_word' id='word_1_543' title='bbox 1817 2382 1960 2418; x_wconf 74' lang='lat' dir='ltr'><strong>multi5.</strong></span> <span class='ocrx_word' id='word_1_544' title='bbox 1986 2386 2074 2419; x_wconf 83' lang='lat' dir='ltr'><strong>Tres</strong></span> <span class='ocrx_word' id='word_1_545' title='bbox 2096 2392 2219 2419; x_wconf 86' lang='lat' dir='ltr'><strong>autem</strong></span> 
     </span>
     <span class='ocr_line' id='line_1_76' title="bbox 1226 2442 2221 2493; baseline -0.002 -14"><span class='ocrx_word' id='word_1_546' title='bbox 1226 2444 1422 2493; x_wconf 83' lang='lat' dir='ltr'><strong>portiones</strong></span> <span class='ocrx_word' id='word_1_547' title='bbox 1436 2472 1445 2487; x_wconf 93' lang='lat'><strong>,</strong></span> <span class='ocrx_word' id='word_1_548' title='bbox 1465 2456 1549 2492; x_wconf 82' lang='lat' dir='ltr'><strong>quae</strong></span> <span class='ocrx_word' id='word_1_549' title='bbox 1566 2444 1602 2478; x_wconf 85' lang='lat' dir='ltr'><strong>in</strong></span> <span class='ocrx_word' id='word_1_550' title='bbox 1620 2443 1725 2479; x_wconf 85' lang='lat' dir='ltr'><strong>altari</strong></span> <span class='ocrx_word' id='word_1_551' title='bbox 1745 2444 1840 2478; x_wconf 89' lang='lat' dir='ltr'><strong>liunt</strong></span> <span class='ocrx_word' id='word_1_552' title='bbox 1872 2442 1918 2478; x_wconf 89' lang='lat' dir='ltr'><strong>de</strong></span> <span class='ocrx_word' id='word_1_553' title='bbox 1937 2455 2098 2491; x_wconf 81' lang='lat' dir='ltr'><strong>corpore</strong></span> <span class='ocrx_word' id='word_1_554' title='bbox 2114 2442 2221 2478; x_wconf 91' lang='lat' dir='ltr'><strong>Chri-</strong></span> 
     </span>
     <span class='ocr_line' id='line_1_77' title="bbox 1224 2501 2222 2551; baseline -0.003 -12"><span class='ocrx_word' id='word_1_555' title='bbox 1224 2504 1290 2549; x_wconf 80' lang='lat' dir='ltr'><strong>sti,</strong></span> <span class='ocrx_word' id='word_1_556' title='bbox 1312 2503 1506 2551; x_wconf 73' lang='lat' dir='ltr'><strong>mysticam</strong></span> <span class='ocrx_word' id='word_1_557' title='bbox 1529 2503 1840 2551; x_wconf 71' lang='lat' dir='ltr'><strong>significationem</strong></span> <span class='ocrx_word' id='word_1_558' title='bbox 1871 2501 2022 2538; x_wconf 88' lang='lat' dir='ltr'><strong>habent.</strong></span> <span class='ocrx_word' id='word_1_559' title='bbox 2040 2505 2104 2538; x_wconf 76' lang='lat' dir='ltr'><strong>Est</strong></span> <span class='ocrx_word' id='word_1_560' title='bbox 2124 2503 2222 2538; x_wconf 87' lang='lat' dir='ltr'><strong>enim</strong></span> 
     </span>
     <span class='ocr_line' id='line_1_78' title="bbox 1224 2561 2223 2611; baseline -0.002 -13"><span class='ocrx_word' id='word_1_561' title='bbox 1224 2574 1362 2611; x_wconf 78' lang='lat' dir='ltr'><strong>eorpus</strong></span> <span class='ocrx_word' id='word_1_562' title='bbox 1383 2562 1516 2599; x_wconf 84' lang='lat' dir='ltr'><strong>Christi</strong></span> <span class='ocrx_word' id='word_1_563' title='bbox 1546 2562 1721 2598; x_wconf 85' lang='lat' dir='ltr'><strong>universa</strong></span> <span class='ocrx_word' id='word_1_564' title='bbox 1743 2562 1926 2605; x_wconf 78' lang='lat' dir='ltr'><strong>Ecclesia,</strong></span> <span class='ocrx_word' id='word_1_565' title='bbox 1952 2570 2065 2611; x_wconf 85' lang='lat' dir='ltr'><strong>caput</strong></span> <span class='ocrx_word' id='word_1_566' title='bbox 2086 2561 2223 2597; x_wconf 83' lang='lat' dir='ltr'><strong>scilicet</strong></span> 
     </span>
    </p>
   </div>
   <div class='ocr_carea' id='block_1_15' title="bbox 159 2618 2221 2669">
    <p class='ocr_par' dir='ltr' id='par_1_18' title="bbox 159 2618 2221 2669">
     <span class='ocr_line' id='line_1_79' title="bbox 159 2618 2221 2669; baseline 0 -16"><span class='ocrx_word' id='word_1_567' title='bbox 159 2618 331 2656; x_wconf 87' lang='lat' dir='ltr'><strong>divinum</strong></span> <span class='ocrx_word' id='word_1_568' title='bbox 347 2629 416 2666; x_wconf 87' lang='lat' dir='ltr'><strong>est,</strong></span> <span class='ocrx_word' id='word_1_569' title='bbox 433 2634 509 2657; x_wconf 90' lang='lat' dir='ltr'><strong>non</strong></span> <span class='ocrx_word' id='word_1_570' title='bbox 526 2621 731 2657; x_wconf 88' lang='lat' dir='ltr'><strong>humanum</strong></span> <span class='ocrx_word' id='word_1_571' title='bbox 753 2635 760 2656; x_wconf 91' lang='lat'>:</span> <span class='ocrx_word' id='word_1_572' title='bbox 779 2620 926 2669; x_wconf 87' lang='lat' dir='ltr'><strong>pietatis</strong></span> <span class='ocrx_word' id='word_1_573' title='bbox 942 2633 1155 2656; x_wconf 84' lang='lat' dir='ltr'><strong>sacramen·</strong></span> <span class='ocrx_word' id='word_1_574' title='bbox 1177 2625 1209 2658; x_wconf 91' lang='lat' dir='ltr'>D</span> <span class='ocrx_word' id='word_1_575' title='bbox 1224 2634 1308 2657; x_wconf 77' lang='lat' dir='ltr'><strong>eum</strong></span> <span class='ocrx_word' id='word_1_576' title='bbox 1343 2620 1520 2656; x_wconf 84' lang='lat' dir='ltr'><strong>membris</strong></span> <span class='ocrx_word' id='word_1_577' title='bbox 1543 2636 1549 2656; x_wconf 93' lang='lat'>:</span> <span class='ocrx_word' id='word_1_578' title='bbox 1573 2628 1603 2655; x_wconf 85' lang='lat' dir='ltr'><strong>et</strong></span> <span class='ocrx_word' id='word_1_579' title='bbox 1632 2620 1879 2656; x_wconf 73' lang='lat' dir='ltr'><strong>inveniuntur</strong></span> <span class='ocrx_word' id='word_1_580' title='bbox 1906 2620 1942 2654; x_wconf 87' lang='lat' dir='ltr'><strong>iu</strong></span> <span class='ocrx_word' id='word_1_581' title='bbox 1972 2632 2131 2668; x_wconf 87' lang='lat' dir='ltr'><strong>corpore</strong></span> <span class='ocrx_word' id='word_1_582' title='bbox 2151 2620 2221 2654; x_wconf 77' lang='lat' dir='ltr'><strong>isto</strong></span> 
     </span>
    </p>
   </div>
   <div class='ocr_carea' id='block_1_16' title="bbox 160 2679 1161 3265">
    <p class='ocr_par' dir='ltr' id='par_1_19' title="bbox 160 2679 1161 3265">
     <span class='ocr_line' id='line_1_80' title="bbox 161 2679 1155 2727; baseline -0.001 -13"><span class='ocrx_word' id='word_1_583' title='bbox 161 2687 237 2714; x_wconf 89' lang='lat' dir='ltr'><strong>tum</strong></span> <span class='ocrx_word' id='word_1_584' title='bbox 253 2708 262 2724; x_wconf 95' lang='lat'><strong>,</strong></span> <span class='ocrx_word' id='word_1_585' title='bbox 303 2692 377 2715; x_wconf 94' lang='lat' dir='ltr'><strong>non</strong></span> <span class='ocrx_word' id='word_1_586' title='bbox 416 2680 570 2717; x_wconf 88' lang='lat' dir='ltr'><strong>Deitatis</strong></span> <span class='ocrx_word' id='word_1_587' title='bbox 606 2679 887 2716; x_wconf 86' lang='lat' dir='ltr'><strong>detrimentum.</strong></span> <span class='ocrx_word' id='word_1_588' title='bbox 922 2679 990 2715; x_wconf 81' lang='lat' dir='ltr'><strong>Hic</strong></span> <span class='ocrx_word' id='word_1_589' title='bbox 1026 2686 1155 2727; x_wconf 83' lang='lat' dir='ltr'><strong>pereat</strong></span> 
     </span>
     <span class='ocr_line' id='line_1_81' title="bbox 160 2738 1153 2787; baseline -0.002 -14"><span class='ocrx_word' id='word_1_590' title='bbox 160 2738 351 2787; x_wconf 79' lang='lat' dir='ltr'><strong>physicale</strong></span> <span class='ocrx_word' id='word_1_591' title='bbox 370 2739 656 2776; x_wconf 87' lang='lat' dir='ltr'><strong>nutrimentum.</strong></span> <span class='ocrx_word' id='word_1_592' title='bbox 678 2738 792 2776; x_wconf 84' lang='lat' dir='ltr'><strong>Cibus</strong></span> <span class='ocrx_word' id='word_1_593' title='bbox 808 2739 874 2774; x_wconf 84' lang='lat' dir='ltr'><strong>iste</strong></span> <span class='ocrx_word' id='word_1_594' title='bbox 891 2751 966 2773; x_wconf 91' lang='lat' dir='ltr'><strong>non</strong></span> <span class='ocrx_word' id='word_1_595' title='bbox 985 2745 1040 2772; x_wconf 86' lang='lat' dir='ltr'><strong>est</strong></span> <span class='ocrx_word' id='word_1_596' title='bbox 1057 2749 1153 2772; x_wconf 87' lang='lat' dir='ltr'><strong>ven-</strong></span> 
     </span>
     <span class='ocr_line' id='line_1_82' title="bbox 161 2795 1156 2843; baseline -0.002 -11"><span class='ocrx_word' id='word_1_597' title='bbox 161 2797 245 2843; x_wconf 88' lang='lat' dir='ltr'><strong>tris,</strong></span> <span class='ocrx_word' id='word_1_598' title='bbox 267 2797 330 2835; x_wconf 85' lang='lat' dir='ltr'><strong>sed</strong></span> <span class='ocrx_word' id='word_1_599' title='bbox 352 2799 500 2835; x_wconf 88' lang='lat' dir='ltr'><strong>mentis.</strong></span> <span class='ocrx_word' id='word_1_600' title='bbox 526 2802 610 2835; x_wconf 90' lang='lat' dir='ltr'><strong>Non</strong></span> <span class='ocrx_word' id='word_1_601' title='bbox 633 2806 688 2834; x_wconf 88' lang='lat' dir='ltr'><strong>est</strong></span> <span class='ocrx_word' id='word_1_602' title='bbox 705 2798 804 2833; x_wconf 87' lang='lat' dir='ltr'><strong>enim</strong></span> <span class='ocrx_word' id='word_1_603' title='bbox 832 2797 941 2833; x_wconf 82' lang='lat' dir='ltr'><strong>(latus</strong></span> <span class='ocrx_word' id='word_1_604' title='bbox 961 2795 1007 2832; x_wconf 84' lang='lat' dir='ltr'><strong>ad</strong></span> <span class='ocrx_word' id='word_1_605' title='bbox 1030 2795 1156 2831; x_wconf 84' lang='lat' dir='ltr'><strong>ruinas</strong></span> 
     </span>
     <span class='ocr_line' id='line_1_83' title="bbox 161 2856 1154 2908; baseline -0.004 -15"><span class='ocrx_word' id='word_1_606' title='bbox 161 2856 273 2906; x_wconf 88' lang='lat' dir='ltr'><strong>hujus</strong></span> <span class='ocrx_word' id='word_1_607' title='bbox 288 2858 395 2903; x_wconf 73' lang='lat' dir='ltr'><strong>vitm,</strong></span> <span class='ocrx_word' id='word_1_608' title='bbox 414 2871 497 2908; x_wconf 87' lang='lat' dir='ltr'><strong>quae</strong></span> <span class='ocrx_word' id='word_1_609' title='bbox 518 2871 637 2907; x_wconf 88' lang='lat' dir='ltr'><strong>vapor</strong></span> <span class='ocrx_word' id='word_1_610' title='bbox 652 2866 708 2894; x_wconf 86' lang='lat' dir='ltr'><strong>est</strong></span> <span class='ocrx_word' id='word_1_611' title='bbox 724 2857 769 2893; x_wconf 87' lang='lat' dir='ltr'><strong>ad</strong></span> <span class='ocrx_word' id='word_1_612' title='bbox 788 2856 978 2893; x_wconf 75' lang='lat' dir='ltr'><strong>modicum</strong></span> <span class='ocrx_word' id='word_1_613' title='bbox 999 2867 1154 2904; x_wconf 82' lang='lat' dir='ltr'><strong>parens,</strong></span> 
     </span>
     <span class='ocr_line' id='line_1_84' title="bbox 161 2915 1156 2954; baseline -0.004 -3"><span class='ocrx_word' id='word_1_614' title='bbox 161 2916 225 2952; x_wconf 83' lang='lat' dir='ltr'><strong>sed</strong></span> <span class='ocrx_word' id='word_1_615' title='bbox 242 2916 289 2952; x_wconf 88' lang='lat' dir='ltr'><strong>ad</strong></span> <span class='ocrx_word' id='word_1_616' title='bbox 304 2925 481 2954; x_wconf 67' lang='lat' dir='ltr'><strong>aeternam</strong></span> <span class='ocrx_word' id='word_1_617' title='bbox 501 2917 614 2953; x_wconf 84' lang='lat' dir='ltr'><strong>vitam</strong></span> <span class='ocrx_word' id='word_1_618' title='bbox 633 2916 766 2952; x_wconf 77' lang='lat' dir='ltr'><strong>animae</strong></span> <span class='ocrx_word' id='word_1_619' title='bbox 783 2915 1065 2952; x_wconf 81' lang='lat' dir='ltr'><strong>conferendam.</strong></span> <span class='ocrx_word' id='word_1_620' title='bbox 1084 2917 1156 2949; x_wconf 80' lang='lat' dir='ltr'><strong>Iste</strong></span> 
     </span>
     <span class='ocr_line' id='line_1_85' title="bbox 160 2975 1155 3026; baseline -0.004 -14"><span class='ocrx_word' id='word_1_621' title='bbox 160 2984 216 3012; x_wconf 76' lang='lat' dir='ltr'><strong>est</strong></span> <span class='ocrx_word' id='word_1_622' title='bbox 246 2977 353 3026; x_wconf 86' lang='lat' dir='ltr'><strong>panis</strong></span> <span class='ocrx_word' id='word_1_623' title='bbox 382 2977 634 3026; x_wconf 80' lang='lat' dir='ltr'><strong>Angelorum,</strong></span> <span class='ocrx_word' id='word_1_624' title='bbox 665 2977 729 3026; x_wconf 91' lang='lat' dir='ltr'><strong>qui</strong></span> <span class='ocrx_word' id='word_1_625' title='bbox 759 2975 876 3012; x_wconf 78' lang='lat' dir='ltr'><strong>nescit</strong></span> <span class='ocrx_word' id='word_1_626' title='bbox 911 2983 1155 3024; x_wconf 81' lang='lat' dir='ltr'><strong>putrescere:</strong></span> 
     </span>
     <span class='ocr_line' id='line_1_86' title="bbox 162 3035 1155 3083; baseline -0.002 -12"><span class='ocrx_word' id='word_1_627' title='bbox 162 3049 237 3072; x_wconf 90' lang='lat' dir='ltr'><strong>non</strong></span> <span class='ocrx_word' id='word_1_628' title='bbox 257 3037 357 3073; x_wconf 85' lang='lat' dir='ltr'><strong>vadit</strong></span> <span class='ocrx_word' id='word_1_629' title='bbox 379 3037 415 3073; x_wconf 94' lang='lat' dir='ltr'><strong>in</strong></span> <span class='ocrx_word' id='word_1_630' title='bbox 437 3050 642 3083; x_wconf 86' lang='lat' dir='ltr'><strong>secessum,</strong></span> <span class='ocrx_word' id='word_1_631' title='bbox 663 3037 726 3073; x_wconf 85' lang='lat' dir='ltr'><strong>sed</strong></span> <span class='ocrx_word' id='word_1_632' title='bbox 750 3036 869 3072; x_wconf 74' lang='lat' dir='ltr'><strong>tetulit</strong></span> <span class='ocrx_word' id='word_1_633' title='bbox 896 3035 931 3071; x_wconf 88' lang='lat' dir='ltr'><strong>in</strong></span> <span class='ocrx_word' id='word_1_634' title='bbox 954 3035 1155 3071; x_wconf 73' lang='lat' dir='ltr'><strong>excelsum.</strong></span> 
     </span>
     <span class='ocr_line' id='line_1_87' title="bbox 161 3094 1155 3142; baseline -0.002 -11"><span class='ocrx_word' id='word_1_635' title='bbox 161 3096 256 3132; x_wconf 82' lang='lat' dir='ltr'><strong>Illuc</strong></span> <span class='ocrx_word' id='word_1_636' title='bbox 290 3096 435 3133; x_wconf 84' lang='lat' dir='ltr'><strong>reducit</strong></span> <span class='ocrx_word' id='word_1_637' title='bbox 467 3096 658 3133; x_wconf 90' lang='lat' dir='ltr'><strong>hominem</strong></span> <span class='ocrx_word' id='word_1_638' title='bbox 680 3096 780 3133; x_wconf 85' lang='lat' dir='ltr'><strong>unde</strong></span> <span class='ocrx_word' id='word_1_639' title='bbox 808 3095 919 3132; x_wconf 74' lang='lat' dir='ltr'><strong>traxit</strong></span> <span class='ocrx_word' id='word_1_640' title='bbox 943 3094 1155 3142; x_wconf 66' lang='lat' dir='ltr'><strong>imaginem.</strong></span> 
     </span>
     <span class='ocr_line' id='line_1_88' title="bbox 166 3154 1161 3201; baseline -0.002 -11"><span class='ocrx_word' id='word_1_641' title='bbox 166 3156 262 3191; x_wconf 77' lang='lat' dir='ltr'><strong>Caro</strong></span> <span class='ocrx_word' id='word_1_642' title='bbox 280 3164 402 3193; x_wconf 89' lang='lat' dir='ltr'><strong>autem</strong></span> <span class='ocrx_word' id='word_1_643' title='bbox 425 3170 508 3192; x_wconf 81' lang='lat' dir='ltr'><strong>mea</strong></span> <span class='ocrx_word' id='word_1_644' title='bbox 530 3170 616 3192; x_wconf 74' lang='lat' dir='ltr'><strong>vere</strong></span> <span class='ocrx_word' id='word_1_645' title='bbox 635 3167 687 3192; x_wconf 77' lang='lat' dir='ltr'><strong>cst</strong></span> <span class='ocrx_word' id='word_1_646' title='bbox 710 3156 818 3192; x_wconf 70' lang='lat' dir='ltr'><strong>cibas.</strong></span> <span class='ocrx_word' id='word_1_647' title='bbox 837 3155 1017 3193; x_wconf 85' lang='lat' dir='ltr'><strong>Similiter</strong></span> <span class='ocrx_word' id='word_1_648' title='bbox 1036 3154 1161 3201; x_wconf 85' lang='lat' dir='ltr'><strong>liquor</strong></span> 
     </span>
     <span class='ocr_line' id='line_1_89' title="bbox 162 3213 1159 3265; baseline -0.002 -16"><span class='ocrx_word' id='word_1_649' title='bbox 162 3214 230 3251; x_wconf 84' lang='lat' dir='ltr'><strong>iste</strong></span> <span class='ocrx_word' id='word_1_650' title='bbox 254 3229 365 3264; x_wconf 87' lang='lat' dir='ltr'><strong>quem</strong></span> <span class='ocrx_word' id='word_1_651' title='bbox 388 3216 509 3263; x_wconf 81' lang='lat' dir='ltr'><strong>vides,</strong></span> <span class='ocrx_word' id='word_1_652' title='bbox 526 3216 603 3265; x_wconf 86' lang='lat' dir='ltr'><strong>jam</strong></span> <span class='ocrx_word' id='word_1_653' title='bbox 629 3230 703 3253; x_wconf 90' lang='lat' dir='ltr'><strong>non</strong></span> <span class='ocrx_word' id='word_1_654' title='bbox 730 3225 785 3253; x_wconf 88' lang='lat' dir='ltr'><strong>est</strong></span> <span class='ocrx_word' id='word_1_655' title='bbox 805 3216 955 3256; x_wconf 78' lang='lat' dir='ltr'><strong>vinum,</strong></span> <span class='ocrx_word' id='word_1_656' title='bbox 984 3213 1047 3250; x_wconf 80' lang='lat' dir='ltr'><strong>sed</strong></span> <span class='ocrx_word' id='word_1_657' title='bbox 1074 3227 1159 3248; x_wconf 65' lang='lat' dir='ltr'><strong>sau-</strong></span> 
     </span>
    </p>
   </div>
   <div class='ocr_carea' id='block_1_17' title="bbox 215 3344 554 3382">
    <p class='ocr_par' dir='ltr' id='par_1_20' title="bbox 215 3344 554 3382">
     <span class='ocr_line' id='line_1_90' title="bbox 215 3344 554 3382; baseline 0.003 -10"><span class='ocrx_word' id='word_1_658' title='bbox 215 3347 221 3360; x_wconf 85' lang='lat'>¹</span> <span class='ocrx_word' id='word_1_659' title='bbox 245 3344 255 3371; x_wconf 93' lang='lat' dir='ltr'><strong>l</strong></span> <span class='ocrx_word' id='word_1_660' title='bbox 278 3345 352 3382; x_wconf 66' lang='lat' dir='ltr'><strong>llcg.</strong></span> <span class='ocrx_word' id='word_1_661' title='bbox 374 3352 427 3379; x_wconf 86' lang='grc' dir='ltr'>ιιι,</span> <span class='ocrx_word' id='word_1_662' title='bbox 457 3346 505 3374; x_wconf 85' lang='grc'><strong>10.</strong></span> <span class='ocrx_word' id='word_1_663' title='bbox 529 3362 554 3366; x_wconf 34' lang='grc' dir='ltr'><strong>-ν</strong></span> 
     </span>
    </p>
   </div>
   <div class='ocr_carea' id='block_1_18' title="bbox 596 3341 1193 3376">
    <p class='ocr_par' dir='ltr' id='par_1_21' title="bbox 596 3341 1193 3376">
     <span class='ocr_line' id='line_1_91' title="bbox 596 3341 1193 3376; baseline -0.003 -3"><span class='ocrx_word' id='word_1_664' title='bbox 596 3347 611 3364; x_wconf 69' lang='lat'><em>²</em></span> <span class='ocrx_word' id='word_1_665' title='bbox 628 3343 705 3373; x_wconf 74' lang='lat' dir='ltr'><strong>l‘sal.</strong></span> <span class='ocrx_word' id='word_1_666' title='bbox 730 3348 977 3376; x_wconf 71' lang='lat' dir='ltr'><strong>i.xxx1v,⁴.t.—</strong></span> <span class='ocrx_word' id='word_1_667' title='bbox 1000 3341 1115 3373; x_wconf 60' lang='lat' dir='ltr'><strong>’&#39;stoi-u.</strong></span> <span class='ocrx_word' id='word_1_668' title='bbox 1138 3355 1167 3371; x_wconf 83' lang='grc' dir='ltr'><strong>ιι</strong></span> <span class='ocrx_word' id='word_1_669' title='bbox 1188 3366 1193 3375; x_wconf 77' lang='grc'><strong>,</strong></span> 
     </span>
    </p>
   </div>
   <div class='ocr_carea' id='block_1_19' title="bbox 1220 2678 2221 3262">
    <p class='ocr_par' dir='ltr' id='par_1_22' title="bbox 1220 2678 2221 3262">
     <span class='ocr_line' id='line_1_92' title="bbox 1220 2678 2218 2728; baseline -0.003 -14"><span class='ocrx_word' id='word_1_670' title='bbox 1220 2679 1324 2727; x_wconf 83' lang='lat' dir='ltr'><strong>quasi</strong></span> <span class='ocrx_word' id='word_1_671' title='bbox 1348 2688 1422 2715; x_wconf 83' lang='lat' dir='ltr'><strong>tres</strong></span> <span class='ocrx_word' id='word_1_672' title='bbox 1442 2687 1566 2728; x_wconf 80' lang='lat' dir='ltr'><strong>partes</strong></span> <span class='ocrx_word' id='word_1_673' title='bbox 1583 2707 1591 2721; x_wconf 93' lang='lat'>‚</span> <span class='ocrx_word' id='word_1_674' title='bbox 1611 2692 1655 2714; x_wconf 82' lang='lat' dir='ltr'><strong>ex</strong></span> <span class='ocrx_word' id='word_1_675' title='bbox 1673 2678 1810 2726; x_wconf 87' lang='lat' dir='ltr'><strong>quihus</strong></span> <span class='ocrx_word' id='word_1_676' title='bbox 1827 2686 1946 2713; x_wconf 86' lang='lat' dir='ltr'><strong>totum</strong></span> <span class='ocrx_word' id='word_1_677' title='bbox 1969 2691 2109 2726; x_wconf 83' lang='lat' dir='ltr'><strong>corpus</strong></span> <span class='ocrx_word' id='word_1_678' title='bbox 2126 2691 2218 2713; x_wconf 81' lang='lat' dir='ltr'><strong>cou-</strong></span> 
     </span>
     <span class='ocr_line' id='line_1_93' title="bbox 1221 2736 2221 2786; baseline -0.002 -13"><span class='ocrx_word' id='word_1_679' title='bbox 1221 2746 1303 2773; x_wconf 75' lang='lat' dir='ltr'><strong>stat.</strong></span> <span class='ocrx_word' id='word_1_680' title='bbox 1328 2741 1410 2773; x_wconf 67' lang='lat' dir='ltr'><strong>[ina</strong></span> <span class='ocrx_word' id='word_1_681' title='bbox 1434 2750 1519 2786; x_wconf 85' lang='lat' dir='ltr'><strong>pars</strong></span> <span class='ocrx_word' id='word_1_682' title='bbox 1539 2737 1662 2786; x_wconf 76' lang='lat' dir='ltr'><strong>ipsum</strong></span> <span class='ocrx_word' id='word_1_683' title='bbox 1689 2745 1811 2785; x_wconf 75' lang='lat' dir='ltr'><strong>eaput.</strong></span> <span class='ocrx_word' id='word_1_684' title='bbox 1838 2740 1957 2785; x_wconf 80' lang='lat' dir='ltr'><strong>Caput</strong></span> <span class='ocrx_word' id='word_1_685' title='bbox 1983 2736 2081 2771; x_wconf 87' lang='lat' dir='ltr'><strong>euim</strong></span> <span class='ocrx_word' id='word_1_686' title='bbox 2108 2745 2143 2772; x_wconf 87' lang='lat' dir='ltr'><strong>et</strong></span> <span class='ocrx_word' id='word_1_687' title='bbox 2165 2751 2221 2771; x_wconf 74' lang='lat' dir='ltr'><strong>m-</strong></span> 
     </span>
     <span class='ocr_line' id='line_1_94' title="bbox 1224 2796 2217 2847; baseline -0.002 -15"><span class='ocrx_word' id='word_1_688' title='bbox 1224 2806 1289 2847; x_wconf 88' lang='lat' dir='ltr'><strong>put</strong></span> <span class='ocrx_word' id='word_1_689' title='bbox 1307 2805 1380 2841; x_wconf 83' lang='lat' dir='ltr'><strong>est,</strong></span> <span class='ocrx_word' id='word_1_690' title='bbox 1403 2805 1436 2832; x_wconf 77' lang='lat' dir='ltr'><strong>et</strong></span> <span class='ocrx_word' id='word_1_691' title='bbox 1460 2810 1544 2845; x_wconf 73' lang='lat' dir='ltr'><strong>pars</strong></span> <span class='ocrx_word' id='word_1_692' title='bbox 1563 2796 1732 2845; x_wconf 76' lang='lat' dir='ltr'><strong>eorporis</strong></span> <span class='ocrx_word' id='word_1_693' title='bbox 1754 2796 1936 2832; x_wconf 85' lang='lat' dir='ltr'><strong>similiter.</strong></span> <span class='ocrx_word' id='word_1_694' title='bbox 1958 2798 2087 2844; x_wconf 81' lang='lat' dir='ltr'><strong>ltaque</strong></span> <span class='ocrx_word' id='word_1_695' title='bbox 2105 2804 2217 2845; x_wconf 74' lang='lat' dir='ltr'><strong>eaput</strong></span> 
     </span>
     <span class='ocr_line' id='line_1_95' title="bbox 1224 2856 2220 2906; baseline -0.003 -13"><span class='ocrx_word' id='word_1_696' title='bbox 1224 2859 1366 2906; x_wconf 73' lang='lat' dir='ltr'><strong>ipsum,</strong></span> <span class='ocrx_word' id='word_1_697' title='bbox 1393 2870 1478 2905; x_wconf 84' lang='lat' dir='ltr'><strong>pars</strong></span> <span class='ocrx_word' id='word_1_698' title='bbox 1497 2857 1668 2905; x_wconf 76' lang='lat' dir='ltr'><strong>eorporis</strong></span> <span class='ocrx_word' id='word_1_699' title='bbox 1689 2870 1762 2892; x_wconf 81' lang='lat' dir='ltr'><strong>uua</strong></span> <span class='ocrx_word' id='word_1_700' title='bbox 1792 2865 1859 2890; x_wconf 73' lang='lat' dir='ltr'><strong>est.</strong></span> <span class='ocrx_word' id='word_1_701' title='bbox 1882 2859 2000 2905; x_wconf 83' lang='lat' dir='ltr'><strong>Caput</strong></span> <span class='ocrx_word' id='word_1_702' title='bbox 2015 2883 2023 2895; x_wconf 79' lang='grc'>,</span> <span class='ocrx_word' id='word_1_703' title='bbox 2045 2856 2196 2903; x_wconf 80' lang='lat' dir='ltr'><strong>iuquam</strong></span> <span class='ocrx_word' id='word_1_704' title='bbox 2213 2885 2220 2895; x_wconf 79' lang='grc'><strong>,</strong></span> 
     </span>
     <span class='ocr_line' id='line_1_96' title="bbox 1224 2914 2214 2966; baseline -0.003 -14"><span class='ocrx_word' id='word_1_705' title='bbox 1224 2917 1326 2966; x_wconf 81' lang='lat' dir='ltr'><strong>quod</strong></span> <span class='ocrx_word' id='word_1_706' title='bbox 1343 2916 1419 2965; x_wconf 80' lang='lat' dir='ltr'><strong>jam</strong></span> <span class='ocrx_word' id='word_1_707' title='bbox 1439 2917 1650 2953; x_wconf 85' lang='lat' dir='ltr'><strong>immortale</strong></span> <span class='ocrx_word' id='word_1_708' title='bbox 1669 2924 1705 2951; x_wconf 79' lang='lat' dir='ltr'><strong>et</strong></span> <span class='ocrx_word' id='word_1_709' title='bbox 1728 2914 1954 2964; x_wconf 68' lang='lat' dir='ltr'><strong>impassibile</strong></span> <span class='ocrx_word' id='word_1_710' title='bbox 1984 2915 2189 2950; x_wconf 71' lang='lat' dir='ltr'><strong>resurrexit</strong></span> <span class='ocrx_word' id='word_1_711' title='bbox 2207 2943 2214 2955; x_wconf 80' lang='grc'><strong>,</strong></span> 
     </span>
     <span class='ocr_line' id='line_1_97' title="bbox 1226 2975 2218 3024; baseline -0.002 -13"><span class='ocrx_word' id='word_1_712' title='bbox 1226 2990 1300 3012; x_wconf 88' lang='lat' dir='ltr'><strong>uon</strong></span> <span class='ocrx_word' id='word_1_713' title='bbox 1327 2976 1551 3011; x_wconf 88' lang='lat' dir='ltr'><strong>moriturum</strong></span> <span class='ocrx_word' id='word_1_714' title='bbox 1584 2988 1706 3023; x_wconf 85' lang='lat' dir='ltr'><strong>neque</strong></span> <span class='ocrx_word' id='word_1_715' title='bbox 1729 2988 1925 3024; x_wconf 74' lang='lat' dir='ltr'><strong>passurum</strong></span> <span class='ocrx_word' id='word_1_716' title='bbox 1956 2975 2127 3023; x_wconf 77' lang='lat' dir='ltr'><strong>amplius.</strong></span> <span class='ocrx_word' id='word_1_717' title='bbox 2154 2976 2218 3010; x_wconf 77' lang='grc' dir='ltr'><strong>ΛΙ-</strong></span> 
     </span>
     <span class='ocr_line' id='line_1_98' title="bbox 1227 3032 2218 3084; baseline -0.003 -13"><span class='ocrx_word' id='word_1_718' title='bbox 1227 3044 1302 3071; x_wconf 78' lang='lat' dir='ltr'><strong>tera</strong></span> <span class='ocrx_word' id='word_1_719' title='bbox 1320 3049 1404 3084; x_wconf 75' lang='lat' dir='ltr'><strong>pars</strong></span> <span class='ocrx_word' id='word_1_720' title='bbox 1422 3035 1592 3084; x_wconf 66' lang='lat' dir='ltr'><strong>corporis</strong></span> <span class='ocrx_word' id='word_1_721' title='bbox 1607 3043 1659 3070; x_wconf 80' lang='lat' dir='ltr'><strong>est</strong></span> <span class='ocrx_word' id='word_1_722' title='bbox 1680 3035 1714 3070; x_wconf 87' lang='lat' dir='ltr'><strong>iu</strong></span> <span class='ocrx_word' id='word_1_723' title='bbox 1737 3033 1913 3069; x_wconf 77' lang='lat' dir='ltr'><strong>memhris</strong></span> <span class='ocrx_word' id='word_1_724' title='bbox 1929 3034 2001 3069; x_wconf 71' lang='lat' dir='ltr'><strong>illis</strong></span> <span class='ocrx_word' id='word_1_725' title='bbox 2018 3062 2025 3075; x_wconf 86' lang='lat'><strong>‚</strong></span> <span class='ocrx_word' id='word_1_726' title='bbox 2046 3032 2218 3082; x_wconf 71' lang='lat' dir='ltr'><strong>quaejam</strong></span> 
     </span>
     <span class='ocr_line' id='line_1_99' title="bbox 1225 3092 2219 3143; baseline -0.003 -13"><span class='ocrx_word' id='word_1_727' title='bbox 1225 3108 1309 3130; x_wconf 75' lang='lat' dir='ltr'><strong>rum</strong></span> <span class='ocrx_word' id='word_1_728' title='bbox 1339 3095 1460 3143; x_wconf 80' lang='lat' dir='ltr'><strong>eapite</strong></span> <span class='ocrx_word' id='word_1_729' title='bbox 1489 3107 1558 3130; x_wconf 82' lang='lat' dir='ltr'><strong>suo</strong></span> <span class='ocrx_word' id='word_1_730' title='bbox 1585 3094 1690 3142; x_wconf 70' lang='lat' dir='ltr'><strong>quasi</strong></span> <span class='ocrx_word' id='word_1_731' title='bbox 1714 3093 1748 3129; x_wconf 86' lang='lat' dir='ltr'><strong>iu</strong></span> <span class='ocrx_word' id='word_1_732' title='bbox 1779 3092 1934 3129; x_wconf 81' lang='lat' dir='ltr'><strong>sahhato</strong></span> <span class='ocrx_word' id='word_1_733' title='bbox 1963 3093 2160 3141; x_wconf 68' lang='lat' dir='ltr'><strong>quiescunt</strong></span> <span class='ocrx_word' id='word_1_734' title='bbox 2186 3093 2219 3127; x_wconf 86' lang='lat' dir='ltr'><strong>iu</strong></span> 
     </span>
     <span class='ocr_line' id='line_1_100' title="bbox 1226 3152 2220 3201; baseline -0.004 -12"><span class='ocrx_word' id='word_1_735' title='bbox 1226 3155 1348 3190; x_wconf 82' lang='lat' dir='ltr'><strong>anima</strong></span> <span class='ocrx_word' id='word_1_736' title='bbox 1368 3169 1374 3190; x_wconf 79' lang='lat' dir='ltr'><strong><em>z</em></strong></span> <span class='ocrx_word' id='word_1_737' title='bbox 1396 3154 1686 3190; x_wconf 78' lang='lat' dir='ltr'><strong>iuuuortalitatis</strong></span> <span class='ocrx_word' id='word_1_738' title='bbox 1700 3166 1810 3188; x_wconf 74' lang='lat' dir='ltr'><strong>uitam</strong></span> <span class='ocrx_word' id='word_1_739' title='bbox 1829 3153 1960 3188; x_wconf 64' lang='lat' dir='ltr'><strong>stolam</strong></span> <span class='ocrx_word' id='word_1_740' title='bbox 1983 3152 2220 3201; x_wconf 62' lang='lat' dir='ltr'><strong>possidentes</strong></span> 
     </span>
     <span class='ocr_line' id='line_1_101' title="bbox 1229 3211 2219 3262; baseline -0.003 -14"><span class='ocrx_word' id='word_1_741' title='bbox 1229 3221 1410 3262; x_wconf 78' lang='lat' dir='ltr'><strong>(punitum</strong></span> <span class='ocrx_word' id='word_1_742' title='bbox 1429 3213 1473 3248; x_wconf 71' lang='lat' dir='ltr'><strong>:ul</strong></span> <span class='ocrx_word' id='word_1_743' title='bbox 1491 3213 1798 3248; x_wconf 68' lang='lat' dir='ltr'><strong>animasincwtn.</strong></span> <span class='ocrx_word' id='word_1_744' title='bbox 1818 3216 1869 3248; x_wconf 80' lang='lat' dir='ltr'><strong>De</strong></span> <span class='ocrx_word' id='word_1_745' title='bbox 1894 3211 2029 3247; x_wconf 61' lang='lat' dir='ltr'><strong>talibus</strong></span> <span class='ocrx_word' id='word_1_746' title='bbox 2059 3211 2219 3246; x_wconf 69' lang='lat' dir='ltr'><strong>dieitur:</strong></span> 
     </span>
    </p>
   </div>
   <div class='ocr_carea' id='block_1_20' title="bbox 1220 3339 2031 3380">
    <p class='ocr_par' dir='ltr' id='par_1_23' title="bbox 1220 3339 2031 3380">
     <span class='ocr_line' id='line_1_102' title="bbox 1220 3339 2031 3380; baseline -0.005 -9"><span class='ocrx_word' id='word_1_747' title='bbox 1220 3346 1271 3371; x_wconf 51' lang='grc' dir='ltr'><strong>δι’».</strong></span> <span class='ocrx_word' id='word_1_748' title='bbox 1351 3344 1393 3371; x_wconf 61' lang='lat' dir='ltr'><strong>nt1</strong></span> <span class='ocrx_word' id='word_1_749' title='bbox 1415 3344 1483 3371; x_wconf 78' lang='lat' dir='ltr'><strong>t&#39;m·¹</strong></span> <span class='ocrx_word' id='word_1_750' title='bbox 1507 3346 1691 3375; x_wconf 69' lang='lat' dir='ltr'><strong>x1,&#39;*!).——-</strong></span> <span class='ocrx_word' id='word_1_751' title='bbox 1712 3339 1723 3360; x_wconf 69' lang='lat'>5</span> <span class='ocrx_word' id='word_1_752' title='bbox 1743 3344 1838 3380; x_wconf 64' lang='lat' dir='ltr'><strong>Apus.</strong></span> <span class='ocrx_word' id='word_1_753' title='bbox 1863 3350 1930 3368; x_wconf 72' lang='lat' dir='ltr'><strong>:nii</strong></span> <span class='ocrx_word' id='word_1_754' title='bbox 1949 3362 1955 3374; x_wconf 82' lang='lat'>‚</span> <span class='ocrx_word' id='word_1_755' title='bbox 1984 3344 2031 3368; x_wconf 65' lang='grc'><strong>1,».</strong></span> 
     </span>
    </p>
   </div>
  </div>
 </body>
</html>
