2418 3949
176 150 250 185 665

175 225 270 261 sacta
291 233 357 262 est.
376 229 509 262 Postea
525 226 677 275 plorans
691 233 728 261 et
743 225 888 275 ejulans
909 227 1067 264 traditus
1081 240 1162 263 sum

174 283 287 332 hujus
318 285 451 321 mundi
480 285 631 331 exsili03
653 293 690 321 et
713 298 799 321 ecce
820 284 899 334 jam
923 286 1065 322 morior
1084 287 1165 336 ple·
1181 291 1212 323 A
1231 286 1360 322 tuendi
1386 301 1392 321 :

174 356 244 380 nus
265 344 526 394 iniquitatibus
545 353 581 381 et
611 344 970 382 abominationibus.
993 350 1073 382 Jam
1086 345 1165 394 jam

173 403 432 451 praesentabor
447 413 534 440 ante
554 404 761 441 districtum
789 404 980 450 Judicem,
1002 404 1048 441 de
1070 417 1164 453 ope-

172 462 276 499 ribus
297 464 386 500 meis
412 464 595 500 rationem
630 463 858 500 redditurus.
878 467 942 500 Vae
972 463 1062 499 mihi
1093 463 1164 499 mi-

172 535 277 568 sero,
313 536 397 559 cum
426 523 572 559 venerit
601 522 679 559 dics
709 523 770 559 illa
795 522 951 572 judicii,
981 531 1018 559 et
1041 522 1162 571 aperti

172 581 310 617 fuerint
329 581 434 627 libri,
456 582 492 617 in
511 581 648 630 quibus
669 595 800 618 omnes
821 582 892 617 mei
918 589 1022 618 actus
1041 590 1076 618 et
1096 595 1161 618 co-

170 640 367 689 gitationes
396 641 560 676 Domino
588 640 859 690 praesentandae
885 640 1160 678 recitabuntur!

169 693 274 736 Tunc
289 700 450 736 demisso
472 700 592 749 capite
609 713 688 749 prae
706 700 928 737 confusione
948 701 1052 736 malae
1069 713 1162 736 con-

169 759 350 804 scientiae,
373 759 411 794 in
434 758 578 806 judicio
613 772 739 795 eoram
763 760 928 796 Domino
958 758 1065 796 stabo
1088 768 1160 795 tre-

167 817 278 866 pidus
291 825 328 854 et
348 817 500 863 anxius,
515 825 647 867 utpote
662 830 964 855 commemorans
977 819 1159 855 scelerum

165 872 363 913 commissa
394 889 578 912 meorum.
612 878 658 912 Et
692 889 777 912 cum
813 877 960 913 dicetur
995 877 1041 913 de
1076 890 1157 923 me,

167 938 262 972 Ecce
274 935 390 972 homo
411 943 448 971 et
469 948 585 984 opera
605 934 705 983 ejus;
727 934 904 971 reducam
925 945 1010 972 ante
1031 937 1161 973 oculos

895 151 1256 187 MEDITATIONES
1286 152 1516 187 PIISSIMAE.

2151 159 2225 194 (566

1235 236 1275 263 ut
1304 228 1515 277 perducant
1546 241 1626 264 eam
1668 238 1754 265 ante
1785 230 1947 267 tribunal
1973 232 2115 268 Judicis
2149 246 2228 269 me-

1418 295 1454 323 et
1476 296 1565 323 tuuc
1586 288 1647 323 illa
1669 302 1882 326 memorans
1911 303 2025 339 opera
2043 303 2108 327 sua
2131 293 2227 328 mala

1231 353 1267 380 et
1284 345 1463 393 pessima,
1485 358 1568 393 quae
1587 346 1646 382 die
1664 355 1853 396 noctuque
1874 349 2003 398 gessit,
2024 351 2227 386 contremi-

1231 404 1316 448 scit,
1333 412 1369 439 et
1391 405 1525 452 quaerit
1551 405 1611 441 illa
1631 405 1780 454 fugere,
1803 408 2048 458 induciasque
2074 418 2224 458 petere,

1230 463 1358 500 (licens
1375 479 1381 500 ε
1403 467 1492 500 Date
1509 465 1598 501 mihi
1612 466 1671 501 vel
1687 467 1798 502 unius
1811 467 1913 504 horae
1929 470 2101 517 spatium.
2120 473 2224 507 Tunc

1228 523 1333 570 quasi
1365 524 1556 572 loquentia
1588 524 1696 560 simul
1727 538 1860 574 opera,
1887 527 2013 563 dicent
2040 543 2047 563 :
2078 532 2134 564 Tu
2155 541 2224 565 nos

1228 581 1352 630 egisti,
1368 594 1483 629 opera
1503 589 1564 617 tua
1585 594 1710 618 sumus
1728 598 1734 618 :
1758 596 1834 619 non
1857 593 1890 620 te
1908 585 2121 623 deseremus
2134 616 2143 633 ,
2158 587 2222 623 sed

1230 648 1353 676 tecum
1378 653 1527 689 semper
1546 641 1705 687 erimus,
1729 651 1848 678 tecum
1867 657 2066 693 pergemus
2085 647 2132 682 ad
2155 646 2222 695 ju-

1228 699 1379 735 dicium.
1412 699 1510 735 Vitia
1539 713 1692 749 quoque
1723 702 1850 738 multis
1883 712 1919 738 et
1954 705 2222 753 multiplicibus

1227 758 1448 795 criminibus
1469 772 1548 795 eam
1574 759 1824 807 accusabunt,
1849 763 2040 811 multaque
2060 764 2148 800 salsa
2167 774 2220 801 te-

1226 818 1403 854 stimonia
1431 817 1611 854 adversus
1634 818 1735 854 illam
1766 820 1979 867 invenient,
2006 835 2219 871 quanquam

1226 886 1317 913 vera
1334 877 1381 913 ad
1411 876 1691 913 damnationem
1719 877 1799 926 ejus
1830 880 1917 916 satis
1944 890 2098 930 possent
2117 883 2222 918 sufii-

1226 948 1321 971 cere.
1341 938 1541 971 Daemones
1563 949 1654 972 vero
1676 936 1832 973 terribili
1861 939 1967 975 vultu
1990 948 2026 975 et
2050 940 2220 976 horribili

165 994 293 1031 omnia
312 994 447 1031 delicta
466 1002 503 1030 et
521 1002 672 1044 peccata
694 1007 788 1030 mea.
806 994 973 1045 Quadam
994 1008 1158 1044 namque
1176 993 1202 1027 Β
1224 1003 1377 1044 aspectu
1395 1007 1475 1031 eam
1499 994 1694 1031 terrebunt
1711 1011 1718 1031 ι
1736 997 1877 1046 ingenti
1896 998 2021 1035 furore
2042 1012 2122 1035 eam
2139 1013 2222 1048 per·

165 1055 203 1091 vi
234 1054 362 1091 divina
385 1055 470 1101 fiet,
498 1062 540 1091 ut
570 1054 705 1103 cuique
728 1067 795 1091 sua
826 1067 942 1104 opera
971 1054 1072 1091 bona
1099 1056 1157 1091 vel

165 1114 261 1150 mala
287 1114 326 1150 in
357 1114 577 1150 memoriam
609 1122 858 1160 revocentur,
878 1122 916 1150 et
944 1115 1078 1151 mentis
1098 1116 1157 1151 in—

165 1173 261 1210 tuitu
283 1173 376 1210 mira
397 1173 586 1210 celeritate
601 1181 827 1219 cernantur3
852 1182 892 1210 ut
911 1183 1080 1220 accuset,
1095 1175 1155 1211 vel

162 1240 316 1269 excuset
343 1233 496 1269 scientia
515 1233 805 1278 conscientiam,
829 1242 941 1282 atque
966 1234 1016 1270 ita
1043 1235 1154 1272 simul

161 1301 199 1329 et
221 1293 382 1342 singuli,
404 1301 441 1329 et
455 1306 586 1329 omnes
599 1292 831 1341 judicentur.

251 1387 409 1419 Judicium
423 1387 512 1418 saciet
525 1394 678 1429 gestorum
695 1388 824 1429 quisque
836 1400 962 1419 suorum
977 1413 985 1427 ‚

252 1444 432 1484 Cunctaque
450 1449 632 1473 cunctorum
650 1443 767 1473 cunctis
783 1453 894 1474 arcana
911 1443 1072 1485 patebunt.

159 1528 269 1576 Quod
296 1529 395 1565 enim
421 1542 522 1565 nunc
546 1530 719 1565 confiteri
750 1529 1038 1575 erubescimus,
1065 1539 1153 1568 tunc

158 1587 334 1625 omnibus
356 1588 657 1625 manifestabitur
677 1604 684 1625 :
704 1598 740 1625 et
757 1589 943 1639 quidquid
961 1591 1020 1626 hie
1040 1590 1152 1627 dissi-

158 1647 338 1684 mulando
355 1648 572 1697 palpamus,
595 1657 715 1685 totum
742 1649 817 1685 illic
843 1649 981 1686 vindex
1004 1650 1154 1687 flamma

157 1706 366 1743 comburet.

248 1796 330 1837 Ignis
343 1795 459 1838 ubique
475 1797 560 1828 ferox
581 1797 679 1839 ruptis
695 1798 836 1840 regnabit
850 1798 992 1829 habenis.

153 1889 382 1936 Quantoque
424 1886 564 1922 diutius
603 1890 704 1923 Deus
739 1900 808 1923 nos
850 1895 1062 1936 exspectat,
1108 1897 1149 1924 ut

153 1944 417 1991 emendemus;
441 1953 544 1982 tanto
566 1945 769 1983 districtius
791 1945 999 1995 judicabit,
1023 1947 1052 1983 si
1080 1960 1147 1983 ne-

153 2005 391 2054 glexerimus.

205 2064 240 2100 5.
263 2065 338 2101 Cur
355 2076 444 2112 ergo
468 2072 665 2114 tantopere
683 2065 794 2101 vitam
822 2066 928 2101 istam
955 2066 1146 2103 desidera—

153 2135 252 2168 mus,
280 2122 318 2158 in
347 2136 422 2171 qua
447 2132 591 2172 quanto
624 2125 785 2174 amplius
817 2125 1003 2172 vivimus,
1042 2135 1145 2163 tanto

151 2182 236 2231 plus
253 2184 476 2231 peccamus?
499 2186 648 2231 Quanto
669 2193 724 2220 cst
751 2184 823 2220 vita
846 2185 1013 2235 longior,
1042 2195 1145 2223 tanto

150 2241 258 2291 culpa
289 2242 538 2278 numerosior.
569 2244 745 2290 Quotidie
782 2257 944 2293 namque
971 2254 1146 2282 crescunt

150 2301 266 2347 mala,
295 2309 334 2337 et
365 2300 640 2338 subtrahuntur
666 2302 766 2339 bona
784 2318 791 2339 :
810 2304 957 2341 assidue
981 2306 1146 2342 variatur

150 2358 264 2395 homo
282 2372 349 2409 per
365 2373 545 2409 prospera
561 2369 597 2396 ct
615 2361 790 2407 adversa,
809 2370 846 2398 et
865 2363 1014 2412 ignorat
1029 2378 1146 2413 quan-

149 2416 200 2453 do
214 2418 406 2454 moriatur.
421 2419 524 2456 Sicut
541 2420 640 2455 enim
659 2420 694 2456 in
712 2421 807 2457 coelo
821 2422 925 2458 stella
944 2436 1145 2460 coruscans

150 2477 328 2513 velociter
345 2478 481 2524 currit,
500 2487 537 2515 et
554 2488 710 2528 repente
724 2480 870 2527 deficit,
890 2490 926 2518 et
942 2484 1037 2519 sicut
1053 2484 1146 2520 scin-

1223 1062 1430 1103 sequentur
1457 1062 1494 1090 et
1526 1054 1870 1103 comprehendent,
1907 1065 1979 1093 tam
2003 1058 2220 1094 terribiliter

1221 1126 1336 1162 quam
1355 1111 1586 1149 horribiliter
1600 1114 1770 1150 volentes
1784 1115 1946 1152 retinere
1963 1124 1999 1152 et
2012 1116 2219 1166 possidere,

1223 1171 1291 1207 nisi
1313 1172 1360 1207 sit
1380 1172 1444 1220 qui
1470 1172 1617 1221 eripiat.
1639 1176 1744 1209 Tunc
1764 1174 1888 1210 anima
1909 1175 2104 1214 inveniens
2130 1191 2221 1214 ocu-

1222 1231 1276 1267 los
1295 1232 1443 1268 clausos
1462 1239 1500 1267 et
1525 1244 1588 1277 05,
1616 1232 1785 1281 aliosque
1808 1235 1978 1282 corporis
1998 1248 2128 1273 sensus
2153 1250 2222 1286 per

1221 1304 1318 1338 quos
1338 1289 1482 1327 solebat
1499 1290 1647 1339 egredi,
1667 1300 1704 1327 et
1724 1291 1902 1328 delectari
1920 1293 1956 1329 in
1981 1294 2036 1330 his
2053 1296 2220 1331 exterio-—

1221 1350 1324 1385 ribus
1339 1379 1348 1395 ,
1380 1358 1593 1386 revertetur
1613 1350 1659 1386 ad
1688 1363 1726 1387 se
1746 1364 1753 1386 :
1772 1359 1808 1387 et
1832 1351 1965 1388 videns
1989 1365 2027 1389 se
2043 1354 2161 1390 solam
2182 1363 2219 1390 et

1221 1408 1378 1454 nudam,
1395 1409 1538 1457 ingenti
1556 1408 1715 1445 horrore
1731 1422 1912 1446 concussa
1928 1439 1937 1455 ,
1955 1411 2216 1460 desperatione

1220 1467 1369 1504 deliciet
1397 1468 1433 1503 in
1460 1481 1516 1512 se,
1547 1476 1583 1503 et
1603 1468 1709 1504 cadet
1732 1468 1801 1505 sub
1828 1482 1866 1505 se
1892 1484 1899 1505 ε
1924 1479 1960 1506 et
1979 1471 2067 1518 quia
2088 1485 2216 1508 amore

1220 1528 1372 1573 mundi,
1391 1536 1428 1564 et
1449 1528 1571 1564 carnis
1591 1529 1807 1577 voluptate,
1830 1529 1897 1565 Dei
1917 1543 2084 1566 amorem
2107 1531 2219 1567 dere-

1219 1588 1402 1636 liquerat,
1435 1587 1718 1636 derelinquetur
1748 1602 1767 1624 a
1798 1592 1876 1625 Deo
1907 1589 2040 1625 misera
2060 1590 2097 1625 in
2123 1590 2217 1627 hora

1219 1655 1331 1683 tantae
1360 1647 1610 1691 necessitatis,
1643 1655 1754 1695 atque
1782 1646 2016 1684 daemonibus
2049 1649 2216 1686 tradetur

1219 1706 1256 1742 in
1275 1707 1422 1742 inferno
1441 1706 1650 1742 crucianda.

1273 1768 1309 1803 6.
1330 1767 1387 1803 Sic
1408 1766 1531 1802 anima
1558 1765 1766 1814 peccatoris
1794 1766 1832 1801 in
1859 1766 1918 1802 die
1943 1780 2016 1815 qua
2046 1767 2211 1816 ignorat,

1217 1832 1253 1859 et
1272 1824 1365 1860 hora
1386 1837 1460 1872 qua
1484 1825 1619 1869 nescit,
1645 1825 1790 1873 rapitur
1815 1838 1834 1860 a
1867 1834 2008 1871 morte,
2031 1835 2067 1862 et
2087 1840 2212 1876 segre-

1214 1893 1325 1932 gatur
1345 1898 1365 1920 a
1387 1897 1568 1933 corpore,
1592 1885 1790 1933 pergitque
1813 1885 1970 1921 miseriis
1986 1886 2117 1935 plena,
2143 1895 2214 1923 tre-

1214 1956 1320 1979 mens
1348 1952 1384 1979 et
1412 1943 1570 1979 dolens:
1593 1952 1734 1979 etcum
1764 1945 1903 1980 nullam
1931 1947 2210 1984 excusationem

1213 2002 1367 2049 habeat,
1397 2016 1509 2052 quam
1540 2016 1608 2052 pro
1643 2003 1805 2053 peccatis
1828 2005 1903 2040 suis
1932 2006 2049 2054 possit
2072 2006 2210 2042 obten-

1212 2062 1300 2098 dere
1323 2091 1332 2107 ,
1367 2061 1598 2098 contabescit
1632 2071 1667 2098 et
1702 2063 1933 2112 pertimescit
1966 2073 2051 2101 ante
2088 2069 2209 2102 Deum

1212 2135 1406 2171 apparere.
1432 2122 1579 2170 Ingenti
1606 2122 1764 2158 horrore
1789 2123 2021 2169 concutitur,
2045 2133 2081 2160 et
2111 2125 2212 2160 mul-

1214 2181 1403 2231 tiplicibus
1435 2181 1704 2229 cogitationum
1733 2181 1885 2218 aestibus
1918 2183 2095 2231 agitatur,
2125 2197 2209 2220 cuni

1212 2250 1368 2289 urgente
1394 2241 1582 2277 solutione
1602 2241 1746 2285 carnis,
1769 2250 1806 2278 et
1828 2241 2024 2278 subductis
2045 2256 2064 2279 c
2086 2243 2210 2280 medio

1212 2299 1409 2345 omnibus,
1435 2313 1473 2336 sc
1495 2308 1531 2336 et
1560 2301 1664 2336 illuni
1685 2301 1886 2337 terminum
1917 2302 2130 2339 considerat
2150 2303 2210 2339 cui

1212 2361 1513 2410 appropinquat,
1543 2368 1580 2395 et
1609 2368 1694 2408 post
1730 2361 1926 2409 paululum
1959 2361 2030 2397 hoe
2062 2362 2209 2398 invenit

1211 2419 1314 2467 quod
1337 2420 1373 2455 in
1396 2428 1625 2469 perpetuum
1644 2420 1780 2455 mutari
1800 2433 1874 2455 non
1897 2421 2052 2469 poterit.
2076 2423 2207 2458 Consi-

1212 2479 1317 2515 derat
1352 2479 1484 2528 plane,
1513 2492 1624 2528 quam
1660 2479 1850 2515 districtus
1885 2480 2009 2515 veniat
2047 2488 2210 2516 seteruus

152 2536 229 2572 tilla
260 2537 354 2586 ignis
388 2538 513 2575 subito
541 2541 812 2590 exstinguitur,
842 2551 879 2578 et
909 2543 946 2579 in
976 2544 1139 2581 cinerem
1162 2546 1192 2580 D
1209 2538 1350 2584 Judcx,
1367 2547 1402 2574 et
1429 2547 1515 2574 ante
1536 2539 1773 2574 severitatem
1797 2547 1907 2574 [autre
1921 2538 2095 2586 justitiae,
2117 2553 2209 2588 quas

153 2596 334 2645 redigitur
348 2612 358 2643 ;

243 2682 291 2714 Sic
308 2683 368 2715 cito
384 2684 502 2716 linitam
519 2686 610 2717 datur
625 2687 712 2718 istam
731 2699 856 2720 eernere
873 2689 975 2721 vitam.

149 2774 246 2806 Dum
278 2771 377 2808 enirn
413 2772 572 2810 libenter
601 2788 643 2810 ac
668 2774 938 2823 jucundissime
972 2786 1142 2814 moratur

149 2831 263 2866 homo
282 2831 319 2866 in
343 2832 506 2877 mundo,
537 2833 676 2883 diuque
701 2848 739 2871 se
764 2836 951 2873 victurum
980 2837 1140 2874 arbitra-

151 2898 232 2935 tur,

242 2981 286 3008 Ac
301 2978 394 3009 inulta
406 2979 436 3009 in
451 2979 577 3021 longum
591 2981 726 3023 disponit
742 2989 861 3026 tenipus
875 2985 992 3026 agenda
1009 2997 1015 3021 ;

146 3061 270 3099 subito
287 3064 432 3113 rapitur
450 3064 485 3100 in
508 3075 684 3113 mortem,
706 3077 742 3104 et
762 3083 808 3104 ex
828 3070 1034 3118 improviso
1054 3071 1136 3106 ani-

146 3134 204 3157 ina
223 3123 390 3159 aufertur
413 3138 433 3160 a
459 3138 630 3176 corpore.
655 3131 921 3164 Verumtamen
944 3142 1026 3165 cum
1057 3143 1135 3165 uia-

144 3194 218 3228 gno
235 3190 333 3218 nictu
354 3184 570 3233 magnisque
587 3185 784 3222 doloribus
802 3188 923 3223 anima
942 3197 1136 3236 separatur

145 3254 162 3275 a
181 3254 351 3289 corpore.
368 3243 526 3280 Veniunt
542 3246 641 3281 enim
663 3247 790 3295 Angeli
812 3260 1000 3284 assumere
1020 3248 1133 3291 illam,

1210 2599 1375 2635 rationes
1396 2599 1481 2633 vitae
1508 2611 1584 2633 sure
1601 2606 1729 2646 ponat.
1755 2598 1789 2633 Si
1811 2599 1909 2633 enim
1937 2607 2069 2634 cuncta
2093 2613 2207 2648 opera

1209 2671 1292 2707 quae
1308 2658 1513 2705 intelligere
1532 2658 1672 2706 potuit,
1691 2657 1890 2700 devitavit3
1907 2665 2066 2693 ventura
2084 2666 2205 2694 tamen

1210 2730 1334 2753 coram
1351 2716 1518 2752 districto
1538 2716 1668 2751 Judiee
1686 2716 1744 2751 illa
1757 2744 1765 2759 ‚
1786 2716 1900 2764 magis
1917 2729 2001 2764 quae
2017 2717 2051 2751 in
2071 2726 2207 2753 semet—

1208 2777 1285 2825 ipsa
1308 2789 1382 2811 non
1413 2775 1604 2822 iutelligit,
1635 2775 1877 2823 pertimescit.
1906 2776 2044 2811 Crescit
2067 2789 2204 2824 pavor,

1207 2848 1291 2870 euin
1316 2835 1451 2881 cogitat
1477 2833 1578 2881 quod
1605 2835 1700 2868 viam
1727 2835 1811 2870 vitae
1839 2833 1948 2882 hujus
1968 2848 2203 2884 nequaquam

1206 2895 1285 2930 siue
1316 2894 1425 2941 culpa
1460 2893 1617 2928 transire
1647 2894 1767 2942 potuit
1805 2908 1811 2914 ·
1848 2907 1915 2929 nee
1946 2894 2016 2929 hoe
2051 2895 2202 2942 quidem

1205 2952 1306 3001 quod
1333 2950 1569 2987 laudabiliter
1596 2951 1711 2995 vixit,
1735 2953 1815 2988 siue
1842 2953 1968 3001 aliquo
2000 2962 2102 2989 reatu
2124 2963 2198 2994 est,

1206 3013 1233 3047 si
1259 3019 1402 3047 remota
1429 3011 1565 3059 pietate
1588 3010 1795 3058 judicetur.
1822 3012 1913 3058 Quis
1946 3013 2045 3048 euim
2075 3015 2200 3049 eonsi-

1204 3071 1334 3106 ‹lerare
1357 3071 1476 3105 xaleat
1491 3098 1499 3113 ,
1519 3078 1658 3118 quauta
1685 3071 1779 3106 mala
1806 3084 1873 3119 per
1893 3082 2082 3108 momenta
2103 3081 2200 3108 teui-

1206 3142 1341 3179 portuu
1381 3139 1664 3179 perpetramus,
1700 3139 1733 3166 et
1770 3140 1910 3179 quauta
1947 3131 2044 3167 bona
2082 3133 2201 3167 lacere

1205 3189 1449 3237 negligimus?

1206 3249 1255 3284 tio
1283 3248 1389 3292 mali,
1412 3248 1462 3283 sic
1485 3248 1661 3285 delictum
1684 3257 1737 3284 est
1759 3249 1921 3285 desertio
1943 3248 2044 3284 boui.
2068 3252 2200 3286 Graiis

1470 3189 1572 3224 Sicut
1594 3190 1691 3225 euim
1715 3199 1907 3239 peecatum
1927 3200 1976 3225 est
2008 3201 2200 3239 perpetra<
