2418 3949
82 182 149 218 117

777 181 825 213 IN
855 178 1084 220 CANHCA,
1113 176 1276 211 SERMO
1305 177 1422 212 XVII.

2056 174 2126 210 118

1134 251 1268 288 animae
1279 251 1473 302 designare
1491 252 1717 290 vehiculum.
1731 253 1820 288 Haec
1833 251 1933 288 enim
1947 263 2125 300 corpora-

75 329 1044 346 ===================================================================
1046 329 1072 338 „
1091 311 1187 348 Alia
1204 312 1385 362 intelligi,
1413 313 1583 350 lectionis
1610 311 1888 349 circumstantia
1920 323 1997 347 non
2027 310 2124 347 sinit·

320 456 575 514 SERMO
629 456 815 511 XVII.

131 597 291 630 Ferculum
307 597 365 629 sibi
384 596 464 638 fecit
481 609 535 628 rea:
550 597 695 628 Salomon
711 594 750 626 de
766 594 861 638 lignis
881 591 1003 624 Libani.

380 652 501 684 Cantic.
515 662 583 694 cap.
602 662 654 690 111,
670 649 708 687 ἰν.
723 654 756 683 9.

458 778 674 792 -Θοοονψ

128 907 159 942 1.
176 905 343 943 Audistis
358 934 368 952 ‚
387 918 501 942 sacrae
520 905 684 955 virgines
699 933 709 950 ‚
741 916 890 955 sponsae
905 901 1060 947 Christi,

69 964 224 1002 audistis
242 964 420 1002 hesterno
439 977 615 1001 sermone
634 964 680 1000 de
700 964 839 1000 lectulo
860 961 973 999 vestri
994 964 1061 998 Sa-

1132 372 1230 419 Quid
1258 373 1358 408 enim
1384 385 1515 408 aurum
1540 373 1730 410 materiale
1752 371 1931 408 charitate
1956 378 2127 407 conster-

1133 433 1310 468 neretur?
1327 431 1398 469 Sed
1413 432 1543 468 omnia
1563 431 1773 482 spiritualia
1800 439 1906 475 sunt,
1938 430 2026 479 quia
2049 429 2127 479 spi-

1133 490 1275 526 ritualis
1312 499 1368 526 est
1397 504 1524 537 amor,
1555 491 1615 528 cui
1641 500 1715 528 tam
1748 489 1968 527 ambitiosus
1994 488 2125 526 ferculi

1132 548 1325 585 blanditur
1345 558 1559 599 apparatus.

1185 607 1220 643 2.
1240 611 1392 644 Possem
1421 608 1500 644 haec
1522 616 1560 644 et
1585 608 1719 644 similia
1750 608 1796 644 de
1818 608 1960 644 ferculo
1986 608 2058 644 hoc
2077 606 2124 644 ad

1129 674 1301 702 nostrum
1322 665 1494 702 derivare
1509 679 1672 703 sensum.
1693 667 1860 704 Sufficiat
1876 668 1944 704 ista
1959 666 2125 703 breviter

1129 724 1337 774 disputasse
1350 752 1359 770 ,
1378 725 1424 760 ad
1453 733 1616 762 vestram
1633 725 1693 761 vel
1714 725 1938 771 satiandam,
1954 726 2014 761 vel
2033 738 2123 775 pro-

1128 783 1337 820 vocandam
1358 783 1589 821 aviditatem.
1620 784 1747 832 Quid?
1770 783 1878 821 vobis
1906 785 1993 820 solis
2010 784 2124 821 vultis

1126 843 1205 879 haec
1231 843 1375 880 cantica
1397 844 1563 880 servire?
1597 844 1713 881 Sinite
1739 844 2027 880 adolescentulae
2049 857 2119 893 pa-

1126 911 1280 939 scantur
1301 916 1309 938 ε
1330 903 1439 940 sinite
1455 903 1501 940 ad
1517 917 1621 940 suam
1645 903 1970 949 commoditatem,
1993 911 2035 939 ut
2062 903 2121 939 vel

1127 975 1246 1011 pauca
1276 962 1470 999 inflectant
1502 964 1678 1013 capitula.
1708 963 1948 1014 Sapientibus
1975 971 2012 999 et
2035 963 2122 999 insi-

69 1023 233 1060 lomonis
255 1038 262 1061 :
278 1023 437 1060 ulterius
454 1022 639 1060 hodierno
660 1023 815 1073 pergitis
834 1033 1004 1070 quaerere
1019 1019 1065 1056 de
1084 1018 1112 1052 Β
1131 1021 1322 1070 pientibns
1343 1021 1495 1059 debitor
1514 1032 1570 1059 est
1598 1023 1776 1060 Christus.
1806 1023 1905 1060 Nihil
1926 1021 2033 1059 vobis
2048 1022 2122 1058 im-

68 1082 198 1118 ferculi
221 1090 466 1119 sacramento.
497 1085 636 1120 Omnes
655 1082 771 1119 vultis
792 1080 905 1130 hujus
923 1079 1064 1117 Cantici

69 1153 262 1178 sermones
287 1140 334 1178 ad
349 1142 488 1178 amoris
504 1155 615 1178 usum
633 1141 831 1178 deflectere
846 1168 855 1185 ,
875 1147 914 1175 et
932 1138 979 1175 ad
995 1151 1063 1174 ve-

67 1209 162 1237 stras
178 1201 418 1250 interpretari
439 1201 601 1238 delicias.
621 1200 738 1238 Vobis
756 1199 844 1236 solis
862 1199 940 1235 haec
957 1206 1062 1248 puta-

66 1260 112 1296 tis
138 1272 217 1296 esse
239 1261 453 1310 conscripta
475 1260 666 1297 carmina?
685 1260 816 1297 ‚Nullus
832 1258 929 1307 sapit
951 1255 1060 1293 vobis

65 1331 190 1355 sermo
206 1346 215 1364 ‚
238 1319 304 1369 qui
328 1333 407 1356 non
428 1320 620 1357 amatoriis
635 1327 769 1356 vernet
788 1316 1005 1363 affectibus,
1023 1324 1060 1353 et

65 1378 213 1415 dulcem
232 1378 420 1415 charitatis
446 1379 603 1415 odorem
628 1379 778 1429 aspiret.
797 1377 952 1415 Habetis
969 1388 1059 1425 ergo

63 1437 175 1474 ethic
189 1437 331 1487 aliquid
345 1438 449 1487 quod
465 1439 687 1475 amatorium
704 1446 811 1475 sonat
824 1436 1060 1473 blandimen-

65 1505 144 1534 tum
170 1512 178 1534 :
204 1497 250 1534 de
278 1498 419 1534 ferculo
446 1498 555 1534 vobis
585 1498 719 1534 alludit
744 1510 868 1534 sermo
895 1496 1058 1532 divinus.

63 1557 209 1593 Nullam
239 1555 348 1593 vobis
382 1557 544 1593 residere
574 1557 717 1606 patitur
750 1556 908 1593 dilectus
939 1567 1055 1590 excu-

62 1616 169 1652 sandi
202 1616 408 1652 materiam.
439 1619 554 1654 Grata
583 1616 734 1665 quidem
764 1623 851 1652 sunt
872 1614 1055 1663 promissa

62 1675 188 1711 lectuli
207 1675 338 1724 gaudia
362 1690 369 1712 :
392 1676 457 1714 sed
474 1684 624 1726 poterat
640 1675 765 1724 aliqua
793 1675 831 1711 in
857 1674 966 1711 vobis
985 1674 1054 1710 ad-

61 1733 135 1770 huc
165 1734 328 1784 suspicio
358 1734 404 1771 de
434 1734 679 1784 perveniendi
710 1734 930 1771 difficultate
965 1733 1055 1770 sub-

1130 1081 1314 1117 minuitur
1329 1109 1339 1126 ‚
1361 1081 1392 1117 si
1406 1082 1487 1119 aliis
1502 1096 1573 1132 pro
1590 1095 1658 1119 suo
1675 1095 1785 1119 sensu
1801 1082 1978 1119 abundet.
1996 1085 2124 1117 Estote

1130 1149 1318 1177 contentae
1345 1142 1483 1178 lectulo
1507 1158 1515 1179 :
1550 1142 1792 1179 inferioribus
1810 1143 1870 1179 vel
1889 1141 2017 1178 ferculi
2037 1154 2124 1190 per-

1131 1199 1267 1236 mittite
1304 1213 1412 1237 usum
1443 1200 1638 1237 inservire.
1668 1201 1773 1238 Illius
1802 1200 1921 1250 gratia
1948 1199 2124 1249 parcior,

1125 1257 1238 1307 hujus
1255 1259 1487 1308 popularior.
1509 1264 1553 1297 In
1574 1260 1639 1296 illo
1658 1260 1888 1304 includitur,
1913 1259 1951 1295 in
1973 1259 2044 1295 isto
2067 1258 2123 1294 in-

1125 1317 1297 1366 greditur
1316 1318 1497 1355 Christus.
1521 1318 1637 1357 Vobis
1663 1332 1701 1356 se
1720 1318 1875 1356 uberius
1903 1326 1940 1354 et
1959 1316 2119 1366 quadam

1125 1377 1356 1426 specialitate
1374 1378 1545 1427 indulget
1563 1393 1570 1415 ε
1589 1378 1653 1415 sed
1671 1387 1795 1415 tamen
1812 1378 1901 1414 alias
1922 1389 1998 1413 non
2018 1375 2120 1412 obli-

1125 1436 1305 1482 viscitur,
1326 1450 1408 1485 qnae
1434 1445 1596 1474 vestram
1617 1437 1786 1474 nondum
1813 1437 1939 1473 valent
1954 1435 2000 1472 ad
2017 1447 2124 1471 men-

1126 1509 1251 1533 suram
1281 1497 1511 1546 pertingere.
1536 1497 1695 1535 Potestis
1727 1506 1764 1533 et
1787 1510 1856 1533 vos
1878 1495 2008 1532 ferculi
2029 1507 2120 1544 par—

1122 1556 1276 1605 ticipare
1323 1565 1558 1592 sacramento
1585 1586 1594 1602 ,
1636 1565 1672 1592 ct
1719 1556 1796 1592 vice
1841 1555 2016 1604 perfungi
2040 1583 2050 1600 ,
2090 1553 2118 1589 si

1121 1618 1313 1664 Sponsum
1334 1628 1446 1664 quem
1466 1616 1652 1652 inclusum
1676 1616 1828 1661 tenetis,
1855 1615 1901 1651 ad
1920 1627 1989 1651 nos
2013 1613 2119 1663 quasi

1121 1674 1345 1723 reportetiS‚
1372 1675 1401 1710 si
1432 1674 1608 1711 deferatis
1639 1688 1794 1724 pacem,
1827 1675 1856 1711 si
1893 1673 2121 1710 annuntietis

1121 1732 1221 1770 bona
1233 1762 1242 1776 ,
1260 1734 1290 1770 si
1306 1733 1440 1782 gaudia
1461 1734 1550 1770 foris
1567 1734 1778 1783 praedicetis
1798 1747 1881 1783 quae
1898 1733 1998 1769 intus
2015 1731 2120 1768 vide-

61 1805 309 1830 murmurarc.
331 1793 422 1831 Ideo
451 1793 557 1830 vobis
590 1806 714 1830 sermo
742 1793 837 1830 sacri
870 1793 1051 1839 vehiculi,
1073 1791 1100 1826 C
1121 1792 1176 1828 tis.
1201 1792 1340 1840 Quidni
1376 1793 1558 1828 ferculum
1580 1801 1715 1838 erant,
1749 1792 1795 1828 de
1827 1791 1965 1841 quibus
1984 1792 2022 1827 in
2051 1794 2123 1827 Ec-

64 1865 142 1901 quo
166 1853 253 1890 estis
287 1853 333 1890 ad
359 1854 536 1890 lectulum
566 1853 785 1903 portandae,
810 1853 966 1903 pulchra
987 1867 1053 1890 va-

60 1911 190 1948 rietate
205 1911 382 1948 describit
395 1921 584 1949 ornatum.
604 1913 723 1949 Etiam
738 1913 773 1948 in
792 1913 926 1948 itinere
943 1925 1054 1961 spon-

60 1983 123 2006 sus
147 1969 255 2006 vobis
277 1980 456 2020 procurat
475 1971 554 2020 ipsc
575 1971 734 2007 delicias.
762 1971 960 2008 Ferculum
982 1970 1053 2006 hoc

60 2028 212 2077 quidem
246 2038 393 2078 gratnm
423 2038 478 2065 cst
509 2030 684 2075 materia,
712 2028 777 2065 sed
813 2037 966 2065 auctore
998 2036 1054 2064 cst

59 2089 213 2136 gratius.
248 2092 332 2138 Ipse
363 2089 462 2125 enim
499 2090 672 2126 Salomon
703 2088 836 2125 ferculi
857 2087 969 2136 hujus
999 2096 1054 2124 est

60 2155 192 2184 auctor
213 2156 251 2184 et
269 2149 417 2184 artifex.
437 2151 634 2184 Ferculum
663 2149 762 2184 enim
788 2148 857 2183 sibi
874 2146 973 2194 sccii
989 2161 1056 2183 raz-

63 2208 238 2242 Salomon
267 2210 314 2243 (le
334 2210 441 2255 lt'gnis
469 2207 628 2251 Lt'bmei,
665 2211 853 2242 columnas
877 2206 973 2253 jer-it
993 2220 1054 2241 m·-

55 2275 236 2313 gemens,
276 2269 549 2302 reclmatorium
582 2280 748 2301 aureum.
785 2266 907 2310 Audi,
947 2265 1019 2300 lilia
1044 2293 1053 2310 ,

58 2337 169 2373 quam
211 2325 377 2374 glorioso
411 2334 595 2375 apparatu
627 2325 792 2375 portaris
823 2324 870 2360 ad
901 2325 1052 2361 lectum.

58 2387 141 2420 Non
163 2384 252 2420 sinit
277 2393 311 2421 te
340 2397 502 2437 sponsus
530 2384 611 2421 sine
645 2384 912 2430 reclinatorio,
934 2392 971 2419 et
992 2384 1054 2420 illo

58 2455 196 2486 aureo,
220 2444 374 2480 sortasse
395 2457 441 2480 ex
458 2444 522 2479 illo
550 2457 643 2480 auro
672 2443 718 2479 de
738 2457 815 2491 quo
836 2443 925 2491 legis
946 2458 954 2480 :
982 2446 1054 2479 Ca-

53 2512 124 2550 put
148 2507 228 2548 ejus
248 2516 377 2538 aarum
405 2505 579 2551 optimum
605 2509 629 2539 ¹.
660 2503 800 2539 Multus
826 2503 1055 2539 reclinatorii

1119 1853 1229 1888 clesia
1247 1853 1394 1888 canitur
1412 1867 1419 1888 :
1439 1869 1453 1885 «
1471 1856 1668 1889 Portantes
1689 1866 1817 1902 pacem
1840 1861 1876 1889 et
1896 1852 2113 1888 illuminan—

1120 1928 1135 1944 »
1157 1920 1209 1947 tes
1238 1912 1396 1960 patriam
1415 1913 1457 1947 ²?
1477 1931 1490 1944 u
1513 1912 1584 1949 Sed
1612 1925 1729 1948 nemo
1756 1913 1813 1948 vel
1840 1911 2124 1962 praedicationis

1119 1971 1284 2007 officium
1315 1980 1498 2015 assumat,
1529 1984 1641 2008 nemo
1680 1971 1749 2008 sibi
1782 1980 1904 2008 sumat
1931 1971 2117 2007 honorem

1119 2028 1190 2064 nisi
1213 2037 1369 2065 vocatus
1389 2042 1408 2065 a
1428 2033 1508 2065 Deo
1523 2028 1550 2065 3.
1576 2030 1676 2077 Quid
1706 2031 1876 2079 teipsum
1893 2043 2008 2078 super
2027 2041 2117 2065 can-

1121 2087 1317 2124 delabrum
1335 2089 1458 2138 ponis,
1475 2090 1538 2138 qui
1558 2098 1592 2126 te
1610 2090 1734 2139 ipsum
1748 2103 1824 2125 non
1842 2089 2039 2126 accendis?
2053 2088 2120 2124 Ille

1123 2154 1156 2182 te
1173 2155 1290 2196 ponat
1310 2147 1347 2182 iu
1369 2147 1540 2193 sublimi,
1562 2149 1625 2196 qui
1647 2149 1837 2184 lucernam
1867 2157 1900 2184 te
1927 2148 2025 2183 fecit.
2050 2151 2120 2184 Per

1121 2205 1227 2240 illum
1249 2206 1408 2241 ascende
1423 2233 1432 2249 ,
1453 2208 1517 2254 qui
1541 2215 1575 2242 te
1600 2208 1781 2242 accendit.
1812 2208 1985 2256 Denique
2006 2219 2118 2242 nemo

1123 2278 1161 2300 se
1177 2265 1298 2313 ipsum
1322 2265 1504 2301 ferculum
1525 2266 1633 2310 facit,
1656 2267 1719 2302 scd
1736 2267 1814 2316 ipse
1835 2267 2011 2304 Salomon
2034 2266 2119 2302 sccit

1123 2323 1194 2360 sibi
1211 2324 1393 2360 ferculum
1415 2325 1462 2360 de
1482 2326 1590 2374 lignis
1610 2325 1755 2362 Libani.
1779 2330 1842 2363 Est
1862 2335 1898 2362 et
1920 2326 2117 2370 ferculum,

1121 2383 1150 2419 si
1177 2383 1262 2432 quis
1279 2397 1355 2419 non
1378 2385 1499 2420 solnm
1518 2385 1554 2420 in
1572 2398 1658 2431 ore,
1681 2386 1743 2422 scd
1762 2394 1798 2422 ct
1818 2386 1854 2421 in
1874 2399 2034 2435 corpore
2050 2398 2119 2421 suo

1124 2443 1312 2480 Christum
1332 2453 1469 2492 portet.
1494 2446 1706 2491 Glorgficatc
1720 2456 1756 2482 ct
1766 2455 1912 2494 portate
1935 2447 2116 2481 Christum

1123 2507 1161 2537 in
1179 2516 1331 2551 empore
1354 2514 1487 2549 vestro,
1510 2504 1598 2540 dicit
1622 2507 1760 2542 Paulus
1780 2507 1807 2541 ⁴.
1832 2505 1977 2542 Portari
1999 2505 2078 2540 vult
2098 2518 2118 2540 a

58 2575 146 2598 usus
168 2570 223 2598 est
238 2590 248 2607 ,
272 2562 337 2599 sed
358 2562 514 2598 inferior
541 2576 653 2611 quam
675 2563 811 2599 lectuli.
834 2566 876 2599 In
898 2563 1053 2599 reclina-
1073 2558 1105 2592 D
1123 2560 1232 2598 vobis
1255 2561 1464 2609 Christum,
1489 2564 1553 2599 scd
1572 2565 1753 2612 gloriose,
1776 2578 1851 2600 non
1873 2577 1958 2600 eum
1981 2564 2092 2600 ta‘dio
2106 2592 2115 2608 ,

61 2620 160 2657 torio
187 2620 300 2657 habet
319 2634 403 2670 spes
425 2621 515 2658 fessa
543 2621 754 2670 jucundum
778 2631 1053 2658 sustentamen-

60 2687 165 2723 tum,
198 2679 515 2716 oblectamentum
546 2681 582 2716 in
617 2681 766 2717 lectulo.
806 2681 875 2717 llic
905 2694 1052 2730 sponsae

57 2746 187 2774 votum
217 2738 389 2783 fovetur,
425 2738 475 2774 ibi
506 2740 602 2775 votis
625 2740 771 2777 fruitur.
799 2743 970 2787 Quantus
998 2749 1051 2785 te,

56 2805 166 2846 putas
184 2825 193 2842 ‚
215 2807 406 2847 exspectat
426 2807 627 2848 apparatus
641 2827 649 2843 ,
668 2812 751 2848 quae
776 2799 837 2835 tali
855 2799 1052 2835 deduceris

56 2860 218 2894 ornatu?
235 2858 334 2906 Quid
351 2872 420 2907 ego
442 2873 541 2895 nunc
558 2873 731 2896 sermone
753 2860 938 2909 frequenti
956 2874 1053 2896 euri-

58 2925 117 2953 cta
147 2930 391 2966 exaggerem,
428 2920 526 2967 ligna
557 2919 732 2965 cedrina,
764 2920 860 2968 ligna
895 2920 1051 2966 Libani,

61 2977 254 3014 columnas
273 2981 494 3027 argenteas?
515 2982 602 3028 Ipso
631 2979 760 3016 auditu
788 2993 826 3015 se
852 2980 962 3016 nobis
984 2981 1050 3018 ista

57 3036 345 3082 commendant,
376 3046 413 3073 et
439 3039 646 3087 corporalis
675 3039 920 3088 pulchritudo
948 3041 985 3076 in
1010 3042 1050 3076 li-

57 3108 187 3143 guram
208 3096 367 3133 adducta
388 3098 619 3146 spiritualem
638 3126 646 3142 ,
667 3099 867 3147 quenulam
884 3107 921 3135 et
939 3100 1049 3135 intel-

58 3154 234 3202 ligibilom
256 3164 415 3192 conatur
443 3156 608 3193 indicare
630 3157 828 3203 decorem,
855 3166 890 3194 et
912 3168 1050 3195 sanetas

109 3277 114 3290 ¹
135 3273 248 3302 (tanne,
271 3285 300 3310 v,
323 3277 330 3303 1
347 3277 371 3303 1.
399 3293 426 3296 --
446 3280 455 3294 ⁷
474 3277 505 3304 lu
527 3274 618 3305 onie.
635 3274 672 3304 de
691 3278 797 3316 Apud.

838 3295 842 3297 -
876 3275 887 3297 3
904 3278 997 3309 ΙΙιἸ)ι·,
1019 3291 1046 3312 x,
1070 3283 1093 3310 i.

1120 2633 1197 2656 non
1226 2635 1310 2657 eum
1337 2635 1554 2667 murmure,
1588 2636 1664 2659 non
1689 2637 1773 2660 cum
1801 2624 2056 2672 indignatione
2079 2631 2117 2658 ct

1119 2680 1326 2716 fluctuante
1361 2682 1586 2730 proposito;
1627 2683 1790 2731 denique
1823 2683 1993 2732 portari,
2037 2695 2112 2717 non

1119 2740 1225 2776 trahi.
1244 2741 1420 2776 'l'rahcnti
1435 2742 1534 2776 enim
1552 2755 1735 2778 onerosus
1752 2751 1805 2777 est
1822 2743 2007 2785 chrisum,
2026 2754 2115 2777 one-

1118 2812 1203 2835 rosa
1242 2800 1409 2844 castitas,
1440 2814 1600 2836 onerosa
1634 2801 1866 2845 humiliatio,
1898 2801 2112 2837 ohedientia

1119 2859 1259 2906 gravis,
1288 2860 1486 2908 pauperies
1521 2860 1647 2896 sordet
1683 2876 1689 2896 :
1724 2860 1943 2896 deformiter
1986 2869 2114 2909 portas

1119 2918 1181 2965 qui
1204 2918 1254 2953 sie
1274 2919 1520 2954 conversaris.
1550 2920 1669 2956 Fascis·
1693 2919 1845 2968 quidam
1875 2919 2026 2968 grandis
2049 2918 2114 2954 tihi

1121 2977 1270 3012 videtur
1293 2977 1405 3021 lides,
1433 2987 1467 3013 et
1494 2979 1611 3027 pietas
1645 2979 1872 3028 ponderosa.
1905 2984 1984 3017 Nou
2007 2988 2114 3029 potes

1118 3036 1242 3072 dicere
1261 3052 1268 3073 ε
1289 3040 1499 3073 l·'11.=‹·i‹·11lus
1520 3040 1679 3084 lurrrlew
1692 3042 1847 3075 ‹lm-ctus
1863 3054 1961 3074 meus
1982 3041 2072 3074 mssa*
2087 3039 2110 3075 s'.

1119 3095 1241 3142 Quid?
1264 3099 1402 3131 Fenimi
1437 3096 1501 3132 tibi
1524 3098 1673 3133 xidetur
1698 3099 1788 3134 tides
1812 3108 1894 3144 tna,
1919 3099 1986 3134 >ult
2007 3099 2112 3146 cujum

1118 3168 1234 3190 onere
1259 3156 1311 3190 sic
1341 3155 1494 3201 strides,
1533 3157 1583 3192 sie
1617 3158 1756 3204 gemis.
1790 3159 1840 3193 m-
1876 3170 2107 3194 murmuras,

1176 3284 1295 3311 ⁸l(ssor.
1315 3294 1323 3309 x
1338 3295 1363 3315 ι,
1386 3287 1435 3312 ‘’11.
1519 3282 1527 3300 '¹
1545 3287 1661 3312 tantu:
1688 3295 1714 3313 ι.
1744 3288 1791 3312 Ι”.
