2504 3928
342 203 431 239 12:31

337 288 392 314 cta
412 295 419 314 :
441 287 475 314 et
497 278 597 327 quod
619 290 727 312 minsa
745 277 789 311 sit
807 275 976 319 dilectio,
998 274 1182 323 probatur
1202 277 1237 312 in
1255 287 1320 311 eu-
1332 273 1362 290 θ’*

1130 200 1295 235 OGERII
1325 198 1484 233 sumto
1512 199 1566 233 tx

1368 273 1486 307 ''nn-us
1506 274 1734 319 diligamini.
1756 271 1791 307 Si
1813 274 1919 308 Pater
1939 274 2041 308 Deus
2062 279 2096 308 te
2113 271 2253 321 diligit,
2274 273 2363 322 quid

2263 196 2360 234 1232

337 338 454 373 studia
477 349 713 377 sermonum,
737 335 830 371 sicut
851 334 939 370 dicit
963 334 1164 379 Dominus,
1183 337 1321 381 Siquis
1343 332 1370 365 A
1390 331 1454 366 tibi
1474 330 1563 365 honi
1585 329 1711 365 deesse
1733 330 1895 378 poterit?
1915 329 2025 366 Nihil.
2055 330 2246 378 Quidquid
2266 331 2364 367 enim

340 399 462 442 dti‘xgxt
490 410 569 434 mr,
601 407 800 428 sermonem
833 407 951 427 inrum
981 393 1145 428 servabit.
1179 397 1220 430 In
1250 392 1320 427 hoc.

339 455 437 489 cuim
470 452 651 502 probatur
671 452 818 487 dilectio
839 452 905 488 Dei
925 451 1064 487 scilicet
1086 452 1122 488 in
1143 451 1321 487 observa—

340 514 440 548 tione
454 521 487 546 ct
503 511 669 547 custodia
690 511 948 546 maiidatorum
968 511 1120 555 Christi,
1135 510 1221 559 quia
1237 522 1323 558 pro-

341 571 440 606 batio
471 570 679 606 dilectionis
707 569 888 607 exhibitio
922 577 976 604 est
1005 570 1138 618 operis
1174 573 1323 606 Frustra

340 630 438 664 euim
461 642 498 663 se
518 633 635 664 Deum
655 628 808 675 diligere
827 627 935 672 dicit,
957 628 1021 676 qui
1046 627 1226 663 mandatis
1242 626 1323 674 ejus

340 689 415 724 suis
431 687 609 736 operibus
623 687 858 723 contradicit.
879 690 958 722 Imo
973 687 1075 722 illum
1093 685 1205 722 habet
1220 685 1320 729 odio,

340 747 402 795 qui
425 746 506 793 ejus
527 759 600 781 uon
620 744 852 781 obsecundat
873 744 1060 780 mandato.
1080 747 1198 779 Nemo
1215 757 1253 779 se
1272 751 1320 778 te-

340 814 401 853 gat
423 804 491 840 sub
522 804 649 840 habitu
680 803 871 853 religionis
889 831 898 848 ‚
924 804 1048 839 nullus
1074 802 1142 839 sibi
1174 804 1325 852 palliare

341 865 573 900 sanctitatem
608 872 808 912 preesumat
841 861 910 899 sub
943 862 1102 910 tegmine
1130 862 1323 899 monastici

342 923 495 959 ordinis.
526 923 591 958 lllc
619 930 760 957 tantum
784 921 902 970 diligit
930 921 1138 966 Christum,
1164 921 1228 969 qui
1254 934 1323 970 pro

341 995 408 1016 suu
436 994 544 1030 posse
572 981 688 1029 ipsius
713 980 843 1028 satagit
868 978 1068 1015 observare
1095 979 1322 1015 mandatum.

1386 389 1534 438 petieris
1551 387 1787 437 impetrabis3
1805 389 1878 424 imo
1898 388 2019 437 ipsum
2042 389 2243 425 Dominum
2262 389 2370 437 largi·

1388 457 1505 483 torem
1528 448 1694 483 omnium
1724 447 1912 483 bonorum
1934 448 2012 483 sine
2035 449 2106 484 line
2129 462 2212 484 cum
2234 449 2369 485 sanctis

1389 507 1536 556 Angelis
1559 505 1780 556 possidebis.
1805 510 1937 543 Nonne
1958 507 2018 543 ille
2040 515 2094 543 est
2116 521 2260 544 summe
2280 507 2369 544 bea-

1390 574 1465 610 tus,
1484 578 1594 614 quem
1615 569 1715 601 Deus
1732 568 1839 601 Pater
1854 565 1995 613 diligit,
2010 574 2047 602 et
2066 568 2249 602 Dominus
2263 570 2370 602 Jesus

1388 624 1554 661 Christus
1586 624 1700 660 Filius
1730 623 1839 671 ejus?
1871 624 1993 669 Felix,
2023 625 2174 673 inquam
2193 653 2203 670 ‚
2237 625 2368 668 nimis,

1389 696 1498 731 quem
1523 686 1629 718 l‘atcr
1647 691 1684 718 et
1710 683 1823 719 Filius
1847 691 1883 718 et
1907 683 2066 732 Spiritus
2085 691 2234 720 sanctus
2253 684 2373 733 diligit

1390 745 1500 777 Deus.
1533 743 1563 777 O
1583 741 1613 776 si
1649 753 1707 777 me
1737 740 1908 790 diligeret
1938 745 2039 778 Deus
2066 755 2190 788 meus,
2220 746 2374 780 Creator

1391 813 1514 845 meus,
1537 800 1771 849 Redemptor
1793 803 1917 837 meus!
1939 800 2016 850 jam
2043 802 2132 837 nihil
2156 803 2315 852 amplius
2334 801 2372 837 in

1392 860 1460 895 hoc
1481 859 1623 894 mundo
1648 872 1868 908 quaererem.
1890 860 1982 896 Mihi
2009 861 2044 896 in
2070 860 2138 896 hac
2169 861 2244 897 vita
2272 861 2374 897 solus

1390 919 1523 955 suflicit
1546 931 1652 954 amor
1679 918 1826 956 Christi.
1859 923 1978 955 Amor
2003 919 2136 956 Christi
2161 919 2280 956 dulcis
2299 929 2374 966 est,

1390 987 1425 1015 et
1457 977 1683 1014 delectabilis
1714 986 1751 1014 et
1776 977 1980 1026 jucundus.
2015 979 2216 1016 Sanitatem
2245 980 2372 1028 aegris,

340 1044 431 1077 Cum
457 1041 554 1076 enim
577 1039 715 1075 videris
742 1038 967 1075 monachum
994 1039 1040 1074 ad
1061 1039 1323 1075 contumeliam
1345 1036 1371 1069 B
1389 1038 1513 1073 lumen
1547 1037 1671 1082 caecis,
1708 1037 1848 1072 moestis
1886 1037 2075 1082 laetitiain,
2114 1037 2377 1086 peccatoribus

340 1098 544 1141 humilem,
568 1098 612 1134 ad
634 1097 840 1147 opprobria
863 1097 1085 1146 patientem,
1108 1097 1182 1133 suis
1206 1097 1323 1134 devo-

342 1166 418 1192 tum
437 1156 646 1201 Prioribus,
664 1158 700 1192 in
719 1156 886 1192 moribus
903 1164 1154 1199 mansuetum,
1173 1156 1322 1192 tacitum

339 1216 384 1251 ad
403 1216 632 1264 loquendum
645 1244 654 1259 ,
676 1215 864 1251 assiduum
884 1216 928 1250 ad
946 1215 1133 1251 silentium
1146 1244 1156 1262 ,
1174 1216 1211 1251 in
1229 1216 1325 1251 clau-

340 1282 417 1310 stro
438 1283 578 1310 attente
602 1275 804 1322 legentem,
829 1275 864 1310 in
888 1274 1041 1310 eeclesia
1069 1275 1144 1310 suis
1170 1274 1325 1310 vocilius

339 1332 525 1368 Christum
560 1345 643 1367 cum
668 1332 767 1367 omni
798 1331 1000 1367 devotione
1026 1331 1238 1367 laudantem
1256 1359 1265 1375 ,
1294 1330 1324 1366 si

339 1403 415 1425 non
447 1391 647 1430 continue,
683 1398 804 1426 tamen
835 1390 1004 1438 quotidie
1029 1391 1321 1438 lacrymantem,

339 1462 492 1498 parcum
515 1449 551 1484 in
582 1448 802 1492 resectione,
835 1448 881 1484 ad
908 1447 1158 1485 obedientiam
1191 1460 1324 1496 prom-

339 1516 466 1556 ptum‚
490 1507 631 1555 ubique
658 1508 888 1556 proclivum,
920 1506 1059 1555 ubique
1079 1507 1324 1552 inclinatum,

338 1565 476 1614 ubique
506 1565 786 1610 verecundum,
821 1579 886 1601 ore
916 1566 1050 1602 coelum
1088 1567 1322 1616 pulsantem,

337 1637 484 1672 semper
506 1623 551 1660 ad
571 1624 774 1660 Dominum
800 1623 912 1660 corde
929 1624 1151 1660 clamantem
1165 1652 1174 1670 ,
1202 1625 1325 1661 culto-

339 1697 415 1719 rem
449 1683 628 1732 proximi,
660 1692 696 1720 et
729 1692 1028 1732 contemptorem
1062 1684 1138 1729 sui,
1168 1692 1325 1720 cunctos

338 1742 552 1790 diligentem
575 1770 584 1787 ,
615 1755 653 1778 se
683 1742 805 1791 ipsum
837 1742 1048 1788 odientem3
1082 1751 1170 1778 tunc
1201 1742 1325 1778 dicere

1390 1098 1536 1133 veniam
1552 1125 1561 1141 ,
1606 1097 1762 1132 mortuis
1803 1097 1913 1132 vitam
1933 1124 1942 1141 ,
1980 1097 2174 1145 terrigenis
2213 1098 2347 1134 coelum
2362 1125 2372 1144 ,

1392 1155 1631 1192 consortibus
1652 1155 1914 1204 jumentorum
1936 1157 2122 1192 consortia
2145 1156 2375 1205 Angelorum

1391 1215 1544 1263 largitur
1561 1223 1596 1251 et
1618 1214 1766 1258 tribuit,
1795 1214 1947 1263 insuper
1969 1223 2005 1251 et
2028 1215 2149 1263 ipsum
2171 1215 2375 1251 Dominum

1389 1274 1618 1321 Angelorum
1636 1282 1671 1308 ct
1687 1276 1897 1310 Creatorem
1917 1281 2152 1309 cunctorum.

1443 1332 1476 1367 8.
1504 1334 1578 1377 (hei
1592 1345 1651 1367 me
1666 1334 1808 1378 diligit,
1829 1332 1879 1367 ait
1898 1332 2084 1368 Dominus
2099 1336 2206 1368 Jesus
2218 1360 2227 1377 ‚
2249 1341 2284 1367 et
2300 1333 2376 1367 Pa-

1390 1400 1445 1426 ter
1460 1404 1560 1425 nwus
1579 1393 1708 1438 diliget
1736 1403 1836 1433 etun,
1861 1398 1896 1425 et
1925 1392 1979 1425 acl
2005 1404 2087 1426 eum
2109 1395 2315 1435 vem'emus,
2341 1400 2378 1427 et

1391 1453 1620 1484 mansionem
1644 1450 1748 1496 apud
1760 1446 2048 1494 eumfaciemus.
2077 1449 2187 1486 Venit
2204 1452 2304 1486 Deus
2328 1450 2375 1486 ad

1389 1507 1603 1553 hominem,
1632 1507 1720 1544 dum
1753 1507 1866 1543 homo
1895 1508 1999 1544 venit
2027 1507 2072 1544 ad
2102 1512 2234 1545 Deum.
2268 1509 2378 1546 Venit

1390 1567 1504 1602 homo
1521 1566 1728 1612 credendo,
1747 1565 1960 1602 obediendo
1974 1594 1984 1612 ,
2001 1566 2183 1603 intuendo
2196 1595 2206 1611 ‚
2225 1568 2377 1617 capien-

1391 1624 1440 1661 do
1457 1640 1465 1661 :
1483 1629 1583 1661 Deus
1600 1625 1701 1661 venit
1717 1625 1762 1661 ad
1780 1625 1969 1661 hominem
1990 1625 2270 1672 subveniendo,
2287 1626 2376 1662 illu-

1392 1684 1592 1730 minando,
1623 1684 1815 1733 implendo
1849 1698 1856 1720 :
1889 1685 1960 1721 hoc
1995 1685 2093 1721 enim
2126 1685 2298 1734 procedit
2329 1698 2377 1722 ex

1391 1744 1570 1780 charitate
1590 1743 1746 1788 Christi,
1767 1744 1837 1779 hoe
1855 1751 1973 1779 totum
1994 1744 2169 1792 provenit
2187 1757 2232 1779 ex
2248 1756 2377 1780 amore

338 1801 477 1850 poteris
493 1801 718 1836 :Monachus
733 1801 800 1836 iste
817 1801 873 1837 sui
888 1801 1072 1837 Creatoris
1085 1809 1207 1837 servat
1225 1814 1326 1836 man-
1344 1802 1371 1837 C
1389 1804 1469 1840 Dei.
1493 1804 1658 1841 Charitas
1676 1812 1710 1839 te
1727 1803 1881 1839 domum
1900 1803 2050 1840 Domini
2073 1803 2176 1849 facit,
2193 1811 2229 1839 et
2249 1804 2377 1840 Domi-

339 1859 479 1895 datum.
503 1862 533 1896 O
557 1872 667 1907 quam
691 1860 797 1904 felix,
820 1873 842 1894 o
863 1872 974 1907 quam
998 1858 1128 1895 beatus
1156 1868 1211 1896 est
1237 1872 1319 1895 mo-

338 1918 478 1953 nachus
495 1918 590 1953 talis!
613 1919 785 1953 Prol'ecto
803 1919 870 1953 iste
891 1918 1096 1954 inonachus
1114 1919 1170 1954 sui
1187 1917 1324 1954 laboris

339 1975 489 2011 habehit
521 1976 716 2025 praemium
748 1977 953 2013 Dominum
983 1980 1124 2012 Jesum.
1158 1976 1229 2014 Sed
1262 1977 1323 2012 ille

338 2037 400 2084 qui
423 2037 637 2071 charitatem
662 2049 738 2071 non
760 2036 893 2081 habet,
917 2036 980 2084 qui
1001 2035 1081 2084 ejus
1102 2049 1178 2072 non
1201 2044 1324 2072 servat

338 2108 570 2139 sermonem,
594 2094 669 2142 jam
698 2108 772 2130 non
803 2104 857 2131 est
884 2097 976 2144 ejus.
1009 2096 1118 2143 Quod
1145 2108 1234 2145 ergo
1254 2096 1324 2132 erit

339 2155 532 2202 pra‘mium
551 2155 680 2190 istius?
694 2155 792 2204 Ignis
809 2163 845 2190 et
859 2155 1047 2203 sulphuris
1064 2155 1183 2191 amnis
1196 2184 1205 2201 ‚
1224 2167 1325 2191 mors

339 2222 374 2248 ct
392 2213 768 2262 infernus*przemium
786 2213 878 2261 ejus.
896 2214 1048 2251 L‘tiuam
1068 2223 1104 2250 tu
1124 2223 1232 2250 natus
1247 2227 1324 2249 non

340 2285 459 2316 esses,
488 2273 515 2307 si
539 2272 603 2307 tihi
633 2273 711 2307 talis
740 2272 898 2308 debetur
918 2272 1125 2309 haereditas.
1153 2275 1269 2321 Igitur
1295 2273 1324 2309 si

340 2331 534 2377 praemium
548 2358 556 2373 ,
574 2330 675 2378 quod
693 2330 858 2366 Christus
874 2339 949 2375 est,
970 2330 1107 2367 habere
1123 2331 1325 2378 desideras,

341 2388 440 2423 illias
460 2401 669 2423 sermonem
689 2402 816 2433 serva;
837 2390 973 2425 seilicet
986 2418 994 2434 ,
1017 2391 1242 2425 Mandalum
1259 2404 1327 2424 ηο-

343 2459 419 2479 eam
449 2448 494 2478 (ln
512 2446 632 2489 volsis,
659 2455 696 2481 ut
715 2449 880 2493 (Hligalis
899 2462 963 2483 vos
983 2452 1133 2482 itwt'cem
1150 2454 1172 2483 ¹.
1194 2449 1229 2483 Si
1247 2448 1328 2484 dili-

342 2505 397 2550 gis
426 2505 641 2549 Christum,
678 2518 826 2541 necesse
858 2515 913 2542 est
941 2515 982 2542 ut
1013 2507 1142 2555 diligas
1176 2507 1327 2543 fratrem

1389 1868 1477 1899 nu‘m
1493 1862 1645 1898 domum
1663 1861 1740 1897 tibi.
1758 1864 1855 1896 Deus
1869 1870 1920 1896 est
1932 1862 2110 1905 charitas,
2128 1869 2163 1896 et
2175 1867 2240 1908 qui
2253 1870 2376 1897 manee

1389 1925 1426 1955 in
1442 1921 1635 1964 charitate,
1656 1924 1692 1954 in
1711 1922 1786 1955 Deo
1801 1928 1946 1962 namet,
1965 1928 2000 1954 et
2013 1922 2110 1954 Dens
2125 1925 2163 1954 in
2179 1934 2220 1954 eo
2232 1925 2257 1954 ².
2273 1920 2377 1957 Felix

1388 1979 1522 2015 artifex
1542 1979 1717 2025 charitas,
1748 1990 1831 2027 quae
1863 1977 2050 2014 conditori
2082 1991 2150 2014 suo
2178 1979 2285 2014 talem
2307 1977 2377 2014 do—

1390 2051 1491 2074 mum
1510 2046 1643 2087 potens
1660 2046 1715 2073 est
1730 2037 1921 2073 fabricare.
1945 2041 2088 2074 Domus
2105 2037 2171 2073 ista
2191 2050 2266 2073 non
2285 2050 2376 2072 con-

1389 2105 1460 2133 stat
1475 2110 1520 2133 ex
1536 2105 1716 2133 caemcnto
1733 2105 1769 2133 et
1786 2097 1919 2142 latere,
1935 2109 2002 2132 nec
2020 2096 2160 2145 lapide,
2179 2109 2246 2132 nec
2262 2096 2376 2145 ligno,

1391 2169 1459 2192 nec
1481 2169 1574 2192 auro
1589 2184 1598 2201 ,
1631 2168 1698 2191 nec
1729 2163 1903 2204 argento,
1940 2168 2008 2191 nec
2038 2155 2161 2204 lapide
2194 2155 2374 2204 pretioso.

1391 2219 1509 2252 Omne
1540 2228 1671 2251 aurum
1698 2212 1865 2260 excedit,
1899 2223 2094 2263 argentum
2124 2215 2378 2264 supereminet

1391 2275 1620 2311 universum.
1649 2278 1690 2310 In
1713 2273 1794 2322 ejus
1823 2274 2104 2323 comparatione
2124 2273 2264 2323 lapides
2292 2286 2377 2322 pre-

1394 2335 1477 2370 tiosi
1506 2335 1690 2370 vilescunt
1721 2348 1728 2369 :
1760 2334 1809 2370 nil
1831 2343 1887 2370 est
1903 2334 2006 2382 quod
2028 2334 2148 2369 valeat
2168 2333 2377 2381 comparari

1392 2391 1662 2441 pulchritudini
1681 2391 1761 2440 ejus
1779 2401 1815 2428 ct
1831 2393 2071 2441 speciositati.
2090 2392 2161 2428 Mel
2179 2404 2377 2439 compara-

1395 2459 1472 2486 tum
1499 2450 1690 2486 dulcedini
1716 2450 1798 2498 ejus
1820 2451 1872 2486 sic
1905 2458 1980 2495 cst,
2011 2450 2116 2499 quasi
2147 2449 2376 2486 absinthium

1395 2517 1651 2558 comparatum
1673 2508 1862 2545 dulcedini
1882 2509 2012 2546 mellis.
2033 2509 2167 2546 Omnia
2187 2521 2270 2557 quae
2290 2517 2377 2544 sunt.

344 2572 461 2598 tuum.
486 2567 580 2611 Ergo
609 2578 653 2600 ne
679 2565 847 2601 incurras
873 2564 1002 2601 odium
1023 2565 1177 2611 Christi,
1204 2569 1379 2602 teneasD
1395 2567 1671 2616 quantumlibet
1691 2568 1862 2617 pulchra,
1884 2567 2161 2616 quantumlibet
2188 2567 2376 2616 speciosa,

343 2623 491 2658 illa-sam
515 2624 728 2659 charitatem
749 2624 870 2659 fratris
890 2624 954 2659 tui.

397 2681 429 2717 7.
462 2685 636 2729 Magnum
669 2682 863 2730 prsemium
888 2683 1057 2731 sequitur
1084 2682 1184 2719 inde.
1217 2683 1326 2731 Quod

344 2741 564 2787 praemium?
592 2741 772 2789 Superius
792 2740 931 2776 dictum
953 2750 1029 2786 cst,
1056 2750 1093 2778 et
1117 2742 1237 2778 adhuc
1266 2756 1327 2778 re-

344 2807 470 2846 petere
503 2799 602 2835 libet.
635 2800 738 2836 Istud
770 2800 964 2849 praeniium
993 2809 1136 2849 quanto
1168 2802 1327 2850 amplius

344 2859 554 2894 ruminatur
571 2860 606 2893 in
629 2872 694 2894 ore
710 2887 718 2903 ‚
740 2867 842 2894 tanto
863 2859 978 2907 magis
998 2861 1176 2896 mellescit
1195 2861 1229 2896 in
1247 2874 1328 2897 cor-

345 2917 390 2952 de
415 2932 421 2952 :
450 2927 485 2953 et
506 2927 654 2966 (plantae
676 2919 722 2953 sit
750 2918 957 2954 dulcedinis
979 2932 1053 2954 non
1078 2919 1243 2967 ignorat,
1263 2920 1328 2968 qui

346 2984 385 3010 ut
408 2977 497 3011 illud
516 2977 591 3023 jam
614 2976 750 3012 hahere
774 2977 914 3021 vah-at,
935 2977 1080 3013 assidue
1099 2991 1169 3027 pro
1187 2978 1329 3015 viribus

343 3035 521 3070 elaborat.
545 3036 734 3070 emnium
754 3036 923 3071 fraterni-”e
939 3036 1147 3073 dilectionis
1164 3051 1328 3074 amorem

345 3094 475 3128 Christi
492 3102 527 3129 et
548 3095 610 3129 Dei
632 3095 747 3129 Patris
765 3095 818 3129 sui
841 3095 920 3143 ipsa
936 3096 1077 3131 Veritas
1097 3097 1146 3132 ait
1165 3112 1171 3132 :
1192 3100 1233 3131 Si
1249 3103 1329 3145 quis

344 3167 544 3187 wttnvumn
567 3167 684 3187 lucum
713 3153 888 3197 servabit,
913 3157 1034 3200 diligit
1062 3169 1139 3200 mc,
1164 3165 1198 3192 et
1218 3158 1333 3192 Pater

396 3284 399 3295 ῑ
438 3281 521 3308 lmau.
545 3290 604 3307 xiii
621 3302 626 3314 ‚
645 3280 697 3308 Jl'i.
724 3296 742 3300 -—
784 3282 820 3307 ιΙ
849 3281 1071 3311 .Ioan.1r,tt3.

1393 2627 1430 2662 in
1451 2625 1532 2674 ejus
1548 2628 1826 2675 comparatione
1847 2640 1915 2662 nee
1934 2627 2099 2676 reputari
2119 2625 2271 2662 debent.
2300 2629 2378 2663 Do-

1394 2699 1476 2722 mus
1493 2686 1561 2722 ista
1579 2694 1633 2722 est
1653 2686 1788 2722 domus
1805 2695 1961 2732 aeterna,
1980 2694 2065 2722 ante
2082 2685 2206 2722 omnia
2227 2686 2375 2729 saecula,

1393 2753 1477 2781 ante
1492 2745 1618 2780 omnia
1634 2753 1823 2794 tenipora3
1838 2745 1964 2781 omnia
1979 2745 2192 2788 continens,
2204 2744 2378 2779 universa

1393 2805 1667 2854 complectens,
1703 2805 1828 2840 omnia
1860 2817 2017 2847 creans,
2051 2802 2225 2839 universa
2255 2802 2378 2838 viviti-

1393 2877 1493 2899 cans.
1511 2867 1551 2900 In
1570 2864 1638 2899 hac
1654 2863 1768 2899 domo
1786 2863 1870 2899 caeci
1886 2864 2010 2899 lumen
2024 2890 2033 2907 ,
2052 2861 2172 2898 claudi
2190 2874 2376 2910 gressum,

1393 2923 1497 2958 curvi
1523 2923 1807 2968 rectitudinem,
1835 2922 1972 2958 inlirmi
1995 2921 2210 2965 sanitatem,
2239 2919 2377 2956 mortui

1395 2981 1705 3016 resurrectionem
1742 2972 1866 3016 cu'ncti
1897 2980 1961 3028 qui
1999 2980 2140 3015 intrant
2176 2978 2375 3027 accipiunt.

1394 3038 1526 3073 Nullus
1547 3039 1657 3073 miser
1677 3039 1713 3073 in
1737 3052 1779 3074 ca
1801 3052 1808 3074 :
1831 3039 1866 3074 in
1888 3051 1928 3074 ea
1951 3037 2072 3073 cuncti
2095 3036 2205 3072 beati.
2228 3036 2298 3082 Qui
2321 3036 2378 3070 in-

1397 3106 1467 3133 trat
1495 3098 1533 3133 in
1563 3111 1669 3142 eam,
1704 3098 1815 3134 intrat
1844 3098 1880 3133 in
1910 3096 2084 3145 gaudium
2118 3095 2267 3131 Domini
2297 3095 2374 3139 sui,

1395 3156 1497 3205 quod
1518 3157 1596 3206 ipse
1622 3165 1676 3193 est
1697 3171 1703 3191 ι
1727 3165 1763 3192 ct
1783 3157 1842 3193 hic
1863 3155 2012 3193 habebit
2037 3168 2075 3191 se
2103 3155 2243 3203 optime
2274 3162 2377 3190 :eter-
