2418 3949
104 259 152 295 33
833 260 880 294 IN
910 259 1136 301 CANTICA,
1167 259 1328 295 SERMO
1357 259 1421 294 ΠΙ.
2104 250 2148 286 ΣΗ

101 335 301 371 excruciat.
333 337 481 382 Quanto
510 342 597 371 sunt
630 334 730 370 enim
767 343 974 384 praerogata
1010 334 1094 370 dul—
1119 332 1133 350 ⁹

1160 346 1249 382 pus;
1264 341 1301 369 et
1320 334 1421 381 pacis
1440 332 1505 368 tibi
1528 332 1654 381 paravi
1674 331 1710 368 in
1724 330 1837 368 eorde
1855 342 1938 366 meo
1956 328 2147 365 lectulum.

99 394 219 439 ciora,
242 402 346 430 tanto
366 393 560 430 molestior
573 393 619 430 de
635 393 816 430 dilatione
832 407 950 430 mora.
967 397 1087 437 Itane,
1107 392 1137 425 A
1155 392 1288 429 Veniat
1308 392 1464 428 dilectus
1486 404 1610 436 meus,
1632 391 1759 427 veniat
1775 389 1972 426 delectatio
1993 400 2096 433 mea,
2116 396 2152 422 et

95 453 277 498 Domine,
295 465 408 488 suave
423 451 616 488 videbitur
632 451 700 488 tibi
717 452 888 488 miseram
907 465 1010 488 mora
1028 451 1091 487 tali

100 519 279 561 torquere
311 511 494 554 animam,
528 519 565 546 et
599 511 645 547 (le
682 511 804 560 poenis
834 511 1021 559 diligentis
1054 518 1092 546 et

101 571 303 620 quaerentis
330 579 365 607 tc
393 570 541 606 ridere?
573 571 610 607 Si
644 564 824 619 majestas*
849 579 883 606 te
912 569 1088 613 abducit,

103 630 359 667 misericordia
383 630 549 666 inclinet.
577 630 614 667 Si
643 638 677 666 te
704 643 782 666 non
802 629 974 677 indulges
999 628 1092 664 dile-

102 698 189 735 ctae,
210 690 386 726 miserere
405 690 465 726 vel
490 689 648 725 afssictae.
674 689 824 726 Afflicta
848 701 931 724 sum
959 696 997 724 et
1022 688 1093 724 hu-

102 749 244 785 miliata
265 749 394 794 nimis,
423 756 460 784 et
487 761 508 783 a
527 748 668 797 gemitu
693 747 818 784 cordis
848 747 921 784 mei
947 760 1093 784 mecum

101 807 195 844 illud
208 807 359 856 rugiens
374 821 383 843 ε
399 808 484 842 Nou
502 811 626 842 invem·
645 809 761 843 illum.
786 806 862 844 Ubi
879 820 980 843 nunc
997 807 1094 843 mul-

103 867 225 904 titudo
245 867 431 904 viscerum
461 875 612 903 tuorum
639 874 677 902 et
704 866 987 903 miserationum
1014 875 1095 902 tua-

102 927 214 962 rum?
231 926 306 962 Diu
333 934 371 962 et
397 925 508 961 nimis
535 925 600 961 diu
620 925 891 961 continuerunt
918 938 956 961 se
983 938 1096 974 super

101 997 173 1021 me.
196 985 338 1021 Dilecta
363 993 426 1021 tua
453 984 617 1021 absentis
645 984 832 1020 desiderio
860 984 899 1020 in
924 984 1094 1020 dolorem

101 1056 140 1080 se
162 1043 304 1089 fundit,
323 1051 361 1080 et
380 1052 419 1080 tu
445 1052 480 1080 te
496 1044 691 1080 contines?
707 1043 846 1092 Joseph
868 1043 962 1079 male
983 1043 1095 1079 meri-

1157 451 1366 499 requiescat
1390 451 1427 486 in
1452 449 1567 486 cubili
1599 464 1680 486 suo.
1712 454 1766 486 Tu
1802 449 1927 485 forsan
1955 446 2150 496 dispensa-

1158 511 1254 546 torie
1277 509 1430 545 differs-z
1452 508 1516 545 sed
1538 522 1616 544 non
1635 509 1734 558 capit
1759 520 1866 544 amor
1883 506 2083 556 impatiens
2105 504 2150 539 de

1158 568 1435 618 dispensatione
1470 567 1655 603 solatium.
1694 567 1778 604 Scio
1816 566 1905 602 mihi
1940 565 2148 615 repositum

1158 635 1328 676 tempore
1345 639 1414 663 suo
1434 641 1442 663 ε
1465 627 1529 663 sed
1550 627 1596 662 de
1618 627 1756 674 fugacis
1778 626 1952 662 tarditate
1970 624 2150 673 temporis

1159 699 1266 722 amor
1285 693 1469 721 causatur.
1484 688 1539 721 Tu
1555 685 1682 721 differs
1707 699 1714 719 :
1738 698 1808 733 ego
1834 684 1988 733 quidem
2010 683 2150 719 diutins

1159 758 1235 781 non
1253 746 1346 790 fero,
1363 744 1432 780 sed
1442 757 1591 793 surgam
1607 752 1644 780 et
1657 744 1825 780 circuibo
1842 744 2042 780 civitatem.
2056 746 2151 780 Con-

1161 813 1287 841 temno
1316 804 1493 841 lectulum
1508 832 1517 849 ,
1541 812 1579 839 et
1603 803 1752 839 initium
1776 803 1960 839 sermonis
1983 802 2148 838 derelin-

1160 877 1255 912 quo,
1277 871 1317 899 ut
1333 863 1380 899 ad
1401 862 1624 912 perfectiora
1646 862 1755 897 ferar.

1213 923 1248 959 ft.
1279 927 1371 959 Nam
1398 922 1465 958 etsi
1494 934 1631 970 sponsa
1654 933 1737 957 sum
1758 928 1794 955 et
1813 919 1980 968 perfecta
1999 932 2069 967 pro
2092 932 2149 953 re-

1160 983 1254 1032 gulae
1268 982 1424 1019 modulo
1439 981 1627 1025 humanae,
1640 979 1788 1015 initium
1808 986 1950 1014 tantum
1965 977 2151 1026 accepisse

1162 1056 1220 1078 me
1235 1050 1384 1091 reputo,
1397 1040 1443 1077 ad
1457 1040 1560 1089 quod
1575 1047 1689 1076 restat
1699 1038 1901 1087 respiciens
1916 1038 2105 1084 :Surgam,
2120 1045 2156 1070 ct

101 1111 160 1140 tos
177 1103 223 1139 de
242 1115 281 1139 se
299 1103 494 1140 miseratus
512 1103 663 1148 fratres,
683 1115 759 1139 non
778 1111 928 1152 poterat
943 1115 981 1138 se
1004 1116 1095 1138 con-
1115 1103 1140 1135 B
1161 1102 1318 1137 circuibo
1334 1105 1530 1143 civitatem,
1544 1111 1795 1148 quoeramper
1809 1101 1910 1132 vicos
1924 1105 1958 1131 ee
1967 1098 2111 1144 plateas
2126 1095 2151 1128 4.

103 1162 222 1198 tinere
240 1175 248 1197 ε
265 1161 328 1199 sed
355 1169 545 1198 commota
564 1169 651 1198 sunt
675 1161 818 1197 viscera
838 1160 937 1209 eju5‚
959 1169 996 1197 et
1012 1161 1096 1210 quis

102 1228 218 1265 esset,
253 1219 392 1256 blande
423 1220 590 1256 innotuit
612 1227 637 1254 ¹.
669 1223 716 1256 Et
743 1219 896 1268 quidem
931 1220 1096 1255 tenerior

102 1291 182 1315 esse
204 1279 300 1315 solet
320 1278 366 1315 ad
391 1279 547 1327 gratiam
577 1278 705 1328 sponsi
727 1279 862 1326 pietas,
886 1291 998 1327 quam
1025 1279 1097 1315 fra-

103 1337 180 1374 tris.
197 1341 252 1374 Tu
268 1331 361 1373 mihi
376 1337 460 1386 plus
477 1350 589 1386 quam
606 1337 760 1386 Joseph.
775 1340 831 1373 Tu
845 1339 943 1373 enim
963 1338 1096 1383 frater;

103 1404 143 1432 tu
163 1408 337 1446 sponsus.
357 1395 449 1443 Quis
469 1395 573 1432 dabit
594 1395 683 1431 mihi
710 1404 744 1431 te
765 1396 916 1432 fratrem
945 1399 1098 1433 meum?

102 1459 182 1505 Ego
211 1469 270 1492 me
299 1463 414 1492 totam
444 1455 491 1491 ad
519 1455 765 1504 quaerendum
786 1456 980 1505 impendo,
1001 1465 1038 1493 et
1058 1466 1097 1492 tu

104 1528 164 1552 me
193 1514 393 1564 suspendis
413 1527 574 1564 sponsus
595 1523 632 1551 et
663 1515 800 1551 frater?
830 1518 928 1564 Ergo
956 1511 1029 1551 eris
1058 1516 1097 1552 in

103 1574 304 1610 dilectione
335 1574 472 1619 minor,
506 1574 571 1623 qui
607 1587 646 1610 es
674 1573 867 1622 majestate
897 1576 1098 1624 superior?

102 1633 220 1682 Magis
236 1632 306 1670 sibi
326 1632 559 1682 respondent
578 1646 684 1669 amor
701 1641 738 1669 et
756 1633 963 1680 humilitas,
985 1647 1096 1683 quam

79 1689 83 1692 ’
104 1706 212 1730 amor
229 1701 267 1729 et
285 1692 470 1741 majestas.
502 1694 700 1730 Paululum
731 1693 932 1741 majestatis
964 1694 1101 1730 oblivi-

84 1753 226 1797 ‘scere‚
252 1759 296 1788 ut
327 1751 592 1788 misericordiae
617 1752 838 1788 recorderis.
865 1755 908 1788 In
932 1761 967 1788 te
989 1765 1101 1789 omne

105 1810 330 1848 desiderium
353 1824 492 1847 meum.
512 1811 658 1860 thuid
682 1824 760 1847 non
781 1819 868 1848 ante
885 1812 947 1847 te?
968 1812 1101 1861 utquid

1161 1165 1249 1198 Jesu
1270 1160 1370 1196 bone
1382 1188 1391 1203 ‚
1406 1158 1497 1208 quid
1515 1166 1571 1194 est
1587 1157 1690 1206 quod
1709 1154 1843 1192 alicubi
1864 1168 1940 1191 non
1958 1154 2152 1193 inveniris,

1161 1220 1226 1269 qui
1246 1219 1387 1268 ubique
1408 1217 1596 1254 crederis?
1612 1217 1740 1254 Multae
1764 1215 1918 1264 quidem
1939 1214 2153 1250 mansiones

1164 1279 1202 1315 in
1223 1279 1337 1315 domo
1360 1278 1477 1315 Patris
1492 1277 1545 1313 tui
1563 1285 1651 1313 sunt
1670 1291 1677 1312 :
1699 1275 1764 1311 sed
1782 1274 1966 1323 numquid
1982 1274 2070 1309 alias
2088 1273 2154 1307 ‹le-

1165 1339 1257 1375 seris
1277 1338 1322 1374 ad
1343 1338 1435 1374 alias
1451 1337 1649 1381 transiens,
1666 1335 1732 1384 qui
1748 1334 1917 1370 infinitus
1933 1334 2012 1383 ipse
2030 1341 2062 1367 et
2082 1333 2158 1367 im—

1165 1411 1316 1435 mensus
1333 1399 1396 1433 cs?
1411 1396 1562 1445 [bique
1575 1403 1699 1431 creatu
1707 1406 1831 1430 rarum
1846 1401 1944 1428 totus
1958 1406 1996 1428 es
2006 1421 2015 1438 ,
2028 1404 2158 1427 creans

1165 1466 1201 1493 et
1233 1457 1430 1494 continens
1458 1470 1465 1490 :
1499 1454 1564 1491 sed
1596 1454 1818 1490 intinitatem
1852 1460 1953 1487 tuam
1988 1459 2158 1487 creatura

1164 1517 1266 1553 nulla
1280 1524 1404 1566 potest
1422 1515 1633 1564 exprimere
1646 1542 1654 1558 ,
1672 1512 1843 1561 quamvis
1862 1511 2039 1547 virtutem
2058 1510 2159 1545 nulla

1165 1590 1242 1613 non
1272 1576 1392 1625 possit
1417 1588 1463 1611 ex
1490 1582 1596 1623 parte
1621 1573 1793 1608 innuere.
1821 1570 1973 1620 Ubique
1996 1570 2101 1606 totus¹
2120 1583 2159 1605 es

1165 1649 1233 1685 per
1259 1634 1495 1671 existentiam
1518 1647 1525 1668 :
1550 1632 1615 1668 sed
1637 1644 1713 1667 non
1733 1630 1927 1678 aequaliter
1946 1630 1983 1665 in
2006 1629 2160 1678 singulis

1166 1708 1234 1744 per
1248 1693 1497 1730 efficientiam.
1513 1694 1606 1728 Nam
1625 1691 1693 1726 etsi
1705 1702 1750 1726 ex
1766 1697 1845 1725 toto
1862 1697 1896 1724 te
1914 1688 2053 1737 ubique
2072 1702 2160 1738 ope-

1168 1754 1283 1798 reris,
1305 1765 1380 1789 non
1403 1761 1527 1788 tamen
1552 1759 1670 1786 totum
1693 1748 1795 1798 quod
1817 1749 1992 1798 potentiae
2014 1757 2085 1784 tuse.
2104 1756 2159 1784 est

1167 1812 1330 1862 ubique,
1352 1812 1428 1847 imo
1457 1810 1585 1860 potius
1606 1821 1811 1857 nusquam,
1833 1807 2012 1856 operaris.
2038 1807 2159 1842 Indif-

105 1870 348 1908 absconditus
368 1879 424 1907 est
440 1884 459 1907 a
478 1879 513 1907 te
529 1872 689 1920 gemitus
706 1884 829 1917 meus,
850 1872 914 1920 qui
931 1880 1031 1908 totus
1048 1880 1104 1908 est
1125 1875 1152 1910 C
1171 1873 1303 1909 ferenti
1324 1871 1422 1908 enim
1444 1871 1584 1907 virtute
1603 1869 1720 1905 efficis
1744 1869 1782 1904 in
1801 1867 1966 1903 minimis
1984 1867 2157 1912 minima,

104 1942 176 1978 pro
206 1931 271 1966 te?
293 1930 513 1966 Dissimulas
533 1938 571 1965 et
592 1929 737 1975 differs,
758 1938 794 1966 et
813 1931 951 1967 avertis
972 1931 1099 1967 faciem

106 1996 207 2025 tuam
229 2002 250 2025 a
271 2002 348 2035 me,
374 1997 412 2025 et
428 1989 521 2024 facta
540 2002 621 2025 sum
643 1989 876 2026 conturbata.
899 1993 1102 2039 Propterea

105 2060 246 2096 queror
265 2056 302 2084 et
323 2061 456 2084 causor
475 2056 512 2084 et
531 2048 680 2084 clamito
700 2062 708 2084 ε
730 2050 814 2083 Non
837 2052 960 2083 Inveni
982 2053 1098 2085 illum.

161 2106 197 2143 3.
228 2106 332 2144 Felix
351 2106 519 2142 conditio
534 2134 543 2150 ,
561 2106 714 2154 quando
732 2106 855 2142 dicere
875 2106 1004 2143 datum
1023 2108 1103 2143 fue-

106 2165 156 2201 rit
179 2179 186 2200 :
211 2168 378 2201 Dilectus
399 2178 498 2200 meus
518 2166 621 2209 mihi,
644 2174 679 2200 et
701 2179 766 2213 ego
788 2167 854 2201 illi.
879 2169 986 2202 Nune
1013 2180 1102 2202 vero

106 2236 176 2273 ego
206 2223 342 2260 dilecto
367 2236 472 2268 meo,
494 2223 558 2259 sed
578 2223 748 2259 nondum
770 2226 896 2259 adme
918 2230 1101 2259 conversio

106 2288 186 2330 eJ'us
200 2288 223 2318 ².
245 2287 383 2319 Amara
414 2282 568 2331 quidem
596 2282 734 2318 amanti
754 2284 1011 2319 commutatio.
1034 2284 1099 2319 Id-

106 2342 204 2379 circo
223 2355 294 2391 pro
316 2341 397 2378 vice
416 2354 547 2378 rocem
570 2349 764 2377 commuto
783 2357 789 2377 :
809 2344 894 2377 Non
912 2345 1035 2378 inveni
1054 2346 1103 2378 il-

106 2402 191 2436 lum.
215 2401 350 2437 Omnia
374 2408 521 2449 tempus
541 2399 702 2445 habent,
719 2409 755 2436 et
773 2400 850 2436 suis
865 2401 994 2450 spatiis
1014 2401 1100 2437 uni-

105 2472 213 2496 versa
229 2459 298 2497 sub
313 2460 390 2496 sole
405 2467 680 2496 transcurrunt.
693 2459 854 2506 Quando
868 2461 938 2496 erit
955 2469 997 2496 ut
1013 2474 1098 2497 cum

108 2520 187 2556 sole
206 2527 476 2569 permaneant,
501 2528 538 2555 et
559 2527 645 2554 ante
667 2519 954 2556 mutabilitatem
978 2521 1076 2556 lunae
1090 2548 1100 2566 ,

108 2579 202 2614 utin
222 2579 430 2615 aeternitate
448 2587 565 2623 stent,
585 2587 621 2614 et
643 2592 719 2614 non
738 2587 994 2615 transcurrant
1014 2593 1098 2615 cum

1168 1940 1204 1967 et
1224 1932 1262 1967 in
1283 1930 1428 1979 magnis
1448 1928 1602 1977 majora.
1625 1930 1718 1965 Cum
1740 1939 1829 1975 ergo
1852 1927 1969 1963 virtus
1991 1935 2051 1962 tna
2070 1926 2161 1962 ubi—

1168 2003 1241 2039 que
1265 1998 1301 2026 et
1324 1997 1399 2025 tota
1422 1995 1623 2037 operetur,
1645 1998 1828 2034 nusquam
1852 1992 1976 2020 tamen
2000 1994 2075 2020 tota
2097 1999 2162 2020 ex*-

1169 2049 1349 2098 penditur
1370 2063 1377 2085 ε
1396 2048 1483 2096 quia
1506 2060 1589 2083 cum
1608 2046 1793 2091 volueris,
1814 2045 1981 2094 suppetit
1999 2045 2064 2080 tibi
2084 2061 2092 2080 ‹
2110 2046 2161 2079 ni-

1169 2121 1253 2144 cere
1266 2108 1429 2156 majora3
1445 2119 1512 2141 nec
1526 2113 1601 2141 tota
1617 2104 1951 2153 exprimitur‚quia
1966 2104 2160 2138 veritatem

1169 2180 1246 2203 non
1279 2174 1437 2216 possunt
1466 2164 1511 2201 ad
1539 2164 1725 2212 integrum
1754 2162 1922 2198 temulari
1951 2163 2161 2198 simulavi-a.

1170 2225 1306 2262 Omnia
1325 2237 1414 2273 ergo
1432 2230 1469 2259 te
1491 2222 1580 2258 mihi
1598 2229 1810 2256 monstrant
1827 2220 1872 2256 ad
1891 2221 2160 2268 cognitionem,

1169 2284 1234 2321 sed
1267 2297 1341 2320 non
1374 2283 1501 2319 omnia
1533 2294 1592 2317 me
1618 2293 1772 2316 movere
1801 2289 1961 2328 possunt
1990 2280 2091 2315 intus
2118 2280 2162 2315 ml

1168 2343 1425 2379 devotionem.
1460 2340 1612 2389 [bique
1643 2340 1681 2375 in
1715 2347 1747 2375 te
1777 2339 1965 2388 impingo,
1995 2338 2057 2374 sed
2087 2352 2161 2373 non

1168 2403 1311 2452 ubique
1335 2412 1584 2450 compungor.
1606 2398 1757 2447 [bique
1779 2407 1814 2434 te
1838 2398 1928 2433 mihi
1950 2398 2082 2446 ingerit
2108 2412 2165 2433 rv-

1169 2475 1251 2497 rum
1281 2460 1424 2510 species
1443 2467 1481 2494 et
1502 2471 1591 2494 usus
1611 2466 1648 2493 et
1670 2457 1787 2501 ordo,
1810 2456 1874 2491 sed
1902 2456 2068 2492 Verbum
2098 2472 2111 2490 .·=
2128 2472 2159 2489 1—

1167 2519 1345 2570 pientiam
1360 2547 1368 2563 ,
1387 2531 1463 2553 non
1482 2515 1646 2554 Verbum
1666 2516 1835 2552 salutem.
1856 2513 2019 2551 Verbum
2037 2524 2109 2550 ant«
2128 2529 2160 2549 ni

1168 2578 1347 2629 sapientia
1371 2586 1406 2613 et
1423 2577 1540 2622 salus,
1560 2575 1596 2611 id
1616 2583 1671 2611 est
1688 2575 1856 2612 Christus
1872 2577 1993 2617 Jesus,
2018 2582 2160 2609 tantum

110 2640 310 2687 tempore?
339 2641 447 2675 Nunc
473 2651 563 2674 vero
599 2639 725 2674 omnia
755 2646 903 2687 tempus
932 2638 1095 2683 liabent,
1116 2645 1148 2677 D
1166 2640 1203 2675 in
1238 2638 1387 2674 civitate
1416 2636 1484 2672 Dei
1517 2635 1654 2680 nostri,
1684 2635 1722 2670 in
1754 2642 1882 2669 monte
1908 2642 2037 2669 sancto
2065 2633 2157 2680 ejus.

114 2705 152 2733 et
173 2696 284 2733 habet
307 2697 460 2733 forsitan
481 2710 589 2733 suum
612 2706 760 2747 tempus
784 2698 972 2733 aeternitas
1000 2698 1093 2747 ipsa.

111 2755 302 2792 Dicuntur
330 2756 430 2792 enim
473 2764 510 2792 et
545 2764 714 2805 tempora
752 2764 904 2792 aeterna.
944 2760 1099 2793 AEterna

109 2827 199 2864 ergo
221 2815 259 2851 in
282 2828 320 2851 se
340 2823 480 2851 aeterna
500 2824 607 2860 sunt,
635 2816 698 2851 sed
720 2815 829 2851 nohis
855 2824 982 2865 parata
1013 2824 1101 2852 sunt

117 2881 287 2923 tempore
309 2886 389 2910 suo.
410 2875 545 2911 Omnia
581 2883 727 2924 tempus
748 2874 887 2911 liabent
913 2890 920 2911 :
951 2883 1099 2924 tempus

111 2932 387 2981 amplectendi,
413 2941 450 2969 et
473 2941 621 2982 tempus
646 2933 692 2969 ab
716 2934 891 2983 amplexu
922 2934 1032 2982 longe
1055 2934 1100 2969 li-

111 2991 164 3027 eri
178 2992 202 3027 3.
224 2992 334 3039 Quod
352 3005 441 3040 ergo
461 2993 531 3028 erit
553 3001 682 3041 aptum
704 2993 841 3041 magis,
863 3006 974 3042 quam
1002 3006 1076 3028 nox
1091 3020 1100 3037 ‚

109 3051 358 3100 amplectendi
388 3053 561 3101 tempus?
580 3053 656 3088 imo
681 3053 766 3101 quis
785 3053 856 3088 erit
885 3052 1031 3101 aptior,
1054 3051 1100 3087 ad

111 3110 432 3159 amplectendum,
448 3111 504 3147 vel
523 3112 659 3147 lectulo
676 3112 793 3155 locus,
809 3112 868 3147 vel
885 3120 995 3147 nocte
1008 3119 1104 3147 tem-

111 3171 202 3218 pus?
226 3173 267 3206 In
293 3183 382 3219 pace
405 3170 508 3207 lucus
536 3180 645 3208 tuus:
672 3179 709 3206 et
737 3170 822 3207 ideo
843 3171 978 3219 quietis
1008 3179 1103 3207 tem—

163 3308 277 3336 Ι(ὶῡιι.
304 3317 380 3339 xrv.
422 3311 488 3338 1-11.
532 3327 568 3332 --
603 3314 614 3329 ²
645 3308 760 3338 Cantie.
799 3320 841 3342 ιι,
876 3311 935 3342 tss,
968 3313 993 3336 et
1034 3318 1100 3341 wi„

117 3354 128 3375 ⁵
151 3356 263 3398 liplnen
282 3369 312 3391 v,
338 3362 388 3388 l'a.

274 3429 347 3450 'l'OM
357 3447 362 3452 .
396 3430 413 3449 Υ
425 3446 429 3452 ,

1140 3310 1189 3336 Η).
1234 3324 1261 3328 ->

1166 2702 1369 2747 Propterea
1392 2709 1559 2744 ¹surgam,
1581 2704 1616 2730 et
1635 2694 1790 2729 circuibo
1808 2698 2003 2728 civt'lulem.
2028 2696 2156 2738 δην-ψ’,

1166 2757 1288 2806 inquit
1316 2756 1476 2800 Paulus,
1504 2758 1568 2801 qui
1595 2755 1747 2796 dormis,
1775 2761 1809 2787 et
1832 2766 1991 2799 assurge
2013 2764 2037 2786 a
2064 2766 2161 2785 mor·-

1166 2821 1252 2859 tuis,
1275 2824 1310 2851 et
1339 2813 1567 2850 illuminabit
1592 2822 1625 2848 le
1653 2814 1810 2848 Cla-iscus
1828 2817 1853 2848 ³.
1886 2815 2041 2859 Surgam
2066 2825 2158 2858 ego,

1168 2889 1244 2912 non
1267 2875 1312 2911 (le
1334 2873 1491 2909 mortuis
1516 2871 1716 2921 operibus,
1745 2885 1820 2907 non
1853 2871 1898 2906 de
1926 2871 2052 2918 pravis
2079 2883 2162 2905 mo-

1169 2934 1272 2971 ribus
1294 2948 1301 2969 z
1324 2932 1388 2969 sed
1411 2931 1456 2967 de
1477 2931 1586 2967 bonis
1607 2930 1652 2966 ad
1675 2931 1847 2973 meliora,
1866 2929 1912 2964 de
1932 2928 2098 2964 moribus
2116 2929 2161 2964 ad

1170 2992 1367 3042 mysteria,
1392 2991 1438 3026 ‹le
1462 2990 1628 3038 mysticis
1652 2989 1697 3025 ad
1720 2990 1936 3032 nuinifesta,
1956 2988 2001 3023 (le
2022 2989 2162 3024 serenis

1170 3053 1215 3089 ad
1239 3051 1378 3088 suztxia.
1403 3053 1575 3098 ·8'111·ga111‚
1600 3057 1635 3084 ee
1651 3048 1812 3083 circuIbo
1837 3053 2017 3083 civitatem
2042 3047 2163 3087 illam,

1171 3111 1216 3147 (le
1237 3124 1309 3159 qua
1329 3108 1466 3144 (licitur
1491 3123 1498 3144 ε
1524 3110 1690 3155 ssluguus
1713 3112 1893 3144 Dominus
1913 3116 1948 3142 vt
1965 3106 2162 3141 lauilm'ulxs

1171 3175 1302 3208 nimis,
1334 3174 1371 3203 lu
1400 3171 1546 3203 sivilat&
1575 3170 1645 3202 Dei
1673 3172 1788 3203 nostri
1821 3172 1859 3202 iu
1886 3176 2006 3201 numu·
2034 3175 2161 3200 much

1299 3303 1312 3324 3
1346 3304 1448 3336 livrl·
1487 3315 1546 3339 ιιι,
1587 3308 1652 3336 hs.
1717 3324 1721 3325 ν
1759 3313 1771 3329 -1
1803 3304 1922 3333 saniir.
1962 3314 2019 3334 ιιι,
2059 3307 2084 3329 ”.

2000 3414 2020 3446 2
