2418 3949
217 236 292 272 953

217 311 406 349 charitatis
421 310 644 361 appendite,
671 317 709 346 et
723 306 908 358 quidquid
925 307 1064 343 amoris
1080 306 1121 343 in
1137 319 1209 343 nu-

970 232 1035 266 DE
1064 231 1260 267 PASSION
1268 233 1293 266 Ε
1323 234 1514 269 DOMINI.

2188 240 2262 277 954

1279 316 1316 344 et
1331 309 1492 359 gloriam
1512 310 1710 360 specialem
1736 311 1783 348 ab
1803 312 1886 362 ipso
1905 325 2058 363 quoque
2074 315 2267 354 nihilomi-

215 373 312 422 ptias
330 380 473 409 vestras
495 368 791 420 impendendum
810 366 977 412 hahetis,
1000 366 1054 402 illi
1074 379 1212 415 repen—
1227 369 1258 403 A
1276 381 1347 405 nus
1360 370 1398 405 in
1411 370 1510 406 coelis
1531 370 1740 419 virginibus
1756 381 2003 422 praeparatam
2017 402 2027 420 ,
2045 374 2092 411 ad
2119 377 2268 426 specia-

216 431 313 476 dite,
326 431 392 481 qui
410 444 488 467 non
505 429 700 479 pulchram
711 439 861 464 carnem
875 454 886 472 ,
908 425 973 462 sed
992 425 1208 461 interiorem

215 499 377 527 vestram
394 488 714 539 pulchritudinem
724 485 860 536 quaerit
871 512 881 530 ,
898 484 963 533 qui
978 482 1087 520 vobis
1108 483 1212 520 dedit

213 557 437 599 potestatem
455 547 551 584 filios
575 547 643 584 Dei
663 546 758 582 fieri.
777 544 908 582 Videte
924 551 1049 579 autem
1070 550 1212 591 quanta

215 608 413 645 securitate
429 606 560 643 amatis
585 618 671 642 eum
682 633 692 650 ,
718 604 779 640 cui
801 603 997 652 displicere
1023 601 1122 638 falsis
1149 615 1208 638 su-

216 665 448 716 spicionibus
473 678 551 702 non
568 664 718 701 timetis.
739 664 804 700 Vir
823 670 861 698 et
874 674 972 698 uxor
988 661 1149 696 invicem
1169 673 1208 697 se

216 733 363 770 amant,
386 725 475 774 quia
493 724 532 760 in
546 736 586 760 se
602 722 797 759 manifeste
817 721 950 757 vident
966 720 1070 769 signa
1086 719 1210 756 chari—

216 785 303 821 tatis
319 795 441 832 :saepe
458 790 583 818 tamen
597 781 643 818 de
661 794 699 817 se
712 779 855 829 aliquid
870 779 957 816 mali
969 779 1132 815 invicem
1152 791 1211 815 su-

216 842 515 892 spicantur‚quia
528 854 594 878 sua
605 841 752 877 occulta
762 839 925 875 invicem
942 851 1020 875 non
1029 846 1211 875 contuen-

215 910 289 939 tur.
303 905 387 940 Non
403 901 453 937 ita
466 908 526 937 est
540 899 589 935 de
604 911 731 935 amore
747 907 874 935 vestro
889 897 1107 934 dulcissimo
1121 901 1210 934 Jesu

214 973 257 998 ac
276 959 535 1006 desiderabili,
553 960 592 995 in
609 971 685 1008 quo
701 958 793 995 nihil
811 958 1012 994 invenietis
1031 957 1134 1007 quod
1149 971 1211 994 re-

214 1021 449 1072 prehendere
473 1020 625 1070 possitis
647 1035 655 1056 :
676 1032 747 1055 nec
779 1017 886 1055 vobis
913 1017 1123 1054 timendum
1153 1025 1210 1054 est

1275 426 1348 462 lem
1381 427 1620 465 dilectionem
1650 431 1777 479 sponsi
1807 432 1966 469 coelestis
1993 432 2148 483 benigni
2179 439 2269 472 Jesu

1275 486 1420 523 animos
1438 488 1632 537 virginalis
1648 489 1841 525 munditiae
1854 518 1863 535 ,
1884 500 2000 540 prout
2014 492 2093 542 ipse
2109 493 2268 542 virgini-

1276 546 1360 582 tatis
1379 555 1417 583 et
1435 547 1644 584 dilectionis
1671 557 1802 585 auctor
1830 550 1956 600 largiri
1985 551 2162 602 dignatus
2190 562 2267 600 est,

1274 605 1430 642 incitare
1463 620 1657 653 curamu53
1691 609 1899 646 secundum
1927 611 2100 649 ordinem
2130 626 2270 663 prose—

1275 665 1428 712 quendo
1443 693 1452 711 ‚
1471 665 1518 702 de
1528 666 1727 703 dilectione
1742 669 1925 717 proximi,
1944 670 2024 707 sine
2040 684 2112 719 qua
2127 672 2197 709 Dei
2213 672 2272 709 di-

1276 722 1386 760 lectio
1405 737 1482 759 non
1505 724 1674 761 subsistit
1687 754 1697 771 ‚
1717 739 1836 775 pauca
1856 741 2070 776 quaeremus
2087 739 2271 768 annecte—

1276 793 1336 827 re,
1359 782 1448 830 quia
1461 782 1500 818 in
1515 782 1572 818 his
1592 782 1740 820 duobus
1758 786 1943 823 mandatis
1958 794 2037 823 tota
2054 788 2115 824 lex
2130 789 2272 838 pendet

1276 848 1313 877 et
1333 841 1532 890 Prophetae
1545 848 1570 878 ².

1582 959 1758 998 CAPUT
1786 960 1962 1001 XXXII.

214 1081 319 1131 quod
340 1081 432 1118 salso
451 1079 594 1130 aliquid
607 1079 694 1115 mali
710 1078 757 1115 de
770 1077 881 1114 vobis
895 1077 1107 1127 suspicetur
1118 1106 1128 1123 ‚
1143 1078 1209 1126 qui
1229 1083 1257 1118 Β
1274 1082 1323 1110 De
1338 1090 1392 1110 sex
1407 1079 1542 1111 flosculis
1557 1080 1645 1112 ssavis
1661 1081 1693 1112 in
1706 1081 1809 1113 medio
1824 1083 1877 1113 lilii
1892 1107 1899 1120 ‚
1915 1084 1948 1114 id
1966 1091 2011 1116 est
2025 1109 2032 1122 ,
2052 1085 2091 1117 de
2109 1086 2274 1119 dilectione

215 1153 325 1178 renes
343 1141 512 1177 intuetur
528 1148 565 1176 et
581 1138 708 1175 corda.
732 1138 768 1175 Si
789 1150 878 1188 ergo
904 1150 1081 1186 magnum
1101 1149 1210 1173 amo-

216 1213 296 1236 rem
315 1198 541 1249 conjugibus
557 1198 744 1235 deberetis
757 1226 766 1242 ‚
798 1204 982 1246 quantum
998 1209 1124 1232 amare
1145 1196 1211 1232 de-

215 1258 312 1295 betis
326 1271 411 1295 eum
426 1287 436 1304 ‚
455 1266 614 1308 propter
638 1270 751 1307 quem
771 1255 950 1305 conjuges
968 1255 1107 1292 habere
1137 1269 1211 1292 no-

209 1318 362 1355 luistis?
377 1321 494 1355 Totus
519 1316 628 1354 vobis
657 1318 792 1367 figatur
817 1317 855 1352 in
877 1316 1013 1362 corde,
1042 1316 1108 1366 qui
1139 1329 1210 1365 pro

214 1377 323 1414 vobis
346 1386 446 1415 totus
462 1377 558 1414 fixus
575 1385 632 1414 est
651 1377 690 1413 in
713 1389 841 1423 cruce3
863 1389 1014 1426 semper
1029 1376 1211 1413 habentes

214 1437 253 1473 in
275 1445 398 1474 mente
412 1465 421 1482 ‚
441 1445 619 1486 quantam
644 1435 752 1473 vobis
772 1435 948 1473 exhibuit
976 1436 1208 1472 charitatem.

216 1496 289 1544 Qui
307 1509 377 1533 vos
397 1496 468 1533 sibi
487 1496 688 1532 inviolatas
707 1504 781 1531 tam
803 1496 841 1532 in
859 1508 1020 1545 corpore
1037 1508 1150 1544 quam
1171 1495 1210 1531 in

214 1557 340 1592 anima
355 1556 604 1601 conservavit,
623 1564 802 1605 quantam
820 1554 928 1591 vobis
944 1563 982 1590 et
1001 1567 1113 1603 quam
1129 1567 1211 1604 spe-

215 1617 347 1653 cialem
361 1616 519 1665 gloriam
533 1615 780 1666 praeparavit,
800 1628 892 1664 quas
906 1615 957 1651 sie
973 1613 1211 1650 sublimavit?

215 1675 420 1724 Specialem
433 1703 442 1720 ,
463 1675 617 1724 inquam
634 1703 643 1719 ,
667 1674 824 1723 gloriam
838 1701 848 1719 ,
877 1673 1077 1723 specialem
1096 1686 1210 1710 coro-

215 1747 303 1770 nam
322 1734 479 1771 donavit
494 1733 601 1770 vobis
618 1734 656 1770 in
671 1734 796 1779 coelis,
816 1746 929 1782 quam
946 1733 1066 1769 nostri
1087 1732 1210 1782 majo-

216 1806 276 1830 res
301 1794 492 1831 aureolam
511 1794 728 1843 appellant,
755 1805 867 1842 quam
890 1793 1030 1829 idcirco
1050 1792 1097 1829 ab
1116 1806 1210 1830 auro

1427 1133 1560 1175 proximi
1574 1158 1582 1172 ‚
1599 1140 1630 1165 et
1647 1145 1703 1165 sex
1725 1135 1875 1176 operibus
1891 1137 2122 1171 misericordiae.

1335 1260 1419 1296 116.
1443 1260 1729 1310 Flosculiigitur
1744 1261 1847 1297 aurei
1864 1262 2002 1300 coloris
2021 1276 2181 1301 numero
2193 1278 2273 1313 sex,

1277 1319 1343 1369 qui
1362 1319 1401 1355 in
1421 1319 1545 1356 medio
1568 1320 1671 1357 ssoris
1691 1320 1765 1357 albi
1781 1321 1820 1357 in
1842 1322 1920 1359 lilio
1937 1323 2168 1371 consistunt,
2185 1326 2274 1363 cha-

1275 1379 1422 1416 ritatem
1439 1392 1526 1430 erga
1537 1380 1754 1430 proximum
1768 1381 1980 1419 habendam
1995 1384 2157 1432 figurant
2168 1400 2176 1421 :
2186 1399 2271 1435 quae

1275 1439 1314 1475 in
1334 1451 1399 1475 sex
1418 1438 1598 1488 operibus
1617 1439 1822 1486 charitatis,
1840 1454 1924 1490 quae
1941 1450 1977 1478 et
1989 1455 2104 1492 opera
2123 1445 2272 1482 miseri-

1275 1497 1412 1534 cordiae
1425 1498 1667 1535 nominantur
1679 1528 1688 1545 ,
1707 1500 1888 1535 consistit.
1906 1501 2071 1538 Charitas
2084 1514 2174 1553 ergo
2189 1517 2273 1553 quae

1276 1557 1396 1593 otiosa
1413 1570 1492 1594 esse
1510 1571 1586 1594 non
1609 1567 1750 1608 potest,
1773 1558 2004 1609 ubicumque
2028 1569 2105 1607 est,
2123 1575 2162 1598 se
2177 1576 2274 1613 ope·

1276 1616 1380 1653 ribus
1415 1618 1592 1654 ostendit.
1631 1619 1734 1655 Sicut
1767 1617 1898 1655 beatus
1927 1621 2132 1669 Gregorius
2163 1622 2272 1668 dicit,

1282 1692 1297 1708 «
1321 1675 1500 1712 Probatio
1521 1676 1734 1713 dilectionis
1749 1705 1758 1722 ,
1779 1677 1962 1715 exhibitio
1982 1688 2037 1716 cst
2058 1682 2185 1730 operis
2201 1681 2226 1717 ³.
2254 1701 2268 1715 ι,

1276 1739 1322 1772 Et
1342 1735 1403 1772 ille
1429 1737 1601 1785 specialis
1631 1736 1789 1773 dilectus
1817 1738 1972 1774 Domini
2002 1743 2168 1777 Joannes
2196 1742 2270 1778 ait:

1281 1797 1353 1841 Qui
1369 1795 1538 1831 habuerit
1555 1795 1801 1832 substantiam
1819 1797 1928 1843 liujus
1942 1802 2074 1834 mundi
2085 1827 2096 1843 ‚
2118 1809 2154 1835 et
2170 1803 2273 1836 vide-

214 1853 359 1889 aestimo
387 1853 640 1898 nominatam,
674 1860 716 1888 ut
739 1852 863 1902 ipsum
889 1864 1040 1887 coronae
1069 1864 1209 1888 nomen
1229 1858 1255 1894 C
1276 1853 1490 1901 ritsratrem
1506 1869 1612 1891 suam
1626 1860 2279 1905 necessitatempatientem,melaz.-

213 1925 298 1961 quae
315 1911 467 1949 dabitur
480 1911 590 1949 vobis
610 1913 649 1948 in
665 1911 863 1962 praemium
884 1911 1129 1960 virginitatis,
1150 1912 1209 1948 in-

213 1972 340 2009 sinuet
355 1972 614 2009 excellentiam
632 1972 759 2021 gloriae
774 1971 978 2020 virginalis.
1002 1971 1122 2019 Quid,
1151 1972 1209 2007 in-

213 2045 325 2082 quam
335 2061 346 2078 ‚
366 2031 519 2069 dabitur
535 2032 650 2069 sacris
662 2029 872 2081 virginibus
885 2030 1045 2068 Christi?
1059 2032 1210 2068 Caeteris

214 2092 351 2128 sanctis
365 2100 407 2128 ut
417 2092 698 2142 praeemineant,
717 2091 814 2127 sicut
826 2103 959 2126 aurum
980 2099 1114 2127 caetera
1125 2104 1209 2128 me-

215 2152 303 2188 talla
321 2152 514 2202 praecellit.
535 2151 632 2187 Dicit
649 2150 750 2187 enim
766 2150 878 2187 Isaias
895 2163 902 2185 :
921 2153 969 2186 In
985 2152 1046 2185 die
1064 2153 1130 2185 illa
1141 2154 1211 2185 erit

213 2213 396 2247 Dominus
412 2224 547 2246 corona
562 2213 694 2260 gloriae
703 2238 714 2254 ,
739 2218 773 2245 et
791 2218 925 2245 sertum
951 2212 1209 2245 exsultationis

212 2272 360 2306 residuo
373 2272 505 2319 populi
523 2275 581 2305 sui
596 2276 620 2306 ¹.
639 2268 800 2307 Attende
823 2268 927 2318 quod
943 2281 1084 2305 corona
1102 2269 1142 2304 fit
1161 2269 1207 2305 de

211 2340 306 2364 auro
318 2336 356 2364 et
375 2328 422 2364 de
436 2327 624 2378 lapidibus
638 2328 834 2378 pretiosis3
851 2335 991 2363 sertum
1005 2355 1014 2372 ,
1034 2327 1081 2363 de
1101 2327 1207 2364 flori-

210 2387 306 2434 bus,
328 2396 419 2438 puta
436 2389 530 2425 rosis
542 2417 551 2435 ,
569 2388 679 2424 violis
692 2416 702 2434 ,
730 2396 767 2424 et
787 2387 1016 2436 hujusmodi.
1044 2387 1207 2424 Attende

211 2461 322 2498 quam
341 2461 517 2498 magnum
537 2456 593 2485 est
607 2448 730 2498 ipsum
751 2450 873 2484 Deum
891 2445 1031 2483 habere
1053 2460 1122 2496 pro
1139 2460 1205 2483 co-

209 2521 303 2545 rona
318 2510 325 2543 !
340 2516 378 2544 et
404 2508 570 2557 virgines
590 2520 666 2544 non
689 2515 834 2543 tantum
855 2505 1052 2543 habebunt
1083 2510 1205 2543 Deum

210 2580 282 2617 pro
297 2580 436 2604 corona
447 2596 456 2612 ‚
472 2567 510 2604 id
527 2567 631 2617 quod
648 2575 703 2603 est
723 2579 924 2603 commune
937 2565 1115 2603 omnibus
1129 2567 1207 2616 glo·

1274 1917 1361 1949 serit
1387 1917 1533 1950 viscera
1552 1928 1618 1950 saa
1645 1914 1692 1950 ab
1713 1928 1777 1958 eo;
1807 1918 1988 1963 qaonmdo
2019 1918 2180 1954 charitas
2207 1922 2278 1955 Dei

1275 1984 1402 2009 manet
1417 1979 1455 2009 in
1471 1975 1533 2010 eo⁵
1549 1976 1563 2011 ?
1581 1976 1621 2011 Si
1636 1979 1734 2010 enim
1741 1973 1901 2022 fratrem
1916 1990 2021 2012 suum
2038 1991 2145 2025 quem
2160 1981 2274 2024 videt,

1275 2046 1349 2068 non
1383 2035 1530 2082 diligit;
1553 2037 1672 2070 Deum
1705 2049 1813 2082 quem
1843 2049 1916 2070 mm
1945 2039 2070 2081 videl,
2097 2042 2277 2087 quomodo

1271 2102 1398 2140 posset
1425 2092 1608 2143 (illiget-{3⁵
1630 2096 1643 2130 Ρ
1672 2097 1796 2144 Opera
1829 2103 1954 2131 autem
1985 2096 2274 2144 misericordiae,

1275 2151 1416 2200 quibus
1438 2152 1598 2189 charitas
1618 2154 1686 2189 Dei
1707 2153 2005 2201 demonstratur,
2027 2158 2173 2193 curavit
2196 2159 2276 2208 ipsa

1276 2211 1419 2248 Veritas
1439 2212 1651 2261 explicare,
1680 2213 1885 2250 ostendens
1908 2227 1947 2250 se
1967 2214 2069 2252 deiis
2087 2217 2188 2253 solos
2208 2218 2276 2266 ju-

1276 2279 1353 2307 stos
1374 2271 1413 2307 iu
1435 2271 1494 2308 die
1513 2273 1672 2308 extremi
1688 2272 1822 2321 judicii
1841 2274 2102 2321 laudaturum,
2123 2285 2161 2312 et
2184 2290 2277 2326 pro-

1274 2339 1359 2380 pter
1384 2331 1519 2368 horum
1548 2331 1735 2369 desectum
1768 2333 1954 2382 reprobos
1982 2334 2273 2382 damnaturum,

1274 2389 1401 2427 dicens
1419 2405 1426 2425 :
1451 2391 1539 2426 Cam
1561 2397 1709 2428 venerit
1726 2395 1848 2429 Filius
1870 2394 2055 2439 hominis,
2085 2404 2119 2430 ct
2137 2399 2275 2433 sederit

1273 2454 1310 2485 in
1325 2452 1412 2485 sede
1429 2455 1636 2496 majestatis
1654 2465 1751 2496 suoe,
1771 2461 1806 2487 et
1821 2458 1989 2489 statuerit
1997 2459 2118 2499 justos
2135 2469 2158 2490 a
2179 2458 2274 2492 dex-

1273 2515 1340 2546 tris
1353 2515 1443 2555 suis,
1460 2520 1495 2546 et
1509 2510 1680 2559 reprobos
1694 2526 1717 2547 a
1733 2516 1904 2556 sinistris,
1920 2516 2020 2550 dicet
2031 2519 2110 2563 lpse
2124 2518 2206 2552 Reat-
2221 2518 2277 2553 liis

1273 2574 1338 2617 qai
1356 2583 1379 2604 a
1397 2571 1538 2604 dextris
1559 2571 1638 2614 ejus
1667 2580 1774 2606 erant
1791 2586 1802 2605 .·
1829 2574 1970 2617 Venite,
1995 2572 2178 2609 benedicti
2194 2577 2274 2611 Pa-

211 2627 362 2663 rificatis
375 2643 384 2672 3
399 2627 464 2663 sed
480 2625 674 2663 habebunt
685 2639 755 2676 pro
773 2627 908 2676 capillo
925 2625 1062 2662 florido
1075 2627 1205 2663 exsul·
1226 2637 1257 2671 D
1276 2634 1343 2665 tris
1361 2634 1434 2664 mei
1447 2657 1455 2673 ‚
1478 2635 1666 2677 percipite
1683 2644 1834 2679 regnum
1857 2634 1958 2679 qaod
1975 2632 2079 2668 vobis
2096 2643 2272 2681 paratum

211 2685 361 2722 tationis
396 2685 681 2736 praerogativam
712 2684 918 2734 spiritualis
949 2685 1202 2732 excellentiae,

209 2758 294 2794 quae
322 2746 360 2781 in
387 2744 596 2794 virginibus
623 2744 661 2780 in
689 2744 810 2793 patria
829 2744 969 2780 coelesti
996 2744 1202 2794 apparebit.

209 2805 310 2853 Quid
337 2813 460 2842 autem
478 2813 535 2842 est
557 2804 618 2840 ille
635 2804 741 2840 locus
767 2803 887 2840 multo
912 2804 1067 2848 melior,
1090 2817 1201 2853 quam

210 2865 372 2901 filiorum
393 2864 463 2901 Dei
477 2865 492 2900 Ρ
506 2863 598 2913 quid
615 2863 708 2900 illud
728 2876 867 2900 nomen
885 2871 1066 2900 aeternum
1081 2865 1095 2899 Ρ
1111 2865 1202 2913 quid

208 2925 360 2962 aureola
382 2926 589 2974 i’Magnum
622 2931 678 2960 est
709 2922 838 2968 valde,
869 2930 907 2959 et
940 2923 1202 2973 inexplicabile

208 2985 439 3035 inexpertis:
459 2993 496 3021 ct
521 2992 723 3034 propterea
749 2996 834 3020 cum
861 2995 994 3033 magna
1024 2983 1202 3020 aviditate

206 3043 432 3081 currendum
449 3072 458 3089 ,
474 3056 558 3079 cum
578 3054 709 3092 magna
722 3041 942 3078 fortitudine
956 3055 1202 3091 perseveran-

207 3103 296 3140 dum
318 3111 373 3140 est
389 3103 461 3149 eis,
479 3103 544 3152 qui
562 3103 630 3139 soli
652 3101 812 3138 fruendo
838 3109 1019 3151 poterunt
1034 3101 1106 3137 hoc.
1133 3115 1202 3137 cx-

206 3163 336 3213 periri.
356 3162 426 3199 Sed
439 3163 526 3211 quia
542 3159 874 3198 commemorando
884 3160 1040 3209 gratiam
1059 3160 1203 3210 specia-

207 3221 280 3257 lem
307 3221 518 3270 virginibus
538 3234 557 3258 a
575 3233 714 3271 sponso
734 3232 802 3255 suo
830 3219 942 3267 gratis
969 3232 1201 3265 concessam,

1271 2697 1335 2724 est.
1362 2690 1505 2723 Eseit·i‹·i
1529 2690 1645 2732 enim,
1669 2698 1703 2723 ct
1725 2691 1877 2724 dedistis
1907 2691 2000 2726 milii
2028 2695 2274 2737 mandiicare;

1270 2751 1367 2783 silivi
1378 2775 1387 2791 ,
1406 2756 1444 2782 ct
1457 2749 1609 2782 dedistis
1632 2749 1724 2783 melei
1745 2748 1863 2783 bibere
1883 2764 1892 2782 :
1913 2749 2126 2797 liospcsfiii,
2146 2762 2185 2787 et
2204 2756 2273 2788 col-

1269 2810 1408 2855 legistis
1426 2819 1482 2840 me
1492 2820 1508 2850 ;
1529 2808 1648 2841 midas
1657 2834 1667 2849 ,
1682 2816 1716 2842 et
1738 2814 1971 2855 cooperuistis
1993 2824 2072 2853 1ης,-
2090 2816 2127 2845 ia
2143 2824 2269 2856 mnus,

1269 2876 1304 2901 e!
1328 2871 1364 2900 in
1382 2879 1546 2910 cari-ere,
1567 2874 1601 2900 τ’(
1617 2868 1791 2902 visitastis
1812 2881 1881 2904 me.
1903 2871 2004 2914 Quia
2024 2872 2125 2917 qaod
2141 2873 2206 2907 uni
2223 2886 2271 2907 cxc

1269 2929 1433 2960 minimis
1443 2923 1699 2971 ini·i'sfi‘‹·istis,
1711 2926 1952 2974 utilissicdvtis.
1982 2930 2079 2963 Tum*
2099 2932 2199 2966 dicct
2213 2931 2271 2966 liis

1268 2989 1329 3032 (sui
1341 2999 1364 3019 a
1375 2988 1531 3019 sinistris
1546 2999 1556 3018 :
1569 2987 1634 3028 Ite,
1655 2989 1843 3021 'nali-dicu
1857 3015 1865 3029 ‚
1881 2992 1918 3022 ite
1934 2993 2054 3034 Ignem
2073 2999 2266 3026 aetcrnum.

1270 3045 1415 3078 Esuri‹·i
1441 3048 1559 3085 emm,
1589 3053 1623 3078 c!
1643 3057 1714 3079 non
1734 3047 1889 3080 decliuis
1910 3048 1998 3081 milii
2018 3050 2243 3083 manducare·
2255 3063 2267 3090 ,-

1268 3106 1382 3144 silit-i,
1403 3111 1437 3136 ct
1454 3116 1525 3137 non
1544 3105 1694 3138 dedistis
1713 3105 1804 3139 milii
1820 3114 1946 3152 pinam
1966 3120 1976 3140 :
1996 3106 2124 3154 hospes
2144 3121 2264 3150 ciam,

1268 3170 1305 3196 ct
1328 3175 1399 3196 mm
1429 3164 1625 3210 collegistis
1654 3177 1736 3205 me;
1761 3165 1949 3210 iali‘rmiiv,
1975 3175 2008 3200 ct
2032 3171 2069 3200 iti
2099 3180 2261 3210 carcerc,

1269 3229 1302 3255 ct
1320 3234 1391 3256 noa
1411 3226 1588 3256 vis-itastis
1605 3236 1675 3258 mc.
1709 3225 1811 3268 Quia
1830 3227 1931 3272 qaod
1949 3239 2021 3260 aaa
2034 3224 2176 3271 jecisti<
2199 3231 2265 3261 cuii

258 3351 266 3367 ¹
285 3346 353 3377 hai.
375 3356 484 3376 xxviii
499 3370 506 3383 ,
532 3350 561 3377 5.
578 3364 618 3369 —
638 3351 649 3367 ²
665 3345 778 3377 Manli.
795 3357 887 3383 xxii,
909 3348 962 3376 40.
986 3363 1027 3367 -
1044 3344 1428 3388 ³}{on1il.3oi111⁷.vang.
1450 3365 1490 3369 —-
1507 3347 1520 3373 4
1541 3349 1656 3379 lJoan.
1675 3359 1736 3385 ιιι,
1759 3351 1809 3379 17.
1829 3368 1861 3370 —
1889 3347 1900 3370 ⁵
1919 3349 1962 3379 ld.
1982 3360 2025 3386 iv,
2049 3353 2099 3379 20.
