2418 3949
131 224 207 260 917

126 301 217 339 boni
232 300 359 351 operis
374 300 582 350 perducere
601 314 609 336 e
633 299 734 336 etsie
749 299 872 336 statim
886 298 1002 336 habes
1017 307 1119 336 trun-

887 224 952 259 DE
981 221 1209 259 PASSIONE
1238 220 1428 256 DOMINI.

1132 298 1179 317 ⁴5³

2103 218 2180 254 918

1241 298 1302 334 71.
1337 300 1427 334 Haec
1457 305 1545 334 sunt
1580 296 1777 342 seandala,
1809 309 1892 346 quae
1924 296 1962 333 in
1989 295 2049 332 via
2068 303 2179 332 rectae

126 373 211 397 cum
232 360 321 406 lilii,
339 359 378 396 id
395 367 450 396 est
469 358 578 405 boni,
598 359 668 395 hoc
684 367 757 404 est,
781 357 922 394 bonum
944 357 1119 408 proposi-
1138 358 1171 392 A
1188 355 1405 392 intentionis
1447 355 1702 405 gradientibus
1740 356 1938 393 abscondit
1977 354 2151 393 diabolus
2164 383 2173 401 ‚

127 427 206 456 tum
227 432 248 456 a
267 417 369 456 bona
385 418 508 456 radice
525 426 562 455 et
578 417 804 468 cogitatione
823 416 1046 467 procedens.

461 550 638 589 CAPUT
665 549 778 588 XXI.

227 669 276 697 De
297 663 482 696 rectitudine
504 663 576 702 lilii,
602 663 634 694 id
652 669 719 702 est,
740 669 823 695 recta
841 662 1025 694 intentione.

179 776 238 814 70.
254 774 469 812 Necessaria
485 782 541 810 est
567 773 656 810 huic
676 781 809 810 trunco
823 772 917 809 boni
933 770 1119 823 propositi

124 835 330 880 rectitudo,
353 833 392 870 id
413 841 487 877 est,
509 841 551 868 ut
570 840 671 868 recta
694 833 906 869 intentione
925 843 1119 882 propona-

126 906 210 930 mus
225 893 368 930 bonum
395 892 514 928 facere
535 904 605 940 pro
624 891 709 936 illo;
730 904 807 927 non
834 900 1001 928 terrenas
1019 889 1119 927 divi-

126 951 215 997 tias,
235 964 312 988 non
332 951 519 988 humanos
535 950 700 996 favores,
721 963 791 986 nec
810 950 967 987 honoris
983 948 1121 991 transi-

126 1010 212 1047 torii
253 1010 511 1046 excellentiam
551 1009 796 1058 requirentes.
831 1014 986 1046 Astutus
1020 1008 1120 1045 enim

1183 423 1225 451 ut
1254 423 1427 451 truncum
1452 415 1540 460 lilii,
1567 416 1604 452 id
1627 424 1682 453 est
1705 415 1848 452 bonum
1876 416 2135 466 propositum,
2156 428 2178 451 a

1183 486 1250 510 sua
1271 474 1494 511 rectitudine
1515 475 1756 525 distorqueat.
1779 479 1860 512 Heu
1877 478 1884 511 Ξ
1900 478 1992 513 heu!
2015 475 2177 512 Domine

1183 536 1284 569 Deus
1297 562 1306 578 ,
1327 533 1411 582 quis
1426 533 1559 569 evadet
1584 534 1737 583 laqueos
1764 535 1853 572 istos
1871 537 1885 570 ‚³
1901 539 1996 572 Ecce
2009 563 2018 580 ,
2049 542 2091 571 ut
2116 542 2176 571 ta-

1184 605 1286 629 ceam
1308 593 1521 638 saeculares,
1545 602 1638 642 quot
1655 602 1891 644 quantosque
1910 594 2082 630 videmus
2103 597 2177 631 Or-

1185 652 1316 689 dinum
1330 652 1564 690 diversorum
1579 654 1754 703 praelatos
1768 683 1777 699 ,
1791 668 1887 704 quos
1899 654 2000 691 bona
2016 656 2096 692 sine
2110 654 2178 691 du-

1184 710 1249 747 hio
1277 712 1413 748 scimus
1438 712 1648 754 intentione
1674 714 1797 751 nudos
1824 714 1967 751 nudum
1988 714 2176 752 Christum

1185 770 1297 806 fuisse
1317 778 1487 816 secutos,
1508 779 1545 807 et
1566 779 1686 807 tamen
1709 773 1818 809 inviti
1837 773 1883 809 ad
1899 773 2116 822 praelaturas
2132 774 2179 810 Ii-

1184 838 1242 866 cet
1259 829 1515 876 attrahantur,
1537 843 1613 866 non
1637 839 1722 880 post
1744 832 1896 881 longum
1925 840 2094 881 teinpus,
2112 833 2178 869 sed

1185 890 1308 926 statim
1340 898 1592 939 corrumpunt
1618 891 1866 928 intentionem
1882 920 1891 935 ‚
1915 900 2090 928 truncum
2118 893 2179 928 vi-

1187 949 1279 987 tiant
1293 979 1302 995 ,
1320 952 1830 1000 commutantpropositum:
1846 961 1888 987 ut
1904 952 2114 1000 praelaturis
2133 951 2179 988 ad

1185 1023 1278 1059 quas
1298 1010 1407 1045 inviti
1427 1018 1634 1054 venerant,
1657 1010 1817 1046 libenter
1833 1010 2060 1056 inhaereant,
2081 1024 2179 1061 prae—

122 1070 185 1106 ille
201 1082 374 1120 serpens,
394 1069 432 1106 id
448 1077 504 1106 est
520 1078 665 1106 satanas
678 1097 688 1114 ,
707 1082 791 1105 cum
805 1069 994 1118 principio
1010 1067 1119 1104 bonae
1138 1067 1166 1101 B
1187 1081 1267 1105 esse
1292 1069 1486 1117 cupientes
1502 1096 1512 1113 ,
1535 1069 1662 1117 potius
1681 1082 1792 1117 quam
1816 1069 2018 1118 prodesse;
2042 1070 2180 1106 lautio-

123 1129 361 1180 cogitationis
382 1142 460 1165 non
481 1137 607 1179 potest
626 1129 817 1174 resistere,
839 1128 947 1177 ponit
966 1127 1118 1163 insidias

122 1188 162 1225 in
178 1189 256 1234 via,
274 1188 410 1238 quibus
425 1188 672 1224 intentionem
690 1187 782 1223 boni
797 1186 982 1237 propositi
999 1186 1118 1236 possit

123 1255 294 1284 evertere
306 1276 316 1293 ,
332 1256 369 1284 et
384 1260 452 1298 per
467 1255 642 1283 truncum
656 1259 877 1297 perversum
891 1246 1009 1295 ipsam
1022 1258 1120 1295 quo-

123 1319 198 1359 que
222 1306 385 1344 radicem
410 1306 521 1344 bonae
547 1306 785 1356 cogitationis
804 1318 1035 1342 amarescere
1062 1305 1118 1342 fa-

123 1366 207 1404 ciat.
224 1370 279 1404 De
289 1366 346 1404 his
361 1366 506 1403 insidiis
520 1366 765 1416 conqueritur
782 1365 950 1402 Psalmus
968 1380 975 1401 :
993 1368 1036 1400 In
1052 1370 1118 1402 υῖα

120 1426 191 1461 Ιιαι·
215 1439 289 1474 qua
308 1425 571 1469 ambulabam,
597 1425 866 1460 absconderunt
887 1425 1039 1473 superbi
1059 1428 1119 1460 la-

123 1499 254 1535 queum
274 1487 367 1521 milei
385 1491 412 1522 ¹.
434 1488 465 1523 Ο
480 1485 612 1535 quanti
628 1485 706 1522 istis
725 1485 866 1533 laqueis
884 1485 982 1534 capti
998 1493 1036 1521 et
1051 1484 1119 1521 de-

122 1545 222 1594 cepti
247 1542 362 1582 sunt!
384 1544 449 1594 qui
474 1544 576 1581 bona
597 1543 749 1593 quidem
782 1543 878 1580 bene
904 1544 1115 1589 initiantes,

124 1603 275 1641 tandem
306 1602 557 1641 exterioribus
586 1602 878 1653 cogitationibus
907 1603 1120 1640 accedenti-

124 1661 219 1709 bus,
250 1663 438 1713 propositi
469 1663 525 1699 sui
553 1662 815 1699 rectitudinem
849 1662 1117 1709 deseruerunt,

124 1723 284 1760 omnino
305 1722 492 1773 perversi3
521 1730 559 1758 et
586 1735 655 1772 per
674 1721 774 1759 bona
803 1735 918 1771 opera
949 1735 1034 1768 sua,
1060 1722 1119 1758 vel

123 1781 296 1828 divitias,
326 1782 386 1819 vel
409 1782 598 1827 honores,
630 1782 688 1818 vel
717 1782 930 1831 voluptates
956 1790 1120 1818 terrenas

1183 1127 1287 1164 ribus
1322 1128 1473 1164 ferculis
1504 1136 1541 1164 et
1573 1128 1788 1176 exquisitis,
1820 1128 2006 1177 voluptati
2036 1129 2179 1164 ventris

1183 1187 1310 1237 potius
1330 1200 1441 1236 quam
1464 1186 1637 1231 utilitati,
1660 1187 1718 1223 vel
1740 1186 1877 1223 divinae
1905 1187 2091 1223 voluntati
2112 1186 2181 1222 de-

1185 1247 1376 1292 serviunt3
1403 1259 1676 1295 nonnunquam
1694 1246 1804 1282 etiam
1826 1247 2005 1296 pecunias
2023 1259 2182 1295 congre-

1184 1318 1271 1355 gare
1299 1306 1496 1351 dicuntur,
1519 1318 1597 1341 non
1631 1314 1673 1342 ut
1703 1305 1960 1355 spiritualibus
1996 1305 2080 1342 filiis
2113 1317 2181 1341 ne-

1184 1366 1361 1410 cessaria,
1388 1365 1453 1401 sed
1479 1373 1520 1401 ut
1542 1364 1756 1401 carnalibus
1776 1366 1964 1415 nepotulis
1987 1373 2023 1401 et
2052 1365 2180 1401 amicis

1184 1425 1374 1475 superflue
1401 1424 1542 1474 aliquid
1576 1424 1804 1473 largiantur!
1837 1428 1867 1462 O
1897 1425 2039 1460 utinam
2073 1437 2181 1459 men-

1185 1484 1270 1529 tiar,
1293 1484 1453 1520 Domine
1469 1487 1576 1529 Jesu,
1599 1484 1742 1520 utinam
1765 1484 1947 1529 mentiar,
1966 1492 2006 1520 ut
2023 1496 2081 1519 me
2097 1483 2179 1520 solo

1185 1544 1414 1589 mentiente,
1448 1556 1578 1580 omnes
1618 1543 1657 1579 in
1695 1543 1919 1580 rectitudine.
1955 1551 1991 1579 et
2022 1543 2179 1580 veritate

1184 1603 1399 1653 persistant.

1243 1663 1304 1699 72.
1338 1662 1452 1699 Vobis
1475 1671 1598 1699 autem
1613 1692 1622 1709 ,
1645 1676 1667 1699 ο
1689 1663 1850 1712 virgines
1874 1662 2029 1707 Christi,
2051 1662 2180 1698 humi-

1185 1722 1297 1758 litatis
1319 1722 1496 1758 virtutem
1512 1750 1521 1767 ‚
1550 1735 1663 1771 quam
1692 1722 1827 1772 saepius
1848 1730 1982 1758 vestr-“e
2008 1720 2180 1757 charitati

1186 1781 1516 1828 commendamus,
1551 1782 1596 1818 ad
1617 1782 1806 1832 propositi
1833 1781 1952 1818 nostri
1987 1780 2181 1817 rectitudi-

122 1841 238 1878 semel
260 1841 410 1891 adepti,
431 1842 562 1891 primae
581 1841 801 1878 intentionis
821 1849 908 1877 sunt
934 1841 1060 1888 obliti,
1082 1850 1120 1878 et
1137 1844 1163 1878 C
1184 1854 1269 1878 nem
1286 1855 1355 1892 pro
1373 1842 1533 1877 maxima
1555 1850 1661 1891 parte
1680 1850 1856 1891 putamus
1874 1841 2058 1878 sufficere.
2080 1844 2180 1877 Dum

121 1899 224 1938 aliud
247 1913 360 1950 quam
387 1904 508 1937 Deum
536 1908 768 1950 quaerentes,
800 1900 1009 1937 idololatrae
1034 1901 1119 1937 faeti

120 1968 225 2006 sunt,
245 1960 335 1997 dum
352 1960 508 2010 gloriam
526 1959 822 2009 incorruptibilis
835 1960 922 2007 Dei,
941 1961 1005 2010 qui
1018 1961 1120 1997 solus

122 2020 308 2071 gloriosus
327 2029 402 2066 est,
427 2028 464 2057 et
485 2020 587 2057 solus
604 2019 849 2069 quaerendnS,
879 2029 1121 2057 mutaverunt

123 2079 163 2116 in
192 2078 477 2117 similitudinem
501 2079 724 2125 volucrum,
750 2077 954 2115 bestiarum
978 2088 1014 2116 et
1040 2092 1119 2116 ser-

124 2147 280 2189 pentum
294 2143 318 2174 ².
336 2138 538 2187 Quomodo
556 2139 594 2175 in
613 2138 896 2175 similitudinem
918 2138 1117 2175 volucrum

124 2206 272 2234 mutant
290 2198 446 2247 gloriam
465 2198 559 2235 Dei?
573 2198 669 2246 Quia
684 2197 784 2234 bona
800 2210 916 2247 opera
933 2210 1018 2244 sua,
1036 2211 1120 2247 quae

121 2257 227 2307 prius
241 2257 287 2294 ad
307 2257 464 2307 gloriam
485 2256 551 2293 Dei
570 2257 690 2293 facere
706 2257 972 2303 intenderunt,
993 2258 1119 2293 inten—

123 2317 237 2354 tionis
261 2316 483 2353 rectitudine
503 2324 732 2353 commutata
758 2329 829 2365 pro
857 2329 954 2352 vana
984 2316 1117 2353 mundi

121 2376 242 2428 gloria
272 2376 393 2413 facere
413 2375 601 2412 laborant.
630 2379 700 2412 Per
722 2376 898 2412 volucres
921 2376 1039 2421 enim,
1063 2376 1117 2412 le—

120 2449 186 2473 ves
202 2445 239 2473 et
257 2435 466 2482 instabiles,
483 2444 520 2472 et
537 2436 609 2472 alta
625 2444 813 2485 petentes,
831 2449 928 2472 vana
948 2437 1115 2486 liguran-

122 2505 195 2534 tur.
223 2496 391 2534 Gloriam
414 2496 482 2533 Dei
504 2504 652 2532 mutant
679 2496 715 2532 in
741 2495 1024 2532 similitudinem
1051 2495 1118 2531 be-

120 2557 294 2602 stiarum,
312 2556 377 2605 qui
391 2555 490 2592 bona
510 2569 644 2606 opera,
661 2569 729 2606 per
744 2569 826 2606 quae
843 2556 946 2605 prius
961 2556 1115 2606 gloriam

1185 1902 1284 1939 enini
1301 1902 1336 1938 in
1356 1909 1494 1938 tantam
1512 1902 1747 1938 altitudinem
1768 1902 1942 1939 castitatis
1957 1900 2178 1944 ascenditis;

1185 1960 1331 1998 laborat
1342 1961 1578 1998 adversarius
1591 1970 1713 1998 vester
1724 1969 1888 2008 satanas,
1910 1970 1952 1997 ut
1968 1973 2035 1996 vos
2049 1959 2096 1996 ab
2118 1959 2180 1995 illa

1185 2022 1371 2058 deflectat.
1389 2022 1531 2059 Clamat
1548 2022 1647 2058 enim
1669 2021 1777 2059 nobis
1795 2035 1892 2071 saepe
1907 2049 1916 2067 ,
1938 2021 2014 2057 imo
2031 2032 2180 2069 semper

1185 2082 1491 2132 suggeritvocem
1508 2081 1759 2128 illam,dicens
1771 2097 1778 2118 :
1792 2085 1991 2118 Incurvare
2011 2090 2051 2116 ut
2063 2089 2181 2116 trans-

1185 2155 1314 2178 eamus
1328 2141 1356 2179 3.
1379 2141 1477 2188 Quid
1499 2150 1572 2186 est,
1597 2144 1823 2178 Imm-vare?
1846 2143 1969 2179 Flecte
1996 2139 2180 2176 intentio·

1185 2213 1270 2237 nem
1286 2209 1385 2237 tuam
1402 2201 1446 2237 ad
1464 2209 1624 2246 terrena,
1645 2215 1757 2250 quam
1776 2201 1821 2238 ad
1836 2201 1996 2237 coelestia
2013 2199 2178 2242 erexisti,

1186 2268 1227 2296 ut
1247 2268 1370 2309 pateat
1386 2259 1495 2296 nobis
1513 2261 1690 2297 transitus
1707 2269 1840 2311 perte,
1859 2269 1899 2297 ut
1913 2259 2179 2296 conculcemus

1186 2328 1234 2356 te.
1255 2323 1308 2356 Ne
1334 2320 1547 2356 consentias
1570 2320 1724 2356 inimico
1747 2328 1830 2364 tuo,
1859 2333 1881 2356 o
1909 2319 2032 2355 anima
2063 2325 2177 2361 casta,

1182 2379 1290 2428 virgo
1307 2378 1460 2423 Christi,
1479 2379 1597 2415 amica
1612 2379 1740 2428 sponsi
1754 2379 1825 2424 tui,
1838 2379 1945 2415 amici
1963 2377 2015 2414 tui
2029 2389 2181 2427 sponsa,

1183 2452 1230 2476 ne
1252 2439 1484 2484 consentias,
1511 2447 1553 2474 ut
1583 2451 1630 2474 ne
1651 2438 1872 2475 incurveris
1892 2442 1974 2475 Hoc
1994 2445 2062 2481 est,
2089 2436 2180 2472 nihil

1183 2506 1373 2533 terrenum
1403 2509 1568 2545 quaeras,
1594 2510 1670 2533 non
1709 2497 1837 2533 laudes
1871 2497 2052 2532 humanas
2065 2524 2073 2540 ‚
2103 2506 2179 2530 non

1182 2555 1348 2592 honores
1364 2583 1373 2600 ,
1395 2568 1470 2591 non
1493 2555 1643 2591 divitias
1665 2564 1833 2592 terrenas
1851 2571 1858 2592 :
1876 2555 1963 2604 qnia
1979 2555 2008 2590 si
2031 2553 2077 2590 ad
2101 2553 2180 2589 hcec

122 2616 190 2653 Dei
207 2615 471 2660 intenderunt,
492 2624 674 2665 praeterea
695 2628 765 2664 pro
787 2616 908 2652 carnis
925 2615 1116 2665 implenda
1132 2621 1166 2654 D
1184 2616 1448 2660 declinaveris,
1474 2615 1646 2651 transibit
1672 2629 1741 2665 per
1765 2625 1799 2652 tc
1823 2615 1983 2651 mendax
2015 2614 2097 2658 ille,
2126 2620 2180 2648 te—

120 2676 316 2725 voluptate
333 2676 484 2711 faciunt.
505 2678 574 2711 Per
592 2673 727 2711 bestias
743 2675 842 2711 enirn
865 2688 948 2723 quae
971 2683 1117 2712 tantum

122 2748 207 2785 quae
224 2735 347 2772 carnis
357 2742 442 2771 sunt
459 2743 683 2783 sequuntur,
699 2735 874 2784 voluptas
889 2734 1116 2784 designatur.

123 2796 290 2832 Gloriam
317 2807 407 2831 vcro
434 2794 502 2830 Dei
523 2795 559 2830 in
585 2794 868 2830 similitudinem
898 2803 1117 2843 serpentum

121 2862 373 2899 commutant,
387 2854 451 2902 qui
469 2853 568 2890 bona
588 2867 703 2903 opera
719 2867 802 2902 quse
820 2867 890 2903 pro
906 2853 1118 2891 coelestibus

122 2923 265 2952 tantum
276 2913 428 2960 divitiis,
444 2922 479 2951 ct
492 2927 561 2963 pro
573 2915 688 2963 gloria
705 2915 770 2951 Dei
784 2914 1023 2964 adipiscenda
1037 2915 1116 2950 lieri

121 2974 322 3019 deberent,
347 2983 548 3024 propterea
570 2983 795 3023 operantur,
824 2982 863 3010 ut
890 2988 936 3009 ex
959 2974 1017 3010 his
1038 2983 1115 3010 ter-

123 3047 231 3071 renas
244 3034 392 3070 divitias
409 3043 699 3083 consequantur.
720 3038 789 3070 Per
805 3042 996 3083 serpentes
1014 3035 1114 3071 enini

123 3094 187 3144 qui
210 3102 345 3130 terrani
375 3093 600 3138 comedunt,
632 3093 875 3142 designantur
903 3093 1003 3129 avari
1019 3121 1028 3137 ‚
1051 3095 1116 3142 qui

123 3162 266 3190 tantum
287 3152 390 3189 lucra
411 3160 558 3188 terrena
579 3161 810 3202 sequuntur,
828 3161 863 3188 et
887 3153 1020 3189 anima:
1041 3165 1116 3189 sua:

122 3220 292 3248 ventrem
313 3212 472 3261 cupiunt
487 3211 657 3261 implere.

1184 2690 1258 2725 que
1276 2674 1511 2711 conculcabit
1529 2684 1563 2711 et
1580 2684 1725 2723 premet
1739 2688 1780 2711 ac
1796 2675 1908 2711 elidet
1926 2682 1978 2719 te,
1998 2681 2033 2709 et
2047 2672 2179 2721 juguni

1184 2734 1391 2784 iniquitatis
1421 2746 1495 2769 sure
1518 2733 1756 2782 importabile
1779 2742 1895 2783 ponet
1925 2745 2038 2782 snper
2064 2740 2122 2775 te,
2152 2731 2180 2766 si

1184 2794 1366 2842 abjeceris
1389 2793 1523 2842 juguni
1543 2794 1677 2830 Christi
1701 2794 1782 2830 lex-c
1803 2802 1837 2829 et
1864 2806 1989 2829 suave.
2017 2795 2048 2828 Ο
2065 2804 2179 2840 qnam

1184 2854 1385 2898 insensati,
1410 2853 1473 2902 qui
1498 2853 1760 2888 rectitudinem
1788 2852 2007 2888 intentionis
2028 2863 2103 2886 sna¹
2129 2850 2181 2885 sic

1184 2915 1407 2957 incurvant,
1428 2921 1467 2948 ut
1485 2913 1667 2961 accipiant
1689 2913 1793 2948 illuni
1811 2912 2041 2948 teterrimum
2060 2918 2095 2945 ct
2110 2909 2180 2945 ini-

1184 2974 1405 3023 quissimum
1437 2980 1622 3017 satanam,
1653 2986 1835 3009 seswrcni
1867 2984 1997 3013 snum,
2034 2968 2178 3018 abjecto

1184 3033 1248 3068 illo
1270 3031 1525 3081 pulcherrimo
1542 3041 1577 3067 et
1597 3032 1744 3081 optimo
1775 3033 1898 3082 primo
1930 3039 2074 3068 rectore
2097 3032 2178 3065 Do-

1184 3092 1287 3127 mino
1313 3095 1400 3127 Jesn
1416 3120 1424 3135 ,
1445 3091 1571 3139 cujus,
1599 3100 1637 3127 ut
1660 3093 1738 3141 ipse
1766 3092 1914 3133 asserit,
1935 3091 2070 3139 juguni
2092 3102 2179 3125 sna-

1182 3151 1376 3187 vissimum
1395 3158 1468 3195 est,
1490 3159 1525 3186 et
1546 3163 1642 3187 onus
1664 3151 1894 3188 levissimum
1909 3151 1942 3185 ⁴!

173 3345 180 3359 ¹
199 3339 277 3370 Psal.
299 3349 394 3377 «ιω,
418 3340 455 3375 4,
473 3345 502 3370 ct
520 3350 620 3369 cxxix
634 3363 642 3377 ,
660 3344 690 3370 6.
710 3358 748 3362 ——
770 3344 780 3359 ²
803 3343 892 3370 Rom.
913 3350 942 3377 ι,
965 3343 1017 3371 523.
1036 3358 1072 3362 -
1101 3337 1114 3360 3
1134 3339 1204 3370 lsai.
1225 3350 1255 3369 ιι
1269 3362 1276 3372 ,
1298 3341 1351 3368 123.
1371 3356 1407 3359 --
1430 3338 1443 3362 ⁴
1464 3336 1575 3368 Manli.
1600 3348 1648 3373 xi,
1668 3343 1721 3368 (w.
