2504 3928
364 213 436 244 issi

1085 209 1318 244 (itlooixls
1346 209 1684 244 tlfxn't‘tsttihsls

2331 206 2350 241 li
2357 205 2402 240 84

359 287 428 319 trio
457 286 677 327 beatorum3
703 294 735 319 vt
755 313 762 323 ,
797 285 842 319 ad
866 284 1126 320 contusionem
1161 283 1346 334 reprobo·
1367 287 1392 320 Α
1412 291 1470 319 cta
1503 291 1539 317 et
1566 281 1734 330 jucunda
1760 280 1998 316 tabernacula
2031 279 2204 325 Domini,
2237 287 2273 316 et
2293 292 2405 329 quam

358 355 460 385 rum,
494 352 593 378 tauta
625 343 696 378 erit
724 354 855 377 eorum
878 340 1053 386 libertas,
1081 350 1221 390 quauta
1242 342 1355 379 fuerit

362 400 523 436 habendi
543 402 729 437 voluutas.

417 462 452 495 8.
486 464 603 496 Beatae
624 460 734 509 igitur
756 459 915 495 libertati
936 467 971 495 et
993 467 1066 496 tam
1093 459 1218 496 libera·
1236 459 1354 496 beati·

366 517 483 553 tudini
499 517 738 554 comitabitur
754 518 960 565 gratissima
973 518 1121 554 sanitas.
1132 519 1276 555 Sanitas
1290 519 1354 555 ita-

366 590 436 624 que
451 578 518 612 erit
538 591 683 625 magua,
699 578 875 626 quoniam
894 577 1079 625 absterget
1094 581 1353 614 Deusomnem

368 635 567 681 lacrymatu
589 635 635 671 ab
654 636 770 671 oeulis
789 644 1002 671 sauctorum
1017 664 1026 680 ‚
1044 635 1167 684 etjam
1187 649 1263 671 non
1284 636 1354 671 erit

367 694 528 742 amplius
557 708 678 744 neque
706 695 847 738 luctus,
869 707 990 742 neque
1019 694 1179 740 clamor,
1200 694 1263 731 sed
1287 708 1354 730 nec

366 753 463 788 ullus
488 753 618 799 dolor,
636 754 814 802 quoniam
837 754 961 802 priora
985 754 1213 789 transierunt
1230 760 1253 790 ¹.
1282 754 1355 801 Qui

367 825 456 847 vero
487 811 582 848 bene
608 813 846 849 considerare
872 813 1054 857 voluerit,
1073 813 1172 849 nulla
1192 813 1355 862 perfecta

365 879 416 905 est
441 871 475 906 in
500 870 608 907 uobis
632 872 667 907 in
691 872 864 921 prsescnti
883 872 1019 907 saeculo
1036 871 1186 908 sanitas.
1207 875 1299 908 Nam
1319 871 1354 907 in

367 928 543 965 omnibus
576 929 831 966 membrorum
862 938 1077 965 nostrorum
1106 929 1295 978 partibus,
1329 930 1356 965 si

368 989 569 1036 aliquando
591 989 722 1025 durius
743 990 828 1025 tacti
847 989 1046 1032 suerimuS,
1068 989 1252 1033 dolemus,
1269 1002 1357 1025 con-

1421 342 1554 377 melior
1576 349 1630 377 cst
1657 340 1736 377 dies
1758 352 1830 376 una
1869 339 1906 376 iu
1932 339 2035 375 atriis
2056 339 2263 375 Jerusalem
2295 351 2408 388 super

1423 401 1547 437 millia.
1581 400 1760 448 Voluptas
1790 412 1879 447 ergo
1915 398 2076 435 maxima
2102 398 2198 441 erit,
2241 405 2278 434 et
2311 410 2409 434 cun-

1421 468 1500 496 etos
1534 458 1781 495 immensitate
1805 456 2051 506 jucunditatis
2078 455 2287 492 inebriabit.
2316 459 2408 493 Pro-

1422 519 1532 567 pheta
1547 529 1708 565 namque
1721 516 1855 551 elamat
1869 530 1877 551 :
1895 513 2234 550 Iucbriubtmtm·ab
2246 513 2410 550 ubertate

1420 581 1548 613 dumus
1582 586 1679 618 law,
1719 584 1752 610 ιί
1784 583 1940 610 torrente
1975 577 2174 621 voluptatis
2202 582 2277 608 111oe
2299 582 2410 620 pota·

1421 637 1474 672 bis
1499 649 1582 678 eos,
1611 638 1785 682 quoniam
1807 635 1912 680 apud
1931 642 1966 668 lc
1986 631 2143 679 enfans
2168 634 2258 668 vitoe
2270 632 2296 668 ⁴.
2314 634 2410 668 Vere

1423 694 1601 731 mirabilis
1629 693 1790 729 ebrietas
1815 692 1898 736 illa,
1937 690 2115 727 mirabilis
2151 690 2212 726 illa
2241 689 2410 736 ubertas,

1423 753 1600 790 mirabilis
1625 761 1679 788 est
1699 752 1835 788 domus
1860 751 1945 796 illa3
1975 758 2104 800 utpote
2132 750 2231 786 enim
2265 758 2411 788 torrens

1423 811 1693 863 praeeipitando
1722 811 1863 848 defluit.
1885 810 1944 849 Sic
1968 808 2182 846 admirabili
2211 809 2411 846 dulcedine

1423 873 1557 909 domus
1577 884 1652 908 suae
1676 883 1743 907 nos
1769 873 1868 906 Deus
1896 869 2140 918 omnipotens
2161 867 2332 917 replebit.
2366 872 2411 906 Et

1423 932 1510 981 quia
1527 931 1742 980 exemplum
1757 930 1944 966 sufficiens
1965 936 2076 964 tantae
2092 927 2305 974 suavitatis,
2327 935 2410 964 tan-

1424 1000 1544 1040 taequc
1567 989 1795 1033 dulcedinis,
1818 989 1875 1024 vel
1899 996 2010 1024 tantae
2034 986 2214 1023 bonitatis
2241 986 2412 1024 invenire

368 1047 566 1096 festinique
589 1048 663 1084 laesi
685 1048 953 1097 conquerimur
970 1063 977 1084 z
994 1057 1030 1084 et
1044 1061 1160 1096 quare
1178 1048 1248 1085 hoc
1263 1076 1272 1093 ,
1289 1048 1356 1083 nisi
1377 1055 1404 1088 B
1422 1050 1620 1099 nequimus
1638 1064 1648 1094 ;
1689 1047 1975 1085 consideremus
2018 1046 2189 1082 dolorem
2225 1045 2407 1082 amarissi-

365 1107 453 1155 quia
476 1106 617 1143 debiles
647 1107 786 1156 ubique
815 1116 850 1143 et
879 1107 1016 1144 inlirmi
1042 1108 1194 1144 sumus?
1222 1107 1357 1143 Electis

365 1174 488 1201 autem
509 1167 574 1202 Dei
593 1167 694 1202 nulla
716 1166 816 1202 lfesio
835 1166 1083 1215 supervenire
1101 1165 1239 1214 poterit
1256 1180 1263 1201 :
1282 1178 1356 1201 non

367 1225 504 1261 serrum
517 1254 525 1270 ,
543 1239 617 1262 non
639 1226 755 1274 ignis,
776 1239 851 1262 non
867 1239 986 1274 aqua,
1004 1238 1080 1261 non
1097 1225 1220 1273 aliqua
1237 1224 1357 1260 malo-

368 1299 448 1321 rum
475 1286 616 1322 mentio
642 1286 693 1322 eis
718 1285 881 1322 nocebit.
910 1285 1018 1321 Nulla
1043 1284 1222 1320 memoria
1245 1284 1358 1320 alicu-

361 1344 423 1392 jus
446 1346 517 1390 rei,
541 1358 652 1393 quam
672 1357 800 1394 passus
825 1353 879 1381 cst
902 1344 1022 1393 quivis
1042 1356 1174 1380 eorum
1191 1372 1201 1389 ‚
1219 1356 1357 1379 nocere

366 1404 398 1439 ei
429 1404 566 1452 poterit
597 1418 604 1439 :
635 1404 813 1451 quoniam
843 1411 945 1438 tanta
964 1401 1196 1438 abundantia
1213 1400 1355 1448 jucun-

369 1461 494 1497 ditatis
513 1461 561 1496 ibi
580 1462 670 1506 erit,
695 1470 736 1497 ut
763 1461 808 1496 de
832 1461 889 1496 his
910 1459 1087 1508 quaejam
1107 1459 1355 1504 transierunt,

367 1520 467 1555 nulla
494 1520 529 1555 in
565 1519 617 1555 eis
646 1518 811 1555 turbatio
840 1519 974 1554 mentis
1003 1531 1047 1554 ex
1077 1518 1355 1566 praeteritorum

366 1577 625 1614 recordatione
654 1578 732 1614 lieri
764 1578 895 1626 possit.
924 1581 1043 1614 Porro
1071 1576 1175 1626 quod
1204 1576 1358 1620 dicitur,

367 1637 523 1673 §rabant
545 1638 640 1682 J'usti
683 1641 719 1672 ιή
760 1650 900 1686 magna
943 1640 1152 1672 constcmticz
1187 1638 1361 1671 adversus

365 1710 424 1732 eos
453 1701 516 1744 qui
543 1710 582 1731 se
614 1701 919 1745 angustiaverunt
948 1703 988 1742 ²;
1014 1709 1090 1732 non
1121 1696 1193 1732 boc
1222 1695 1357 1731 facient

365 1764 523 1804 propter
541 1768 617 1792 suae
634 1754 781 1803 injuriae
801 1755 1002 1791 vindictam
1018 1782 1029 1800 ,
1048 1754 1111 1790 sed
1127 1754 1253 1803 potius
1268 1767 1357 1803 pro-

1424 1123 1524 1146 mum
1547 1122 1658 1158 quem
1688 1116 1774 1144 sunt
1804 1106 1966 1144 habituri
1994 1104 2167 1154 reprobi,
2190 1112 2323 1141 contra
2344 1103 2411 1153 ju-

1423 1169 1687 1206 cundissimam
1706 1166 1927 1203 suavitatem
1945 1177 2058 1213 quam
2078 1161 2274 1199 habebunt
2301 1161 2412 1212 probi

1423 1235 1459 1263 et
1478 1240 1564 1263 vere
1581 1225 1690 1263 beati.
1712 1228 1828 1262 Porro
1844 1224 1873 1260 si
1890 1224 1974 1272 quis
1991 1222 2081 1259 mihi
2093 1221 2276 1271 pupillam
2293 1221 2412 1270 ignito

1424 1288 1523 1322 ferro
1543 1286 1775 1334 perforaret,
1797 1297 1871 1320 non
1893 1282 2084 1319 modicum
2104 1280 2274 1317 dolorem
2295 1278 2412 1316 habe-

1423 1358 1500 1381 rem
1538 1359 1545 1380 :
1587 1352 1625 1380 et
1654 1343 1684 1379 si
1717 1343 1826 1379 aliam
1853 1340 1966 1378 simili
2000 1346 2189 1376 tormento
2217 1338 2409 1386 infigeret,

1423 1404 1542 1440 multo
1565 1402 1745 1451 majorem
1775 1401 1945 1438 dolorem
1979 1399 2214 1436 sustinerem.
2240 1395 2364 1444 Quod
2382 1396 2410 1432 si

1422 1474 1490 1511 per
1509 1461 1635 1497 omnia
1655 1459 1821 1496 membra
1837 1458 1966 1495 eadem
1988 1457 2079 1493 mihi
2102 1469 2212 1506 poena
2233 1457 2359 1501 lieret,
2375 1463 2412 1491 et

1424 1521 1523 1556 idem
1550 1519 1660 1556 dolor
1691 1531 1750 1554 me
1778 1517 1918 1566 ubique
1949 1524 2110 1561 teneret,
2142 1514 2253 1564 quid,
2280 1522 2413 1563 putas,

1425 1579 1514 1616 mihi
1542 1580 1662 1616 esset?
1691 1581 1825 1615 Nonne
1857 1584 1960 1613 tanto
1988 1575 2119 1612 dolore
2143 1582 2294 1610 coactus
2314 1573 2414 1609 insa-

1426 1639 1571 1675 nirem?
1597 1650 1723 1674 nonne
1749 1637 1898 1686 penitus
1918 1635 2072 1672 alterius
2101 1633 2237 1670 mentis
2264 1633 2416 1669 fierem?

1426 1711 1509 1734 cum
1527 1710 1586 1733 me
1600 1697 1749 1733 flamma
1763 1695 1930 1745 undique
1942 1693 2123 1730 lamberet
2136 1720 2146 1738 ‚
2163 1690 2416 1735 combureret,

1423 1756 1529 1806 cujus
1556 1756 1746 1792 memoriae
1775 1756 1897 1792 anima
1925 1766 2008 1790 mea
2036 1754 2165 1789 fieret?
2197 1752 2255 1790 Sic
2287 1751 2417 1800 utique

366 1822 451 1863 pter
483 1814 549 1850 1)ϋί
568 1813 750 1861 justitium
774 1814 810 1849 in
829 1826 903 1862 qua
924 1822 1011 1849 tunc
1033 1812 1178 1848 robusti
1209 1825 1252 1848 ac
1281 1820 1359 1848 sta·
1380 1817 1407 1852 C
1425 1830 1494 1853 suo
1515 1815 1630 1852 modo
1651 1814 1883 1864 replebimur
1905 1812 2144 1862 jucunditate
2164 1824 2185 1847 a
2211 1810 2302 1846 facie
2323 1809 2415 1852 Dei,

365 1872 460 1908 biles
481 1870 722 1907 videbuntur.
742 1875 827 1920 Ipsa
846 1871 987 1920 quippe
1003 1872 1071 1908 Dei
1089 1870 1245 1919 justitia,
1264 1871 1359 1907 sieut

369 1931 479 1968 bonis
494 1931 565 1967 erit
588 1931 707 1967 dulcis
723 1939 760 1967 et
783 1932 890 1967 firma
912 1931 1146 1974 constantia,
1178 1930 1229 1966 sic
1252 1930 1359 1966 malis

365 1991 435 2027 crit
451 1989 604 2034 acerba,
625 1999 661 2026 ct
675 1990 907 2026 confusionis
928 1989 1114 2026 moestitia.
1133 1992 1215 2025 Hoc
1235 1997 1360 2025 autem

368 2049 493 2085 videat
521 2049 584 2098 qui
617 2053 696 2086 Deo
728 2049 876 2098 placere
905 2048 1113 2093 desiderat,
1141 2056 1183 2084 ut
1207 2061 1252 2084 ex
1284 2056 1362 2084 toto

367 2122 442 2145 suae
463 2108 609 2157 injurife
633 2108 685 2144 illi
706 2107 910 2144 vindictam
932 2107 1158 2152 committat,
1180 2119 1265 2143 cum
1285 2106 1365 2156 ipse

369 2168 467 2204 dicat
485 2183 492 2204 :
513 2168 611 2202 Mihi
628 2169 848 2210 vitulinam,
871 2181 936 2216 ego
953 2166 1153 2202 retrIbuam
1176 2164 1202 2202 3:
1221 2166 1258 2203 Si
1274 2178 1366 2201 vero

371 2227 612 2275 semetipsum
635 2226 828 2262 vindicare
846 2226 1020 2274 coeperit,
1040 2224 1227 2261 vindicem
1244 2227 1365 2260 Deum

373 2287 538 2336 ejusdem
564 2286 712 2335 injuriae
734 2299 971 2335 nequaquam
992 2284 1166 2331 babebit,
1187 2285 1365 2334 quoniam

377 2346 529 2395 quidem
555 2347 654 2382 illam
684 2359 799 2395 super
825 2360 863 2382 sc
888 2353 1189 2395 praesumptuose
1211 2344 1364 2393 accepit.

375 2405 442 2442 Cui
473 2404 570 2440 dicet
602 2404 787 2440 Dominus
820 2419 828 2440 ε
862 2404 957 2450 Quia
995 2403 1159 2439 maluisti
1187 2411 1220 2438 te
1244 2403 1373 2452 ipsum⁴

376 2463 568 2499 vindicare
583 2492 592 2509 ,
629 2477 741 2512 quam
778 2476 836 2499 me
869 2470 1086 2512 exspectare
1101 2489 1110 2506 ,
1141 2474 1218 2497 non
1256 2461 1369 2497 debes

378 2522 515 2558 amodo
539 2535 597 2557 me
621 2522 667 2558 de
691 2522 854 2558 vindicta
869 2522 1121 2570 interpellare.
1143 2521 1179 2558 Si
1196 2533 1286 2556 vero
1303 2521 1369 2556 Dei

1426 1873 1681 1911 saturabimur
1694 1873 1741 1909 ab
1759 1873 1930 1910 ubertate
1948 1871 2084 1908 domus
2103 1869 2192 1915 Dei,
2213 1866 2418 1905 inebriabi-

1427 1947 1511 1970 mur
1530 1947 1551 1969 a
1572 1941 1738 1969 torrente
1755 1931 1961 1981 voluptatis
1980 1931 2058 1967 sive
2078 1928 2287 1965 dulcedinis
2303 1927 2419 1976 ipsius

1426 1993 1590 2029 Domini.
1603 1991 1836 2041 Temporalis
1853 1990 2004 2040 quidem
2021 1988 2218 2026 delectatio
2228 1987 2287 2024 vel
2304 1995 2423 2023 trans-

1402 2090 1413 2098 ,
1428 2051 1539 2088 itoria
1560 2051 1755 2100 voluptas,
1783 2051 1819 2087 in
1841 2049 2008 2099 qualibet
2027 2047 2199 2097 corporis
2223 2054 2330 2097 parte
2355 2058 2422 2082 so-

1431 2109 1626 2147 lummodo
1648 2110 1828 2156 sentitur3
1847 2110 1911 2146 illa
1941 2121 2032 2145 vero
2050 2107 2266 2153 delectatio,
2288 2117 2424 2155 quem-

1431 2169 1635 2206 admodum
1663 2169 1782 2218 ignis,
1820 2182 1888 2218 per
1925 2176 2045 2205 totum
2079 2166 2275 2212 sentietur,
2307 2166 2358 2203 ita
2386 2173 2425 2201 et

1432 2242 1500 2278 per
1520 2241 1651 2265 omnes
1674 2236 1799 2277 partes
1824 2227 1994 2276 corporis
2017 2235 2054 2263 et
2073 2226 2207 2263 animae
2227 2224 2424 2262 sentietur.

1432 2287 1546 2336 Quasi
1565 2287 1664 2323 enim
1691 2295 1812 2324 totum
1840 2299 1978 2335 corpus
1998 2287 2044 2322 sit
2065 2285 2171 2334 gula,
2188 2285 2241 2321 sic
2259 2284 2426 2321 delecta-

1433 2346 1536 2382 bitur
1552 2355 1679 2382 sancta
1698 2347 1758 2382 illa
1775 2345 2037 2394 jucunditate:
2059 2344 2088 2380 si
2105 2344 2205 2381 enim
2225 2342 2312 2379 mali
2328 2342 2426 2378 male

1434 2404 1626 2442 habebunt
1646 2409 1682 2441 in
1706 2404 1882 2441 omnibus
1902 2404 1977 2440 suis
1998 2402 2189 2452 partibus,
2213 2402 2302 2451 quia
2328 2400 2427 2437 bene

1433 2477 1541 2512 agere
1558 2464 1784 2509 noluerunt;
1807 2463 1926 2500 multo
1938 2461 2079 2510 justius
2095 2460 2186 2498 boni
2204 2460 2300 2498 benc
2313 2459 2426 2497 habe-

1434 2522 1530 2559 bunt
1558 2523 1595 2559 in
1628 2523 1804 2560 omnibus
1824 2521 1993 2572 partibus
2013 2522 2147 2559 animae
2168 2529 2205 2557 et
2231 2520 2426 2570 corporiS,

379 2581 577 2617 consilium
605 2588 773 2624 secutus,
804 2579 1007 2616 vindictam
1032 2578 1289 2628 suspenderit,
1313 2579 1366 2615 se·
1384 2583 1416 2618 D
1433 2581 1520 2630 quia
1542 2580 1637 2618 bene
1657 2589 1824 2629 egerunt.

381 2641 431 2676 lix
444 2640 515 2675 erit
535 2652 541 2673 :
559 2639 646 2687 quia
667 2640 768 2675 nulla
786 2639 943 2683 offensa,
964 2639 1065 2675 nulla
1079 2638 1112 2674 ei
1127 2638 1197 2674 erit
1213 2645 1367 2686 egestas,

382 2698 482 2735 nulla
509 2696 764 2742 imbecillitas,
788 2697 852 2734 sed
873 2710 962 2734 sana
988 2697 1160 2743 felicitas,
1181 2704 1218 2732 et
1236 2695 1371 2732 felicis-

384 2758 475 2794 sima
493 2756 643 2792 sanitas.

437 2818 472 2853 9.
492 2818 579 2852 Haec
599 2828 682 2865 quae
701 2815 799 2852 dicta
818 2823 926 2861 sunt,
942 2814 1051 2851 valde
1066 2813 1165 2851 bona
1185 2823 1292 2860 sunt;
1310 2813 1374 2851 sed

383 2877 413 2912 si
439 2888 612 2925 saporem
642 2888 717 2910 non
746 2874 906 2920 liabent,
935 2874 1042 2923 quasi
1071 2873 1224 2923 penitus
1252 2873 1376 2910 infru-

385 2944 513 2971 ctuosa
534 2943 622 2970 sunt
646 2947 653 2968 ε
676 2934 704 2970 si
725 2942 847 2970 autem
878 2946 1051 2982 saporem
1083 2931 1284 2977 haberent,
1316 2932 1375 2968 in-

385 2991 689 3041 comparabiliter
725 2991 824 3027 bona
853 2999 987 3028 essent.
1017 2991 1232 3028 Necessario
1263 2990 1376 3040 igitur

386 3050 505 3086 aderit
524 3049 722 3098 voluptas,
745 3062 830 3097 quae
857 3048 973 3085 beatis
1004 3049 1076 3086 illis
1102 3061 1275 3098 saporem
1309 3049 1375 3084 tri-

384 3109 492 3153 buat,
519 3117 560 3144 ut
581 3109 727 3157 sapiant
746 3116 783 3144 et
804 3109 1009 3157 intelligant
1040 3121 1152 3157 quam
1173 3109 1247 3145 sint
1277 3108 1373 3145 dile-

1495 2641 1550 2676 10.
1578 2639 1781 2676 Habebunt
1799 2640 1925 2689 itaque
1945 2639 2062 2676 sancti
2080 2638 2176 2674 hanc
2195 2636 2342 2674 beatam
2359 2649 2428 2673 vo-

1438 2699 1619 2748 luptatem
1633 2728 1642 2744 ‚
1663 2712 1747 2748 quae
1770 2700 1955 2736 veraciter
1970 2707 2026 2736 est
2041 2696 2272 2734 delectabilis
2289 2704 2327 2733 et
2349 2709 2428 2733 ma-

1439 2771 1510 2807 gna
1535 2757 1730 2795 beatitudo
1765 2773 1772 2795 :
1799 2758 1864 2795 sed
1895 2771 2030 2808 parum
2061 2765 2117 2794 est
2146 2756 2242 2793 hanc
2273 2763 2311 2793 et
2338 2755 2430 2792 alias

1440 2830 1553 2865 supra
1574 2816 1691 2853 dictas
1718 2817 1878 2862 habere,
1908 2818 1979 2854 nisi
2007 2829 2069 2853 eas
2088 2816 2167 2852 sine
2193 2814 2341 2851 defectu
2363 2826 2428 2851 va-

1441 2876 1539 2912 leant
1557 2876 1737 2913 ‹lt-tinere.
1764 2877 1927 2913 Accedat
1946 2877 2060 2926 igitur
2091 2873 2319 2911 diuturnitas
2344 2885 2429 2921 quae

1441 2935 1581 2971 nullius
1611 2935 1693 2971 linis
1712 2935 1819 2972 novit
1840 2943 1978 2981 metas,
1999 2934 2086 2983 quia
2113 2931 2205 2981 justi
2228 2931 2266 2968 in
2291 2943 2430 2980 perpe-

1441 3000 1544 3028 tuum
1557 2992 1686 3029 vivent
1699 2992 1724 3029 ⁵.
1737 2993 1974 3030 Diuturnitas
1992 2993 2072 3029 haec
2083 3004 2160 3028 non
2180 2990 2286 3027 novit
2302 2990 2429 3034 linem,

1439 3052 1527 3100 quia
1552 3051 1766 3098 beatitudo,
1795 3051 2060 3101 pulchritudo,
2093 3049 2292 3094 velocitas,
2325 3048 2430 3085 forti—

1441 3110 1547 3156 tudo,
1567 3109 1738 3156 libertas,
1755 3111 1892 3147 sanitas
1907 3119 1943 3146 et
1954 3110 2128 3159 voluptas
2147 3120 2224 3145 non
2238 3106 2431 3144 habebunt

438 3251 447 3268 ¹
479 3248 577 3285 Apoe.
607 3255 677 3279 xxi,
709 3248 735 3275 ἰ.
765 3262 806 3265 —
841 3250 851 3265 ¹
876 3247 947 3286 Sap.
976 3256 1008 3282 v,
1041 3249 1068 3276 1.
1096 3262 1138 3267 -—
1172 3243 1185 3266 ³
1215 3247 1305 3276 Deut.
1337 3256 1446 3283 xxxii,
1484 3251 1546 3283 352
1574 3251 1665 3280 Rom.
1695 3259 1757 3283 ιιι,
1795 3250 1845 3278 19.
1868 3265 1910 3270 —
1941 3246 1954 3273 4
1985 3245 2186 3281 Ρ531.κικν,
2223 3246 2265 3280 9,
2302 3246 2353 3275 10.
2386 3260 2430 3264 -

391 3299 402 3319 f.
424 3301 483 3339 Sap
517 3310 546 3333 v,
572 3301 619 3327 113.
