2418 3949
51 201 124 239 237

102 280 138 317 2.
170 280 242 318 Sed
273 281 360 330 quia
379 281 425 318 de
444 282 726 318 continuatione
751 283 940 331 aliquanta
957 281 1034 330 jam

723 208 770 242 IN
800 207 1025 249 CANTICA‚
1055 205 1216 239 SERMO
1246 206 1418 241 XXXIV.

1048 279 1109 298 113·

2022 214 2094 251 238

1100 280 1274 325 insultat,
1297 281 1362 316 sed
1384 282 1544 318 exsultat
1563 293 1885 333 superpeceatore
1906 288 2093 335 poeniten-

49 339 226 387 audisfis,
248 341 360 378 vultis
385 349 426 377 ut
456 350 493 377 et
517 341 562 378 de
588 341 819 377 continentia
843 353 1037 377 commen·
1053 341 1081 374 A
1102 337 1187 372 tiam
1208 345 1340 386 agente
1356 336 1382 374 3.
1409 342 1554 375 Bonum
1573 353 1662 389 ergo
1678 350 1733 377 est
1750 341 1857 379 labiis
1879 344 1959 393 ejus
1985 346 2091 382 audi-

50 398 213 436 dationis
240 399 352 449 hujus
383 400 612 437 edisseram?
643 401 728 437 Tria
757 400 928 449 quaedam
956 400 1036 435 laus

48 457 119 494 ista
146 459 430 508 complectitur;
458 459 714 505 dulcedinem,
740 458 1034 508 plenitudinem,

48 517 279 566 parcitatem.
309 518 479 555 Dulcedo
508 518 766 555 consideratur
798 517 836 553 in
875 529 1032 565 genere3

48 576 265 625 plenitudo,
297 577 334 613 in
373 577 502 626 copia;
534 577 712 626 parcitas,
755 576 794 612 in
838 575 1033 611 effusione.

49 634 149 681 Quid
186 634 406 671 effusionem
440 635 561 671 dico?
596 634 786 671 distillatio
824 633 940 682 magis
981 640 1036 668 est

49 705 162 742 quam
189 693 333 729 effusio.
364 695 484 728 Favics
507 698 604 728 enim
626 695 810 729 distillans
837 691 935 728 labia
961 701 1032 728 tua.

49 751 148 799 Quid
171 764 321 788 neeesse
340 759 396 787 est
414 752 452 787 in
472 752 703 800 assignandis
722 752 877 801 singulis
896 752 1035 788 immo-

49 810 149 846 rari?
169 811 246 859 Ipsi
269 810 370 846 enim
399 810 496 847 scitis
521 810 610 859 quia
639 811 744 847 favus
772 811 921 848 nonnisi
951 810 1035 847 dul—

47 868 215 905 cedinem
248 868 426 914 effundit,
449 881 518 905 nee
540 869 608 905 nisi
639 869 686 906 de
715 871 828 920 pleno
861 869 1034 907 effundit.

47 929 94 962 Et
119 926 166 963 de
192 926 427 976 plenitudine
447 927 599 976 quidem
617 928 720 976 ipsa,
743 941 819 964 non
840 937 954 964 totam
975 928 1035 977 ip-

47 997 137 1021 sam.
164 985 254 1022 Ideo
277 983 390 1032 savus
410 999 486 1022 non
511 986 726 1034 effundens,
758 987 822 1024 sed
851 990 1036 1023 distillans

1101 403 1178 431 tum
1208 395 1388 446 praebere.
1418 401 1507 434 Nam
1535 407 1572 435 et
1599 400 1783 436 Dominus
1810 401 1984 450 precibus
2011 403 2092 452 ejus

1100 467 1229 490 aurem
1261 456 1538 503 accommodat,
1565 458 1691 507 sieque
1721 467 1825 509 tuum
1855 471 2036 509 provocat
2055 472 2091 499 et

1099 513 1234 549 invitat
1258 514 1431 551 affectum
1447 544 1456 561 ,
1478 524 1519 551 ut
1535 517 1671 565 prodat
1696 527 1732 554 et
1753 532 1875 555 suum.
1895 524 2086 570 Loquere,

1100 585 1257 621 sponsa,
1275 574 1376 621 quod
1396 575 1578 623 loqueris,
1607 577 1694 624 quia
1714 578 1817 614 audit
1833 593 1916 615 eum
1939 580 2088 618 deside-

1100 631 1157 667 rio
1186 631 1342 668 dilectus
1371 640 1456 668 tuus
1478 634 1556 670 sive
1581 634 1831 684 disputantem
1859 639 1904 674 de
1928 653 1984 687 se,
2012 642 2089 677 sive

1100 690 1378 739 colloquentem
1397 690 1478 728 sibi.
1498 692 1568 728 Sed
1585 707 1668 729 cum
1688 695 1758 744 ipsi
1782 700 1928 744 Sponso
1953 712 2090 747 sponsa

1100 749 1289 798 loquitur,
1323 758 1413 785 tunc
1440 751 1608 799 loquitur
1648 752 1686 787 in
1725 753 1874 802 loquela
1913 756 2091 793 dulcioris

1100 808 1213 853 labii,
1240 816 1278 844 et
1308 809 1434 858 lingua
1455 810 1583 846 altera.
1612 814 1717 848 Tunc
1737 812 1860 849 cordis
1880 813 1976 850 labia
2001 829 2089 853 vere

1101 868 1210 904 mella
1247 867 1504 905 delectationis
1538 870 1677 906 stillant
1713 871 1870 917 ‹livinae;
1904 874 1981 910 imo
2015 888 2091 912 non

1102 934 1176 962 tam
1199 926 1379 963 distillant
1405 940 1516 976 quam
1542 928 1684 975 fluunt,
1708 931 1885 978 quoniam
1915 932 2006 968 hora
2031 934 2092 970 illa

1100 984 1139 1020 in
1169 985 1320 1021 melleas
1348 985 1565 1023 affectiones
1590 987 1714 1024 anima
1743 996 1818 1024 tota
1844 992 2090 1029 convertitur.

47 1043 150 1079 labia
181 1053 257 1080 tua.
292 1047 358 1080 Est
382 1057 471 1094 ergo
500 1046 536 1081 in
569 1045 674 1082 labiis
707 1059 853 1096 sponsae
881 1055 918 1082 et
948 1046 1034 1082 dul·
1056 1046 1082 1080 B
1101 1047 1211 1080 Beata
1245 1044 1484 1090 vicissitudo,
1515 1046 1668 1094 quando
1707 1047 1752 1083 de
1789 1048 1902 1084 corde
1942 1062 2090 1098 sponsae

47 1102 140 1139 cedo
156 1103 256 1149 sola,
275 1111 313 1139 et
331 1103 491 1140 dulcedo
511 1105 621 1154 plena
633 1134 642 1151 ‚
663 1114 700 1142 et
718 1106 877 1142 dulcedo
894 1104 1030 1142 sobria.

46 1162 160 1198 Plene
176 1162 329 1211 quidem
349 1162 579 1212 possidetur,
597 1164 660 1200 sed
681 1178 760 1202 non
778 1165 889 1214 plene
908 1165 1032 1201 effun-

47 1220 166 1266 ditur,
200 1221 264 1258 sed
302 1230 416 1271 prout
447 1222 659 1259 auditorum
697 1224 878 1272 capacitas
907 1224 1032 1273 exigit.

45 1279 165 1317 Vultis
191 1280 303 1316 etiam
328 1281 444 1330 ipsius
473 1294 619 1331 sponsae
647 1283 692 1319 de
725 1282 831 1320 labiis
862 1283 937 1320 suis
968 1283 1035 1319 lia-

45 1336 135 1374 bere
156 1338 436 1375 testimonium?
462 1340 582 1386 Quam
605 1343 749 1386 dulcia,
770 1342 916 1390 inquit,
941 1340 1036 1388 sau-

45 1396 145 1432 cibus
173 1401 263 1433 meis
290 1400 434 1446 eloquia
452 1402 543 1434 tua!
563 1413 675 1446 super
692 1403 767 1435 mel
784 1409 820 1436 et
833 1400 961 1448 savum
985 1404 1040 1436 ori

45 1469 125 1491 meo
145 1463 167 1492 ¹.
192 1457 322 1493 Dulcia
340 1457 492 1506 quidem
519 1467 607 1495 sunt
636 1459 733 1496 labia
763 1472 924 1509 sponsae.
948 1460 1036 1496 Elo-

44 1515 134 1563 quia
151 1516 249 1552 enim
269 1517 422 1555 Domini
441 1517 620 1554 distillant
639 1518 685 1554 ab
701 1519 766 1555 eis.
786 1519 1034 1568 Eloquiorum

44 1574 198 1611 Domini
217 1583 274 1612 est
297 1575 366 1612 ista
387 1575 560 1614 dulcedo.
583 1580 665 1614 Non
691 1579 789 1614 enim
814 1579 860 1615 de
883 1592 951 1615 suo
975 1579 1034 1614 lo-

44 1633 197 1682 quitur,
232 1634 296 1670 sed
329 1635 435 1683 quasi
462 1648 654 1673 sermones
687 1638 860 1683 Domini3
894 1637 1034 1673 idcireo

43 1690 177 1728 diffusa
194 1700 249 1728 est
262 1693 379 1741 gratia
394 1693 431 1729 in
453 1693 558 1730 labiis
575 1694 669 1742 ejus.
690 1696 858 1745 Accipite
879 1695 955 1744 jam
988 1709 1032 1731 ex

42 1757 150 1798 parte
172 1750 297 1798 qualia
319 1751 428 1787 mella
451 1752 543 1788 sacri
564 1753 670 1790 favus
696 1753 849 1790 distillat
877 1755 1031 1803 eloquii,

1098 1102 1270 1150 quaedam
1293 1103 1433 1138 fluenta
1449 1104 1568 1140 mellis
1587 1114 1763 1141 emanant
1783 1106 1820 1141 iu
1840 1107 2015 1144 dilectum
2028 1139 2036 1155 ,
2056 1119 2092 1146 et

1099 1160 1145 1197 ab
1165 1161 1247 1210 ipso
1269 1161 1482 1198 redundant
1501 1163 1538 1198 in
1557 1176 1746 1212 sponsam.
1765 1165 1822 1201 Ad
1844 1166 1966 1202 locum
1989 1170 2089 1204 enim

1100 1220 1200 1256 unde
1232 1229 1372 1257 exeunt
1398 1221 1478 1258 haee
1505 1223 1625 1259 mellis
1654 1223 1829 1270 flumina,
1851 1235 2093 1264 revertuntur

1100 1287 1141 1315 ut
1163 1279 1299 1316 iterum
1328 1279 1457 1316 fluant.
1483 1281 1574 1317 Boni
1603 1281 1675 1317 favi
1702 1282 1739 1318 in
1768 1282 1875 1320 labiis
1903 1286 2031 1334 sponsi
2057 1296 2093 1322 et

1101 1350 1250 1386 sponsae
1269 1347 1481 1375 eructantes
1496 1352 1541 1375 ex
1558 1340 1629 1376 hoc
1653 1341 1690 1376 in
1718 1342 1835 1387 illud,
1867 1351 1903 1379 et
1931 1344 2091 1381 invicem

1102 1405 1274 1434 rorantes
1300 1398 1438 1434 amoris
1465 1398 1717 1435 dulcedinem.
1735 1401 1800 1437 llle
1816 1401 1979 1451 desuper
1996 1404 2095 1441 irro—

1102 1463 1159 1491 rat
1188 1456 1343 1504 gratiam
1367 1456 1454 1492 :illa
1475 1456 1520 1493 de
1547 1457 1723 1494 deorsum
1749 1459 1932 1496 actionem
1960 1463 2097 1510 gratia-

1102 1528 1197 1551 rum.
1228 1518 1314 1564 Ipse
1339 1519 1447 1552 Jesus
1473 1516 1510 1552 in
1540 1517 1663 1553 anima
1694 1518 1827 1554 dilecta
1856 1520 1951 1556 roris
1986 1521 2096 1570 hujus

1100 1575 1223 1611 mellei
1255 1575 1371 1611 stillas
1396 1576 1537 1623 genuit.
1568 1577 1703 1614 Dulces
1728 1579 1884 1615 omnino
1909 1581 2016 1617 stillae
2038 1595 2095 1617 ro-

1099 1634 1167 1679 ris,
1211 1634 1425 1671 affectiones
1466 1635 1536 1671 illae
1578 1635 1697 1671 divini
1733 1638 1871 1674 amoris
1890 1667 1899 1683 ,
1942 1641 2095 1688 quando

1099 1705 1237 1741 sponsa
1275 1693 1473 1741 liquefacta
1514 1702 1590 1729 tota
1624 1694 1778 1731 distillat
1805 1710 1825 1731 a
1853 1696 1943 1732 faeie
1987 1697 2092 1746 ejus,

1099 1764 1210 1800 quem
1238 1751 1375 1800 diligit,
1404 1766 1424 1787 a
1451 1752 1542 1788 facie
1572 1753 1637 1789 Dei
1654 1754 1722 1789 sui.
1745 1754 1834 1790 Ideo
1855 1757 1958 1804 quasi
1990 1757 2095 1794 favus

43 1815 82 1844 et
112 1808 313 1858 unicuique
333 1810 428 1846 sicut
448 1813 548 1847 Deus
568 1812 694 1848 divisit
716 1814 811 1858 vasi,
833 1814 891 1850 cui
914 1814 1035 1849 instil-
1053 1815 1079 1850 C
1098 1809 1281 1846 distillans
1294 1809 1391 1846 labia
1409 1809 1508 1859 ejus,
1528 1824 1574 1847 eo
1590 1812 1693 1860 quod
1709 1813 1952 1851 veliementer
1977 1817 2096 1855 duleis

42 1865 161 1912 letur‚
182 1880 409 1905 mensuram.
426 1870 616 1914 Remittit,
639 1872 847 1919 permittit,
877 1873 1036 1921 promit-

44 1925 107 1970 tit,
134 1920 337 1974 praemittit.
359 1928 503 1964 Delicta
519 1929 693 1975 remittit,
711 1930 858 1966 infirma
878 1930 1037 1979 permit-

44 1983 109 2030 tit,
152 1993 290 2022 aeterna
332 1988 539 2035 promittit,
574 1997 612 2024 et
639 1989 807 2038 ipsorum
854 1990 1037 2039 primitias

43 2042 223 2091 quasdam
251 2045 456 2093 praemittit.
489 2047 716 2096 Sapientiam
744 2048 912 2097 loquitur
937 2049 1036 2085 inter

42 2101 246 2149 perfectos,
263 2103 481 2152 sapientiam
497 2106 649 2153 quidem
669 2119 744 2143 non
763 2107 873 2155 liujus
889 2108 1032 2154 mundi,

41 2159 108 2196 sed
134 2160 202 2196 Dei
231 2161 451 2209 sapientiam
482 2163 519 2199 in
547 2165 725 2212 mysterio
753 2165 1034 2209 absconditam,

41 2225 80 2253 et
102 2218 198 2254 inter
225 2219 347 2255 minus
370 2220 613 2269 spiritualiter
641 2223 827 2271 sapientes
852 2224 902 2259 nil
931 2223 1034 2260 arbi-

43 2283 163 2312 tratur
186 2289 225 2313 se
255 2277 351 2314 scire
381 2279 451 2314 nisi
481 2279 667 2317 Christum
690 2285 837 2328 Jesum,
867 2291 904 2319 et
932 2283 1032 2319 hunc

42 2334 276 2371 crucifixum.
307 2336 536 2374 Cohortatur
559 2339 606 2374 ad
635 2340 926 2388 perfectionem,
956 2353 1032 2377 non

42 2393 162 2442 cogit3
183 2394 247 2430 sed
268 2394 383 2444 magis
410 2397 628 2434 consolatur
652 2399 928 2448 pusillanimes,
950 2413 1033 2436 sus-

44 2453 135 2502 cipit
164 2453 354 2501 inlirmos,
383 2464 420 2491 et
444 2456 474 2492 si
498 2456 686 2506 inquietos
704 2460 887 2509 corripit,
910 2472 1034 2496 corre-

43 2512 124 2561 ptio
144 2512 223 2562 ipsa
243 2512 478 2551 dulcedinem
501 2516 597 2565 sapit
618 2526 837 2555 maternam.
859 2520 1032 2556 Peccanti

1101 1878 1157 1906 est
1184 1869 1236 1905 sie
1268 1869 1407 1905 affectae
1446 1870 1582 1907 mentis
1617 1873 1833 1917 succensio,
1877 1875 1941 1922 sed
1984 1877 2093 1913 velox

1101 1929 1280 1972 succisio,
1314 1936 1473 1977 propter
1501 1929 1605 1965 illum
1640 1929 1786 1966 dulcem
1822 1932 1859 1967 in
1901 1946 2093 1971 excessum

1101 1987 1235 2023 mentis
1264 1995 1435 2036 raptum,
1457 1995 1494 2023 et
1523 1996 1680 2036 propter
1701 1990 1811 2025 citam
1842 1991 2093 2042 interruptio—

1102 2060 1200 2083 nem.

1153 2106 1189 2142 4.
1215 2108 1337 2141 Faous
1359 2108 1543 2141 distillans
1576 2106 1679 2142 labia
1710 2116 1786 2143 ιιια.
1824 2113 1983 2159 Purgata
2013 2126 2094 2149 om—

1099 2165 1192 2200 nino
1219 2164 1296 2200 haec
1315 2177 1384 2213 ego
1406 2164 1629 2200 crediderim
1647 2164 1766 2210 labia,
1790 2166 1836 2202 de
1859 2168 1996 2216 quibus
2016 2170 2098 2219 ipse

1099 2226 1207 2259 Jesus
1230 2222 1466 2258 dulcedinem
1492 2224 1662 2259 melleam
1692 2224 1842 2261 haurire
1870 2238 1908 2262 se
1934 2238 2095 2277 reputat.

1099 2281 1201 2318 Isaiae
1230 2280 1328 2317 labia
1356 2281 1497 2330 forcipe
1526 2289 1563 2317 et
1591 2281 1754 2318 carbone
1785 2283 1830 2319 de
1865 2285 1971 2321 altari
2002 2295 2095 2324 taeta

1099 2340 1350 2390 purgantur-⁴.
1373 2343 1498 2386 Misit,
1518 2341 1642 2389 inquit
1670 2342 1782 2387 alius,
1810 2357 1960 2379 manum
1990 2359 2095 2382 suam

1098 2402 1276 2435 Dominus
1289 2427 1300 2442 ,
1323 2408 1358 2434 et
1377 2403 1494 2448 tetigit
1515 2413 1553 2434 os
1573 2413 1693 2435 meum
1708 2399 1733 2437 ⁵.
1755 2404 1846 2448 Quzt·
1862 2416 1999 2453 sponsa
2022 2415 2097 2452 est,

1099 2470 1175 2494 non
1210 2457 1440 2504 carbonem,
1465 2471 1541 2494 non
1571 2458 1728 2508 digitum
1762 2469 1893 2509 optat,
1926 2464 1990 2498 sed
2019 2465 2096 2502 oris

1099 2525 1327 2553 contactum.
1361 2519 1552 2553 Osi-aletur
1585 2532 1664 2563 me,
1694 2519 1837 2568 inquit,
1871 2525 1991 2557 osi-ulo
2026 2529 2096 2559 ori,-

43 2571 290 2620 eompatitur,
315 2586 497 2611 converso
527 2575 696 2626 indulget
712 2605 722 2621 ,
743 2590 812 2613 nee
836 2577 1027 2627 indulgen·
1050 2582 1083 2616 D
1101 2575 1183 2612 Slti⁶
1198 2591 1206 2612 ε
1222 2575 1319 2613 labia
1339 2575 1446 2612 labiis
1461 2576 1660 2613 debentur.
1675 2582 1751 2614 Nee
1767 2579 1866 2615 enim
1884 2580 1930 2616 de
1947 2595 2097 2630 spons-re

45 2629 180 2666 tiarum
205 2643 402 2668 numerum
423 2641 461 2669 et
479 2635 583 2682 quasi
602 2636 802 2673 terminum
823 2650 934 2686 quem
955 2651 1031 2674 non

47 2689 339 2737 transgrediatur
364 2692 543 2742 praefigit,
564 2694 623 2730 cui
646 2695 862 2745 praecipitur
881 2705 1033 2745 septua-

46 2746 123 2796 gies
165 2749 301 2798 septies
344 2751 381 2786 in
425 2751 484 2788 die
525 2752 659 2790 delicta
697 2755 806 2791 toties
840 2755 1035 2792 confitenti

47 2804 187 2842 donare
208 2812 233 2842 ².

101 2864 136 2900 3.
157 2864 250 2901 Vide
266 2879 378 2915 quam
396 2880 529 2918 magna
546 2870 747 2908 multitudo
772 2871 979 2909 dulcedinis
999 2873 1036 2908 in

48 2921 156 2959 labiis
185 2937 354 2973 sponsae‚
385 2940 468 2976 quae
496 2930 641 2977 quoties
671 2932 750 2980 ipsc
781 2933 971 2981 pereffluis
1000 2933 1037 2968 in

50 2983 188 3020 malum
201 3012 210 3030 ,
229 2985 358 3031 toties,
377 2987 405 3022 si
421 2990 650 3026 convertaris
667 3019 675 3036 ,
692 2991 769 3039 ipsa
795 2991 859 3027 tibi
887 2992 1038 3028 distillat

50 3040 88 3076 in
119 3040 282 3087 bonum,
314 3052 351 3080 et
381 3045 595 3094 praebenda‘.
624 3050 743 3086 veniae
774 3050 919 3086 vicibus
962 3064 1037 3086 nou

50 3099 280 3138 exhauritur.
304 3104 474 3153 Denique
490 3106 605 3143 instar
626 3109 854 3157 Angelorum
874 3110 939 3145 Dei
962 3123 1038 3145 non

103 3235 111 3248 ¹
136 3231 212 3262 l‘sal.
237 3244 353 3271 cxviii,
387 3239 459 3267 103,

557 3244 566 3258 -'
590 3238 700 3269 Ntaulu.
726 3250 828 3277 xviri,
860 3243 911 3270 ’)’),,

54 3278 200 3312 ⁶(1antie.
220 3294 248 3321 ι,
274 3287 299 3315 Ι,

1006 3238 1017 3258 >³
1043 3243 1111 3269 luc.
1139 3251 1188 3272 xx,
1225 3244 1274 3268 to.

1099 2635 1206 2672 labiis
1236 2635 1540 2685 exprimerentur
1573 2636 1811 2683 dulcedines,
1833 2639 1959 2676 sinon
1995 2641 2100 2677 labiis

1099 2694 1408 2743 imprimerentur
1438 2694 1575 2730 dilecti.
1606 2695 1704 2741 Quid
1732 2705 1855 2732 autem
1885 2699 1953 2734 nisi
1982 2701 2099 2736 osculi

1103 2754 1304 2799 suavitate,
1325 2752 1427 2801 quod
1450 2752 1495 2789 de
1518 2753 1622 2789 labiis
1643 2768 1791 2803 spons-fe
1813 2757 1931 2805 rapit,
1965 2771 2003 2794 se
2032 2760 2098 2795 de—

1103 2813 1277 2848 lectatum
1314 2811 1451 2860 gaudet
1482 2825 1566 2848 cum
1607 2813 1718 2858 dicit,
1756 2817 1876 2849 Fas-ies
1912 2818 2099 2853 distillans

1103 2872 1206 2907 labia
1225 2881 1287 2907 tua
1302 2874 1322 2906 Ρ
1339 2875 1497 2919 Propter
1518 2880 1741 2921 utrumque,
1763 2882 1797 2909 et
1822 2883 1978 2923 propter
1992 2889 2099 2913 oseu—

1104 2932 1179 2966 lum
1211 2930 1421 2975 eharitatis,
1449 2938 1485 2965 et
1514 2939 1671 2979 propter
1699 2933 1892 2968 oraculum
1921 2935 2097 2972 veritatis.

1105 2994 1245 3034 Favus,
1269 2990 1390 3038 iuquit
1405 3018 1413 3032 ‚
1437 2991 1626 3025 distillans
1647 2990 1751 3026 labia
1773 3000 1863 3034 tua;
1886 2996 1960 3027 ἰιι-Ι
1984 3004 2017 3029 c!
2042 2998 2100 3029 lac

1103 3050 1168 3085 sul)
1197 3053 1325 3097 lingua
1351 3058 1427 3083 tem.
1461 3049 1563 3084 Istud
1589 3048 1666 3097 jam
1701 3052 1855 3100 proprie
1884 3052 1929 3087 ad
1960 3054 2098 3102 eloquii

1104 3110 1258 3157 gratiam
1296 3108 1456 3158 respicit.
1482 3112 1569 3144 Nam
1592 3107 1776 3144 labiorum
1799 3123 1886 3145 usus
1907 3111 2016 3147 etiam
2054 3113 2098 3147 ad

1328 3257 1337 3261 ν
1365 3239 1370 3264 ὅ
1400 3240 1466 3269 lsai.
1498 3252 1544 3269 ii.
1577 3244 1616 3270 ὓ.
1648 3243 1661 3266 Τ
1778 3239 1788 3261 ‘³
1813 3244 1928 3270 ,lert-ui.
1957 3252 1978 3273 ι,
2006 3246 2034 3269 ’.14
2057 3259 2086 3262 ›ss
