2418 3949
170 253 266 291 1237

165 329 354 381 praecipit,
387 328 530 364 faciant.
551 330 595 364 In
621 327 686 362 illo
711 326 875 363 thesauri
901 324 1092 375 sapientiae
1114 336 1134 359 e

812 251 875 285 DE
902 249 1077 284 VERBIS
1108 249 1285 284 DOMINI
1315 251 1365 284 IN
1394 249 1563 285 COENA.

1139 322 1211 359 [826

2117 246 2215 282 1‘238

1224 332 1326 360 tanta
1356 325 1495 360 amoris
1523 323 1777 360 abundantia!
1808 332 1845 359 et
1878 330 2018 373 quanta
2051 332 2131 360 erat
2162 322 2214 360 ibi

166 388 348 432 scientiae,
362 386 501 422 divitiae
517 393 554 421 et
568 385 696 434 gloriae
711 385 850 420 multae.
868 385 987 432 Igitur
1003 382 1158 419 audiant
1173 385 1205 418 A
1221 383 1389 429 tristitia,
1406 384 1452 419 de
1472 384 1563 419 tanti
1582 382 1711 419 odoris
1726 391 1763 419 et
1779 382 1989 420 dulcedinis
2008 383 2132 419 futura
2151 382 2215 418 ab-

167 460 226 484 me
255 454 490 496 peccatorem
520 444 676 488 Christi,
708 457 802 493 quos
833 443 962 479 audire
996 442 1157 478 delectat

166 506 281 543 verba
301 505 466 554 ejusdem
485 503 633 541 Christi.
655 503 726 540 Sed
743 515 834 552 rogo
851 511 894 538 ut
913 515 951 538 se
970 508 1159 551 praeparet

168 565 213 602 ad
230 566 414 613 lacrymas
435 562 668 598 fundendum
681 590 690 607 ‚
713 563 777 610 qui
793 561 918 598 verbis
934 560 1069 599 Christi
1081 559 1158 609 jam

168 631 355 675 praeparat
370 621 555 659 auditum.
575 621 777 669 Quomodo
794 620 1022 670 poteritjam
1039 620 1158 667 lacry-

168 696 247 720 mas
268 682 485 726 continere,
508 679 573 716 ubi
601 681 751 716 noverit
766 680 843 728 jam
873 679 1061 716 Christum
1083 679 1159 714 itu-

169 756 251 779 rum
283 742 330 779 ad
362 745 509 778 Patrem
540 739 734 790 discipulis
756 741 831 776 suis
856 748 935 775 toto
969 737 1159 775 charitatis

167 802 342 851 amplexu
362 813 491 850 pacem
512 799 684 836 dedisse?
704 800 766 836 Ait
784 799 968 835 Dominus
988 797 1157 846 discipu-

166 860 211 896 lis
229 860 305 896 suis
326 873 334 895 :

220 919 256 956 2.
286 920 423 954 Pacem
453 919 620 965 relinquo
642 915 771 960 vobis,
801 928 936 964 pacem
968 927 1088 949 meam
1109 913 1156 947 do

168 978 272 1014 vobis
289 992 300 1012 .·
315 991 388 1013 non
406 979 589 1025 quomodo
605 978 766 1011 mundus
785 978 868 1019 dat,
891 988 957 1023 ego
972 976 1018 1009 do
1035 972 1154 1008 vobis.

165 1038 353 1074 Dominus
382 1037 482 1073 enim
505 1040 636 1081 Jesus,
661 1035 725 1071 ubi
752 1035 857 1071 venit
883 1042 1049 1083 tempus,
1079 1045 1155 1080 quo

1221 442 1361 478 sentia!
1385 442 1530 489 Quibus
1554 442 1782 491 singultibus
1807 441 2030 479 existimabo
2051 442 2217 491 discipu-

1223 502 1346 537 lorum
1366 500 1480 537 corda
1500 500 1612 536 fuisse
1634 509 1766 536 vexata
1779 528 1789 546 ,
1807 501 1896 536 dum
1918 500 2094 537 audirent
2113 514 2120 535 :
2142 501 2216 536 Pa-

1224 575 1301 596 cem
1323 574 1442 595 meam
1458 563 1504 595 (lo
1524 560 1628 595 vobis
1639 588 1649 604 ,
1666 574 1801 608 pacem
1821 563 1990 608 relinquo
2008 560 2140 596 vobis?
2156 560 2213 596 lbi

1225 633 1366 656 moeror
1395 628 1475 655 erat
1494 628 1531 655 et
1558 620 1699 663 luctus,
1734 633 1864 656 omnes
1889 629 1997 656 erant
2019 633 2093 656 una
2123 633 2216 656 voce

1225 680 1457 729 plangentes.
1486 681 1647 722 Pacem,
1670 679 1795 728 inquit
1815 679 1998 715 Dominus
2024 683 2130 715 Jesus
2160 679 2218 714 di-

1224 738 1378 786 scipulis
1405 738 1501 783 suis,
1527 751 1645 773 meam
1671 740 1717 772 do
1738 738 1862 781 vobis,
1887 752 2027 786 pacem
2049 742 2215 787 relinquo

1227 797 1332 833 vobis
1350 812 1361 832 .·
1381 811 1453 832 nou
1471 799 1651 845 quomodo
1668 800 1826 833 mundus
1843 800 1908 832 (lat
1920 826 1928 841 ‚
1949 812 2015 846 ego
2033 800 2080 833 ‹lo
2098 798 2214 834 vobis.

1222 861 1300 907 Ego
1321 857 1441 893 iturus
1460 856 1506 892 ad
1528 860 1697 899 Patrem,
1725 870 1855 906 pacem
1884 857 2056 906 relinquo
2076 855 2186 893 vobis
2206 872 2213 892 :

1221 924 1258 951 et
1271 929 1339 951 vos
1360 915 1612 964 perducturus
1628 914 1674 950 ad
1693 918 1838 951 Patrem
1852 944 1860 960 ‚
1877 928 2006 964 pacem
2026 928 2145 951 mean]
2165 914 2214 950 do

1221 975 1343 1011 vobis.
1383 978 1464 1011 Hoc
1501 982 1555 1011 est
1589 974 1693 1023 quod
1726 974 1913 1024 propheta
1941 974 2046 1020 dicit,
2076 976 2214 1010 Pacem

1220 1049 1335 1083 super
1346 1048 1479 1082 pacem
1499 1049 1510 1069 .·
1531 1042 1568 1070 et
1596 1033 1709 1078 alibi,
1747 1036 1924 1077 Domine,
1954 1033 2057 1068 dabis
2078 1046 2212 1081 pacem

166 1110 235 1147 per
251 1105 409 1133 mortem
431 1108 535 1132 suam
554 1095 791 1144 disposuerat
809 1093 1016 1130 humanum
1038 1104 1156 1141 genus
1175 1093 1203 1126 B
1223 1093 1347 1136 nabis;
1363 1107 1517 1141 pacem,
1544 1098 1636 1140 qaia
1657 1096 1693 1127 in
1719 1101 1752 1127 te
1777 1097 2002 1139 speravimus
2015 1098 2040 1127 ².
2064 1096 2138 1128 Pax
2157 1100 2215 1128 est

168 1157 333 1199 salvare,
355 1163 391 1191 et
419 1154 582 1190 animam
609 1165 712 1189 suam
745 1153 835 1188 dare
856 1151 1156 1200 redemptionem

166 1229 238 1265 pro
258 1214 405 1259 multis,
436 1213 649 1261 relinquere
675 1211 860 1247 mundum
887 1218 925 1246 et
955 1209 1158 1246 ascendere

167 1274 214 1311 ad
238 1273 429 1310 dexteram
447 1272 567 1309 Patris
585 1285 592 1307 :
614 1271 819 1320 discipulos
838 1283 925 1307 suos
949 1282 1044 1318 quos
1070 1282 1158 1306 cor-

166 1334 286 1385 porali
303 1332 503 1383 praesentia
521 1330 740 1377 deserebat,
763 1339 844 1367 toto
866 1330 1055 1366 eharitatis
1071 1330 1159 1366 affe-

169 1402 232 1429 ctu
262 1393 361 1429 intra
386 1391 510 1428 sinum
534 1391 672 1426 amoris
697 1403 775 1425 non
799 1389 1038 1426 mediocriter
1066 1401 1159 1425 con-

167 1452 334 1497 tinebat,
362 1450 450 1487 inde
475 1451 580 1486 velut
605 1449 785 1486 recedens
811 1448 858 1485 ab
880 1448 957 1493 eis,
984 1456 1021 1484 et
1053 1448 1159 1497 quasi

167 1512 344 1549 deserens
357 1511 441 1547 illos
453 1539 462 1556 ,
481 1509 601 1546 modis
615 1508 752 1558 quibus
765 1516 912 1558 poterat
929 1507 975 1544 de
992 1506 1160 1544 absentia

167 1585 232 1609 sua
256 1584 321 1607 eos
347 1569 533 1606 consolari
561 1567 746 1605 studebat.
775 1567 846 1605 Sed
873 1575 1016 1616 quanto
1044 1567 1161 1615 magis

165 1644 232 1667 eos
251 1629 437 1667 consolari
455 1627 608 1664 volebat
621 1656 629 1672 ,
650 1636 753 1663 tanto
772 1627 888 1676 magis
906 1625 992 1663 illos
1011 1619 1161 1663 amaris-

166 1691 261 1727 simo
276 1701 438 1726 moerore
454 1686 636 1736 replebat.
650 1691 755 1723 Tunc
770 1687 873 1722 velut
887 1686 1061 1723 ultimum
1078 1685 1160 1721 vale

167 1750 304 1786 faciens
334 1749 428 1794 illis,
450 1760 515 1784 eos
544 1747 775 1796 amplectens
800 1746 838 1781 in
869 1758 1000 1781 eorum
1031 1745 1157 1781 oscula

167 1809 322 1845 forsitan
346 1807 436 1844 ruit.
460 1805 533 1842 Sed
552 1813 714 1854 quantus
734 1803 785 1840 ibi
806 1804 916 1840 fuerit
938 1804 1076 1840 fluvius
1102 1804 1158 1839 la-

1222 1153 1261 1189 in
1281 1153 1354 1189 hoc
1372 1153 1509 1188 saeculo
1522 1181 1531 1198 ,
1552 1152 1589 1187 in
1616 1164 1691 1199 qua
1710 1159 1903 1187 manentes
1928 1151 2074 1187 hostem
2094 1151 2216 1187 vinci-

1224 1225 1307 1248 mus
1321 1241 1330 1257 ,
1349 1211 1512 1248 invicem
1529 1210 1718 1259 diligimus
1732 1238 1740 1254 ,
1763 1218 1799 1245 et
1816 1209 1862 1246 de
1882 1210 2038 1245 occultis
2054 1210 2214 1245 invicem

1224 1284 1300 1307 nou
1321 1269 1549 1319 judicamus.
1579 1273 1657 1306 Pax
1687 1269 1759 1305 erit
1780 1269 1818 1304 in
1841 1269 1968 1305 futuro
1980 1297 1988 1313 ‚
2023 1282 2107 1304 cum
2136 1269 2216 1305 sine

1223 1330 1332 1366 hoste
1354 1329 1614 1378 regnabimus,
1637 1328 1701 1365 ubi
1724 1329 1819 1364 alter
1839 1327 1885 1364 ab
1901 1328 2019 1364 altero
2041 1341 2118 1364 uon
2146 1341 2216 1377 po-

1225 1390 1311 1425 terit
1327 1389 1543 1434 dissentire,
1565 1387 1628 1424 ubi
1649 1388 1775 1424 omnia
1789 1396 1900 1424 erunt
1917 1387 2016 1423 nuda
2029 1416 2038 1433 ,
2058 1396 2095 1423 et
2111 1401 2217 1437 aper-

1225 1456 1284 1493 ta3
1306 1456 1344 1484 et
1362 1449 1442 1484 laus
1468 1447 1672 1496 unicuique
1692 1460 1712 1483 a
1736 1451 1830 1484 Deo.
1856 1450 1900 1483 In
1920 1447 1985 1482 illo
2007 1455 2131 1483 autem
2160 1455 2217 1483 est

1225 1516 1383 1556 utraque
1396 1521 1480 1558 an.
1498 1511 1583 1557 Ipse
1597 1515 1652 1543 est
1669 1520 1743 1556 pax
1762 1515 1891 1543 nostra
1903 1536 1911 1552 ‚
1928 1507 2014 1556 quia
2029 1520 2097 1543 nos
2115 1508 2215 1556 paci-

1225 1568 1348 1603 ficavit
1360 1571 1441 1604 Deo
1457 1580 1524 1617 per
1537 1568 1757 1616 sanguinem
1773 1580 1893 1603 suum.
1908 1567 1988 1603 Erit
2001 1580 2075 1616 pax
2092 1575 2217 1603 vestra

1224 1627 1262 1662 in
1282 1627 1429 1671 futuro,
1446 1639 1530 1662 cum
1551 1625 1745 1662 tradiderit
1761 1639 1917 1675 regnum
1938 1629 2017 1661 Deo
2035 1634 2072 1662 et
2089 1626 2186 1662 Patri
2207 1641 2215 1662 ε

1225 1694 1262 1722 et
1277 1686 1347 1721 erit
1359 1689 1460 1722 Deus
1476 1686 1602 1721 omnia
1618 1686 1655 1721 in
1672 1684 1868 1731 omnibus,
1883 1685 2037 1733 quando
2054 1698 2130 1721 non
2146 1685 2217 1720 erit

1225 1745 1439 1781 colluctatio
1467 1758 1551 1780 cum
1573 1757 1684 1780 carne
1705 1752 1742 1779 et
1766 1744 1968 1793 sanguine3
1990 1744 2066 1779 imo
2093 1745 2216 1793 palma

1222 1812 1260 1840 et
1275 1816 1416 1840 corona
1431 1803 1479 1840 de
1491 1811 1632 1840 certato
1646 1815 1765 1852 agone
1779 1831 1789 1848 ,
1806 1816 1891 1839 cum
1909 1803 2115 1840 viderimus
2128 1817 2215 1840 eum

167 1880 401 1916 crymarum,
423 1865 507 1914 quis
537 1864 720 1900 aestimare
740 1863 905 1900 valebit?
934 1863 1049 1913 Cujus
1069 1876 1154 1909 cor,
1177 1864 1204 1901 C
1224 1864 1330 1901 sicuti
1351 1872 1416 1900 est.

166 1928 310 1965 etiamsi
335 1939 486 1963 saxeum
519 1933 637 1970 esset,
663 1933 764 1960 tanta
788 1924 1039 1961 redundantia
1067 1923 1158 1959 cha·

168 1987 287 2024 ritatis
306 1987 553 2034 lacrymarum
576 1985 718 2020 fontem
740 1992 858 2020 totum
886 1996 963 2020 non
983 1983 1159 2019 resolvis-

168 2047 249 2083 set?
276 2045 436 2083 Ministri
465 2045 716 2093 lacrymarum
747 2051 836 2079 tunc
856 2051 964 2079 erant
985 2055 1093 2079 amor
1122 2051 1159 2078 et

169 2105 292 2142 dolor.
316 2108 347 2142 Ο
375 2112 539 2153 quantus
566 2105 693 2139 amor!
723 2116 746 2139 o
775 2111 939 2152 quantus
961 2102 1090 2138 dolor!
1112 2105 1159 2138 Et

167 2166 256 2214 quia
287 2165 428 2201 multus
455 2176 582 2207 amor,
615 2162 702 2198 ideo
736 2163 876 2198 multus
905 2161 1043 2197 dolor:
1071 2174 1157 2197 nam

168 2237 252 2260 cum
279 2236 414 2272 magno
445 2222 577 2259 dolore
608 2220 889 2270 relinquebant,
925 2233 1037 2269 quern
1072 2233 1157 2256 cum

169 2295 304 2331 magno
329 2295 457 2319 amore
477 2279 730 2331 possidebant.
753 2284 784 2318 O
813 2289 977 2329 quantus
1002 2288 1080 2316 erat
1106 2279 1157 2316 ibi

167 2344 296 2380 amor!
321 2342 417 2379 Nihil
436 2341 536 2378 aliud
554 2339 754 2385 volebant,
777 2340 868 2376 nihil
888 2339 990 2376 aliud
1010 2351 1158 2388 quaere-

167 2402 280 2447 bant,
309 2402 399 2438 nihil
425 2401 526 2438 aliud
548 2399 837 2444 desiderabant,
871 2400 940 2435 nisi
969 2411 1048 2435 esse
1071 2411 1156 2435 cum

166 2462 357 2507 Domino,
384 2461 483 2497 illius
501 2459 642 2510 perfrui
663 2459 809 2495 visione
823 2487 833 2503 ,
850 2457 1052 2507 jucundari
1075 2458 1157 2507 ejus

167 2520 379 2557 dulcissima
393 2520 603 2564 locutione,
625 2518 750 2555 satiari
771 2517 852 2566 ejus
873 2517 1051 2554 melliflua
1069 2530 1157 2553 con-

167 2580 389 2616 versatione.
420 2582 511 2617 Cum
541 2579 620 2615 haec
651 2578 777 2614 omnia
806 2577 1046 2627 cogitabant,
1070 2586 1107 2613 et
1132 2591 1155 2613 o

1277 1921 1316 1960 4(
1332 1923 1403 1960 Sed
1422 1923 1516 1959 forte
1534 1922 1780 1959 admirabitur
1798 1931 1926 1960 noster
1941 1923 2110 1968 auditor,
2131 1937 2217 1960 cum

1222 1983 1260 2019 in
1283 1983 1355 2019 hoc
1386 1982 1513 2019 libello
1539 1983 1679 2018 servuli
1699 1983 1856 2028 Christi,
1879 1983 2000 2032 ipsum
2030 1983 2218 2019 invenerit

1224 2043 1412 2080 Christum
1446 2055 1577 2092 pacem
1609 2041 1755 2078 dedisse
1794 2041 1987 2091 discipulis
2028 2043 2117 2078 suis.
2158 2042 2217 2078 Ad

1223 2116 1335 2152 quem
1353 2114 1422 2150 ego
1442 2110 1617 2152 peccator
1633 2101 1768 2138 Christi
1790 2116 1797 2137 :
1818 2101 1917 2149 Quid
1939 2102 2110 2138 miraris?
2125 2102 2216 2151 quid

1225 2161 1412 2198 turbaris?
1426 2161 1498 2197 hoc
1512 2174 1587 2196 non
1606 2169 1662 2197 est
1678 2173 1852 2209 magnum
1869 2161 1971 2209 quod
1988 2161 2105 2197 audis.
2117 2161 2216 2209 Quid

1223 2229 1333 2271 putas
1350 2233 1430 2257 esse
1450 2219 1632 2268 abjectius
1649 2234 1656 2255 :
1674 2233 1720 2256 an
1744 2219 1849 2256 flexis
1870 2219 2029 2269 genibus
2046 2220 2216 2270 discipu-

1223 2281 1346 2317 lorum
1364 2279 1479 2329 pedes
1505 2279 1654 2324 lavisse,
1675 2292 1720 2315 an
1739 2292 1802 2315 eos
1815 2279 1852 2315 in
1870 2280 1972 2328 pacis
1993 2280 2122 2315 osculo
2139 2293 2215 2316 sus-

1225 2341 1392 2390 cepisse?
1411 2340 1488 2376 Illis
1509 2352 1584 2375 non
1611 2339 1758 2376 horruit
1781 2339 1882 2388 pacis
1905 2339 2074 2375 osculum
2104 2339 2215 2384 dare,

1223 2413 1294 2449 pro
1311 2398 1448 2448 quibus
1466 2411 1540 2434 non
1563 2399 1687 2434 timuit
1705 2398 1918 2447 patibulum
1936 2398 2058 2434 crucis
2073 2397 2213 2434 subire.

1224 2459 1295 2497 Sed
1325 2459 1420 2494 forte
1451 2458 1540 2493 dicis
1566 2472 1573 2494 ε
1605 2460 1683 2507 Ego
1711 2458 1748 2492 in
1777 2458 1961 2505 Apostolo
1987 2457 2091 2505 lego,
2114 2457 2217 2506 quod

1222 2518 1392 2556 Christus
1411 2517 1602 2566 discipulis
1619 2517 1695 2553 suis
1713 2516 1872 2561 dixerit,
1893 2519 2032 2552 Pacem
2050 2520 2217 2565 relinquo

1223 2577 1348 2622 vobis,
1373 2590 1504 2626 pacem
1535 2590 1654 2611 meam
1683 2578 1727 2610 do
1754 2576 1858 2612 vobis
1880 2590 1890 2609 :
1916 2576 1980 2611 sed
2007 2589 2082 2612 non
2111 2577 2193 2625 lego
2209 2605 2218 2621 ,

168 2649 279 2685 (piam
308 2637 382 2673 cito
406 2637 462 2673 his
488 2636 664 2672 omnibus
680 2645 805 2672 essent
824 2636 977 2672 carituri
998 2635 1043 2671 ad
1072 2649 1153 2672 me·
1170 2641 1202 2673 D
1219 2637 1321 2686 quod
1338 2650 1403 2673 sua
1418 2636 1650 2672 sanctissima
1664 2635 1762 2671 labia
1778 2635 2048 2684 discipulorum
2065 2636 2204 2685 impres

170 2696 325 2731 moriam
351 2694 598 2739 revocabant,
624 2703 713 2730 tunc
734 2707 801 2741 per
820 2694 956 2730 fluvios
974 2694 1157 2742 lacryma—

170 2767 252 2790 rum
273 2754 499 2790 emanabant
518 2753 668 2790 dolores
685 2753 905 2789 amarissimi
923 2753 1104 2789 cordium.

223 2814 258 2849 3.
279 2817 427 2861 Quanta
443 2821 522 2850 erat
541 2812 592 2849 ibi
610 2813 746 2849 amoris
763 2813 944 2858 suavitas,
964 2821 1001 2848 et
1019 2820 1160 2861 ‹luanta

170 2873 364 2909 suavitatis
377 2873 554 2918 charitas,
573 2873 661 2908 dum
679 2872 950 2921 discipulorum
970 2871 1075 2907 labiis
1094 2872 1160 2907 im-

171 2932 427 2982 primerentur
447 2932 544 2969 labia
572 2931 856 2981 Redemptor-is!
877 2933 982 2967 Tunc
1004 2931 1039 2966 in
1063 2930 1161 2966 veri-

173 3001 247 3028 tate
269 2993 319 3028 illi
342 2992 467 3028 dicere
490 3000 665 3041 poterant
679 3021 688 3036 ,
710 2993 841 3026 Melet
867 2993 926 3025 lac
943 2990 1007 3025 sul)
1029 2993 1161 3040 lingua

171 3061 255 3095 tuc1;
277 3061 334 3095 et,
355 3054 474 3087 Funus
491 3054 677 3087 distillans
695 3060 778 3086 sunt
803 3049 906 3085 labia
926 3059 990 3084 tua
1008 3056 1038 3094 ¹;
1068 3050 1164 3085 odor

173 3120 258 3148 tuus
277 3124 428 3147 omnem
453 3110 608 3147 balsami
630 3109 785 3146 odorem
809 3108 975 3154 excedit,
996 3117 1031 3144 et
1049 3108 1163 3157 quid-

172 3171 262 3220 quid
289 3171 325 3207 in
348 3169 530 3206 odoribus
550 3170 768 3206 continetur
792 3184 799 3205 :

173 3233 204 3267 Ο
231 3239 370 3279 quanta
399 3238 478 3266 erat
506 3228 556 3265 ibi
585 3229 713 3265 odoris
743 3228 965 3276 fragrantia,
1001 3227 1062 3263 ubi
1084 3236 1163 3264 erat

827 3177 864 3204 et
884 3182 971 3204 vere
1000 3169 1051 3204 sic
1071 3177 1161 3204 erat.

225 3358 567 3391 ¹(1anti‹·.1v‚1t.—
587 3362 596 3375 ⁷
620 3356 686 3387 lsai.
705 3367 780 3384 xxvi
799 3380 805 3388 ,
828 3359 864 3387 1³,
891 3359 940 3384 1'2.

1224 2697 1313 2733 serit
1342 2695 1462 2731 labiis.
1494 2695 1561 2732 Cui
1587 2708 1656 2743 ego
1680 2709 1687 2730 ;
1713 2695 1749 2731 Si
1771 2708 1836 2730 ore
1864 2695 2041 2731 Veritatis
2071 2705 2218 2731 constat

1225 2768 1304 2791 esse
1318 2755 1505 2804 prolatum
1519 2783 1527 2798 ‚
1539 2767 1606 2790 cur
1619 2763 1791 2789 constare
1808 2767 1883 2789 non
1899 2753 2011 2790 debet
2023 2767 2102 2791 esse
2120 2768 2220 2791 com-

1226 2815 1396 2864 pletum?
1419 2818 1499 2850 Nou
1517 2822 1572 2849 est
1595 2814 1846 2863 periculosum
1872 2813 1922 2848 sic
1939 2813 2117 2857 credere;
2142 2828 2216 2850 uon

1227 2882 1281 2910 est
1297 2872 1510 2909 damnabile
1527 2873 1578 2909 sic
1596 2873 1735 2909 sentire
1753 2887 1759 2908 :
1782 2885 1857 2908 nou
1875 2880 1928 2908 est
1946 2881 2078 2909 contra
2095 2873 2218 2910 iidem.

1228 2934 1405 2982 Sequitur
1425 2948 1432 2968 ε

1281 2995 1317 3029 5.
1342 2994 1423 3027 Non
1450 2994 1631 3040 quomodo
1653 2994 1812 3027 mundus
1828 2994 1913 3033 dat,
1935 3005 2000 3039 ego
2026 2994 2072 3026 dn
2103 2992 2218 3028 vobis,

1229 3052 1383 3099 Qualem
1403 3065 1532 3100 pacem
1550 3051 1611 3087 dat
1629 3051 1792 3088 mundus
1809 3052 1901 3087 iste?
1925 3055 2055 3087 Pacem
2075 3052 2217 3095 salsam,

1230 3124 1358 3160 pacem
1382 3112 1502 3146 {ictam
1518 3139 1527 3150 .
1551 3124 1679 3160 pacem
1701 3111 1943 3161 sophisticam
1959 3140 1967 3153 ,
1991 3125 2117 3161 pacem
2138 3112 2219 3160 pal-

1231 3171 1367 3206 liatam.
1390 3173 1460 3206 l‘ax
1483 3179 1539 3207 est
1563 3171 1753 3207 xinculum
1777 3172 1936 3215 amoris,
1960 3180 1994 3206 ct
2021 3170 2219 3206 indissolu-

1231 3229 1315 3266 bilis
1326 3243 1509 3280 compago
1524 3231 1712 3267 charitatis
1726 3246 1732 3267 :
1747 3231 1810 3267 sed
1824 3231 1914 3280 quid
1927 3239 2025 3267 amat
2037 3230 2222 3266 muudus?
