<?xml version="1.0" encoding="UTF-8"?>
<!DOCTYPE html PUBLIC "-//W3C//DTD XHTML 1.0 Transitional//EN"
    "http://www.w3.org/TR/xhtml1/DTD/xhtml1-transitional.dtd">
<html xmlns="http://www.w3.org/1999/xhtml" xml:lang="en" lang="en">
 <head>
  <title>
</title>
<meta http-equiv="Content-Type" content="text/html;charset=utf-8" />
  <meta name='ocr-system' content='tesseract 3.04.00' />
  <meta name='ocr-capabilities' content='ocr_page ocr_carea ocr_par ocr_line ocrx_word'/>
</head>
<body>
  <div class='ocr_page' id='page_1' title='image "./operaomniapostho05bern/operaomniapostho05bern_0652.png"; bbox 0 0 2504 3928; ppageno 0'>
   <div class='ocr_carea' id='block_1_1' title="bbox 383 226 476 261">
    <p class='ocr_par' dir='ltr' id='par_1_1' title="bbox 383 226 476 261">
     <span class='ocr_line' id='line_1_1' title="bbox 383 226 476 261; baseline 0.011 -1"><span class='ocrx_word' id='word_1_1' title='bbox 383 226 476 261; x_wconf 65' lang='lat' dir='ltr'>ms?</span> 
     </span>
    </p>
   </div>
   <div class='ocr_carea' id='block_1_2' title="bbox 1030 222 1760 260">
    <p class='ocr_par' dir='ltr' id='par_1_2' title="bbox 1030 222 1760 260">
     <span class='ocr_line' id='line_1_2' title="bbox 1030 222 1760 260; baseline -0.005 -2"><span class='ocrx_word' id='word_1_2' title='bbox 1030 224 1191 259; x_wconf 61' lang='lat' dir='ltr'>„st-:RMO</span> <span class='ocrx_word' id='word_1_3' title='bbox 1221 226 1284 260; x_wconf 77' lang='lat' dir='ltr'>DE</span> <span class='ocrx_word' id='word_1_4' title='bbox 1314 223 1541 260; x_wconf 46' lang='lat' dir='ltr'>Pttsstoxtz</span> <span class='ocrx_word' id='word_1_5' title='bbox 1575 222 1760 256; x_wconf 65' lang='lat' dir='ltr'>nomm.</span> 
     </span>
    </p>
   </div>
   <div class='ocr_carea' id='block_1_3' title="bbox 379 298 1404 341">
    <p class='ocr_par' dir='ltr' id='par_1_3' title="bbox 379 298 1404 341">
     <span class='ocr_line' id='line_1_3' title="bbox 379 298 1404 341; baseline -0.002 -5"><span class='ocrx_word' id='word_1_6' title='bbox 379 302 500 337; x_wconf 62' lang='lat' dir='ltr'>larum</span> <span class='ocrx_word' id='word_1_7' title='bbox 519 300 725 336; x_wconf 74' lang='lat' dir='ltr'>dulce-linis</span> <span class='ocrx_word' id='word_1_8' title='bbox 741 307 813 334; x_wconf 82' lang='lat' dir='ltr'>tuac</span> <span class='ocrx_word' id='word_1_9' title='bbox 827 327 835 339; x_wconf 79' lang='grc'>,</span> <span class='ocrx_word' id='word_1_10' title='bbox 856 298 1017 341; x_wconf 72' lang='lat' dir='ltr'>Christe,</span> <span class='ocrx_word' id='word_1_11' title='bbox 1033 301 1179 335; x_wconf 81' lang='lat' dir='ltr'>cessasti</span> <span class='ocrx_word' id='word_1_12' title='bbox 1199 315 1206 336; x_wconf 73' lang='grc' dir='ltr'>ε</span> <span class='ocrx_word' id='word_1_13' title='bbox 1226 313 1308 335; x_wconf 89' lang='lat' dir='ltr'>nam</span> <span class='ocrx_word' id='word_1_14' title='bbox 1327 299 1404 334; x_wconf 58' lang='grc' dir='ltr'>υι*Η</span> 
     </span>
    </p>
   </div>
   <div class='ocr_carea' id='block_1_4' title="bbox 2322 223 2415 260">
    <p class='ocr_par' dir='ltr' id='par_1_4' title="bbox 2322 223 2415 260">
     <span class='ocr_line' id='line_1_4' title="bbox 2322 223 2415 260; baseline 0 -2"><span class='ocrx_word' id='word_1_15' title='bbox 2322 223 2415 260; x_wconf 74' lang='grc'>1288</span> 
     </span>
    </p>
   </div>
   <div class='ocr_carea' id='block_1_5' title="bbox 1411 298 2416 345">
    <p class='ocr_par' dir='ltr' id='par_1_5' title="bbox 1411 298 2416 345">
     <span class='ocr_line' id='line_1_5' title="bbox 1411 298 2416 345; baseline 0.004 -14"><span class='ocrx_word' id='word_1_16' title='bbox 1411 300 1559 332; x_wconf 72' lang='lat' dir='ltr'>&#39;&#39;r-amam</span> <span class='ocrx_word' id='word_1_17' title='bbox 1590 298 1636 331; x_wconf 74' lang='lat' dir='ltr'>{le</span> <span class='ocrx_word' id='word_1_18' title='bbox 1666 301 1800 343; x_wconf 68' lang='lat' dir='ltr'>spinis,</span> <span class='ocrx_word' id='word_1_19' title='bbox 1830 298 2077 344; x_wconf 76' lang='lat' dir='ltr'>imposuerunt</span> <span class='ocrx_word' id='word_1_20' title='bbox 2101 299 2212 345; x_wconf 72' lang='lat' dir='ltr'>capiti</span> <span class='ocrx_word' id='word_1_21' title='bbox 2247 300 2322 344; x_wconf 74' lang='lat' dir='ltr'>ejus</span> <span class='ocrx_word' id='word_1_22' title='bbox 2338 327 2346 342; x_wconf 94' lang='lat'>,</span> <span class='ocrx_word' id='word_1_23' title='bbox 2383 310 2416 335; x_wconf 69' lang='lat' dir='ltr'>ct</span> 
     </span>
    </p>
   </div>
   <div class='ocr_carea' id='block_1_6' title="bbox 379 357 2426 408">
    <p class='ocr_par' dir='ltr' id='par_1_6' title="bbox 379 357 2426 408">
     <span class='ocr_line' id='line_1_6' title="bbox 379 357 2426 408; baseline -0.001 -13"><span class='ocrx_word' id='word_1_24' title='bbox 379 361 582 395; x_wconf 69' lang='lat' dir='ltr'>mutilatam</span> <span class='ocrx_word' id='word_1_25' title='bbox 607 358 651 393; x_wconf 78' lang='lat' dir='ltr'>ab</span> <span class='ocrx_word' id='word_1_26' title='bbox 673 360 752 406; x_wconf 85' lang='lat' dir='ltr'>ipso</span> <span class='ocrx_word' id='word_1_27' title='bbox 774 357 956 406; x_wconf 64' lang='lat' dir='ltr'>discipulo</span> <span class='ocrx_word' id='word_1_28' title='bbox 982 365 1044 392; x_wconf 87' lang='lat' dir='ltr'>tuo</span> <span class='ocrx_word' id='word_1_29' title='bbox 1069 359 1271 394; x_wconf 81' lang='lat' dir='ltr'>auriculam</span> <span class='ocrx_word' id='word_1_30' title='bbox 1295 358 1365 393; x_wconf 90' lang='lat' dir='ltr'>ini-</span> <span class='ocrx_word' id='word_1_31' title='bbox 1390 360 1412 390; x_wconf 72' lang='lat' dir='ltr'>A</span> <span class='ocrx_word' id='word_1_32' title='bbox 1435 358 1650 391; x_wconf 65' lang='lat' dir='ltr'>arundinem</span> <span class='ocrx_word' id='word_1_33' title='bbox 1681 359 1718 389; x_wconf 76' lang='lat' dir='ltr'>iu</span> <span class='ocrx_word' id='word_1_34' title='bbox 1743 357 1897 390; x_wconf 54' lang='lat' dir='ltr'>‹lc-stem</span> <span class='ocrx_word' id='word_1_35' title='bbox 1917 360 2004 401; x_wconf 74' lang='lat' dir='ltr'>ejus.</span> <span class='ocrx_word' id='word_1_36' title='bbox 2026 358 2074 390; x_wconf 65' lang='lat' dir='ltr'>Is!</span> <span class='ocrx_word' id='word_1_37' title='bbox 2093 359 2305 404; x_wconf 67' lang='lat' dir='ltr'>genuflexo</span> <span class='ocrx_word' id='word_1_38' title='bbox 2325 362 2426 408; x_wconf 44' lang='lat' dir='ltr'>&#39;&#39;lla’-</span> 
     </span>
    </p>
   </div>
   <div class='ocr_carea' id='block_1_7' title="bbox 380 416 1370 1058">
    <p class='ocr_par' dir='ltr' id='par_1_7' title="bbox 380 416 1370 1058">
     <span class='ocr_line' id='line_1_7' title="bbox 382 416 1366 466; baseline -0.001 -13"><span class='ocrx_word' id='word_1_39' title='bbox 382 420 463 454; x_wconf 88' lang='lat' dir='ltr'>mici</span> <span class='ocrx_word' id='word_1_40' title='bbox 487 428 640 466; x_wconf 64' lang='lat' dir='ltr'>tangi-ns</span> <span class='ocrx_word' id='word_1_41' title='bbox 661 417 820 460; x_wconf 82' lang='lat' dir='ltr'>sanasti,</span> <span class='ocrx_word' id='word_1_42' title='bbox 846 422 881 451; x_wconf 82' lang='lat' dir='ltr'>ct</span> <span class='ocrx_word' id='word_1_43' title='bbox 903 416 1110 452; x_wconf 76' lang='lat' dir='ltr'>defensoris</span> <span class='ocrx_word' id='word_1_44' title='bbox 1130 417 1180 452; x_wconf 90' lang='lat' dir='ltr'>tui</span> <span class='ocrx_word' id='word_1_45' title='bbox 1201 418 1320 452; x_wconf 76' lang='lat' dir='ltr'>zelum</span> <span class='ocrx_word' id='word_1_46' title='bbox 1347 430 1366 451; x_wconf 89' lang='lat' dir='ltr'>a</span> 
     </span>
     <span class='ocr_line' id='line_1_8' title="bbox 380 474 1368 523; baseline -0.002 -12"><span class='ocrx_word' id='word_1_47' title='bbox 380 478 528 512; x_wconf 67' lang='lat' dir='ltr'>lwsione</span> <span class='ocrx_word' id='word_1_48' title='bbox 545 476 769 512; x_wconf 69' lang='lat' dir='ltr'>trahentium</span> <span class='ocrx_word' id='word_1_49' title='bbox 802 483 836 509; x_wconf 87' lang='lat' dir='ltr'>te</span> <span class='ocrx_word' id='word_1_50' title='bbox 855 474 1132 523; x_wconf 76' lang='lat' dir='ltr'>compescuisti.</span> <span class='ocrx_word' id='word_1_51' title='bbox 1152 475 1368 511; x_wconf 69' lang='lat' dir='ltr'>Maledictus</span> 
     </span>
     <span class='ocr_line' id='line_1_9' title="bbox 381 534 1368 583; baseline -0.001 -13"><span class='ocrx_word' id='word_1_52' title='bbox 381 538 655 573; x_wconf 76' lang='lat' dir='ltr'>t··=1-0i·‹=oi·1un.</span> <span class='ocrx_word' id='word_1_53' title='bbox 672 535 757 583; x_wconf 83' lang='lat' dir='ltr'>quia</span> <span class='ocrx_word' id='word_1_54' title='bbox 773 534 944 583; x_wconf 81' lang='lat' dir='ltr'>pertinax</span> <span class='ocrx_word' id='word_1_55' title='bbox 957 561 966 578; x_wconf 92' lang='lat'>,</span> <span class='ocrx_word' id='word_1_56' title='bbox 986 547 1097 582; x_wconf 80' lang='lat' dir='ltr'>quem</span> <span class='ocrx_word' id='word_1_57' title='bbox 1111 547 1178 570; x_wconf 83' lang='lat' dir='ltr'>nec</span> <span class='ocrx_word' id='word_1_58' title='bbox 1197 534 1368 582; x_wconf 79' lang='lat' dir='ltr'>majestas</span> 
     </span>
     <span class='ocr_line' id='line_1_10' title="bbox 380 591 1367 642; baseline -0.003 -12"><span class='ocrx_word' id='word_1_59' title='bbox 380 595 570 635; x_wconf 83' lang='lat' dir='ltr'>miraculi,</span> <span class='ocrx_word' id='word_1_60' title='bbox 596 607 663 629; x_wconf 73' lang='lat' dir='ltr'>nec</span> <span class='ocrx_word' id='word_1_61' title='bbox 697 593 816 642; x_wconf 84' lang='lat' dir='ltr'>pictas</span> <span class='ocrx_word' id='word_1_62' title='bbox 849 591 1019 628; x_wconf 85' lang='lat' dir='ltr'>bcnclicii</span> <span class='ocrx_word' id='word_1_63' title='bbox 1051 594 1175 641; x_wconf 87' lang='lat' dir='ltr'>potuit</span> <span class='ocrx_word' id='word_1_64' title='bbox 1197 595 1367 629; x_wconf 82' lang='lat' dir='ltr'>conl&#39;rin—</span> 
     </span>
     <span class='ocr_line' id='line_1_11' title="bbox 380 651 1366 702; baseline -0.002 -13"><span class='ocrx_word' id='word_1_65' title='bbox 380 668 478 699; x_wconf 46' lang='grc' dir='ltr'>μοι-υ.</span> <span class='ocrx_word' id='word_1_66' title='bbox 501 653 667 689; x_wconf 72' lang='lat' dir='ltr'>Concilio</span> <span class='ocrx_word' id='word_1_67' title='bbox 690 652 972 700; x_wconf 78' lang='lat' dir='ltr'>malignantium</span> <span class='ocrx_word' id='word_1_68' title='bbox 993 651 1192 688; x_wconf 75' lang='lat' dir='ltr'>adversum</span> <span class='ocrx_word' id='word_1_69' title='bbox 1222 661 1256 688; x_wconf 90' lang='lat' dir='ltr'>tc</span> <span class='ocrx_word' id='word_1_70' title='bbox 1275 665 1366 702; x_wconf 84' lang='lat' dir='ltr'>pou-</span> 
     </span>
     <span class='ocr_line' id='line_1_12' title="bbox 381 711 1369 760; baseline -0.003 -13"><span class='ocrx_word' id='word_1_71' title='bbox 381 714 520 748; x_wconf 87' lang='lat' dir='ltr'>tilicum</span> <span class='ocrx_word' id='word_1_72' title='bbox 563 719 809 760; x_wconf 78' lang='lat' dir='ltr'>p=·a=s‹=1uatiis</span> <span class='ocrx_word' id='word_1_73' title='bbox 843 724 903 756; x_wconf 88' lang='lat' dir='ltr'>cs,</span> <span class='ocrx_word' id='word_1_74' title='bbox 938 719 975 746; x_wconf 86' lang='lat' dir='ltr'>et</span> <span class='ocrx_word' id='word_1_75' title='bbox 1020 711 1214 747; x_wconf 77' lang='lat' dir='ltr'>veritatem</span> <span class='ocrx_word' id='word_1_76' title='bbox 1256 719 1369 760; x_wconf 78' lang='lat' dir='ltr'>prout,</span> 
     </span>
     <span class='ocr_line' id='line_1_13' title="bbox 381 770 1368 820; baseline 0 -14"><span class='ocrx_word' id='word_1_77' title='bbox 381 772 549 820; x_wconf 91' lang='lat' dir='ltr'>oportuit</span> <span class='ocrx_word' id='word_1_78' title='bbox 569 770 762 807; x_wconf 79' lang='lat' dir='ltr'>consessus</span> <span class='ocrx_word' id='word_1_79' title='bbox 776 798 785 815; x_wconf 90' lang='lat'>,</span> <span class='ocrx_word' id='word_1_80' title='bbox 810 771 915 819; x_wconf 80' lang='lat' dir='ltr'>quasi</span> <span class='ocrx_word' id='word_1_81' title='bbox 937 770 982 806; x_wconf 87' lang='lat' dir='ltr'>dc</span> <span class='ocrx_word' id='word_1_82' title='bbox 1009 770 1239 820; x_wconf 85' lang='lat' dir='ltr'>blasphemia</span> <span class='ocrx_word' id='word_1_83' title='bbox 1259 770 1368 819; x_wconf 82' lang='lat' dir='ltr'>adju-</span> 
     </span>
     <span class='ocr_line' id='line_1_14' title="bbox 380 830 1368 879; baseline 0 -13"><span class='ocrx_word' id='word_1_84' title='bbox 380 831 523 866; x_wconf 76' lang='lat' dir='ltr'>dicatus</span> <span class='ocrx_word' id='word_1_85' title='bbox 541 844 578 866; x_wconf 81' lang='lat' dir='ltr'>es</span> <span class='ocrx_word' id='word_1_86' title='bbox 597 830 719 866; x_wconf 89' lang='lat' dir='ltr'>morti.</span> <span class='ocrx_word' id='word_1_87' title='bbox 738 830 999 867; x_wconf 74' lang='lat' dir='ltr'>Amantissimo</span> <span class='ocrx_word' id='word_1_88' title='bbox 1024 830 1206 875; x_wconf 91' lang='lat' dir='ltr'>Domine,</span> <span class='ocrx_word' id='word_1_89' title='bbox 1230 839 1368 879; x_wconf 83' lang='lat' dir='ltr'>quanta</span> 
     </span>
     <span class='ocr_line' id='line_1_15' title="bbox 381 889 1368 939; baseline -0.001 -14"><span class='ocrx_word' id='word_1_90' title='bbox 381 890 454 925; x_wconf 87' lang='lat' dir='ltr'>illic</span> <span class='ocrx_word' id='word_1_91' title='bbox 470 890 622 939; x_wconf 74' lang='lat' dir='ltr'>indigua</span> <span class='ocrx_word' id='word_1_92' title='bbox 643 903 660 925; x_wconf 88' lang='lat' dir='ltr'>a</span> <span class='ocrx_word' id='word_1_93' title='bbox 683 889 835 938; x_wconf 84' lang='lat' dir='ltr'>propria</span> <span class='ocrx_word' id='word_1_94' title='bbox 856 897 966 939; x_wconf 82' lang='lat' dir='ltr'>gente</span> <span class='ocrx_word' id='word_1_95' title='bbox 985 889 1200 938; x_wconf 81' lang='lat' dir='ltr'>pertulisti?</span> <span class='ocrx_word' id='word_1_96' title='bbox 1215 889 1368 925; x_wconf 87' lang='lat' dir='ltr'>Vultum</span> 
     </span>
     <span class='ocr_line' id='line_1_16' title="bbox 383 947 1370 998; baseline 0 -14"><span class='ocrx_word' id='word_1_97' title='bbox 383 958 484 985; x_wconf 90' lang='lat' dir='ltr'>tuum</span> <span class='ocrx_word' id='word_1_98' title='bbox 504 947 804 991; x_wconf 72' lang='lat' dir='ltr'>desiderabilem,</span> <span class='ocrx_word' id='word_1_99' title='bbox 825 949 858 983; x_wconf 93' lang='lat' dir='ltr'>in</span> <span class='ocrx_word' id='word_1_100' title='bbox 879 961 990 997; x_wconf 86' lang='lat' dir='ltr'>quem</span> <span class='ocrx_word' id='word_1_101' title='bbox 1013 948 1370 998; x_wconf 77' lang='lat' dir='ltr'>‹lesidcrantAngeli</span> 
     </span>
     <span class='ocr_line' id='line_1_17' title="bbox 383 1007 1365 1058; baseline 0.002 -17"><span class='ocrx_word' id='word_1_102' title='bbox 383 1008 611 1058; x_wconf 82' lang='lat' dir='ltr'>prospicere,</span> <span class='ocrx_word' id='word_1_103' title='bbox 629 1008 693 1057; x_wconf 79' lang='lat' dir='ltr'>qui</span> <span class='ocrx_word' id='word_1_104' title='bbox 711 1020 842 1044; x_wconf 89' lang='lat' dir='ltr'>omncs</span> <span class='ocrx_word' id='word_1_105' title='bbox 860 1007 974 1043; x_wconf 77' lang='lat' dir='ltr'>cot-los</span> <span class='ocrx_word' id='word_1_106' title='bbox 990 1007 1207 1056; x_wconf 69' lang='lat' dir='ltr'>adimplevit</span> <span class='ocrx_word' id='word_1_107' title='bbox 1228 1008 1365 1052; x_wconf 68' lang='lat' dir='ltr'>lcetitia,</span> 
     </span>
    </p>
   </div>
   <div class='ocr_carea' id='block_1_8' title="bbox 1429 415 2424 990">
    <p class='ocr_par' dir='ltr' id='par_1_8' title="bbox 1429 415 2424 990">
     <span class='ocr_line' id='line_1_18' title="bbox 1433 415 2420 456; baseline 0.003 -7"><span class='ocrx_word' id='word_1_108' title='bbox 1433 415 1567 449; x_wconf 70' lang='lat' dir='ltr'>delmut</span> <span class='ocrx_word' id='word_1_109' title='bbox 1590 419 1646 456; x_wconf 73' lang='grc' dir='ltr'>(Ἰ,</span> <span class='ocrx_word' id='word_1_110' title='bbox 1677 415 1839 448; x_wconf 62' lang='lat' dir='ltr'>dii-cutes</span> <span class='ocrx_word' id='word_1_111' title='bbox 1865 428 1875 447; x_wconf 90' lang='lat'>.·</span> <span class='ocrx_word' id='word_1_112' title='bbox 1903 419 1993 456; x_wconf 75' lang='lat' dir='ltr'>Ave,</span> <span class='ocrx_word' id='word_1_113' title='bbox 2026 428 2092 449; x_wconf 60' lang='lat' dir='ltr'>rex</span> <span class='ocrx_word' id='word_1_114' title='bbox 2118 417 2347 452; x_wconf 73' lang='lat' dir='ltr'>Jmlwmum.</span> <span class='ocrx_word' id='word_1_115' title='bbox 2372 419 2420 452; x_wconf 80' lang='lat' dir='ltr'>Ee</span> 
     </span>
     <span class='ocr_line' id='line_1_19' title="bbox 1432 474 2420 521; baseline 0.003 -14"><span class='ocrx_word' id='word_1_116' title='bbox 1432 474 1572 507; x_wconf 70' lang='lat' dir='ltr'>dalmat</span> <span class='ocrx_word' id='word_1_117' title='bbox 1600 478 1633 507; x_wconf 69' lang='lat' dir='ltr'>ei</span> <span class='ocrx_word' id='word_1_118' title='bbox 1656 475 1812 519; x_wconf 74' lang='lat' dir='ltr'>alapas,</span> <span class='ocrx_word' id='word_1_119' title='bbox 1836 481 1870 507; x_wconf 73' lang='lat' dir='ltr'>ct</span> <span class='ocrx_word' id='word_1_120' title='bbox 1888 482 2104 521; x_wconf 51' lang='lat' dir='ltr'>campactum·</span> <span class='ocrx_word' id='word_1_121' title='bbox 2122 478 2160 508; x_wconf 79' lang='lat' dir='ltr'>in</span> <span class='ocrx_word' id='word_1_122' title='bbox 2184 488 2264 509; x_wconf 79' lang='lat' dir='ltr'>eam</span> <span class='ocrx_word' id='word_1_123' title='bbox 2281 502 2291 517; x_wconf 95' lang='lat'>,</span> <span class='ocrx_word' id='word_1_124' title='bbox 2313 479 2420 510; x_wconf 80' lang='lat' dir='ltr'>acci-</span> 
     </span>
     <span class='ocr_line' id='line_1_20' title="bbox 1429 532 2419 581; baseline 0.004 -15"><span class='ocrx_word' id='word_1_125' title='bbox 1429 533 1582 581; x_wconf 64' lang='lat' dir='ltr'>piebant</span> <span class='ocrx_word' id='word_1_126' title='bbox 1602 534 1823 566; x_wconf 65' lang='lat' dir='ltr'>arundinem</span> <span class='ocrx_word' id='word_1_127' title='bbox 1836 559 1846 575; x_wconf 89' lang='lat'><em>‚</em></span> <span class='ocrx_word' id='word_1_128' title='bbox 1869 541 1903 566; x_wconf 78' lang='lat' dir='ltr'>et</span> <span class='ocrx_word' id='word_1_129' title='bbox 1927 532 2177 579; x_wconf 66' lang='lat' dir='ltr'>percutiebant</span> <span class='ocrx_word' id='word_1_130' title='bbox 2197 543 2307 581; x_wconf 79' lang='lat' dir='ltr'>caput</span> <span class='ocrx_word' id='word_1_131' title='bbox 2330 539 2419 580; x_wconf 63' lang='lat' dir='ltr'>(slus.</span> 
     </span>
     <span class='ocr_line' id='line_1_21' title="bbox 1435 593 2420 639; baseline 0.002 -12"><span class='ocrx_word' id='word_1_132' title='bbox 1435 594 1483 627; x_wconf 64' lang='lat' dir='ltr'>It&#39;t</span> <span class='ocrx_word' id='word_1_133' title='bbox 1501 601 1696 639; x_wconf 56' lang='lat' dir='ltr'>postquam</span> <span class='ocrx_word' id='word_1_134' title='bbox 1724 593 1913 626; x_wconf 67' lang='lat' dir='ltr'>illuserunt</span> <span class='ocrx_word' id='word_1_135' title='bbox 1938 593 1972 625; x_wconf 81' lang='lat' dir='ltr'>ei</span> <span class='ocrx_word' id='word_1_136' title='bbox 1984 619 1994 634; x_wconf 91' lang='lat'>,</span> <span class='ocrx_word' id='word_1_137' title='bbox 2021 593 2221 627; x_wconf 67' lang='lat' dir='ltr'>&#39;&#39;mlum-emt</span> <span class='ocrx_word' id='word_1_138' title='bbox 2244 607 2324 628; x_wconf 79' lang='lat' dir='ltr'>eum</span> <span class='ocrx_word' id='word_1_139' title='bbox 2350 607 2420 629; x_wconf 81' lang='lat' dir='ltr'>ve-</span> 
     </span>
     <span class='ocr_line' id='line_1_22' title="bbox 1432 649 2422 696; baseline 0.002 -10"><span class='ocrx_word' id='word_1_140' title='bbox 1432 656 1608 686; x_wconf 64' lang='lat' dir='ltr'>sttmt‘nlis</span> <span class='ocrx_word' id='word_1_141' title='bbox 1638 654 1729 692; x_wconf 75' lang='lat' dir='ltr'>suis,</span> <span class='ocrx_word' id='word_1_142' title='bbox 1751 659 1789 684; x_wconf 81' lang='lat' dir='ltr'>ut</span> <span class='ocrx_word' id='word_1_143' title='bbox 1816 651 2070 696; x_wconf 61' lang='lat' dir='ltr'>crucifigerent</span> <span class='ocrx_word' id='word_1_144' title='bbox 2096 649 2322 696; x_wconf 76' lang='lat' dir='ltr'>bajulantem</span> <span class='ocrx_word' id='word_1_145' title='bbox 2352 652 2422 688; x_wconf 78' lang='lat' dir='ltr'>sibi</span> 
     </span>
     <span class='ocr_line' id='line_1_23' title="bbox 1433 710 2421 757; baseline 0.002 -13"><span class='ocrx_word' id='word_1_146' title='bbox 1433 724 1585 745; x_wconf 66' lang='lat' dir='ltr'>crucem.</span> <span class='ocrx_word' id='word_1_147' title='bbox 1612 711 1657 743; x_wconf 70' lang='lat' dir='ltr'>lit</span> <span class='ocrx_word' id='word_1_148' title='bbox 1671 711 1879 756; x_wconf 71' lang='lat' dir='ltr'>perducunt</span> <span class='ocrx_word' id='word_1_149' title='bbox 1895 722 1974 744; x_wconf 81' lang='lat' dir='ltr'>eum</span> <span class='ocrx_word' id='word_1_150' title='bbox 1997 713 2035 743; x_wconf 79' lang='lat' dir='ltr'>in</span> <span class='ocrx_word' id='word_1_151' title='bbox 2063 710 2245 757; x_wconf 75' lang='lat' dir='ltr'>Golgotlea</span> <span class='ocrx_word' id='word_1_152' title='bbox 2262 724 2273 744; x_wconf 91' lang='grc'>.·</span> <span class='ocrx_word' id='word_1_153' title='bbox 2301 720 2335 746; x_wconf 81' lang='lat' dir='ltr'>et</span> <span class='ocrx_word' id='word_1_154' title='bbox 2362 716 2421 747; x_wconf 74' lang='grc' dir='ltr'>υἱ-</span> 
     </span>
     <span class='ocr_line' id='line_1_24' title="bbox 1435 767 2423 817; baseline 0.001 -13"><span class='ocrx_word' id='word_1_155' title='bbox 1435 783 1519 804; x_wconf 76' lang='lat' dir='ltr'>num</span> <span class='ocrx_word' id='word_1_156' title='bbox 1559 769 1786 813; x_wconf 55' lang='lat' dir='ltr'>nistrleatum</span> <span class='ocrx_word' id='word_1_157' title='bbox 1825 767 1966 802; x_wconf 71' lang='lat' dir='ltr'>(labant</span> <span class='ocrx_word' id='word_1_158' title='bbox 2002 771 2036 803; x_wconf 80' lang='lat' dir='ltr'>ci</span> <span class='ocrx_word' id='word_1_159' title='bbox 2068 767 2189 803; x_wconf 70' lang='lat' dir='ltr'>bibere</span> <span class='ocrx_word' id='word_1_160' title='bbox 2220 783 2299 804; x_wconf 80' lang='lat' dir='ltr'>cnm</span> <span class='ocrx_word' id='word_1_161' title='bbox 2329 768 2423 817; x_wconf 79' lang='lat' dir='ltr'>selle</span> 
     </span>
     <span class='ocr_line' id='line_1_25' title="bbox 1436 827 2424 874; baseline 0.001 -11"><span class='ocrx_word' id='word_1_162' title='bbox 1436 835 1668 870; x_wconf 70' lang='lat' dir='ltr'>121i.1-tm›1;‹·t</span> <span class='ocrx_word' id='word_1_163' title='bbox 1695 841 1773 862; x_wconf 77' lang='lat' dir='ltr'>cum</span> <span class='ocrx_word' id='word_1_164' title='bbox 1799 836 2007 874; x_wconf 53' lang='lat' dir='ltr'>gustasset,</span> <span class='ocrx_word' id='word_1_165' title='bbox 2033 830 2151 862; x_wconf 70' lang='lat' dir='ltr'>&#39;mluit</span> <span class='ocrx_word' id='word_1_166' title='bbox 2165 827 2299 864; x_wconf 73' lang='lat' dir='ltr'>bibere.</span> <span class='ocrx_word' id='word_1_167' title='bbox 2327 831 2424 864; x_wconf 79' lang='lat' dir='ltr'>Tunc</span> 
     </span>
     <span class='ocr_line' id='line_1_26' title="bbox 1436 888 2424 935; baseline 0 -11"><span class='ocrx_word' id='word_1_168' title='bbox 1436 890 1698 935; x_wconf 69' lang='lat' dir='ltr'>ct·m·(s1&#39;.1·.¹’rlmt</span> <span class='ocrx_word' id='word_1_169' title='bbox 1718 901 1799 921; x_wconf 73' lang='lat' dir='ltr'>eum</span> <span class='ocrx_word' id='word_1_170' title='bbox 1814 915 1823 931; x_wconf 92' lang='lat'>,</span> <span class='ocrx_word' id='word_1_171' title='bbox 1846 895 1881 922; x_wconf 85' lang='lat' dir='ltr'>et</span> <span class='ocrx_word' id='word_1_172' title='bbox 1896 900 1977 922; x_wconf 79' lang='lat' dir='ltr'>cum</span> <span class='ocrx_word' id='word_1_173' title='bbox 1999 901 2040 921; x_wconf 79' lang='lat'>(¹11</span> <span class='ocrx_word' id='word_1_174' title='bbox 2056 888 2147 922; x_wconf 76' lang='lat' dir='ltr'>duos</span> <span class='ocrx_word' id='word_1_175' title='bbox 2165 890 2326 923; x_wconf 74' lang='lat' dir='ltr'>latrones</span> <span class='ocrx_word' id='word_1_176' title='bbox 2340 890 2424 924; x_wconf 77' lang='lat' dir='ltr'>hinc</span> 
     </span>
     <span class='ocr_line' id='line_1_27' title="bbox 1437 948 2421 990; baseline 0 -7"><span class='ocrx_word' id='word_1_177' title='bbox 1437 958 1471 983; x_wconf 80' lang='lat' dir='ltr'>et</span> <span class='ocrx_word' id='word_1_178' title='bbox 1491 949 1593 990; x_wconf 74' lang='lat' dir='ltr'>hinc,</span> <span class='ocrx_word' id='word_1_179' title='bbox 1617 949 1777 981; x_wconf 66' lang='lat' dir='ltr'>medium</span> <span class='ocrx_word' id='word_1_180' title='bbox 1799 956 1921 981; x_wconf 71' lang='lat' dir='ltr'>autem</span> <span class='ocrx_word' id='word_1_181' title='bbox 1942 948 2077 982; x_wconf 64' lang='lat' dir='ltr'>smum.</span> <span class='ocrx_word' id='word_1_182' title='bbox 2096 949 2203 982; x_wconf 78' lang='lat' dir='ltr'>lesus</span> <span class='ocrx_word' id='word_1_183' title='bbox 2221 957 2342 983; x_wconf 81' lang='lat' dir='ltr'>antem</span> <span class='ocrx_word' id='word_1_184' title='bbox 2364 950 2421 983; x_wconf 73' lang='lat' dir='ltr'>‹li-</span> 
     </span>
    </p>
   </div>
   <div class='ocr_carea' id='block_1_9' title="bbox 1437 1007 2426 1055">
    <p class='ocr_par' dir='ltr' id='par_1_9' title="bbox 1437 1007 2426 1055">
     <span class='ocr_line' id='line_1_28' title="bbox 1437 1007 2426 1055; baseline 0 -13"><span class='ocrx_word' id='word_1_185' title='bbox 1437 1007 1541 1043; x_wconf 70' lang='lat' dir='ltr'>celmt</span> <span class='ocrx_word' id='word_1_186' title='bbox 1561 1021 1571 1041; x_wconf 91' lang='lat'>.·</span> <span class='ocrx_word' id='word_1_187' title='bbox 1596 1009 1733 1050; x_wconf 74' lang='lat' dir='ltr'>Pater,</span> <span class='ocrx_word' id='word_1_188' title='bbox 1761 1008 2012 1050; x_wconf 66' lang='lat' dir='ltr'>dimittentis,</span> <span class='ocrx_word' id='word_1_189' title='bbox 2033 1010 2125 1053; x_wconf 79' lang='lat' dir='ltr'>quia</span> <span class='ocrx_word' id='word_1_190' title='bbox 2145 1010 2311 1042; x_wconf 78' lang='lat' dir='ltr'>nesciunt</span> <span class='ocrx_word' id='word_1_191' title='bbox 2332 1009 2426 1055; x_wconf 83' lang='lat' dir='ltr'>quid</span> 
     </span>
    </p>
   </div>
   <div class='ocr_carea' id='block_1_10' title="bbox 381 1066 2422 1117">
    <p class='ocr_par' dir='ltr' id='par_1_10' title="bbox 381 1066 2422 1117">
     <span class='ocr_line' id='line_1_29' title="bbox 381 1066 2422 1117; baseline -0.001 -14"><span class='ocrx_word' id='word_1_192' title='bbox 381 1082 491 1116; x_wconf 79' lang='lat' dir='ltr'>quem</span> <span class='ocrx_word' id='word_1_193' title='bbox 507 1068 955 1117; x_wconf 73' lang='lat' dir='ltr'>dcprccaluuituromncs</span> <span class='ocrx_word' id='word_1_194' title='bbox 970 1067 1104 1102; x_wconf 71' lang='lat' dir='ltr'>‹livitvs</span> <span class='ocrx_word' id='word_1_195' title='bbox 1125 1066 1264 1116; x_wconf 86' lang='lat' dir='ltr'>plebis,</span> <span class='ocrx_word' id='word_1_196' title='bbox 1283 1067 1366 1116; x_wconf 89' lang='lat' dir='ltr'>pol·</span> <span class='ocrx_word' id='word_1_197' title='bbox 1386 1066 1586 1114; x_wconf 72' lang='lat' dir='ltr'>Bsacimet.</span> <span class='ocrx_word' id='word_1_198' title='bbox 1614 1068 1745 1101; x_wconf 72' lang='lat' dir='ltr'>Postea</span> <span class='ocrx_word' id='word_1_199' title='bbox 1771 1070 1890 1100; x_wconf 67' lang='lat' dir='ltr'>scii-ns</span> <span class='ocrx_word' id='word_1_200' title='bbox 1920 1066 2024 1100; x_wconf 68' lang='lat' dir='ltr'>Iesus</span> <span class='ocrx_word' id='word_1_201' title='bbox 2054 1069 2141 1112; x_wconf 79' lang='lat' dir='ltr'>quia</span> <span class='ocrx_word' id='word_1_202' title='bbox 2172 1075 2422 1102; x_wconf 79' lang='lat' dir='ltr'>consummata</span> 
     </span>
    </p>
   </div>
   <div class='ocr_carea' id='block_1_11' title="bbox 380 1126 1379 2590">
    <p class='ocr_par' dir='ltr' id='par_1_11' title="bbox 381 1126 1374 1352">
     <span class='ocr_line' id='line_1_30' title="bbox 384 1126 1371 1176; baseline -0.002 -13"><span class='ocrx_word' id='word_1_203' title='bbox 384 1128 450 1163; x_wconf 83' lang='lat' dir='ltr'>luti</span> <span class='ocrx_word' id='word_1_204' title='bbox 484 1126 569 1162; x_wconf 82' lang='lat' dir='ltr'>labii</span> <span class='ocrx_word' id='word_1_205' title='bbox 598 1127 653 1162; x_wconf 82' lang='lat' dir='ltr'>sui</span> <span class='ocrx_word' id='word_1_206' title='bbox 687 1127 805 1176; x_wconf 81' lang='lat' dir='ltr'>sputis</span> <span class='ocrx_word' id='word_1_207' title='bbox 831 1127 1145 1175; x_wconf 79' lang='lat' dir='ltr'>inquinaverunt,</span> <span class='ocrx_word' id='word_1_208' title='bbox 1181 1127 1371 1176; x_wconf 78' lang='lat' dir='ltr'>sacrilegis</span> 
     </span>
     <span class='ocr_line' id='line_1_31' title="bbox 382 1184 1371 1233; baseline 0 -13"><span class='ocrx_word' id='word_1_209' title='bbox 382 1184 554 1221; x_wconf 86' lang='lat' dir='ltr'>manibus</span> <span class='ocrx_word' id='word_1_210' title='bbox 575 1184 813 1229; x_wconf 78' lang='lat' dir='ltr'>ceciderunt,</span> <span class='ocrx_word' id='word_1_211' title='bbox 834 1185 916 1220; x_wconf 71' lang='lat' dir='ltr'>vclo</span> <span class='ocrx_word' id='word_1_212' title='bbox 950 1186 985 1220; x_wconf 91' lang='lat' dir='ltr'>in</span> <span class='ocrx_word' id='word_1_213' title='bbox 1016 1184 1179 1221; x_wconf 84' lang='lat' dir='ltr'>derisum</span> <span class='ocrx_word' id='word_1_214' title='bbox 1209 1197 1371 1233; x_wconf 87' lang='lat' dir='ltr'>operue-</span> 
     </span>
     <span class='ocr_line' id='line_1_32' title="bbox 383 1244 1374 1289; baseline -0.001 -9"><span class='ocrx_word' id='word_1_215' title='bbox 383 1253 490 1289; x_wconf 89' lang='lat' dir='ltr'>runt,</span> <span class='ocrx_word' id='word_1_216' title='bbox 515 1253 551 1280; x_wconf 88' lang='lat' dir='ltr'>et</span> <span class='ocrx_word' id='word_1_217' title='bbox 585 1253 619 1280; x_wconf 83' lang='lat' dir='ltr'>te</span> <span class='ocrx_word' id='word_1_218' title='bbox 648 1244 849 1280; x_wconf 90' lang='lat' dir='ltr'>Dominum</span> <span class='ocrx_word' id='word_1_219' title='bbox 879 1244 1062 1279; x_wconf 77' lang='lat' dir='ltr'>univcrsae</span> <span class='ocrx_word' id='word_1_220' title='bbox 1091 1251 1270 1279; x_wconf 69' lang='lat' dir='ltr'>creaturae,</span> <span class='ocrx_word' id='word_1_221' title='bbox 1295 1251 1374 1279; x_wconf 88' lang='lat' dir='ltr'>tan-</span> 
     </span>
     <span class='ocr_line' id='line_1_33' title="bbox 381 1302 1372 1352; baseline -0.001 -14"><span class='ocrx_word' id='word_1_222' title='bbox 381 1317 491 1352; x_wconf 81' lang='lat' dir='ltr'>quant</span> <span class='ocrx_word' id='word_1_223' title='bbox 510 1317 658 1339; x_wconf 74' lang='lat' dir='ltr'>servum</span> <span class='ocrx_word' id='word_1_224' title='bbox 686 1302 1010 1352; x_wconf 73' lang='lat' dir='ltr'>contemptibilem</span> <span class='ocrx_word' id='word_1_225' title='bbox 1032 1302 1372 1351; x_wconf 78' lang='lat' dir='ltr'>colaphizaverunt.</span> 
     </span>
    </p>

    <p class='ocr_par' dir='ltr' id='par_1_12' title="bbox 380 1361 1379 2590">
     <span class='ocr_line' id='line_1_34' title="bbox 432 1361 1373 1398; baseline 0 -3"><span class='ocrx_word' id='word_1_226' title='bbox 432 1364 467 1397; x_wconf 64' lang='grc' dir='ltr'>ἕ).</span> <span class='ocrx_word' id='word_1_227' title='bbox 500 1362 631 1398; x_wconf 73' lang='lat' dir='ltr'>Adhuc</span> <span class='ocrx_word' id='word_1_228' title='bbox 649 1371 772 1398; x_wconf 89' lang='lat' dir='ltr'>autem</span> <span class='ocrx_word' id='word_1_229' title='bbox 794 1370 830 1397; x_wconf 87' lang='lat' dir='ltr'>ct</span> <span class='ocrx_word' id='word_1_230' title='bbox 850 1362 1012 1397; x_wconf 88' lang='lat' dir='ltr'>animam</span> <span class='ocrx_word' id='word_1_231' title='bbox 1044 1369 1144 1396; x_wconf 90' lang='lat' dir='ltr'>tuam</span> <span class='ocrx_word' id='word_1_232' title='bbox 1173 1361 1373 1396; x_wconf 87' lang='lat' dir='ltr'>incircum-</span> 
     </span>
     <span class='ocr_line' id='line_1_35' title="bbox 381 1420 1372 1467; baseline 0 -12"><span class='ocrx_word' id='word_1_233' title='bbox 381 1422 456 1457; x_wconf 83' lang='lat' dir='ltr'>ciso</span> <span class='ocrx_word' id='word_1_234' title='bbox 487 1421 567 1456; x_wconf 81' lang='lat' dir='ltr'>cani</span> <span class='ocrx_word' id='word_1_235' title='bbox 603 1420 880 1467; x_wconf 67' lang='lat' dir='ltr'>deglutiendam</span> <span class='ocrx_word' id='word_1_236' title='bbox 914 1420 1162 1455; x_wconf 85' lang='lat' dir='ltr'>tradiderunt.</span> <span class='ocrx_word' id='word_1_237' title='bbox 1198 1420 1372 1456; x_wconf 76' lang='lat' dir='ltr'>Vinctum</span> 
     </span>
     <span class='ocr_line' id='line_1_36' title="bbox 381 1478 1374 1528; baseline -0.002 -13"><span class='ocrx_word' id='word_1_238' title='bbox 381 1479 563 1528; x_wconf 75' lang='lat' dir='ltr'>siquidem</span> <span class='ocrx_word' id='word_1_239' title='bbox 586 1488 671 1515; x_wconf 88' lang='lat' dir='ltr'>aute</span> <span class='ocrx_word' id='word_1_240' title='bbox 696 1480 823 1515; x_wconf 70' lang='lat' dir='ltr'>taciem</span> <span class='ocrx_word' id='word_1_241' title='bbox 858 1479 962 1515; x_wconf 82' lang='lat' dir='ltr'>Pilati</span> <span class='ocrx_word' id='word_1_242' title='bbox 995 1478 1280 1527; x_wconf 86' lang='lat' dir='ltr'>perduxerunt,</span> <span class='ocrx_word' id='word_1_243' title='bbox 1308 1491 1374 1527; x_wconf 90' lang='lat' dir='ltr'>po—</span> 
     </span>
     <span class='ocr_line' id='line_1_37' title="bbox 381 1537 1376 1588; baseline 0 -15"><span class='ocrx_word' id='word_1_244' title='bbox 381 1540 560 1575; x_wconf 79' lang='lat' dir='ltr'>stulantes</span> <span class='ocrx_word' id='word_1_245' title='bbox 581 1539 700 1574; x_wconf 86' lang='lat' dir='ltr'>crucis</span> <span class='ocrx_word' id='word_1_246' title='bbox 728 1538 915 1587; x_wconf 83' lang='lat' dir='ltr'>supplicio</span> <span class='ocrx_word' id='word_1_247' title='bbox 937 1546 970 1573; x_wconf 89' lang='lat' dir='ltr'>te</span> <span class='ocrx_word' id='word_1_248' title='bbox 990 1537 1176 1582; x_wconf 90' lang='lat' dir='ltr'>interimi,</span> <span class='ocrx_word' id='word_1_249' title='bbox 1197 1538 1262 1586; x_wconf 82' lang='lat' dir='ltr'>qui</span> <span class='ocrx_word' id='word_1_250' title='bbox 1290 1550 1376 1588; x_wconf 88' lang='lat' dir='ltr'>pec-</span> 
     </span>
     <span class='ocr_line' id='line_1_38' title="bbox 381 1597 1373 1643; baseline 0 -9"><span class='ocrx_word' id='word_1_251' title='bbox 381 1607 502 1635; x_wconf 81' lang='lat' dir='ltr'>catum</span> <span class='ocrx_word' id='word_1_252' title='bbox 525 1611 600 1633; x_wconf 91' lang='lat' dir='ltr'>non</span> <span class='ocrx_word' id='word_1_253' title='bbox 628 1611 810 1643; x_wconf 78' lang='lat' dir='ltr'>noveras3</span> <span class='ocrx_word' id='word_1_254' title='bbox 837 1606 873 1634; x_wconf 89' lang='lat' dir='ltr'>et</span> <span class='ocrx_word' id='word_1_255' title='bbox 902 1598 1022 1634; x_wconf 77' lang='lat' dir='ltr'>virum</span> <span class='ocrx_word' id='word_1_256' title='bbox 1045 1597 1273 1634; x_wconf 80' lang='lat' dir='ltr'>homicidam</span> <span class='ocrx_word' id='word_1_257' title='bbox 1294 1597 1373 1634; x_wconf 85' lang='lat' dir='ltr'>dari</span> 
     </span>
     <span class='ocr_line' id='line_1_39' title="bbox 381 1657 1371 1707; baseline 0 -14"><span class='ocrx_word' id='word_1_258' title='bbox 381 1657 469 1701; x_wconf 89' lang='lat' dir='ltr'>sibi,</span> <span class='ocrx_word' id='word_1_259' title='bbox 497 1671 634 1706; x_wconf 64' lang='lat' dir='ltr'>agnum</span> <span class='ocrx_word' id='word_1_260' title='bbox 663 1658 773 1707; x_wconf 90' lang='lat' dir='ltr'>lupo,</span> <span class='ocrx_word' id='word_1_261' title='bbox 808 1670 939 1693; x_wconf 85' lang='lat' dir='ltr'>aurum</span> <span class='ocrx_word' id='word_1_262' title='bbox 974 1657 1053 1693; x_wconf 88' lang='lat' dir='ltr'>luto</span> <span class='ocrx_word' id='word_1_263' title='bbox 1085 1665 1371 1706; x_wconf 79' lang='lat' dir='ltr'>postponentes.</span> 
     </span>
     <span class='ocr_line' id='line_1_40' title="bbox 380 1717 1374 1765; baseline -0.001 -12"><span class='ocrx_word' id='word_1_264' title='bbox 380 1721 410 1753; x_wconf 91' lang='grc'>()</span> <span class='ocrx_word' id='word_1_265' title='bbox 427 1717 619 1765; x_wconf 66' lang='lat' dir='ltr'>indignum</span> <span class='ocrx_word' id='word_1_266' title='bbox 637 1726 673 1753; x_wconf 89' lang='lat' dir='ltr'>et</span> <span class='ocrx_word' id='word_1_267' title='bbox 690 1717 817 1752; x_wconf 77' lang='lat' dir='ltr'>iul&#39;elix</span> <span class='ocrx_word' id='word_1_268' title='bbox 833 1717 1098 1752; x_wconf 82' lang='lat' dir='ltr'>commercium</span> <span class='ocrx_word' id='word_1_269' title='bbox 1111 1723 1123 1738; x_wconf 70' lang='lat'>³¹</span> <span class='ocrx_word' id='word_1_270' title='bbox 1137 1719 1143 1752; x_wconf 84' lang='lat' dir='ltr'>l</span> <span class='ocrx_word' id='word_1_271' title='bbox 1155 1720 1207 1763; x_wconf 51' lang='lat' dir='ltr'>‚Et</span> <span class='ocrx_word' id='word_1_272' title='bbox 1223 1717 1374 1765; x_wconf 88' lang='lat' dir='ltr'>quidem</span> 
     </span>
     <span class='ocr_line' id='line_1_41' title="bbox 381 1775 1375 1824; baseline 0.001 -13"><span class='ocrx_word' id='word_1_273' title='bbox 381 1789 450 1811; x_wconf 86' lang='lat' dir='ltr'>nce</span> <span class='ocrx_word' id='word_1_274' title='bbox 481 1775 676 1824; x_wconf 76' lang='lat' dir='ltr'>ignorabat</span> <span class='ocrx_word' id='word_1_275' title='bbox 708 1775 845 1824; x_wconf 88' lang='lat' dir='ltr'>impius</span> <span class='ocrx_word' id='word_1_276' title='bbox 872 1776 932 1811; x_wconf 84' lang='lat' dir='ltr'>ille</span> <span class='ocrx_word' id='word_1_277' title='bbox 952 1788 1019 1824; x_wconf 86' lang='lat' dir='ltr'>per</span> <span class='ocrx_word' id='word_1_278' title='bbox 1038 1775 1216 1811; x_wconf 80' lang='lat' dir='ltr'>invidiam</span> <span class='ocrx_word' id='word_1_279' title='bbox 1239 1776 1316 1812; x_wconf 77' lang='lat' dir='ltr'>haec</span> <span class='ocrx_word' id='word_1_280' title='bbox 1338 1777 1375 1812; x_wconf 89' lang='lat' dir='ltr'>in</span> 
     </span>
     <span class='ocr_line' id='line_1_42' title="bbox 382 1835 554 1869; baseline 0 0"><span class='ocrx_word' id='word_1_281' title='bbox 382 1843 416 1869; x_wconf 92' lang='lat' dir='ltr'>tc</span> <span class='ocrx_word' id='word_1_282' title='bbox 447 1835 525 1869; x_wconf 85' lang='lat' dir='ltr'>lieri</span> <span class='ocrx_word' id='word_1_283' title='bbox 548 1848 554 1869; x_wconf 91' lang='lat'>:</span> 
     </span>
     <span class='ocr_line' id='line_1_43' title="bbox 383 1891 1374 1941; baseline 0.001 -14"><span class='ocrx_word' id='word_1_284' title='bbox 383 1905 535 1935; x_wconf 78' lang='lat' dir='ltr'>manus,</span> <span class='ocrx_word' id='word_1_285' title='bbox 560 1891 623 1927; x_wconf 89' lang='lat' dir='ltr'>sed</span> <span class='ocrx_word' id='word_1_286' title='bbox 643 1892 801 1941; x_wconf 72' lang='lat' dir='ltr'>replevit</span> <span class='ocrx_word' id='word_1_287' title='bbox 818 1892 978 1927; x_wconf 88' lang='lat' dir='ltr'>animam</span> <span class='ocrx_word' id='word_1_288' title='bbox 1002 1900 1101 1928; x_wconf 86' lang='lat' dir='ltr'>tuam</span> <span class='ocrx_word' id='word_1_289' title='bbox 1124 1892 1374 1928; x_wconf 83' lang='lat' dir='ltr'>amaritudine</span> 
     </span>
     <span class='ocr_line' id='line_1_44' title="bbox 382 1950 1375 1995; baseline 0 -8"><span class='ocrx_word' id='word_1_290' title='bbox 382 1952 461 1987; x_wconf 69' lang='lat' dir='ltr'>sinc</span> <span class='ocrx_word' id='word_1_291' title='bbox 477 1964 598 1987; x_wconf 85' lang='lat' dir='ltr'>causa.</span> <span class='ocrx_word' id='word_1_292' title='bbox 616 1950 853 1987; x_wconf 82' lang='lat' dir='ltr'>llludendum</span> <span class='ocrx_word' id='word_1_293' title='bbox 875 1951 1016 1986; x_wconf 88' lang='lat' dir='ltr'>Herodi</span> <span class='ocrx_word' id='word_1_294' title='bbox 1039 1959 1072 1986; x_wconf 90' lang='lat' dir='ltr'>te</span> <span class='ocrx_word' id='word_1_295' title='bbox 1089 1951 1205 1995; x_wconf 82' lang='lat' dir='ltr'>misit,</span> <span class='ocrx_word' id='word_1_296' title='bbox 1226 1951 1375 1987; x_wconf 89' lang='lat' dir='ltr'>illusum</span> 
     </span>
     <span class='ocr_line' id='line_1_45' title="bbox 383 2011 1377 2061; baseline 0 -14"><span class='ocrx_word' id='word_1_297' title='bbox 383 2011 543 2060; x_wconf 84' lang='lat' dir='ltr'>recepit,</span> <span class='ocrx_word' id='word_1_298' title='bbox 568 2011 710 2047; x_wconf 88' lang='lat' dir='ltr'>nudum</span> <span class='ocrx_word' id='word_1_299' title='bbox 735 2012 769 2047; x_wconf 92' lang='lat' dir='ltr'>in</span> <span class='ocrx_word' id='word_1_300' title='bbox 800 2019 1005 2061; x_wconf 84' lang='lat' dir='ltr'>conspectu</span> <span class='ocrx_word' id='word_1_301' title='bbox 1038 2011 1232 2047; x_wconf 88' lang='lat' dir='ltr'>illusorum</span> <span class='ocrx_word' id='word_1_302' title='bbox 1258 2020 1377 2048; x_wconf 90' lang='lat' dir='ltr'>astare</span> 
     </span>
     <span class='ocr_line' id='line_1_46' title="bbox 385 2069 1378 2119; baseline 0.002 -14"><span class='ocrx_word' id='word_1_303' title='bbox 385 2080 418 2106; x_wconf 79' lang='lat' dir='ltr'>te</span> <span class='ocrx_word' id='word_1_304' title='bbox 448 2070 576 2119; x_wconf 87' lang='lat' dir='ltr'>jussit,</span> <span class='ocrx_word' id='word_1_305' title='bbox 602 2083 670 2106; x_wconf 73' lang='lat' dir='ltr'>ncc,</span> <span class='ocrx_word' id='word_1_306' title='bbox 696 2070 863 2119; x_wconf 82' lang='lat' dir='ltr'>pepercit</span> <span class='ocrx_word' id='word_1_307' title='bbox 892 2070 1130 2106; x_wconf 86' lang='lat' dir='ltr'>amarissimis</span> <span class='ocrx_word' id='word_1_308' title='bbox 1156 2069 1378 2107; x_wconf 76' lang='lat' dir='ltr'>verberibus</span> 
     </span>
     <span class='ocr_line' id='line_1_47' title="bbox 385 2129 1373 2179; baseline 0.002 -15"><span class='ocrx_word' id='word_1_309' title='bbox 385 2129 584 2178; x_wconf 56' lang='lat' dir='ltr'>x&#39;irgineam</span> <span class='ocrx_word' id='word_1_310' title='bbox 603 2143 752 2165; x_wconf 86' lang='lat' dir='ltr'>carnem</span> <span class='ocrx_word' id='word_1_311' title='bbox 771 2138 869 2166; x_wconf 90' lang='lat' dir='ltr'>tuam</span> <span class='ocrx_word' id='word_1_312' title='bbox 885 2129 1082 2173; x_wconf 84' lang='lat' dir='ltr'>divellere,</span> <span class='ocrx_word' id='word_1_313' title='bbox 1099 2130 1216 2179; x_wconf 74' lang='lat' dir='ltr'>plagis</span> <span class='ocrx_word' id='word_1_314' title='bbox 1232 2131 1373 2179; x_wconf 74' lang='lat' dir='ltr'>plagas,</span> 
     </span>
     <span class='ocr_line' id='line_1_48' title="bbox 384 2187 1376 2235; baseline 0.002 -12"><span class='ocrx_word' id='word_1_315' title='bbox 384 2189 520 2224; x_wconf 79' lang='lat' dir='ltr'>livores</span> <span class='ocrx_word' id='word_1_316' title='bbox 551 2187 733 2224; x_wconf 72' lang='lat' dir='ltr'>livoribus</span> <span class='ocrx_word' id='word_1_317' title='bbox 757 2187 959 2224; x_wconf 84' lang='lat' dir='ltr'>crudeliter</span> <span class='ocrx_word' id='word_1_318' title='bbox 988 2187 1172 2235; x_wconf 78' lang='lat' dir='ltr'>infligens.</span> <span class='ocrx_word' id='word_1_319' title='bbox 1201 2192 1232 2225; x_wconf 92' lang='grc' dir='ltr'>Ο</span> <span class='ocrx_word' id='word_1_320' title='bbox 1260 2189 1376 2225; x_wconf 85' lang='lat' dir='ltr'>electe</span> 
     </span>
     <span class='ocr_line' id='line_1_49' title="bbox 386 2246 1373 2296; baseline 0.002 -15"><span class='ocrx_word' id='word_1_321' title='bbox 386 2260 479 2296; x_wconf 89' lang='lat' dir='ltr'>puer</span> <span class='ocrx_word' id='word_1_322' title='bbox 499 2247 650 2283; x_wconf 89' lang='lat' dir='ltr'>Domini</span> <span class='ocrx_word' id='word_1_323' title='bbox 668 2247 735 2283; x_wconf 85' lang='lat' dir='ltr'>Dei</span> <span class='ocrx_word' id='word_1_324' title='bbox 760 2247 849 2291; x_wconf 89' lang='lat' dir='ltr'>mci,</span> <span class='ocrx_word' id='word_1_325' title='bbox 870 2246 959 2295; x_wconf 82' lang='lat' dir='ltr'>quid</span> <span class='ocrx_word' id='word_1_326' title='bbox 984 2254 1083 2282; x_wconf 88' lang='lat' dir='ltr'>tanta</span> <span class='ocrx_word' id='word_1_327' title='bbox 1102 2247 1373 2291; x_wconf 85' lang='lat' dir='ltr'>amaritudine,</span> 
     </span>
     <span class='ocr_line' id='line_1_50' title="bbox 385 2305 1376 2354; baseline 0.002 -14"><span class='ocrx_word' id='word_1_328' title='bbox 385 2305 476 2354; x_wconf 82' lang='lat' dir='ltr'>quid</span> <span class='ocrx_word' id='word_1_329' title='bbox 520 2314 619 2341; x_wconf 89' lang='lat' dir='ltr'>tanta</span> <span class='ocrx_word' id='word_1_330' title='bbox 655 2305 876 2341; x_wconf 79' lang='lat' dir='ltr'>confusione</span> <span class='ocrx_word' id='word_1_331' title='bbox 909 2305 1064 2353; x_wconf 76' lang='lat' dir='ltr'>dignum</span> <span class='ocrx_word' id='word_1_332' title='bbox 1107 2306 1376 2342; x_wconf 78' lang='lat' dir='ltr'>commiseras?</span> 
     </span>
     <span class='ocr_line' id='line_1_51' title="bbox 389 2363 1378 2412; baseline 0.001 -13"><span class='ocrx_word' id='word_1_333' title='bbox 389 2368 545 2399; x_wconf 79' lang='lat' dir='ltr'>Prorsus</span> <span class='ocrx_word' id='word_1_334' title='bbox 576 2364 678 2399; x_wconf 82' lang='lat' dir='ltr'>nihil.</span> <span class='ocrx_word' id='word_1_335' title='bbox 704 2367 799 2411; x_wconf 71' lang='lat' dir='ltr'>Ego,</span> <span class='ocrx_word' id='word_1_336' title='bbox 825 2376 894 2411; x_wconf 74' lang='lat' dir='ltr'>ego</span> <span class='ocrx_word' id='word_1_337' title='bbox 914 2363 1028 2399; x_wconf 89' lang='lat' dir='ltr'>homo</span> <span class='ocrx_word' id='word_1_338' title='bbox 1051 2363 1239 2412; x_wconf 89' lang='lat' dir='ltr'>perditus,</span> <span class='ocrx_word' id='word_1_339' title='bbox 1267 2365 1378 2401; x_wconf 89' lang='lat' dir='ltr'>totius</span> 
     </span>
     <span class='ocr_line' id='line_1_52' title="bbox 388 2422 1378 2466; baseline 0.005 -11"><span class='ocrx_word' id='word_1_340' title='bbox 388 2423 645 2466; x_wconf 68' lang='lat' dir='ltr'>contritionis,</span> <span class='ocrx_word' id='word_1_341' title='bbox 678 2424 791 2458; x_wconf 86' lang='lat' dir='ltr'>totius</span> <span class='ocrx_word' id='word_1_342' title='bbox 819 2423 1049 2458; x_wconf 81' lang='lat' dir='ltr'>confusionis</span> <span class='ocrx_word' id='word_1_343' title='bbox 1077 2430 1148 2458; x_wconf 71' lang='lat' dir='ltr'>tuce</span> <span class='ocrx_word' id='word_1_344' title='bbox 1179 2422 1244 2458; x_wconf 89' lang='lat' dir='ltr'>tibi</span> <span class='ocrx_word' id='word_1_345' title='bbox 1271 2436 1378 2460; x_wconf 87' lang='lat' dir='ltr'>eausa</span> 
     </span>
     <span class='ocr_line' id='line_1_53' title="bbox 388 2481 1376 2529; baseline 0.004 -15"><span class='ocrx_word' id='word_1_346' title='bbox 388 2482 524 2517; x_wconf 56' lang='lat' dir='ltr'>exstiti.</span> <span class='ocrx_word' id='word_1_347' title='bbox 558 2485 648 2529; x_wconf 71' lang='lat' dir='ltr'>Ego,</span> <span class='ocrx_word' id='word_1_348' title='bbox 672 2481 852 2526; x_wconf 87' lang='lat' dir='ltr'>Domine,</span> <span class='ocrx_word' id='word_1_349' title='bbox 877 2494 986 2517; x_wconf 82' lang='lat' dir='ltr'>uvam</span> <span class='ocrx_word' id='word_1_350' title='bbox 1008 2481 1178 2517; x_wconf 79' lang='lat' dir='ltr'>acerbam</span> <span class='ocrx_word' id='word_1_351' title='bbox 1209 2482 1376 2527; x_wconf 89' lang='lat' dir='ltr'>comedi,</span> 
     </span>
     <span class='ocr_line' id='line_1_54' title="bbox 389 2540 1379 2590; baseline 0.004 -16"><span class='ocrx_word' id='word_1_352' title='bbox 389 2550 425 2576; x_wconf 74' lang='lat' dir='ltr'>et</span> <span class='ocrx_word' id='word_1_353' title='bbox 454 2541 584 2576; x_wconf 87' lang='lat' dir='ltr'>dentes</span> <span class='ocrx_word' id='word_1_354' title='bbox 612 2541 662 2576; x_wconf 90' lang='lat' dir='ltr'>tui</span> <span class='ocrx_word' id='word_1_355' title='bbox 684 2540 983 2589; x_wconf 78' lang='lat' dir='ltr'>obstupuerunt3</span> <span class='ocrx_word' id='word_1_356' title='bbox 1008 2541 1094 2590; x_wconf 86' lang='lat' dir='ltr'>quia</span> <span class='ocrx_word' id='word_1_357' title='bbox 1115 2554 1198 2590; x_wconf 84' lang='lat' dir='ltr'>quae</span> <span class='ocrx_word' id='word_1_358' title='bbox 1220 2555 1295 2577; x_wconf 92' lang='lat' dir='ltr'>non</span> <span class='ocrx_word' id='word_1_359' title='bbox 1318 2556 1379 2578; x_wconf 92' lang='lat' dir='ltr'>ra-</span> 
     </span>
    </p>
   </div>
   <div class='ocr_carea' id='block_1_12' title="bbox 1435 1126 2429 1825">
    <p class='ocr_par' dir='ltr' id='par_1_13' title="bbox 1435 1126 2429 1704">
     <span class='ocr_line' id='line_1_55' title="bbox 1436 1126 2424 1172; baseline -0.001 -12"><span class='ocrx_word' id='word_1_360' title='bbox 1436 1135 1542 1160; x_wconf 75' lang='lat' dir='ltr'>errmt</span> <span class='ocrx_word' id='word_1_361' title='bbox 1567 1131 1695 1160; x_wconf 80' lang='lat' dir='ltr'>omnm</span> <span class='ocrx_word' id='word_1_362' title='bbox 1708 1152 1720 1169; x_wconf 86' lang='lat'><em>‚</em></span> <span class='ocrx_word' id='word_1_363' title='bbox 1750 1133 1788 1159; x_wconf 79' lang='lat' dir='ltr'>ut</span> <span class='ocrx_word' id='word_1_364' title='bbox 1816 1126 2009 1172; x_wconf 61' lang='lat' dir='ltr'>Scriptura</span> <span class='ocrx_word' id='word_1_365' title='bbox 2037 1126 2274 1172; x_wconf 76' lang='lat' dir='ltr'>impleretur,</span> <span class='ocrx_word' id='word_1_366' title='bbox 2299 1127 2398 1161; x_wconf 61' lang='lat' dir='ltr'>dia-it</span> <span class='ocrx_word' id='word_1_367' title='bbox 2413 1140 2424 1159; x_wconf 82' lang='lat'>.-</span> 
     </span>
     <span class='ocr_line' id='line_1_56' title="bbox 1437 1186 2424 1232; baseline 0 -13"><span class='ocrx_word' id='word_1_368' title='bbox 1437 1187 1541 1221; x_wconf 77' lang='lat' dir='ltr'>Silio.</span> <span class='ocrx_word' id='word_1_369' title='bbox 1567 1186 1618 1220; x_wconf 64' lang='lat' dir='ltr'>lit</span> <span class='ocrx_word' id='word_1_370' title='bbox 1640 1197 1785 1219; x_wconf 70' lang='lat' dir='ltr'>currens</span> <span class='ocrx_word' id='word_1_371' title='bbox 1810 1197 1902 1218; x_wconf 77' lang='lat' dir='ltr'>{mus</span> <span class='ocrx_word' id='word_1_372' title='bbox 1921 1196 1968 1218; x_wconf 66' lang='lat' dir='ltr'>ac</span> <span class='ocrx_word' id='word_1_373' title='bbox 1993 1188 2045 1218; x_wconf 80' lang='lat' dir='ltr'>eis</span> <span class='ocrx_word' id='word_1_374' title='bbox 2057 1210 2068 1226; x_wconf 90' lang='lat'>,</span> <span class='ocrx_word' id='word_1_375' title='bbox 2099 1193 2287 1231; x_wconf 74' lang='lat' dir='ltr'>acceptam</span> <span class='ocrx_word' id='word_1_376' title='bbox 2312 1198 2424 1232; x_wconf 79' lang='lat' dir='ltr'>spon-</span> 
     </span>
     <span class='ocr_line' id='line_1_57' title="bbox 1435 1246 2423 1292; baseline -0.001 -13"><span class='ocrx_word' id='word_1_377' title='bbox 1435 1249 1535 1292; x_wconf 74' lang='lat' dir='ltr'>giam</span> <span class='ocrx_word' id='word_1_378' title='bbox 1573 1247 1734 1292; x_wconf 72' lang='lat' dir='ltr'>implevit</span> <span class='ocrx_word' id='word_1_379' title='bbox 1771 1253 1898 1288; x_wconf 76' lang='lat' dir='ltr'>accen,</span> <span class='ocrx_word' id='word_1_380' title='bbox 1940 1251 1974 1277; x_wconf 85' lang='lat' dir='ltr'>et</span> <span class='ocrx_word' id='word_1_381' title='bbox 2011 1246 2183 1290; x_wconf 75' lang='lat' dir='ltr'>impomit</span> <span class='ocrx_word' id='word_1_382' title='bbox 2220 1246 2423 1287; x_wconf 73' lang='lat' dir='ltr'>arunrh&#39;m&#39;,</span> 
     </span>
     <span class='ocr_line' id='line_1_58' title="bbox 1439 1301 2423 1349; baseline -0.002 -11"><span class='ocrx_word' id='word_1_383' title='bbox 1439 1313 1473 1338; x_wconf 77' lang='lat' dir='ltr'>ee</span> <span class='ocrx_word' id='word_1_384' title='bbox 1503 1302 1615 1337; x_wconf 83' lang='lat' dir='ltr'>dabat</span> <span class='ocrx_word' id='word_1_385' title='bbox 1640 1307 1672 1337; x_wconf 81' lang='lat' dir='ltr'>ci</span> <span class='ocrx_word' id='word_1_386' title='bbox 1703 1301 1832 1336; x_wconf 72' lang='lat' dir='ltr'>ln&#39;bcre.</span> <span class='ocrx_word' id='word_1_387' title='bbox 1866 1303 1954 1337; x_wconf 80' lang='lat' dir='ltr'>Cum</span> <span class='ocrx_word' id='word_1_388' title='bbox 1981 1315 2065 1348; x_wconf 75' lang='lat' dir='ltr'>ergo</span> <span class='ocrx_word' id='word_1_389' title='bbox 2101 1306 2302 1349; x_wconf 75' lang='lat' dir='ltr'>accepisset</span> <span class='ocrx_word' id='word_1_390' title='bbox 2338 1315 2423 1337; x_wconf 77' lang='lat' dir='ltr'>ace—</span> 
     </span>
     <span class='ocr_line' id='line_1_59' title="bbox 1439 1362 2422 1406; baseline 0 -10"><span class='ocrx_word' id='word_1_391' title='bbox 1439 1371 1533 1406; x_wconf 78' lang='lat' dir='ltr'>tum,</span> <span class='ocrx_word' id='word_1_392' title='bbox 1569 1364 1667 1396; x_wconf 60' lang='lat' dir='ltr'>dimit</span> <span class='ocrx_word' id='word_1_393' title='bbox 1702 1375 1712 1394; x_wconf 92' lang='grc'>.·</span> <span class='ocrx_word' id='word_1_394' title='bbox 1747 1362 2045 1396; x_wconf 75' lang='lat' dir='ltr'>Consumnmeum</span> <span class='ocrx_word' id='word_1_395' title='bbox 2077 1369 2140 1396; x_wconf 77' lang='lat' dir='ltr'>est.</span> <span class='ocrx_word' id='word_1_396' title='bbox 2177 1362 2225 1396; x_wconf 88' lang='lat' dir='ltr'>Et</span> <span class='ocrx_word' id='word_1_397' title='bbox 2256 1364 2422 1396; x_wconf 78' lang='lat' dir='ltr'>clamans</span> 
     </span>
     <span class='ocr_line' id='line_1_60' title="bbox 1439 1420 2426 1467; baseline 0 -12"><span class='ocrx_word' id='word_1_398' title='bbox 1439 1434 1528 1455; x_wconf 78' lang='lat' dir='ltr'>vnce</span> <span class='ocrx_word' id='word_1_399' title='bbox 1546 1433 1683 1467; x_wconf 72' lang='lat' dir='ltr'>magna</span> <span class='ocrx_word' id='word_1_400' title='bbox 1697 1448 1705 1462; x_wconf 91' lang='lat'>‚</span> <span class='ocrx_word' id='word_1_401' title='bbox 1732 1421 1830 1453; x_wconf 68' lang='lat' dir='ltr'>dixit</span> <span class='ocrx_word' id='word_1_402' title='bbox 1846 1433 1857 1453; x_wconf 89' lang='lat'>.·</span> <span class='ocrx_word' id='word_1_403' title='bbox 1875 1420 2000 1461; x_wconf 72' lang='lat' dir='ltr'>Pater,</span> <span class='ocrx_word' id='word_1_404' title='bbox 2021 1423 2059 1453; x_wconf 79' lang='lat' dir='ltr'>in</span> <span class='ocrx_word' id='word_1_405' title='bbox 2082 1433 2212 1454; x_wconf 82' lang='lat' dir='ltr'>manus</span> <span class='ocrx_word' id='word_1_406' title='bbox 2230 1429 2310 1455; x_wconf 77' lang='lat' dir='ltr'>tuas</span> <span class='ocrx_word' id='word_1_407' title='bbox 2327 1434 2426 1455; x_wconf 82' lang='lat' dir='ltr'>com-</span> 
     </span>
     <span class='ocr_line' id='line_1_61' title="bbox 1440 1480 2429 1527; baseline 0 -12"><span class='ocrx_word' id='word_1_408' title='bbox 1440 1482 1572 1515; x_wconf 79' lang='lat' dir='ltr'>mcmlo</span> <span class='ocrx_word' id='word_1_409' title='bbox 1585 1482 1752 1527; x_wconf 77' lang='lat' dir='ltr'>spiritum</span> <span class='ocrx_word' id='word_1_410' title='bbox 1769 1492 1901 1514; x_wconf 76' lang='lat' dir='ltr'>meum.</span> <span class='ocrx_word' id='word_1_411' title='bbox 1925 1480 1956 1513; x_wconf 81' lang='lat' dir='ltr'><em>E</em></span> <span class='ocrx_word' id='word_1_412' title='bbox 1959 1488 1972 1513; x_wconf 85' lang='lat' dir='ltr'>t</span> <span class='ocrx_word' id='word_1_413' title='bbox 1987 1482 2164 1514; x_wconf 74' lang='lat' dir='ltr'>inclinato</span> <span class='ocrx_word' id='word_1_414' title='bbox 2176 1485 2298 1527; x_wconf 74' lang='lat' dir='ltr'>capite</span> <span class='ocrx_word' id='word_1_415' title='bbox 2311 1482 2429 1516; x_wconf 72' lang='lat' dir='ltr'>emisit</span> 
     </span>
     <span class='ocr_line' id='line_1_62' title="bbox 1439 1539 2424 1587; baseline 0.001 -14"><span class='ocrx_word' id='word_1_416' title='bbox 1439 1543 1618 1587; x_wconf 76' lang='lat' dir='ltr'>spirltum.</span> <span class='ocrx_word' id='word_1_417' title='bbox 1648 1540 1748 1574; x_wconf 68' lang='lat' dir='ltr'>Tunc</span> <span class='ocrx_word' id='word_1_418' title='bbox 1768 1551 1861 1573; x_wconf 79' lang='lat' dir='ltr'>unus</span> <span class='ocrx_word' id='word_1_419' title='bbox 1885 1539 2042 1572; x_wconf 70' lang='lat' dir='ltr'>militam</span> <span class='ocrx_word' id='word_1_420' title='bbox 2071 1540 2202 1573; x_wconf 76' lang='lat' dir='ltr'>lam-ea</span> <span class='ocrx_word' id='word_1_421' title='bbox 2226 1541 2320 1574; x_wconf 77' lang='lat' dir='ltr'>latus</span> <span class='ocrx_word' id='word_1_422' title='bbox 2345 1544 2424 1585; x_wconf 79' lang='lat' dir='ltr'>ejus</span> 
     </span>
     <span class='ocr_line' id='line_1_63' title="bbox 1440 1597 2426 1646; baseline 0 -13"><span class='ocrx_word' id='word_1_423' title='bbox 1440 1603 1607 1646; x_wconf 74' lang='lat' dir='ltr'>apernit,</span> <span class='ocrx_word' id='word_1_424' title='bbox 1637 1606 1673 1632; x_wconf 79' lang='lat' dir='ltr'>et</span> <span class='ocrx_word' id='word_1_425' title='bbox 1698 1600 1867 1632; x_wconf 77' lang='lat' dir='ltr'>continuo</span> <span class='ocrx_word' id='word_1_426' title='bbox 1894 1597 2002 1631; x_wconf 71' lang='lat' dir='ltr'>exivit</span> <span class='ocrx_word' id='word_1_427' title='bbox 2027 1601 2178 1645; x_wconf 80' lang='lat' dir='ltr'>sanguis</span> <span class='ocrx_word' id='word_1_428' title='bbox 2203 1606 2236 1632; x_wconf 87' lang='lat' dir='ltr'>et</span> <span class='ocrx_word' id='word_1_429' title='bbox 2260 1611 2361 1645; x_wconf 75' lang='lat' dir='ltr'>aqua</span> <span class='ocrx_word' id='word_1_430' title='bbox 2387 1602 2426 1633; x_wconf 78' lang='lat' dir='ltr'>in</span> 
     </span>
     <span class='ocr_line' id='line_1_64' title="bbox 1440 1658 2067 1704; baseline 0 -13"><span class='ocrx_word' id='word_1_431' title='bbox 1440 1659 1726 1704; x_wconf 71' lang='lat' dir='ltr'>redemptionem</span> <span class='ocrx_word' id='word_1_432' title='bbox 1743 1664 1880 1690; x_wconf 61' lang='grc' dir='ltr'>πωπω</span> <span class='ocrx_word' id='word_1_433' title='bbox 1896 1658 2026 1691; x_wconf 77' lang='lat' dir='ltr'>salutis</span> <span class='ocrx_word' id='word_1_434' title='bbox 2045 1661 2067 1691; x_wconf 84' lang='lat'>¹.</span> 
     </span>
    </p>

    <p class='ocr_par' dir='ltr' id='par_1_14' title="bbox 1443 1715 2429 1825">
     <span class='ocr_line' id='line_1_65' title="bbox 1515 1715 2429 1764; baseline -0.001 -12"><span class='ocrx_word' id='word_1_435' title='bbox 1515 1717 1571 1752; x_wconf 88' lang='lat'>11.</span> <span class='ocrx_word' id='word_1_436' title='bbox 1597 1715 1863 1764; x_wconf 75' lang='lat' dir='ltr'>Expergiscere</span> <span class='ocrx_word' id='word_1_437' title='bbox 1883 1727 1996 1759; x_wconf 91' lang='lat' dir='ltr'>nunc,</span> <span class='ocrx_word' id='word_1_438' title='bbox 2020 1715 2162 1760; x_wconf 87' lang='lat' dir='ltr'>anima,</span> <span class='ocrx_word' id='word_1_439' title='bbox 2182 1723 2357 1751; x_wconf 83' lang='lat' dir='ltr'>excutere</span> <span class='ocrx_word' id='word_1_440' title='bbox 2382 1715 2429 1751; x_wconf 88' lang='lat' dir='ltr'>de</span> 
     </span>
     <span class='ocr_line' id='line_1_66' title="bbox 1443 1774 2428 1825; baseline 0 -14"><span class='ocrx_word' id='word_1_441' title='bbox 1443 1776 1617 1825; x_wconf 74' lang='lat' dir='ltr'>pulvere,</span> <span class='ocrx_word' id='word_1_442' title='bbox 1638 1783 1673 1811; x_wconf 87' lang='lat' dir='ltr'>ct</span> <span class='ocrx_word' id='word_1_443' title='bbox 1693 1775 1948 1823; x_wconf 79' lang='lat' dir='ltr'>contemplare</span> <span class='ocrx_word' id='word_1_444' title='bbox 1977 1774 2097 1810; x_wconf 75' lang='lat' dir='ltr'>virum</span> <span class='ocrx_word' id='word_1_445' title='bbox 2125 1774 2224 1810; x_wconf 90' lang='lat' dir='ltr'>hunc</span> <span class='ocrx_word' id='word_1_446' title='bbox 2242 1787 2428 1811; x_wconf 85' lang='lat' dir='ltr'>memora-</span> 
     </span>
    </p>
   </div>
   <div class='ocr_carea' id='block_1_13' title="bbox 580 1832 2427 1882">
    <p class='ocr_par' dir='ltr' id='par_1_15' title="bbox 580 1832 2427 1882">
     <span class='ocr_line' id='line_1_67' title="bbox 580 1832 2427 1882; baseline 0.001 -13"><span class='ocrx_word' id='word_1_447' title='bbox 580 1847 647 1869; x_wconf 87' lang='lat' dir='ltr'>nec</span> <span class='ocrx_word' id='word_1_448' title='bbox 680 1841 802 1869; x_wconf 86' lang='lat' dir='ltr'>tamen</span> <span class='ocrx_word' id='word_1_449' title='bbox 835 1832 1015 1869; x_wconf 83' lang='lat' dir='ltr'>abstinuit</span> <span class='ocrx_word' id='word_1_450' title='bbox 1048 1846 1067 1869; x_wconf 89' lang='lat' dir='ltr'>a</span> <span class='ocrx_word' id='word_1_451' title='bbox 1100 1841 1133 1869; x_wconf 87' lang='lat' dir='ltr'>tc</span> <span class='ocrx_word' id='word_1_452' title='bbox 1164 1834 1377 1870; x_wconf 85' lang='lat' dir='ltr'>temerarias</span> <span class='ocrx_word' id='word_1_453' title='bbox 1396 1840 1422 1875; x_wconf 87' lang='lat' dir='ltr'>C</span> <span class='ocrx_word' id='word_1_454' title='bbox 1442 1833 1576 1879; x_wconf 86' lang='lat' dir='ltr'>bilem,</span> <span class='ocrx_word' id='word_1_455' title='bbox 1598 1846 1709 1882; x_wconf 86' lang='lat' dir='ltr'>quem</span> <span class='ocrx_word' id='word_1_456' title='bbox 1732 1846 1814 1869; x_wconf 84' lang='lat' dir='ltr'>ecce</span> <span class='ocrx_word' id='word_1_457' title='bbox 1834 1833 1871 1868; x_wconf 87' lang='lat' dir='ltr'>in</span> <span class='ocrx_word' id='word_1_458' title='bbox 1891 1833 2043 1881; x_wconf 88' lang='lat' dir='ltr'>speculo</span> <span class='ocrx_word' id='word_1_459' title='bbox 2063 1833 2263 1881; x_wconf 84' lang='lat' dir='ltr'>evangelici</span> <span class='ocrx_word' id='word_1_460' title='bbox 2281 1846 2427 1870; x_wconf 87' lang='lat' dir='ltr'>sermo·</span> 
     </span>
    </p>
   </div>
   <div class='ocr_carea' id='block_1_14' title="bbox 1441 1892 2431 2593">
    <p class='ocr_par' dir='ltr' id='par_1_16' title="bbox 1441 1892 2431 2593">
     <span class='ocr_line' id='line_1_68' title="bbox 1442 1892 2427 1942; baseline 0 -13"><span class='ocrx_word' id='word_1_461' title='bbox 1442 1894 1498 1929; x_wconf 93' lang='lat' dir='ltr'>nis</span> <span class='ocrx_word' id='word_1_462' title='bbox 1526 1893 1631 1942; x_wconf 85' lang='lat' dir='ltr'>quasi</span> <span class='ocrx_word' id='word_1_463' title='bbox 1655 1900 1877 1942; x_wconf 59' lang='lat' dir='ltr'>praesentem</span> <span class='ocrx_word' id='word_1_464' title='bbox 1897 1892 2064 1927; x_wconf 86' lang='lat' dir='ltr'>intueris.</span> <span class='ocrx_word' id='word_1_465' title='bbox 2085 1892 2246 1928; x_wconf 88' lang='lat' dir='ltr'>Attende</span> <span class='ocrx_word' id='word_1_466' title='bbox 2264 1920 2273 1937; x_wconf 94' lang='lat'>,</span> <span class='ocrx_word' id='word_1_467' title='bbox 2303 1893 2427 1929; x_wconf 87' lang='lat' dir='ltr'>anima</span> 
     </span>
     <span class='ocr_line' id='line_1_69' title="bbox 1443 1950 2428 2001; baseline 0 -13"><span class='ocrx_word' id='word_1_468' title='bbox 1443 1965 1538 1996; x_wconf 87' lang='lat' dir='ltr'>mea,</span> <span class='ocrx_word' id='word_1_469' title='bbox 1561 1952 1643 2000; x_wconf 84' lang='lat' dir='ltr'>quis</span> <span class='ocrx_word' id='word_1_470' title='bbox 1663 1960 1718 1987; x_wconf 84' lang='lat' dir='ltr'>est</span> <span class='ocrx_word' id='word_1_471' title='bbox 1740 1951 1807 1987; x_wconf 90' lang='lat' dir='ltr'>iste</span> <span class='ocrx_word' id='word_1_472' title='bbox 1829 1950 1892 1999; x_wconf 85' lang='lat' dir='ltr'>qui</span> <span class='ocrx_word' id='word_1_473' title='bbox 1914 1950 2121 1999; x_wconf 80' lang='lat' dir='ltr'>ingreditur</span> <span class='ocrx_word' id='word_1_474' title='bbox 2135 1950 2275 1988; x_wconf 85' lang='lat' dir='ltr'>habens</span> <span class='ocrx_word' id='word_1_475' title='bbox 2294 1951 2428 2001; x_wconf 83' lang='lat' dir='ltr'>imagi—</span> 
     </span>
     <span class='ocr_line' id='line_1_70' title="bbox 1444 2009 2429 2061; baseline 0.001 -14"><span class='ocrx_word' id='word_1_476' title='bbox 1444 2025 1527 2048; x_wconf 87' lang='lat' dir='ltr'>nem</span> <span class='ocrx_word' id='word_1_477' title='bbox 1556 2011 1662 2060; x_wconf 84' lang='lat' dir='ltr'>quasi</span> <span class='ocrx_word' id='word_1_478' title='bbox 1696 2010 1811 2060; x_wconf 81' lang='lat' dir='ltr'>regis,</span> <span class='ocrx_word' id='word_1_479' title='bbox 1841 2018 1878 2045; x_wconf 86' lang='lat' dir='ltr'>et</span> <span class='ocrx_word' id='word_1_480' title='bbox 1907 2009 2150 2046; x_wconf 88' lang='lat' dir='ltr'>nihilominus</span> <span class='ocrx_word' id='word_1_481' title='bbox 2172 2011 2269 2047; x_wconf 83' lang='lat' dir='ltr'>servi</span> <span class='ocrx_word' id='word_1_482' title='bbox 2295 2010 2429 2061; x_wconf 87' lang='lat' dir='ltr'>despe—</span> 
     </span>
     <span class='ocr_line' id='line_1_71' title="bbox 1441 2069 2428 2118; baseline 0.001 -12"><span class='ocrx_word' id='word_1_483' title='bbox 1441 2070 1592 2106; x_wconf 86' lang='lat' dir='ltr'>ctissimi</span> <span class='ocrx_word' id='word_1_484' title='bbox 1606 2070 1825 2106; x_wconf 86' lang='lat' dir='ltr'>confusione</span> <span class='ocrx_word' id='word_1_485' title='bbox 1837 2069 2000 2118; x_wconf 88' lang='lat' dir='ltr'>repletus</span> <span class='ocrx_word' id='word_1_486' title='bbox 2014 2077 2049 2104; x_wconf 90' lang='lat' dir='ltr'>et</span> <span class='ocrx_word' id='word_1_487' title='bbox 2064 2078 2266 2106; x_wconf 88' lang='lat' dir='ltr'>coronatus</span> <span class='ocrx_word' id='word_1_488' title='bbox 2279 2071 2428 2107; x_wconf 84' lang='lat' dir='ltr'>incedit.</span> 
     </span>
     <span class='ocr_line' id='line_1_72' title="bbox 1443 2128 2430 2179; baseline 0.001 -13"><span class='ocrx_word' id='word_1_489' title='bbox 1443 2130 1514 2167; x_wconf 88' lang='lat' dir='ltr'>Sed</span> <span class='ocrx_word' id='word_1_490' title='bbox 1537 2130 1617 2179; x_wconf 87' lang='lat' dir='ltr'>ipsa</span> <span class='ocrx_word' id='word_1_491' title='bbox 1633 2130 1742 2166; x_wconf 87' lang='lat' dir='ltr'>etiam</span> <span class='ocrx_word' id='word_1_492' title='bbox 1765 2128 1845 2177; x_wconf 87' lang='lat' dir='ltr'>ejus</span> <span class='ocrx_word' id='word_1_493' title='bbox 1866 2141 2005 2165; x_wconf 87' lang='lat' dir='ltr'>corona</span> <span class='ocrx_word' id='word_1_494' title='bbox 2025 2129 2210 2166; x_wconf 86' lang='lat' dir='ltr'>cruciatus</span> <span class='ocrx_word' id='word_1_495' title='bbox 2225 2138 2279 2166; x_wconf 87' lang='lat' dir='ltr'>est</span> <span class='ocrx_word' id='word_1_496' title='bbox 2300 2130 2373 2176; x_wconf 89' lang='lat' dir='ltr'>illi,</span> <span class='ocrx_word' id='word_1_497' title='bbox 2393 2139 2430 2167; x_wconf 88' lang='lat' dir='ltr'>et</span> 
     </span>
     <span class='ocr_line' id='line_1_73' title="bbox 1443 2188 2430 2238; baseline 0.001 -13"><span class='ocrx_word' id='word_1_498' title='bbox 1443 2189 1542 2225; x_wconf 89' lang='lat' dir='ltr'>mille</span> <span class='ocrx_word' id='word_1_499' title='bbox 1565 2189 1758 2238; x_wconf 88' lang='lat' dir='ltr'>puncturis</span> <span class='ocrx_word' id='word_1_500' title='bbox 1781 2188 1991 2238; x_wconf 87' lang='lat' dir='ltr'>speciosum</span> <span class='ocrx_word' id='word_1_501' title='bbox 2016 2196 2128 2237; x_wconf 87' lang='lat' dir='ltr'>caput</span> <span class='ocrx_word' id='word_1_502' title='bbox 2148 2188 2232 2236; x_wconf 86' lang='lat' dir='ltr'>ejus</span> <span class='ocrx_word' id='word_1_503' title='bbox 2257 2189 2430 2226; x_wconf 87' lang='lat' dir='ltr'>divulne-</span> 
     </span>
     <span class='ocr_line' id='line_1_74' title="bbox 1442 2247 2430 2297; baseline 0.001 -12"><span class='ocrx_word' id='word_1_504' title='bbox 1442 2258 1511 2285; x_wconf 87' lang='lat' dir='ltr'>rat.</span> <span class='ocrx_word' id='word_1_505' title='bbox 1542 2249 1669 2297; x_wconf 83' lang='lat' dir='ltr'>Regali</span> <span class='ocrx_word' id='word_1_506' title='bbox 1694 2261 1859 2297; x_wconf 90' lang='lat' dir='ltr'>purpura</span> <span class='ocrx_word' id='word_1_507' title='bbox 1881 2247 2067 2292; x_wconf 85' lang='lat' dir='ltr'>induitur,</span> <span class='ocrx_word' id='word_1_508' title='bbox 2086 2247 2149 2284; x_wconf 87' lang='lat' dir='ltr'>sed</span> <span class='ocrx_word' id='word_1_509' title='bbox 2172 2249 2296 2297; x_wconf 92' lang='lat' dir='ltr'>potius</span> <span class='ocrx_word' id='word_1_510' title='bbox 2324 2249 2361 2285; x_wconf 94' lang='lat' dir='ltr'>in</span> <span class='ocrx_word' id='word_1_511' title='bbox 2388 2262 2430 2286; x_wconf 87' lang='lat' dir='ltr'>ea</span> 
     </span>
     <span class='ocr_line' id='line_1_75' title="bbox 1442 2307 2430 2357; baseline 0.001 -13"><span class='ocrx_word' id='word_1_512' title='bbox 1442 2308 1664 2357; x_wconf 88' lang='lat' dir='ltr'>despicitur,</span> <span class='ocrx_word' id='word_1_513' title='bbox 1685 2320 1796 2355; x_wconf 89' lang='lat' dir='ltr'>quam</span> <span class='ocrx_word' id='word_1_514' title='bbox 1814 2307 2034 2343; x_wconf 83' lang='lat' dir='ltr'>honoretur.</span> <span class='ocrx_word' id='word_1_515' title='bbox 2052 2309 2244 2356; x_wconf 83' lang='lat' dir='ltr'>Sceptrtun</span> <span class='ocrx_word' id='word_1_516' title='bbox 2263 2308 2299 2344; x_wconf 92' lang='lat' dir='ltr'>in</span> <span class='ocrx_word' id='word_1_517' title='bbox 2318 2321 2430 2345; x_wconf 89' lang='lat' dir='ltr'>manu</span> 
     </span>
     <span class='ocr_line' id='line_1_76' title="bbox 1443 2364 2429 2415; baseline 0 -13"><span class='ocrx_word' id='word_1_518' title='bbox 1443 2375 1580 2415; x_wconf 73' lang='lat' dir='ltr'>gestat,</span> <span class='ocrx_word' id='word_1_519' title='bbox 1619 2365 1682 2401; x_wconf 86' lang='lat' dir='ltr'>sed</span> <span class='ocrx_word' id='word_1_520' title='bbox 1718 2378 1762 2401; x_wconf 88' lang='lat' dir='ltr'>eo</span> <span class='ocrx_word' id='word_1_521' title='bbox 1802 2365 1884 2413; x_wconf 90' lang='lat' dir='ltr'>ipso</span> <span class='ocrx_word' id='word_1_522' title='bbox 1922 2373 2033 2413; x_wconf 84' lang='lat' dir='ltr'>caput</span> <span class='ocrx_word' id='word_1_523' title='bbox 2065 2364 2146 2413; x_wconf 87' lang='lat' dir='ltr'>ejus</span> <span class='ocrx_word' id='word_1_524' title='bbox 2182 2367 2429 2403; x_wconf 87' lang='lat' dir='ltr'>reverendum</span> 
     </span>
     <span class='ocr_line' id='line_1_77' title="bbox 1445 2424 2431 2475; baseline 0.001 -14"><span class='ocrx_word' id='word_1_525' title='bbox 1445 2426 1587 2462; x_wconf 91' lang='lat' dir='ltr'>seritur.</span> <span class='ocrx_word' id='word_1_526' title='bbox 1606 2425 1775 2461; x_wconf 84' lang='lat' dir='ltr'>Adorant</span> <span class='ocrx_word' id='word_1_527' title='bbox 1796 2431 1919 2460; x_wconf 76' lang='lat' dir='ltr'>cora‘m</span> <span class='ocrx_word' id='word_1_528' title='bbox 1940 2425 2020 2473; x_wconf 91' lang='lat' dir='ltr'>ipso</span> <span class='ocrx_word' id='word_1_529' title='bbox 2046 2424 2175 2473; x_wconf 89' lang='lat' dir='ltr'>positis</span> <span class='ocrx_word' id='word_1_530' title='bbox 2192 2425 2228 2461; x_wconf 91' lang='lat' dir='ltr'>in</span> <span class='ocrx_word' id='word_1_531' title='bbox 2250 2434 2347 2462; x_wconf 88' lang='lat' dir='ltr'>terra</span> <span class='ocrx_word' id='word_1_532' title='bbox 2367 2440 2431 2475; x_wconf 77' lang='lat' dir='ltr'>ge.-</span> 
     </span>
     <span class='ocr_line' id='line_1_78' title="bbox 1446 2483 2431 2532; baseline 0.001 -12"><span class='ocrx_word' id='word_1_533' title='bbox 1446 2484 1578 2528; x_wconf 77' lang='lat' dir='ltr'>nilms,</span> <span class='ocrx_word' id='word_1_534' title='bbox 1612 2492 1648 2519; x_wconf 88' lang='lat' dir='ltr'>et</span> <span class='ocrx_word' id='word_1_535' title='bbox 1675 2496 1796 2532; x_wconf 74' lang='lat' dir='ltr'>regem</span> <span class='ocrx_word' id='word_1_536' title='bbox 1827 2483 2060 2518; x_wconf 85' lang='lat' dir='ltr'>conclamant</span> <span class='ocrx_word' id='word_1_537' title='bbox 2085 2497 2092 2518; x_wconf 72' lang='grc' dir='ltr'><em>τ</em></span> <span class='ocrx_word' id='word_1_538' title='bbox 2116 2491 2152 2519; x_wconf 87' lang='lat' dir='ltr'>et</span> <span class='ocrx_word' id='word_1_539' title='bbox 2180 2484 2362 2521; x_wconf 91' lang='lat' dir='ltr'>continuo</span> <span class='ocrx_word' id='word_1_540' title='bbox 2385 2485 2431 2521; x_wconf 87' lang='lat' dir='ltr'>ad</span> 
     </span>
     <span class='ocr_line' id='line_1_79' title="bbox 1446 2541 2430 2593; baseline -0.001 -12"><span class='ocrx_word' id='word_1_541' title='bbox 1446 2543 1732 2593; x_wconf 89' lang='lat' dir='ltr'>conspuendum</span> <span class='ocrx_word' id='word_1_542' title='bbox 1761 2542 1939 2578; x_wconf 88' lang='lat' dir='ltr'>amabiles</span> <span class='ocrx_word' id='word_1_543' title='bbox 1962 2554 2075 2589; x_wconf 82' lang='lat' dir='ltr'>genas</span> <span class='ocrx_word' id='word_1_544' title='bbox 2101 2541 2181 2589; x_wconf 85' lang='lat' dir='ltr'>ejus</span> <span class='ocrx_word' id='word_1_545' title='bbox 2210 2542 2430 2589; x_wconf 88' lang='lat' dir='ltr'>subsiliunt,</span> 
     </span>
    </p>
   </div>
   <div class='ocr_carea' id='block_1_15' title="bbox 389 2599 2431 2650">
    <p class='ocr_par' dir='ltr' id='par_1_17' title="bbox 389 2599 2431 2650">
     <span class='ocr_line' id='line_1_80' title="bbox 389 2599 2431 2650; baseline 0.001 -15"><span class='ocrx_word' id='word_1_546' title='bbox 389 2600 520 2649; x_wconf 89' lang='lat' dir='ltr'>puisti‚</span> <span class='ocrx_word' id='word_1_547' title='bbox 543 2608 630 2635; x_wconf 83' lang='lat' dir='ltr'>tuuc</span> <span class='ocrx_word' id='word_1_548' title='bbox 646 2599 877 2635; x_wconf 68' lang='lat' dir='ltr'>exsolvebas.</span> <span class='ocrx_word' id='word_1_549' title='bbox 892 2604 934 2636; x_wconf 86' lang='lat' dir='ltr'>In</span> <span class='ocrx_word' id='word_1_550' title='bbox 956 2599 1131 2636; x_wconf 88' lang='lat' dir='ltr'>omnibus</span> <span class='ocrx_word' id='word_1_551' title='bbox 1155 2601 1209 2636; x_wconf 90' lang='lat' dir='ltr'>his</span> <span class='ocrx_word' id='word_1_552' title='bbox 1226 2614 1301 2637; x_wconf 91' lang='lat' dir='ltr'>non</span> <span class='ocrx_word' id='word_1_553' title='bbox 1324 2610 1378 2638; x_wconf 89' lang='lat' dir='ltr'>est</span> <span class='ocrx_word' id='word_1_554' title='bbox 1396 2614 1426 2646; x_wconf 86' lang='lat' dir='ltr'>D</span> <span class='ocrx_word' id='word_1_555' title='bbox 1449 2603 1617 2638; x_wconf 81' lang='lat' dir='ltr'>maxillas</span> <span class='ocrx_word' id='word_1_556' title='bbox 1641 2600 1773 2650; x_wconf 87' lang='lat' dir='ltr'>palmis</span> <span class='ocrx_word' id='word_1_557' title='bbox 1793 2599 2036 2644; x_wconf 87' lang='lat' dir='ltr'>concutiunt,</span> <span class='ocrx_word' id='word_1_558' title='bbox 2058 2607 2093 2635; x_wconf 90' lang='lat' dir='ltr'>et</span> <span class='ocrx_word' id='word_1_559' title='bbox 2111 2599 2332 2636; x_wconf 85' lang='lat' dir='ltr'>honorabile</span> <span class='ocrx_word' id='word_1_560' title='bbox 2348 2602 2431 2637; x_wconf 90' lang='lat' dir='ltr'>col-</span> 
     </span>
    </p>
   </div>
   <div class='ocr_carea' id='block_1_16' title="bbox 390 2658 1381 3241">
    <p class='ocr_par' dir='ltr' id='par_1_18' title="bbox 390 2658 1208 2708">
     <span class='ocr_line' id='line_1_81' title="bbox 390 2658 1208 2708; baseline -0.001 -13"><span class='ocrx_word' id='word_1_561' title='bbox 390 2660 519 2695; x_wconf 83' lang='lat' dir='ltr'>satiata</span> <span class='ocrx_word' id='word_1_562' title='bbox 538 2659 767 2708; x_wconf 80' lang='lat' dir='ltr'>perfidorum</span> <span class='ocrx_word' id='word_1_563' title='bbox 786 2658 1003 2695; x_wconf 78' lang='lat' dir='ltr'>Judaeorum</span> <span class='ocrx_word' id='word_1_564' title='bbox 1026 2660 1208 2708; x_wconf 83' lang='lat' dir='ltr'>impietas.</span> 
     </span>
    </p>

    <p class='ocr_par' dir='ltr' id='par_1_19' title="bbox 392 2718 1381 3241">
     <span class='ocr_line' id='line_1_82' title="bbox 448 2718 1380 2755; baseline 0.001 -1"><span class='ocrx_word' id='word_1_565' title='bbox 448 2720 504 2755; x_wconf 89' lang='lat'>10.</span> <span class='ocrx_word' id='word_1_566' title='bbox 527 2719 735 2754; x_wconf 74' lang='lat' dir='ltr'>Novissime</span> <span class='ocrx_word' id='word_1_567' title='bbox 760 2727 882 2754; x_wconf 88' lang='lat' dir='ltr'>autem</span> <span class='ocrx_word' id='word_1_568' title='bbox 911 2718 1258 2754; x_wconf 85' lang='lat' dir='ltr'>incircumcisorum</span> <span class='ocrx_word' id='word_1_569' title='bbox 1282 2719 1380 2755; x_wconf 90' lang='lat' dir='ltr'>mili-</span> 
     </span>
     <span class='ocr_line' id='line_1_83' title="bbox 393 2777 1381 2827; baseline 0.001 -14"><span class='ocrx_word' id='word_1_570' title='bbox 393 2788 469 2814; x_wconf 91' lang='lat' dir='ltr'>tum</span> <span class='ocrx_word' id='word_1_571' title='bbox 502 2777 674 2813; x_wconf 87' lang='lat' dir='ltr'>manibus</span> <span class='ocrx_word' id='word_1_572' title='bbox 703 2778 902 2813; x_wconf 64' lang='lat' dir='ltr'>devolutus</span> <span class='ocrx_word' id='word_1_573' title='bbox 929 2790 986 2822; x_wconf 87' lang='lat' dir='ltr'>es,</span> <span class='ocrx_word' id='word_1_574' title='bbox 1017 2786 1136 2813; x_wconf 88' lang='lat' dir='ltr'>morte</span> <span class='ocrx_word' id='word_1_575' title='bbox 1167 2778 1381 2827; x_wconf 87' lang='lat' dir='ltr'>turpissima</span> 
     </span>
     <span class='ocr_line' id='line_1_84' title="bbox 392 2836 1378 2885; baseline 0.002 -14"><span class='ocrx_word' id='word_1_576' title='bbox 392 2836 682 2873; x_wconf 85' lang='lat' dir='ltr'>consumendus,</span> <span class='ocrx_word' id='word_1_577' title='bbox 705 2841 835 2873; x_wconf 83' lang='lat' dir='ltr'>Parum</span> <span class='ocrx_word' id='word_1_578' title='bbox 855 2845 933 2872; x_wconf 87' lang='lat' dir='ltr'>erat</span> <span class='ocrx_word' id='word_1_579' title='bbox 954 2837 1139 2885; x_wconf 77' lang='lat' dir='ltr'>sacrilegis</span> <span class='ocrx_word' id='word_1_580' title='bbox 1159 2837 1232 2873; x_wconf 88' lang='lat' dir='ltr'>illis</span> <span class='ocrx_word' id='word_1_581' title='bbox 1255 2837 1378 2874; x_wconf 86' lang='lat' dir='ltr'>cruci-</span> 
     </span>
     <span class='ocr_line' id='line_1_85' title="bbox 394 2895 1376 2945; baseline 0.001 -14"><span class='ocrx_word' id='word_1_582' title='bbox 394 2898 504 2942; x_wconf 61' lang='lat' dir='ltr'>ligere</span> <span class='ocrx_word' id='word_1_583' title='bbox 526 2905 578 2940; x_wconf 86' lang='lat' dir='ltr'>te,</span> <span class='ocrx_word' id='word_1_584' title='bbox 606 2896 675 2931; x_wconf 81' lang='lat' dir='ltr'>nisi</span> <span class='ocrx_word' id='word_1_585' title='bbox 706 2896 811 2944; x_wconf 89' lang='lat' dir='ltr'>prius</span> <span class='ocrx_word' id='word_1_586' title='bbox 832 2904 867 2931; x_wconf 88' lang='lat' dir='ltr'>et</span> <span class='ocrx_word' id='word_1_587' title='bbox 890 2896 957 2944; x_wconf 91' lang='lat' dir='ltr'>ipsi</span> <span class='ocrx_word' id='word_1_588' title='bbox 986 2895 1224 2932; x_wconf 88' lang='lat' dir='ltr'>illusionibus</span> <span class='ocrx_word' id='word_1_589' title='bbox 1252 2897 1376 2945; x_wconf 87' lang='lat' dir='ltr'>reple-</span> 
     </span>
     <span class='ocr_line' id='line_1_86' title="bbox 393 2955 1380 3002; baseline 0.002 -12"><span class='ocrx_word' id='word_1_590' title='bbox 393 2957 532 2992; x_wconf 73' lang='lat' dir='ltr'>vissent</span> <span class='ocrx_word' id='word_1_591' title='bbox 561 2956 719 2991; x_wconf 84' lang='lat' dir='ltr'>animatu</span> <span class='ocrx_word' id='word_1_592' title='bbox 756 2964 869 2991; x_wconf 89' lang='lat' dir='ltr'>tuam.</span> <span class='ocrx_word' id='word_1_593' title='bbox 906 2955 1003 3002; x_wconf 87' lang='lat' dir='ltr'>Quid</span> <span class='ocrx_word' id='word_1_594' title='bbox 1035 2956 1206 2992; x_wconf 84' lang='lat' dir='ltr'>enimait</span> <span class='ocrx_word' id='word_1_595' title='bbox 1233 2955 1279 2992; x_wconf 88' lang='lat' dir='ltr'>de</span> <span class='ocrx_word' id='word_1_596' title='bbox 1310 2956 1380 2992; x_wconf 90' lang='lat' dir='ltr'>illis</span> 
     </span>
     <span class='ocr_line' id='line_1_87' title="bbox 393 3014 1379 3062; baseline 0.001 -12"><span class='ocrx_word' id='word_1_597' title='bbox 393 3014 604 3062; x_wconf 75' lang='lat' dir='ltr'>Scriptura?</span> <span class='ocrx_word' id='word_1_598' title='bbox 622 3017 668 3048; x_wconf 68' lang='lat' dir='ltr'>lie</span> <span class='ocrx_word' id='word_1_599' title='bbox 682 3024 992 3062; x_wconf 70' lang='lat' dir='ltr'>congregaverunt</span> <span class='ocrx_word' id='word_1_600' title='bbox 1008 3017 1060 3049; x_wconf 80' lang='lat' dir='ltr'>ml</span> <span class='ocrx_word' id='word_1_601' title='bbox 1073 3029 1154 3049; x_wconf 70' lang='lat' dir='ltr'>cum</span> <span class='ocrx_word' id='word_1_602' title='bbox 1173 3017 1379 3051; x_wconf 50' lang='lat' dir='ltr'>murenam</span> 
     </span>
     <span class='ocr_line' id='line_1_88' title="bbox 393 3074 1377 3119; baseline 0.001 -12"><span class='ocrx_word' id='word_1_603' title='bbox 393 3074 585 3109; x_wconf 74' lang='lat' dir='ltr'>cohortem.</span> <span class='ocrx_word' id='word_1_604' title='bbox 623 3075 670 3107; x_wconf 67' lang='lat' dir='ltr'>lit</span> <span class='ocrx_word' id='word_1_605' title='bbox 698 3083 872 3108; x_wconf 60' lang='lat' dir='ltr'>struentes</span> <span class='ocrx_word' id='word_1_606' title='bbox 905 3087 986 3108; x_wconf 80' lang='lat' dir='ltr'>cum</span> <span class='ocrx_word' id='word_1_607' title='bbox 1021 3079 1249 3109; x_wconf 70' lang='lat' dir='ltr'>mstimentis</span> <span class='ocrx_word' id='word_1_608' title='bbox 1280 3079 1350 3109; x_wconf 78' lang='lat' dir='ltr'>suis</span> <span class='ocrx_word' id='word_1_609' title='bbox 1368 3104 1377 3119; x_wconf 77' lang='lat'>‚</span> 
     </span>
     <span class='ocr_line' id='line_1_89' title="bbox 394 3134 1378 3180; baseline 0.002 -14"><span class='ocrx_word' id='word_1_610' title='bbox 394 3134 591 3167; x_wconf 74' lang='lat' dir='ltr'>imluermzt</span> <span class='ocrx_word' id='word_1_611' title='bbox 620 3137 783 3167; x_wconf 73' lang='lat' dir='ltr'>tunicam</span> <span class='ocrx_word' id='word_1_612' title='bbox 810 3147 1060 3180; x_wconf 70' lang='lat' dir='ltr'>pnrpuream,</span> <span class='ocrx_word' id='word_1_613' title='bbox 1088 3143 1122 3168; x_wconf 72' lang='lat' dir='ltr'>et</span> <span class='ocrx_word' id='word_1_614' title='bbox 1151 3135 1378 3179; x_wconf 72' lang='lat' dir='ltr'>chlamydmn</span> 
     </span>
     <span class='ocr_line' id='line_1_90' title="bbox 392 3194 1380 3241; baseline 0.002 -16"><span class='ocrx_word' id='word_1_615' title='bbox 392 3196 599 3226; x_wconf 71' lang='lat' dir='ltr'>coccineam</span> <span class='ocrx_word' id='word_1_616' title='bbox 627 3194 943 3227; x_wconf 67' lang='lat' dir='ltr'>efrenrmlmlemmt</span> <span class='ocrx_word' id='word_1_617' title='bbox 961 3198 1007 3228; x_wconf 73' lang='lat' dir='ltr'>ei.</span> <span class='ocrx_word' id='word_1_618' title='bbox 1036 3196 1086 3228; x_wconf 68' lang='lat' dir='ltr'>lie</span> <span class='ocrx_word' id='word_1_619' title='bbox 1099 3196 1299 3241; x_wconf 71' lang='lat' dir='ltr'>plectentes</span> <span class='ocrx_word' id='word_1_620' title='bbox 1318 3209 1380 3228; x_wconf 71' lang='lat' dir='ltr'>co-</span> 
     </span>
    </p>
   </div>
   <div class='ocr_carea' id='block_1_17' title="bbox 443 3316 1382 3357">
    <p class='ocr_par' dir='ltr' id='par_1_20' title="bbox 443 3316 1382 3357">
     <span class='ocr_line' id='line_1_91' title="bbox 443 3316 1382 3357; baseline 0.007 -13"><span class='ocrx_word' id='word_1_621' title='bbox 443 3323 449 3336; x_wconf 92' lang='lat'><em>¹</em></span> <span class='ocrx_word' id='word_1_622' title='bbox 476 3316 585 3346; x_wconf 66' lang='lat' dir='ltr'>nauti,</span> <span class='ocrx_word' id='word_1_623' title='bbox 607 3328 699 3346; x_wconf 73' lang='lat' dir='ltr'>xxvii</span> <span class='ocrx_word' id='word_1_624' title='bbox 717 3341 723 3351; x_wconf 83' lang='lat'>,</span> <span class='ocrx_word' id='word_1_625' title='bbox 751 3320 849 3348; x_wconf 69' lang='lat' dir='ltr'>Mai-c.</span> <span class='ocrx_word' id='word_1_626' title='bbox 871 3330 922 3355; x_wconf 68' lang='lat' dir='ltr'>xv,</span> <span class='ocrx_word' id='word_1_627' title='bbox 945 3321 1017 3348; x_wconf 78' lang='lat' dir='ltr'>Luc.</span> <span class='ocrx_word' id='word_1_628' title='bbox 1037 3329 1143 3357; x_wconf 81' lang='lat' dir='ltr'>xxm,</span> <span class='ocrx_word' id='word_1_629' title='bbox 1158 3325 1185 3349; x_wconf 78' lang='lat' dir='ltr'>et</span> <span class='ocrx_word' id='word_1_630' title='bbox 1205 3322 1382 3351; x_wconf 74' lang='lat' dir='ltr'>Joun.x1x.</span> 
     </span>
    </p>
   </div>
   <div class='ocr_carea' id='block_1_18' title="bbox 1446 2659 2465 3235">
    <p class='ocr_par' dir='ltr' id='par_1_21' title="bbox 1446 2659 2465 3235">
     <span class='ocr_line' id='line_1_92' title="bbox 1447 2659 2434 2708; baseline -0.001 -10"><span class='ocrx_word' id='word_1_631' title='bbox 1447 2663 1522 2698; x_wconf 86' lang='lat' dir='ltr'>lum</span> <span class='ocrx_word' id='word_1_632' title='bbox 1541 2661 1787 2697; x_wconf 80' lang='lat' dir='ltr'>exhonorant.</span> <span class='ocrx_word' id='word_1_633' title='bbox 1804 2659 1916 2703; x_wconf 61' lang='lat' dir='ltr'>vide,</span> <span class='ocrx_word' id='word_1_634' title='bbox 1938 2659 2061 2694; x_wconf 87' lang='lat' dir='ltr'>anima</span> <span class='ocrx_word' id='word_1_635' title='bbox 2077 2672 2157 2695; x_wconf 87' lang='lat' dir='ltr'>mea</span> <span class='ocrx_word' id='word_1_636' title='bbox 2170 2687 2180 2703; x_wconf 86' lang='lat'>,</span> <span class='ocrx_word' id='word_1_637' title='bbox 2202 2660 2362 2708; x_wconf 84' lang='lat' dir='ltr'>qualiter</span> <span class='ocrx_word' id='word_1_638' title='bbox 2377 2660 2434 2697; x_wconf 88' lang='lat' dir='ltr'>vir</span> 
     </span>
     <span class='ocr_line' id='line_1_93' title="bbox 1447 2717 2432 2769; baseline -0.003 -12"><span class='ocrx_word' id='word_1_639' title='bbox 1447 2722 1515 2757; x_wconf 90' lang='lat' dir='ltr'>iste</span> <span class='ocrx_word' id='word_1_640' title='bbox 1539 2733 1606 2769; x_wconf 90' lang='lat' dir='ltr'>per</span> <span class='ocrx_word' id='word_1_641' title='bbox 1626 2718 1752 2755; x_wconf 86' lang='lat' dir='ltr'>omnia</span> <span class='ocrx_word' id='word_1_642' title='bbox 1781 2717 2029 2754; x_wconf 87' lang='lat' dir='ltr'>conturbatur</span> <span class='ocrx_word' id='word_1_643' title='bbox 2057 2726 2094 2753; x_wconf 86' lang='lat' dir='ltr'>et</span> <span class='ocrx_word' id='word_1_644' title='bbox 2119 2718 2323 2767; x_wconf 86' lang='lat' dir='ltr'>spernitur.</span> <span class='ocrx_word' id='word_1_645' title='bbox 2355 2718 2432 2756; x_wconf 90' lang='lat' dir='ltr'>Sub</span> 
     </span>
     <span class='ocr_line' id='line_1_94' title="bbox 1446 2777 2431 2822; baseline -0.003 -5"><span class='ocrx_word' id='word_1_646' title='bbox 1446 2781 1567 2817; x_wconf 87' lang='lat' dir='ltr'>crucis</span> <span class='ocrx_word' id='word_1_647' title='bbox 1581 2792 1695 2815; x_wconf 86' lang='lat' dir='ltr'>onere</span> <span class='ocrx_word' id='word_1_648' title='bbox 1710 2778 1863 2814; x_wconf 88' lang='lat' dir='ltr'>dorsum</span> <span class='ocrx_word' id='word_1_649' title='bbox 1878 2778 2076 2813; x_wconf 72' lang='lat' dir='ltr'>incurvare</span> <span class='ocrx_word' id='word_1_650' title='bbox 2091 2777 2256 2822; x_wconf 86' lang='lat' dir='ltr'>videtur,</span> <span class='ocrx_word' id='word_1_651' title='bbox 2273 2786 2310 2813; x_wconf 89' lang='lat' dir='ltr'>et</span> <span class='ocrx_word' id='word_1_652' title='bbox 2327 2791 2431 2814; x_wconf 87' lang='lat' dir='ltr'>suam</span> 
     </span>
     <span class='ocr_line' id='line_1_95' title="bbox 1447 2835 2432 2889; baseline -0.004 -13"><span class='ocrx_word' id='word_1_653' title='bbox 1447 2840 1562 2889; x_wconf 90' lang='lat' dir='ltr'>ipsius</span> <span class='ocrx_word' id='word_1_654' title='bbox 1589 2846 1740 2887; x_wconf 88' lang='lat' dir='ltr'>portare</span> <span class='ocrx_word' id='word_1_655' title='bbox 1767 2836 2022 2885; x_wconf 73' lang='lat' dir='ltr'>ignominiam.</span> <span class='ocrx_word' id='word_1_656' title='bbox 2054 2835 2110 2873; x_wconf 85' lang='lat' dir='ltr'>Ad</span> <span class='ocrx_word' id='word_1_657' title='bbox 2142 2836 2264 2872; x_wconf 91' lang='lat' dir='ltr'>locum</span> <span class='ocrx_word' id='word_1_658' title='bbox 2290 2836 2432 2873; x_wconf 88' lang='lat' dir='ltr'>deduc.-</span> 
     </span>
     <span class='ocr_line' id='line_1_96' title="bbox 1447 2895 2432 2946; baseline -0.001 -12"><span class='ocrx_word' id='word_1_659' title='bbox 1447 2907 1504 2934; x_wconf 89' lang='lat' dir='ltr'>tus</span> <span class='ocrx_word' id='word_1_660' title='bbox 1527 2897 1714 2946; x_wconf 89' lang='lat' dir='ltr'>supplicii,</span> <span class='ocrx_word' id='word_1_661' title='bbox 1730 2896 1884 2944; x_wconf 68' lang='lat' dir='ltr'>myrrha</span> <span class='ocrx_word' id='word_1_662' title='bbox 1902 2903 2054 2944; x_wconf 86' lang='lat' dir='ltr'>potatur</span> <span class='ocrx_word' id='word_1_663' title='bbox 2077 2903 2114 2931; x_wconf 82' lang='lat' dir='ltr'>et</span> <span class='ocrx_word' id='word_1_664' title='bbox 2138 2895 2221 2931; x_wconf 87' lang='lat' dir='ltr'>selle</span> <span class='ocrx_word' id='word_1_665' title='bbox 2239 2910 2246 2931; x_wconf 93' lang='lat'>:</span> <span class='ocrx_word' id='word_1_666' title='bbox 2264 2895 2300 2931; x_wconf 89' lang='lat' dir='ltr'>in</span> <span class='ocrx_word' id='word_1_667' title='bbox 2320 2909 2432 2933; x_wconf 83' lang='lat' dir='ltr'>cruce</span> 
     </span>
     <span class='ocr_line' id='line_1_97' title="bbox 1446 2955 2432 3002; baseline -0.004 -8"><span class='ocrx_word' id='word_1_668' title='bbox 1446 2958 1683 3000; x_wconf 76' lang='lat' dir='ltr'>sublevatur,</span> <span class='ocrx_word' id='word_1_669' title='bbox 1704 2964 1740 2991; x_wconf 89' lang='lat' dir='ltr'>ct</span> <span class='ocrx_word' id='word_1_670' title='bbox 1761 2955 1848 2991; x_wconf 91' lang='lat' dir='ltr'>dicit</span> <span class='ocrx_word' id='word_1_671' title='bbox 1869 2983 1878 2999; x_wconf 95' lang='lat'>,</span> <span class='ocrx_word' id='word_1_672' title='bbox 1901 2956 2035 2999; x_wconf 78' lang='lat' dir='ltr'>Pater,</span> <span class='ocrx_word' id='word_1_673' title='bbox 2061 2959 2207 3002; x_wconf 77' lang='lat' dir='ltr'>ignosce</span> <span class='ocrx_word' id='word_1_674' title='bbox 2228 2957 2322 2998; x_wconf 79' lang='lat' dir='ltr'>illis,</span> <span class='ocrx_word' id='word_1_675' title='bbox 2341 2959 2432 3002; x_wconf 81' lang='lat' dir='ltr'>quia</span> 
     </span>
     <span class='ocr_line' id='line_1_98' title="bbox 1446 3013 2428 3063; baseline -0.002 -11"><span class='ocrx_word' id='word_1_676' title='bbox 1446 3022 1611 3053; x_wconf 75' lang='lat' dir='ltr'>nesciunt</span> <span class='ocrx_word' id='word_1_677' title='bbox 1636 3017 1724 3063; x_wconf 80' lang='lat' dir='ltr'>quid</span> <span class='ocrx_word' id='word_1_678' title='bbox 1742 3014 1905 3061; x_wconf 66' lang='lat' dir='ltr'>factum.</span> <span class='ocrx_word' id='word_1_679' title='bbox 1937 3014 2064 3061; x_wconf 88' lang='lat' dir='ltr'>Qualis</span> <span class='ocrx_word' id='word_1_680' title='bbox 2093 3021 2149 3049; x_wconf 89' lang='lat' dir='ltr'>est</span> <span class='ocrx_word' id='word_1_681' title='bbox 2179 3013 2260 3059; x_wconf 90' lang='lat' dir='ltr'>hic,</span> <span class='ocrx_word' id='word_1_682' title='bbox 2292 3015 2357 3062; x_wconf 85' lang='lat' dir='ltr'>qui</span> <span class='ocrx_word' id='word_1_683' title='bbox 2393 3015 2428 3050; x_wconf 90' lang='lat' dir='ltr'>in</span> 
     </span>
     <span class='ocr_line' id='line_1_99' title="bbox 1446 3072 2465 3123; baseline -0.002 -12"><span class='ocrx_word' id='word_1_684' title='bbox 1446 3074 1622 3111; x_wconf 84' lang='lat' dir='ltr'>omnibus</span> <span class='ocrx_word' id='word_1_685' title='bbox 1649 3073 1832 3123; x_wconf 81' lang='lat' dir='ltr'>pressuris</span> <span class='ocrx_word' id='word_1_686' title='bbox 1859 3073 1934 3109; x_wconf 87' lang='lat' dir='ltr'>suis</span> <span class='ocrx_word' id='word_1_687' title='bbox 1967 3086 2035 3108; x_wconf 85' lang='lat' dir='ltr'>nec</span> <span class='ocrx_word' id='word_1_688' title='bbox 2067 3072 2180 3109; x_wconf 88' lang='lat' dir='ltr'>semel</span> <span class='ocrx_word' id='word_1_689' title='bbox 2212 3073 2359 3121; x_wconf 90' lang='lat' dir='ltr'>aperuit</span> <span class='ocrx_word' id='word_1_690' title='bbox 2390 3087 2432 3109; x_wconf 92' lang='lat' dir='ltr'>os</span> <span class='ocrx_word' id='word_1_691' title='bbox 2463 3101 2465 3103; x_wconf 89' lang='lat'>-</span> 
     </span>
     <span class='ocr_line' id='line_1_100' title="bbox 1447 3131 2433 3180; baseline -0.003 -9"><span class='ocrx_word' id='word_1_692' title='bbox 1447 3148 1573 3177; x_wconf 84' lang='lat' dir='ltr'>suum,</span> <span class='ocrx_word' id='word_1_693' title='bbox 1605 3141 1643 3169; x_wconf 89' lang='lat' dir='ltr'>ut</span> <span class='ocrx_word' id='word_1_694' title='bbox 1673 3141 1736 3168; x_wconf 87' lang='lat' dir='ltr'>aut</span> <span class='ocrx_word' id='word_1_695' title='bbox 1764 3133 1949 3180; x_wconf 66' lang='lat' dir='ltr'>querelze,</span> <span class='ocrx_word' id='word_1_696' title='bbox 1979 3139 2041 3167; x_wconf 87' lang='lat' dir='ltr'>aut</span> <span class='ocrx_word' id='word_1_697' title='bbox 2069 3131 2335 3176; x_wconf 80' lang='lat' dir='ltr'>excusationis,</span> <span class='ocrx_word' id='word_1_698' title='bbox 2369 3141 2433 3168; x_wconf 86' lang='lat' dir='ltr'>aut</span> 
     </span>
     <span class='ocr_line' id='line_1_101' title="bbox 1447 3189 2431 3235; baseline -0.002 -6"><span class='ocrx_word' id='word_1_699' title='bbox 1447 3191 1773 3235; x_wconf 85' lang='lat' dir='ltr'>comminationis,</span> <span class='ocrx_word' id='word_1_700' title='bbox 1798 3199 1859 3226; x_wconf 79' lang='lat' dir='ltr'>aut</span> <span class='ocrx_word' id='word_1_701' title='bbox 1887 3190 2158 3226; x_wconf 78' lang='lat' dir='ltr'>maledictionis</span> <span class='ocrx_word' id='word_1_702' title='bbox 2185 3189 2341 3227; x_wconf 72' lang='lat' dir='ltr'>verbum</span> <span class='ocrx_word' id='word_1_703' title='bbox 2370 3191 2431 3227; x_wconf 88' lang='lat' dir='ltr'>ad-</span> 
     </span>
    </p>
   </div>
   <div class='ocr_carea' id='block_1_19' title="bbox 1749 3315 2127 3354">
    <p class='ocr_par' dir='ltr' id='par_1_22' title="bbox 1749 3315 2127 3354">
     <span class='ocr_line' id='line_1_102' title="bbox 1749 3315 2127 3354; baseline -0.003 -7"><span class='ocrx_word' id='word_1_704' title='bbox 1749 3323 1761 3337; x_wconf 78' lang='lat'><strong>³</strong></span> <span class='ocrx_word' id='word_1_705' title='bbox 1780 3317 1862 3347; x_wconf 79' lang='lat' dir='ltr'>Alias</span> <span class='ocrx_word' id='word_1_706' title='bbox 1876 3340 1883 3354; x_wconf 80' lang='lat'>‚</span> <span class='ocrx_word' id='word_1_707' title='bbox 1904 3315 2127 3346; x_wconf 73' lang='lat' dir='ltr'>cnncamhium.</span> 
     </span>
    </p>
   </div>
  </div>
 </body>
</html>
