2504 3928
329 178 398 212 To?

325 252 386 287 sed
418 259 606 286 momento
631 259 774 284 statera·
797 250 921 284 onmia
946 263 1060 299 opera
1082 264 1146 287 sua
1172 265 1314 300 appeu-

326 311 434 346 duut.
461 314 564 345 'l'une
586 321 624 343 sc
654 322 725 344 uon
748 322 767 344 a
791 310 991 345 semoveri
1017 322 1082 345 cor
1107 310 1276 358 intelligit
1302 325 1311 355 ;

324 370 410 417 quia
428 382 544 418 perse
561 366 752 403 immobile
771 376 1025 416 peruiam-ret,
1051 368 1120 404 nisi
1144 369 1207 417 qui
1234 383 1315 405 om-

327 427 385 462 nia
412 434 558 469 movet,
581 426 670 461 illud
694 438 844 474 quoque
872 426 968 462 iuter
988 427 1113 463 onmia
1137 436 1315 464 moveret.

328 489 536 521 Mutuafum
577 485 690 533 igitur
727 498 747 521 a
789 489 867 520 Deo
906 499 1134 534 cognoscens
1175 495 1316 522 motum

328 557 434 580 suum
452 572 461 587 ,
481 544 558 592 jam
587 557 660 580 non
694 553 848 593 usurpet
870 552 909 580 ut
931 545 1153 594 proprium,
1186 545 1249 582 sed
1279 554 1319 581 ut

327 603 618 639 commodatum.
642 603 697 639 Ad
719 604 948 640 voluntatem
971 617 1131 653 namque
1148 617 1318 640 commo-

327 662 472 706 dantis,
495 661 808 698 commodatarius
837 663 888 698 uti
913 662 1025 698 debet
1052 664 1288 699 commodato
1310 678 1317 699 :

327 721 492 770 alioquin
514 721 650 757 furtum
674 722 756 757 facit
779 721 814 757 in
836 735 874 757 re
894 721 1143 758 commodata.

669 854 786 892 CAPl
797 854 844 891 ‘T
874 853 982 892 XIV.

329 978 374 1006 De
396 975 657 1006 admonitionibus
673 975 802 1010 dixinis,
825 975 936 1016 quibus
955 974 1086 1005 subinde
1108 980 1248 1005 movetur
1267 985 1318 1003 eor

932 177 1171 212 'stiAtt'tssx't'l
1193 181 1215 211 S
1247 179 1308 212 l)l·'.
1338 178 1587 212 th'tzltloul
1622 177 1768 211 DOMO.

2297 178 2371 213 708

1349 252 1372 269 '³'
1386 251 1625 287 rebellionem
1648 251 1974 300 praesumpserint,
1999 251 2186 301 lapidibus
2207 252 2373 290 obruan-

1336 319 1360 348 Α
1385 320 1461 356 tur,
1479 311 1612 359 jaculis
1632 310 1930 359 increpationum
1947 311 2232 358 confodiantur,
2252 321 2289 349 et
2309 326 2375 349 no-

1383 370 1504 406 verint
1532 383 1655 418 regem
1689 369 1924 405 Salomonem
1947 368 2075 405 sedere
2096 383 2208 419 super
2237 371 2373 407 mulam

1384 428 1500 476 regis,
1538 428 1573 463 id
1609 436 1688 473 est,
1728 428 1909 463 rationem
1949 441 2062 477 super
2098 430 2374 466 sensualitatem

1382 489 1563 537 eorporis.
1598 488 1695 536 Quid
1716 488 1744 523 si
1764 487 1989 537 pudibunda
2022 489 2105 533 illa,
2138 503 2221 538 quae
2254 491 2376 527 velato

1383 561 1530 596 semper
1553 547 1703 582 nomine
1734 547 1972 595 appellantur
1991 560 2008 584 a
2032 547 2176 596 pudicis
2203 556 2239 584 et
2268 549 2376 584 castis

1386 606 1512 652 labiis,
1537 614 1639 642 motu
1662 605 1877 641 inordinato
1892 605 2160 655 rempublicam
2183 607 2376 644 infestave-

1386 666 1482 701 rint?
1505 669 1612 701 Certe
1633 664 1920 709 abscindantur,
1945 678 2019 701 non
2054 666 2171 709 ferro,
2193 666 2256 702 scd
2273 665 2375 715 jeju-

1387 724 1470 769 nio;
1507 737 1581 759 non
1621 723 1935 770 detruncatione,
1973 723 2037 759 scd
2075 724 2374 761 mortificatione.

1392 785 1407 816 I
1420 785 1559 828 finam,
1578 782 1697 830 inquit
1715 782 1932 831 Apostolus,
1952 782 2219 819 abscindantur
2233 789 2298 832 qui
2314 798 2379 820 vos

1387 842 1649 878 connubunt&
1690 841 1754 877 llis
1788 841 2094 890 persuasionibus
2129 856 2194 878 cor
2222 843 2381 879 effrena-

1386 911 1483 946 tum,
1507 902 1543 937 in
1565 914 1734 950 praeceps
1753 914 1902 936 cursum
1925 914 2033 937 suum
2065 902 2234 951 rapiens,
2261 903 2378 938 teneri

1384 969 1524 1010 potest,
1563 968 1601 996 ut
1633 960 1679 995 sit
1712 959 1810 995 bona
1842 961 2081 996 conscientia.
2115 965 2217 997 Bona
2248 969 2322 1006 est,
2349 962 2379 997 si

373 1028 504 1059 bominis
532 1028 570 1059 ad
597 1035 685 1059 canite
712 1028 859 1059 utendum
891 1028 1054 1062 creaturis,
1084 1034 1112 1058 et
1138 1034 1254 1058 rectum
1275 1027 1319 1057 sui
1339 1025 1365 1058 B
1383 1019 1517 1056 llitlwal
1544 1020 1578 1055 in
1601 1019 1714 1055 (⁸01¹th
1741 1019 1941 1067 puritatem
1963 1048 1972 1065 ‚
2003 1020 2039 1055 in
2071 1033 2136 1055 (πυ
2159 1020 2376 1062 veritatem,

374 1082 468 1123 ipsius
483 1082 628 1123 reginwu.

378 1200 438 1237 22.
461 1203 554 1237 Cum
579 1200 690 1248 igitur
711 1208 745 1235 te
767 1200 928 1235 moverit
947 1203 1068 1242 Deus,
1096 1199 1153 1234 vel
1176 1198 1316 1234 moveri

326 1259 510 1303 voluerit,
543 1272 566 1294 o
597 1272 661 1294 eor
693 1259 924 1302 humanum,
963 1258 1146 1293 movearis
1175 1271 1182 1292 z
1212 1257 1319 1292 aliter

325 1332 400 1354 non
436 1318 649 1361 moveari53
685 1317 772 1365 quia
807 1329 880 1351 uon
913 1325 1010 1352 esset
1041 1316 1214 1358 moveri,
1254 1315 1318 1350 sed

323 1377 561 1412 commoveri.
591 1375 661 1411 Sed
694 1375 844 1423 quando
871 1384 903 1410 tc
926 1383 1050 1410 movet
1071 1378 1171 1410 Deus
1191 1375 1205 1408 Ρ
1228 1378 1318 1410 Cum

322 1435 511 1471 admonet.
531 1432 720 1469 Admonet
740 1441 862 1467 autem
884 1431 935 1467 sic
957 1446 964 1466 :
985 1435 1087 1467 Vane
1108 1430 1318 1479 occuparis,

323 1509 345 1529 o
364 1507 429 1530 cor
448 1493 596 1542 sapiens
615 1501 652 1528 et
670 1492 773 1527 omni
795 1491 1044 1540 przerogativa
1061 1490 1264 1535 excellens,
1284 1490 1320 1525 iu

321 1553 377 1589 liis
397 1565 479 1601 qua·
497 1551 677 1587 vanitates
695 1550 902 1586 vanitatum
921 1558 1022 1586 sunt.
1044 1553 1125 1585 Bon
1152 1557 1185 1585 te
1214 1549 1320 1585 decet

322 1612 379 1647 liis
399 1610 572 1655 subesse,
601 1609 664 1646 sed
686 1622 856 1659 praeesse.
885 1613 935 1645 Tc
964 1609 1135 1657 indigent
1161 1609 1249 1654 ista,
1281 1617 1320 1644 ut

320 1672 452 1707 melius
478 1679 514 1706 et
535 1669 769 1706 commodius
793 1668 995 1705 subsistant
1020 1683 1027 1704 ε
1058 1677 1097 1704 tu
1120 1668 1176 1704 liis
1197 1681 1319 1716 neque

318 1730 363 1766 ad
397 1728 667 1766 beatitudinem
693 1728 857 1778 indiges,
881 1741 1003 1776 neque
1023 1727 1069 1763 ad
1090 1728 1317 1763 immortali-

1383 1080 1418 1115 in
1443 1079 1588 1115 actione
1611 1078 1884 1114 rectitudinem.
1908 1082 1979 1115 Pro
1998 1079 2055 1115 liis
2077 1091 2239 1127 namque
2259 1092 2380 1115 niere-

1384 1138 1484 1174 bitur
1501 1138 1688 1174 Trinitatis
1711 1138 1907 1174 visionem.
1931 1142 1962 1175 Ο
1984 1137 2090 1174 beata
2111 1138 2226 1183 visio,
2247 1137 2285 1174 in
2307 1151 2380 1186 qua

1383 1197 1434 1233 sic
1458 1200 1557 1234 Deus
1575 1197 1645 1232 erit
1665 1205 1776 1232 notus
1797 1205 1908 1245 atquc
1931 1198 2169 1247 perspicuus,
2192 1206 2233 1233 ut
2252 1197 2380 1233 videa-

1386 1264 1446 1290 tur
1474 1269 1492 1291 a
1521 1256 1674 1303 siugulis
1702 1254 1810 1291 nobis
1829 1256 1863 1291 iu
1882 1256 2036 1304 singulis
2054 1255 2162 1292 nobis
2184 1255 2382 1292 :videatur

1385 1314 1422 1349 in
1457 1328 1493 1349 se
1523 1314 1625 1362 ipso;
1655 1313 1828 1350 videatur
1848 1315 1884 1350 in
1906 1315 2000 1350 coslo
2027 1329 2145 1362 novo,
2168 1317 2260 1352 etin
2284 1324 2380 1351 terra

1388 1385 1502 1418 nova,
1524 1382 1636 1421 atque
1658 1373 1693 1408 in
1715 1373 1818 1408 omui
1839 1386 1922 1421 quse
1944 1381 2032 1410 tunc
2054 1375 2167 1411 fuerit
2185 1383 2353 1411 creatura
2373 1376 2379 1409 ἔ

1734 1501 1909 1539 CAPUT
1942 1501 2031 1542 XV.

1586 1618 1634 1646 De
1658 1615 1738 1646 libro
1759 1615 1954 1647 conscientiae
1975 1616 2181 1649 emendando.

1438 1729 1498 1765 24.
1530 1733 1703 1765 llumana
1732 1729 1959 1765 couscientia
1991 1737 2046 1765 est
2072 1728 2225 1765 Domini
2254 1728 2380 1773 vinea,

320 1799 444 1826 tatem.
466 1790 645 1825 viaticum
666 1789 817 1838 quidem
832 1789 1006 1836 jumento
1028 1796 1091 1823 tuo
1108 1795 1320 1837 praeparant
1342 1790 1367 1824 C
1386 1802 1497 1837 qumn
1521 1788 1692 1824 excolere
1711 1788 1850 1824 debent
1866 1796 2106 1837 peccatorum
2122 1788 2327 1833 confessio,
2347 1797 2383 1823 et

320 1850 356 1884 in
379 1850 461 1894 via,
485 1848 550 1885 sed
567 1849 595 1884 si
613 1848 658 1884 ad
688 1861 899 1884 mensuram
926 1856 1144 1892 sumantur,
1172 1860 1246 1882 non
1273 1846 1318 1881 ad

320 1908 630 1958 superfluitatem.
659 1911 712 1944 Ex
743 1907 1002 1956 superfluitate
1027 1907 1126 1943 enim
1150 1906 1319 1942 ciborum

317 1966 545 2016 quandoque
566 1966 820 2002 infumluutur
838 1966 1032 2014 jumenta,
1050 1974 1087 2001 et
1111 1965 1149 2000 in
1176 1963 1318 2000 ventris

321 2018 472 2062 nimiam
495 2025 738 2061 effluxionem
763 2026 1022 2069 resolvuntur,
1053 2025 1104 2060 ita
1126 2032 1167 2060 ut
1188 2036 1234 2059 ex
1256 2036 1318 2058 re-

321 2086 478 2122 fectione
500 2084 686 2121 deficiant.
710 2085 766 2121 Sic
789 2097 928 2134 corpus
953 2093 1078 2129 tuum,
1101 2097 1124 2119 o
1145 2084 1319 2133 princeps

320 2155 355 2181 et
379 2145 531 2181 domine
557 2145 748 2193 corporis,
771 2145 799 2180 si
829 2145 973 2193 regulas
1002 2143 1234 2180 necessitatis
1257 2155 1320 2178 ex-

322 2206 504 2250 cesserit,
534 2213 570 2241 et
597 2204 641 2240 ad
672 2204 891 2241 barathrum
927 2203 1242 2253 eoncupiscentiae
1276 2215 1319 2238 os

320 2265 526 2314 aperuerit,
552 2264 672 2299 lacum
698 2264 920 2312 perditionis
941 2263 1010 2299 sibi
1034 2262 1165 2299 effodit
1187 2262 1224 2297 in
1250 2261 1319 2297 ho-

322 2323 434 2372 spitio
451 2322 715 2371 reparationis,
733 2331 768 2358 et
786 2323 830 2358 dc
848 2323 1013 2358 remedio
1029 2329 1221 2370 comparat
1237 2321 1316 2356 cxi-

325 2385 414 2418 tium
431 2411 440 2426 ,
466 2381 511 2418 de.
537 2381 710 2416 vehiculo
739 2382 984 2430 naufragium.
1013 2380 1110 2428 Quid
1134 2380 1319 2429 proinde?

323 2439 561 2489 Super-fluum
583 2439 677 2475 tollit
699 2440 960 2475 necessarium.
982 2439 1097 2475 Aufer
1117 2438 1318 2488 superflua,

324 2508 359 2535 ct
392 2499 483 2535 nulli
523 2498 684 2534 deerunt
722 2499 955 2543 necessaria3
987 2498 1074 2546 quia
1108 2497 1154 2533 de
1185 2510 1319 2546 super-

1385 1862 1515 1885 eorum
1547 1848 1748 1884 satisfactio
1766 1877 1775 1894 ‚
1797 1857 1834 1884 ct
1853 1848 2035 1884 exhibitio
2069 1847 2256 1884 bonorum
2284 1860 2380 1896 ope—

1387 1922 1489 1953 rum,
1517 1916 1554 1943 ct
1587 1907 1757 1943 custodia
1790 1921 1934 1944 eorum.
1958 1907 2174 1956 Unicuique
2206 1915 2262 1943 est
2288 1906 2383 1943 liber

1383 1980 1449 2003 sua
1470 1967 1697 2003 couscientia
1721 1981 1728 2003 :
1750 1975 1788 2003 et
1809 1967 1855 2003 ad
1877 1967 1976 2004 bunc
1997 1966 2134 2003 librum
2171 1966 2383 2002 discutien-

1384 2026 1471 2062 dum
1501 2034 1537 2062 et
1563 2026 1842 2062 emendandum
1866 2039 1997 2062 omnes
2025 2026 2086 2062 alii
2118 2026 2261 2062 inventi
2282 2034 2380 2062 sunt.

1384 2086 1517 2122 Anima
1549 2099 1633 2121 cum
1669 2085 1714 2122 de
1756 2098 1918 2135 corpore
1955 2085 2168 2135 egredietur
2189 2113 2198 2131 ,
2237 2085 2381 2121 nullum

1385 2145 1498 2181 alium
1534 2153 1672 2194 pra‘ter
1703 2145 1942 2181 conscientiae
1974 2158 2049 2181 suae
2081 2145 2218 2181 librum
2257 2157 2381 2180 secum

1386 2212 1538 2252 portare
1556 2204 1714 2253 poterit,
1738 2212 1850 2252 atque
1871 2204 1907 2239 in
1926 2204 1989 2239 illo
2007 2211 2207 2252 cognoscet
2225 2216 2301 2252 quo
2318 2203 2383 2238 de-

1384 2262 1470 2298 beat
1490 2263 1562 2308 ire,
1584 2270 1620 2298 et
1640 2262 1731 2310 quid
1754 2261 1888 2298 debeat
1918 2263 2098 2311 recipere.
2135 2265 2189 2297 Ex
2220 2261 2276 2297 his
2297 2274 2380 2310 quse

1384 2320 1520 2368 scripta
1552 2328 1665 2355 erunt
1686 2320 1722 2355 in
1745 2319 1849 2355 libris
1870 2320 2006 2355 nostris
2031 2319 2304 2367 judicabimur,
2338 2328 2375 2354 et

1385 2378 1469 2414 idco
1505 2378 1617 2415 scribi
1651 2377 1790 2414 debent
1822 2378 2026 2415 secundum
2059 2378 2252 2427 exemplar
2290 2377 2375 2413 libri

1388 2438 1470 2473 vitae
1492 2453 1499 2473 :
1524 2446 1560 2473 et
1580 2438 1677 2473 sisic
1698 2437 1827 2486 scripti
1854 2451 1928 2473 non
1961 2446 2068 2482 sunt,
2101 2438 2231 2473 saltem
2262 2437 2382 2472 corri-

1385 2497 1494 2546 gendi
1529 2506 1626 2533 sunt.
1659 2498 1904 2534 Conferamus
1934 2498 2057 2546 itaque
2089 2496 2204 2532 libros
2233 2504 2383 2533 nostros

326 2559 453 2595 fluenti
475 2558 581 2607 copia
601 2558 758 2593 aliorum
774 2587 783 2604 ‚
805 2558 968 2594 nascitur
990 2556 1096 2593 valde
1117 2569 1213 2605 aegra
1233 2556 1321 2591 alio·
1338 2563 1370 2597 Ι)
1387 2571 1470 2593 cum
1487 2556 1583 2592 libro
1602 2557 1685 2593 vitae
1705 2571 1712 2592 z
1732 2565 1769 2592 et
1788 2557 1815 2592 si
1832 2556 1923 2605 quid
1941 2557 2047 2591 aliter
2067 2555 2286 2600 habuerint,
2301 2568 2384 2590 cor-

328 2631 409 2655 rum
432 2618 573 2666 inopia.

380 2678 440 2713 23.
465 2680 585 2712 Tuum
612 2684 666 2711 est
688 2675 782 2711 malc
804 2683 885 2711 acta
905 2675 1093 2724 corrigere
1114 2689 1121 2710 ε
1145 2682 1248 2710 tuum
1269 2682 1323 2709 est

328 2738 364 2772 in
387 2735 540 2778 ordine,
564 2744 599 2770 et
619 2735 743 2770 officio
769 2735 943 2770 familiam
968 2733 1222 2770 membrorum
1244 2746 1324 2769 eor·

328 2794 449 2844 poris,
472 2802 509 2829 et
528 2794 661 2828 animae
680 2802 849 2828 motuum
867 2793 1066 2842 disponere
1084 2807 1091 2828 :
1115 2801 1234 2837 tuum,
1254 2792 1325 2828 sin-

326 2854 501 2903 gulorum
536 2853 683 2901 negotia
709 2852 913 2888 secundum
945 2852 1235 2902 competentiam
1265 2864 1325 2887 as-

329 2914 486 2959 signare.
507 2915 588 2948 Non
611 2912 655 2947 sit
676 2912 712 2947 in
735 2925 850 2959 regno
873 2912 1043 2961 corporis
1059 2912 1131 2956 tui,
1149 2911 1213 2960 qui
1228 2911 1325 2959 leges

328 2981 364 3008 et
391 2972 477 3020 jura
509 2971 766 3007 institutorum
793 2979 942 3007 tuorum
964 2972 1120 3020 impune
1142 2970 1323 3020 praevari-

329 3041 454 3076 cetur;
478 3045 552 3066 non
577 3031 729 3074 oculus,
756 3044 831 3066 non
854 3044 1008 3076 manus,
1030 3044 1106 3066 non
1129 3044 1214 3079 pes,
1245 3042 1320 3065 non

328 3091 448 3135 auris,
469 3103 544 3126 non
565 3098 705 3137 guttur.
730 3089 827 3136 Quid
849 3091 948 3126 enim
969 3090 1014 3126 de
1034 3088 1323 3138 ignobilioribus

329 3159 363 3185 et
396 3149 551 3198 plebeiis
583 3148 759 3184 membris
791 3149 937 3184 diram?
967 3150 1001 3185 Si
1034 3149 1090 3183 vel
1125 3156 1322 3184 attrectare

383 3276 637 3310 ’(’.;ι1;ιι.ι,1ῒ)..

1390 2618 1576 2665 rigantur,
1603 2629 1648 2652 ne
1669 2617 1706 2651 iu
1730 2617 1792 2652 illa
1813 2617 1943 2652 ultima
1963 2615 2185 2659 collatione,
2217 2615 2246 2651 si
2275 2614 2386 2663 quid-

1391 2676 1486 2724 piam
1515 2675 1621 2711 aliter
1646 2676 1789 2711 inventi
1813 2675 1950 2711 fuerint
1976 2673 2175 2719 babentes,
2203 2672 2384 2721 abjician-

1392 2743 1459 2770 tur.
1494 2738 1625 2770 Beatus
1646 2735 1777 2779 bomo,
1799 2734 1862 2783 qui
1883 2747 1922 2770 se
1950 2741 2075 2782 potest
2095 2745 2321 2781 cognoscere
2349 2740 2384 2767 et

1391 2794 1599 2843 despicere,
1622 2793 1784 2842 probare
1807 2802 1844 2829 ct
1869 2792 2096 2842 improbare.
2116 2796 2207 2829 Nam
2229 2792 2293 2841 qui
2315 2792 2384 2827 sibi

1392 2852 1579 2901 displicet,
1604 2856 1681 2888 Deo
1700 2852 1821 2901 placet
1840 2866 1846 2887 ε
1870 2860 1907 2888 et
1931 2852 1994 2900 qui
2022 2850 2091 2887 sibi
2111 2851 2193 2886 vilis
2209 2858 2284 2896 est,
2305 2853 2385 2886 Deo

1391 2911 1524 2947 charus
1543 2920 1608 2946 est.
1630 2912 1755 2948 Multae
1782 2920 1870 2948 sunt
1896 2911 2059 2948 scientiae
2082 2910 2298 2955 hominum,
2320 2908 2384 2945 sed

1391 2971 1493 3006 nulla
1523 2971 1654 3006 melior
1678 2980 1733 3007 est
1761 2972 1843 3016 illa,
1877 2985 1951 3020 qua
1979 2970 2170 3019 cognoscit
2200 2969 2314 3005 homo
2343 2982 2383 3005 se

1389 3031 1523 3078 ipsum.
1553 3030 1806 3078 Quamobrem
1839 3030 1988 3067 redeam
2018 3029 2063 3065 ad
2092 3042 2158 3065 cor
2177 3041 2324 3073 meum,
2346 3037 2382 3064 et

1390 3088 1439 3124 ibi
1470 3097 1566 3125 stare
1581 3102 1787 3126 assuescam
1804 3105 1814 3136 3
1836 3098 1876 3125 ut
1897 3098 2009 3125 totam
2026 3089 2141 3124 vitam
2159 3100 2278 3123 ineam
2297 3099 2386 3136 pos-

1389 3149 1457 3184 sim
1481 3148 1667 3185 discutere
1682 3177 1691 3194 ,
1716 3157 1751 3185 et
1770 3149 1964 3197 meipsum
1986 3159 2223 3196 cognoscere.
2245 3149 2385 3183 Omnes
