2418 3949
148 246 246 283 1253

197 324 231 360 7.
249 323 465 360 Notandum
481 335 575 359 vero
597 331 672 369 est,
693 323 796 372 quod
812 323 914 360 aliud
931 333 987 360 est
1004 336 1133 360 mane-

783 248 847 282 DE
876 247 1047 282 VERBIS
1073 247 1252 282 DOMINI
1282 247 1333 282 IN
1361 248 1527 284 COENA.

1144 321 1192 340 ὃὸ.

2092 247 2186 284 125-'1

1202 323 1389 360 alimentis
1410 324 1618 369 sumendis,
1646 324 1711 361 ubi
1735 325 2016 363 conservandus
2042 333 2099 362 est
2133 326 2192 361 vi-

141 394 182 418 re
197 382 235 418 in
254 382 334 427 illo,
350 391 388 419 et
401 382 503 418 aliud
518 390 574 418 est
589 395 740 418 manere
756 395 841 418 cum
857 383 921 419 illo
938 397 945 419 :
961 383 1063 420 aliud
1077 391 1133 420 est
1153 383 1181 415 A
1198 395 1267 430 gor
1295 391 1437 419 naturae
1450 412 1459 428 ‚
1492 392 1529 420 et
1563 397 1640 420 non
1672 385 1886 434 sequendus
1917 394 1972 422 est
2001 386 2191 436 appetitus

141 453 293 477 manere
310 440 419 490 juxta
441 454 549 485 eum,
569 441 670 476 aliud
695 454 847 478 manere
871 442 983 491 longe
1007 440 1054 478 ab
1072 454 1129 478 eo.

141 499 307 535 Primum
329 499 466 548 partim
483 508 538 535 est
552 499 591 535 in
607 499 684 544 via,
707 508 743 536 et
764 501 899 549 partim
921 501 957 536 in
979 500 1101 550 patria
1122 515 1130 536 ε

140 558 348 595 secundum
379 567 499 594 totum
528 567 583 594 est
605 559 642 594 in
666 559 786 607 patria
811 573 820 595 2
841 560 990 595 tertium
1013 568 1132 596 totum

141 617 248 653 estin
265 617 338 653 hoc
354 618 490 654 saeculo
509 632 516 653 :
532 625 568 653 et
583 625 757 665 quartum
777 626 896 653 totum
913 618 950 654 in
971 617 1131 654 inferno.

141 675 342 712 Videamus
363 689 453 725 ergo
473 675 564 725 quid
589 676 635 712 sit
655 689 806 713 manere
826 677 865 712 in
881 690 948 722 eo,
970 685 1011 713 ut
1034 677 1073 712 in
1087 690 1132 714 eo

141 748 293 772 manere
320 735 497 781 delectet3
530 744 571 772 ut
602 748 678 771 non
711 736 822 784 longe
851 745 937 785 post
964 737 1132 773 futurum

140 807 353 831 mereamur
372 809 455 831 cum
478 796 542 832 illo
573 808 735 832 manere.
756 799 800 832 In
819 797 884 832 illo
907 809 1056 832 manere
1078 805 1134 833 est

139 865 187 889 ex
207 866 335 890 amore
350 854 404 890 illi
423 854 492 890 soli
515 853 728 899 adhaereoe,
751 855 875 904 ipsum
894 868 942 890 ex
958 863 1036 891 toto
1052 868 1133 891 cor-

139 912 187 949 de
206 911 382 963 diligere,
411 914 510 950 illius
530 922 719 964 praecepta
741 915 780 950 in
801 913 975 951 omnibus
1000 923 1037 951 et
1065 927 1133 964 per

139 973 268 1009 omnia
286 972 508 1018 observare,
532 973 614 1022 ejus
634 974 754 1009 amori
776 974 867 1010 nihil
885 986 1108 1023 praeponere
1121 1002 1131 1019 ,

139 1039 178 1067 et
193 1045 263 1081 pro
285 1033 384 1069 illius
404 1046 533 1070 amore
549 1041 683 1069 cuncta
701 1046 770 1069 nec
788 1041 873 1070 nata
890 1034 1001 1070 etiam
1020 1046 1134 1082 repu—

142 1099 232 1128 tare.
262 1092 330 1129 Ille
356 1106 433 1129 non
461 1092 608 1129 dubitet
639 1106 791 1129 manere
816 1094 854 1129 in
875 1093 1045 1137 Christo,
1073 1092 1134 1129 cui

140 1159 278 1200 praeter
297 1152 420 1201 ipsum
438 1161 574 1188 cuncta
593 1152 796 1196 vilescunt,
822 1160 859 1188 et
874 1152 908 1188 ei
927 1152 1007 1201 ipse
1031 1152 1133 1189 solus

140 1210 333 1247 dulcescit.
363 1214 393 1249 O
427 1219 567 1260 quanta
604 1211 777 1248 felicitate
804 1211 969 1256 dotatur,
993 1221 1132 1260 quanta

140 1268 374 1306 beatitudine
403 1270 653 1315 fecundatur,
689 1271 751 1307 cui
780 1280 918 1321 praeter
946 1271 1134 1308 Christum

140 1329 269 1366 omnia
296 1329 499 1376 vilescunt,
525 1339 563 1366 et
589 1330 669 1380 ipse
687 1331 855 1367 Christus
883 1331 985 1368 solus
1005 1332 1137 1368 melle-

140 1388 226 1424 scit!
247 1392 332 1438 Ipse
353 1389 520 1427 Christus
540 1390 644 1426 solus
672 1390 723 1426 sic
748 1390 787 1426 in
805 1389 983 1426 cordibus
998 1391 1136 1428 nostris

142 1447 323 1494 favescat,
351 1457 389 1485 et
410 1458 545 1485 cuncta
563 1449 778 1486 transitoria
797 1449 906 1486 nobis
923 1451 1135 1498 fellescant3

142 1515 184 1543 ut
208 1508 259 1544 nil
281 1518 418 1558 praeter
439 1509 543 1546 illum
572 1509 681 1545 nobis
695 1509 771 1558 jam
796 1509 929 1556 libeat,
947 1523 1016 1546 nec
1038 1510 1135 1547 libe-

141 1579 244 1603 scere
256 1567 334 1615 jam
352 1568 482 1604 valeat.
505 1571 557 1606 Ut
574 1581 683 1617 ergo,
707 1569 838 1605 fratres
861 1569 953 1615 mei,
974 1569 1010 1605 in
1029 1570 1137 1607 Chri—

141 1633 200 1662 sto
233 1634 272 1662 et
305 1639 391 1663 cum
426 1627 573 1664 Christo
605 1641 819 1664 mereamur
856 1641 1008 1664 manere
1018 1621 1033 1672 ;¹
1057 1629 1137 1678 ipse

142 1684 310 1722 Christus
340 1685 404 1721 lux
434 1699 542 1731 vera,
579 1685 728 1722 bonitas
755 1694 792 1722 et
820 1687 920 1732 vita,
958 1687 1135 1736 gaudium

143 1742 296 1790 mundi,
331 1744 451 1793 pietas
474 1744 674 1790 immensa,
705 1744 751 1780 sit
772 1753 891 1781 totum
911 1745 1134 1782 desiderium

143 1811 315 1839 nostrum
332 1831 341 1848 ,
365 1812 402 1840 et
429 1804 552 1840 omnis
569 1817 655 1853 spes
676 1813 804 1840 nostra
822 1819 829 1841 :
853 1813 894 1840 ut
911 1805 1001 1841 certi
1021 1805 1136 1842 simus

1196 440 1426 479 illecebrosae
1455 444 1558 491 gulae.
1586 446 1724 481 Contra
1751 445 1839 481 vitia
1869 459 1952 494 quae
1983 446 2029 482 de
2051 444 2190 482 lumbis

1197 501 1341 537 carneis
1369 503 1575 551 pugnantia
1601 504 1834 553 procedunt,
1857 506 2057 555 palmative
2087 505 2191 542 belli-

1197 572 1327 609 gerare
1350 561 1548 609 nequimus
1562 590 1571 606 ‚
1609 562 1678 598 nisi
1711 564 1814 612 prius
1848 565 2056 613 appetitum
2092 565 2188 614 gulae

1199 618 1470 667 restringamus
1506 620 1652 657 fortiter
1679 623 1900 658 contusione¹
1938 623 2187 659 abstinentiae.

1198 680 1286 713 Post
1302 679 1564 714 contusionem
1587 680 1683 729 gnlae
1699 682 1889 729 appetitus
1901 711 1910 727 ,
1928 683 2089 718 maxima
2105 695 2190 718 cau-

1198 735 1271 771 tela
1289 734 1399 771 nobis
1419 745 1474 772 est
1495 736 1729 783 adhibenda,
1754 752 1800 774 ne
1824 752 1892 775 nos
1913 740 2083 776 humanae
2106 740 2189 776 lau-

1198 793 1255 830 dis
1269 795 1477 844 muscipula
1491 797 1629 845 capiat,
1648 806 1684 833 et
1699 811 1884 834 vencnum
1907 800 2025 836 laudis
2039 799 2191 836 morbo-

1198 866 1246 889 sae
1265 854 1303 889 in
1320 867 1443 890 arcam
1461 856 1579 891 nostri
1595 856 1717 892 cordis
1736 859 1944 894 cauterium
1962 858 2192 908 despumans

1198 912 1342 949 fumum
1359 913 1480 955 faciat,
1501 915 1715 963 factumque
1734 916 1983 966 derelinquat.
1999 917 2193 966 Quidquid

1199 969 1245 1006 de
1267 971 1375 1008 nobis
1401 972 1520 1008 laudis
1543 986 1634 1009 aura
1654 973 1861 1020 crebuerit,
1889 976 2072 1025 quidquid
2096 976 2192 1012 adu-

1198 1029 1355 1067 lantium
1379 1031 1484 1068 favor
1502 1031 1743 1078 demulserit,
1768 1035 1950 1071 virtutum
1972 1036 2189 1085 imperatrix

1150 1089 1177 1123 B
1197 1089 1406 1134 humilitas,
1428 1103 1550 1127 arcam
1577 1093 1712 1129 mentis
1740 1102 1876 1130 nostrae
1900 1107 1977 1130 non
2006 1096 2155 1132 deserat
2179 1110 2187 1130 ε

1199 1161 1246 1184 ne
1267 1156 1456 1186 tortuosus
1476 1163 1653 1200 serpens,
1681 1153 1746 1200 qui
1765 1154 1994 1203 quandoque
2014 1155 2132 1190 latitat
2156 1156 2193 1190 in

1198 1207 1326 1245 herbis
1341 1209 1563 1255 virentibus,
1580 1211 1617 1246 in
1635 1211 1809 1249 hunianis
1829 1214 1970 1250 scilieet
1985 1214 2192 1259 favoribus,

1196 1268 1307 1317 juxta
1324 1269 1416 1305 illud
1439 1271 1629 1319 poeticum
1642 1300 1652 1317 ,

1247 1359 1399 1401 Frigidus,
1414 1371 1432 1391 o
1449 1361 1536 1402 pueri
1549 1384 1556 1398 ,
1572 1360 1667 1402 fugite
1683 1361 1773 1393 hinc!
1795 1362 1868 1394 latet
1883 1364 1991 1405 anguis
2011 1364 2042 1395 in
2061 1364 2157 1395 herba
2168 1364 2192 1402 3,

1202 1450 1278 1485 suis
1318 1449 1495 1486 dentibus
1532 1452 1732 1488 venenosis
1774 1465 1842 1488 nos
1874 1454 1995 1502 capiat
2014 1482 2023 1499 ,
2062 1464 2192 1504 captos

1203 1508 1364 1557 perimat
1382 1517 1419 1544 et
1438 1509 1593 1545 occidat.
1615 1510 1734 1560 Igitur
1753 1511 1999 1549 humilitatem
2023 1526 2192 1563 magnam

1203 1575 1395 1603 teneamus
1415 1568 1452 1603 in
1473 1568 1649 1605 omnibus
1666 1597 1675 1613 ,
1698 1570 1789 1606 utin
1808 1570 2028 1607 humilitatis
2043 1581 2197 1610 auctore

1203 1639 1356 1662 manere
1376 1627 1578 1675 possimus,
1600 1630 1879 1677 et'quantocius
1896 1643 1980 1666 cum
2002 1631 2084 1680 ipso
2101 1646 2194 1678 esse,

1202 1693 1238 1721 et
1261 1697 1345 1720 cum
1365 1685 1447 1733 ipso
1470 1698 1625 1734 regnare
1641 1686 1843 1724 valeamus.
1867 1689 2000 1725 Omnis
2018 1690 2117 1726 enim
2133 1693 2198 1740 qui

1202 1744 1238 1779 in
1275 1743 1339 1779 illo
1370 1752 1495 1780 manet
1522 1758 1565 1781 ex
1589 1744 1809 1792 dilectione;
1836 1760 1912 1783 non
1938 1747 2097 1793 dubitet,
2122 1764 2199 1787 non

1202 1801 1361 1846 liaesitet,
1381 1814 1464 1838 cum
1493 1802 1558 1838 illo
1586 1803 1752 1840 manebit
1777 1818 1820 1840 ex
1851 1804 2061 1842 dilectionis
2087 1809 2198 1845 retri-

143 1862 231 1911 quia
247 1861 369 1898 adhuc
386 1876 470 1899 cum
489 1863 635 1900 Christo
650 1862 901 1909 manebimus,
915 1873 953 1901 et
970 1863 1033 1901 ubi
1052 1873 1142 1901 tunc.
1162 1869 1188 1904 C
1209 1861 1378 1898 butione-

143 1930 213 1967 est,
229 1930 265 1958 et
283 1935 351 1958 nos
369 1936 452 1958 cum
474 1923 539 1959 illo
559 1923 712 1960 erimus.

198 1982 234 2018 8.
255 1980 326 2018 Sed
346 1982 411 2030 qui
429 1981 517 2018 dicit
536 1995 575 2018 se
595 1982 632 2018 in
655 1982 802 2020 Christo
821 1996 994 2028 manere,
1023 1982 1137 2020 debet

144 2039 336 2077 ambulare
351 2041 447 2077 sicut
462 2041 523 2078 ille
544 2041 751 2079 ambulavit
771 2049 794 2079 ¹.
815 2047 896 2080 Jam
915 2057 992 2080 non
1014 2051 1139 2080 manet

144 2100 182 2136 in
212 2100 296 2146 illo,
327 2100 391 2150 qui
420 2100 608 2138 exorbitat
627 2101 673 2138 ab
702 2102 836 2138 itinere
862 2116 942 2139 suo.
965 2106 1083 2140 Nemo
1100 2116 1138 2139 se

145 2159 329 2209 decipiat,
354 2173 465 2196 nemo
495 2173 533 2196 se
560 2160 733 2207 seducat,
757 2174 868 2198 nemo
897 2162 936 2198 in
972 2162 1143 2211 religiosa

145 2227 249 2256 veste
279 2219 456 2256 confidat.
483 2223 565 2257 Non
599 2221 700 2257 enim
723 2222 835 2258 vestis
857 2222 1049 2271 religiosa,
1077 2223 1142 2260 sed

146 2279 328 2316 mentium
350 2279 535 2316 munditia
558 2281 783 2317 monachum
806 2282 915 2318 sacit:
939 2295 1015 2318 non
1037 2283 1142 2332 capi—

150 2338 196 2374 tis
215 2337 378 2383 abrasio,
401 2339 464 2375 sed
481 2339 614 2376 Christi
634 2340 784 2376 dilectio
798 2340 999 2390 probatum
1017 2354 1145 2378 mona-

146 2397 258 2434 chum
283 2398 421 2435 reddit.
452 2399 514 2435 Ait
535 2399 719 2436 Dominus
743 2403 871 2445 Jesus,
895 2401 1038 2448 Siquis
1063 2404 1146 2436 vult

146 2461 276 2493 venire
290 2466 375 2506 12⁰³!
392 2472 468 2501 me,
491 2457 649 2507 abneget
667 2465 901 2507 semetipsum
916 2466 947 2494 ²:
966 2459 1054 2508 quia
1073 2460 1141 2496 nisi

145 2515 230 2564 quis
258 2529 279 2552 a
311 2517 513 2566 semetipso
543 2517 712 2564 deficiat,
739 2518 784 2555 ad
805 2519 993 2556 Christum
1017 2532 1140 2568 regem

147 2574 344 2612 sublimem
385 2589 462 2613 non
505 2579 798 2627 appropinquat.
840 2579 941 2616 Felix
986 2587 1142 2628 propter

1255 1922 1291 1958 9.
1326 1921 1497 1958 Vidimus
1528 1922 1618 1971 quid
1652 1923 1699 1958 sit
1729 1936 1880 1960 manere
1907 1925 1944 1961 in
1973 1926 2037 1962 illo
2066 1941 2073 1962 :
2100 1941 2200 1966 nunc

1203 1981 1294 2032 quid
1315 1981 1362 2018 sit
1391 1994 1544 2017 manere
1564 1995 1647 2018 cum
1667 1983 1732 2018 illo
1753 1996 1902 2020 necesse
1919 1994 1973 2021 est
1993 1986 2199 2026 videamus.

1204 2046 1357 2079 Manere
1373 2055 1458 2077 cum
1484 2042 1548 2077 illo
1567 2050 1622 2078 est
1645 2056 1724 2079 esse
1746 2042 1809 2079 ubi
1839 2044 1898 2080 ille
1925 2054 2002 2091 est;
2029 2060 2113 2082 cum
2136 2048 2200 2084 illo

1206 2103 1243 2138 in
1261 2102 1380 2151 gloria
1402 2101 1499 2137 felici
1522 2101 1703 2150 gaudere,
1731 2103 1768 2138 in
1795 2103 1931 2139 throno
1957 2108 2202 2153 perennitat'ss

1209 2174 1386 2211 regnare,
1425 2161 1528 2197 illum
1565 2162 1657 2198 facie
1691 2162 1736 2198 ad
1772 2163 1903 2199 taciem
1923 2166 2198 2214 contemplari,

1209 2221 1305 2258 sicut
1326 2220 1468 2257 faciunt
1488 2221 1620 2270 Angeli
1641 2221 1757 2257 sancti
1771 2250 1779 2264 ,
1800 2230 1835 2257 et
1857 2232 1941 2271 post
1958 2226 2203 2261 resurrectio-

1209 2294 1293 2317 nem
1328 2293 1531 2329 corporum
1563 2294 1648 2316 eum
1672 2281 1787 2317 visuri
1813 2291 1900 2318 sunt
1921 2296 2052 2320 omnes
2071 2285 2200 2330 electi,

1206 2339 1316 2388 juxta
1353 2339 1445 2375 illud
1482 2341 1653 2388 Apostoli
1687 2355 1694 2376 :

1214 2399 1374 2434 Christus
1390 2403 1472 2434 vlla
1489 2408 1627 2442 nostra,
1644 2410 1726 2434 tunc
1740 2409 1777 2434 et
1789 2413 1853 2435 vos
1866 2402 2100 2449 apparebitis
2120 2417 2200 2439 cum

1731 2342 1819 2376 Cum
1845 2355 1942 2377 emm
1979 2350 2202 2390 apparuerit

1209 2461 1271 2494 illo
1294 2462 1330 2493 iu
1349 2460 1471 2506 gloria
1486 2458 1515 2493 4.
1529 2459 1799 2508 Manerejnxta
1820 2474 1926 2507 enm,
1940 2470 1976 2497 et
1995 2475 2069 2498 non
2086 2464 2121 2499 in
2137 2465 2202 2500 illo

1208 2532 1276 2555 nec
1298 2532 1382 2555 cnm
1402 2519 1467 2554 illo
1483 2546 1494 2563 ‚
1515 2527 1569 2554 est
1600 2532 1675 2555 nou
1694 2532 1773 2555 esse
1795 2520 1830 2556 in
1855 2521 1913 2556 via
1940 2521 2045 2566 fidei,
2068 2525 2144 2572 spei
2168 2533 2204 2560 et

1207 2580 1414 2624 charitatis,
1441 2579 1505 2615 sed
1532 2579 1568 2615 in
1599 2581 1658 2615 via
1685 2581 1843 2625 erroris;
1879 2594 1953 2617 non
1976 2596 2055 2619 esse
2082 2584 2118 2619 in
2144 2585 2201 2620 via

147 2635 334 2672 Christum
356 2634 543 2673 abdicatio
563 2638 640 2673 sui!
659 2651 770 2687 qnam
798 2639 862 2688 qui
883 2639 1046 2688 perfecte
1062 2651 1136 2674 non
1159 2643 1190 2676 D
1205 2638 1383 2688 praecepti
1401 2667 1409 2681 ,
1444 2637 1508 2674 sed
1536 2638 1572 2673 in
1595 2638 1654 2674 via
1675 2640 1828 2687 peccati.
1851 2642 1942 2684 Iste,
1971 2641 2123 2689 inquam
2141 2671 2150 2687 ,
2173 2644 2201 2679 si

149 2693 280 2739 habet,
299 2708 337 2731 se
362 2695 511 2732 Christo
528 2696 574 2732 ad
593 2710 729 2746 purum
746 2698 894 2745 placere
913 2711 987 2733 non
1010 2697 1141 2733 existi-

149 2761 235 2789 met.
267 2756 418 2791 Frustra
440 2755 541 2791 enim
575 2755 721 2792 Christo
752 2757 899 2806 placere
933 2770 972 2792 se
992 2755 1140 2800 credat,

148 2812 213 2861 qui
230 2825 268 2848 se
286 2813 410 2862 ipsum
431 2822 588 2863 propter
607 2815 729 2864 ipsum
745 2816 934 2852 Christum
952 2829 1027 2852 non
1049 2815 1143 2864 abji-

149 2872 210 2908 cit.
233 2875 278 2908 Et
303 2873 468 2921 perfecte
488 2887 526 2910 se
545 2875 692 2910 noverit
714 2875 765 2911 illi
785 2876 952 2924 placere,
969 2875 1032 2924 qui
1055 2888 1144 2925 per-

151 2930 245 2967 fecte
266 2930 344 2979 jam
377 2941 535 2982 propter
557 2933 676 2982 ipsum
698 2947 737 2971 se
764 2934 936 2971 didicerit
952 2934 1140 2971 abdicare.

151 2993 202 3028 Ut
232 3003 322 3039 crgo
342 2991 489 3029 Christo
519 2993 667 3042 placere
691 2994 879 3042 possimus
895 3024 904 3039 ,
939 2994 1145 3031 necessaria

152 3048 261 3085 nobis
281 3059 336 3086 est
355 3050 542 3088 abdicatio
564 3053 701 3097 nostri,
722 3063 903 3102 quantum
930 3062 1056 3090 nostra
1078 3067 1145 3089 va-

153 3108 281 3145 letudo
308 3111 515 3160 permittit,
547 3125 622 3148 non
646 3121 829 3161 quantum
851 3113 979 3150 odium
1000 3114 1117 3150 nostri
1136 3141 1144 3155 ‚

154 3167 280 3203 lancea
302 3178 539 3218 peccatorum
562 3171 729 3220 perfossa
744 3201 754 3216 ,
771 3172 809 3208 in
831 3185 899 3209 nos
919 3172 1148 3221 quandoque

154 3240 288 3264 manus
314 3229 469 3278 injicere
488 3232 653 3281 gestierit
679 3246 686 3268 :
711 3232 871 3269 maxime
902 3232 1082 3269 duntaxat
1111 3232 1148 3267 in

1208 2710 1283 2733 non
1307 2705 1364 2732 est
1384 2697 1420 2731 in
1441 2696 1589 2733 Christo
1621 2697 1676 2731 vel
1699 2710 1783 2732 cum
1810 2698 1979 2743 Christo,
2002 2708 2077 2735 tum
2093 2700 2201 2748 juxta

1207 2768 1290 2790 enm
1313 2764 1367 2791 cst
1389 2770 1395 2790 ;
1417 2755 1504 2803 qnia
1528 2763 1564 2790 et
1582 2756 1655 2791 cito
1677 2764 1801 2804 potest
1818 2770 1983 2793 errorem
2006 2758 2198 2803 deserere,

1207 2822 1243 2849 et
1279 2814 1314 2849 in
1349 2813 1495 2849 Christo
1527 2826 1595 2861 per
1627 2813 1760 2857 tidem,
1793 2829 1896 2864 spem
1918 2826 1954 2852 ct
1983 2817 2199 2855 cinnitatvni

1210 2873 1393 2908 continuo
1429 2873 1583 2908 fervere.
1624 2872 1800 2910 Liberum
1833 2875 2030 2912 arbitrium
2065 2878 2172 2914 habet
2192 2895 2199 2919 ;

1211 2932 1301 2969 illud
1323 2931 1367 2967 ad
1390 2931 1620 2979 diligendum
1642 2936 1762 2968 Deum
1785 2934 1943 2982 dirigere
1965 2945 2099 2984 potest.
2122 2940 2202 2973 l'nl-

1213 3000 1266 3027 sat
1290 2991 1473 3027 Dominus
1491 2990 1629 3025 ostium
1647 2990 1727 3039 ejus
1750 3006 1756 3026 :
1779 2992 1828 3027 illi
1848 2994 2008 3042 aperiat,
2034 3003 2070 3031 et
2088 2996 2204 3032 intra—

1213 3050 1265 3086 bit
1287 3051 1470 3086 llominns
1487 3049 1530 3084 ad
1550 3063 1635 3086 cnm
1650 3078 1659 3095 ‚
1681 3050 1716 3086 in
1735 3065 1780 3086 eo
1798 3052 1985 3098 manebit,
2012 3063 2045 3090 et
2068 3055 2146 3103 ipsc
2167 3057 2202 3091 iu

1213 3126 1269 3147 co.
1307 3113 1456 3146 Mancre
1488 3110 1597 3159 longe
1627 3110 1673 3146 ab
1703 3125 1770 3156 eo,
1803 3122 1857 3148 cst
1885 3127 1951 3162 per
1980 3116 2203 3152 sententiani

1214 3169 1465 3211 damnationis
1487 3169 1534 3204 ab
1562 3184 1607 3206 eo
1638 3172 1834 3208 recessisse
1861 3187 1867 3208 :
1888 3175 2059 3222 ‹piamx'is
2078 3184 2113 3211 et
2134 3176 2206 3211 alio

1216 3228 1330 3265 modo
1363 3236 1566 3277 utrumqne
1593 3229 1711 3278 possit
1747 3230 1915 3278 intvlligi.
1947 3235 2021 3268 Nos·
2049 3247 2137 3280 crgo
2173 3235 2206 3269 in

207 3363 215 3378 ¹
237 3359 345 3389 IJOssn
362 3368 385 3386 ¹¹
400 3381 407 3394 ‚
426 3361 456 3388 ὓ.
474 3377 514 3382 -
534 3364 545 3380 ¹
561 3358 675 3391 Manli.
698 3371 752 3389 xri
767 3383 774 3395 ,
798 3361 852 3390 24.
875 3378 905 3382 -—
929 3357 942 3381 ³
959 3358 1078 3400 Virgilii
1096 3358 1261 3389 Bucoliron
1278 3356 1386 3395 lit-loga
1404 3360 1421 3386 §l
1435 3379 1441 3385 .
1463 3366 1537 3385 ivri.
1556 3359 1610 3386 93.
1626 3376 1643 3378 e
1691 3364 1696 3380 ¹
1715 3358 1820 3387 (Tol-m
1852 3370 1885 3387 ιιι
1903 3383 1907 3388 .
1939 3381 1959 3387 ..
