2504 3928
353 241 446 278 1271

354 319 482 355 odium
508 315 628 351 festini
648 328 654 349 :
675 313 737 361 qui
761 311 990 362 pruriginem
1012 310 1133 346 cordis
1157 323 1223 360 per
1247 309 1342 345 scal—

768 236 937 271 OGERII
968 235 1129 270 SERMO
1157 235 1223 269 XV
1261 233 1322 267 m:
1352 231 1520 267 VERBIS
1549 230 1724 266 DOMINI
1754 230 1801 264 IN
1831 230 1993 265 COENA.

1355 307 1402 324 un

2303 229 2397 267 1272

1415 315 1625 352 servantes,
1649 314 1685 342 et
1707 318 1750 342 ex
1779 305 1937 341 inimicis
1953 304 2034 353 ejus
2052 303 2158 340 amici
2179 306 2397 350 efficientur,

358 377 531 426 pedincm
549 375 681 421 linguae
697 372 847 407 trahunt
861 370 906 406 ad
922 369 1082 406 scabiem
1098 370 1206 414 cutis,
1224 377 1347 404 mente
1366 368 1389 399 Λ
1411 365 1473 411 qui
1492 364 1682 413 discipulis
1699 364 1774 400 suis
1795 363 1906 409 dixit,
1928 365 1998 398 Vos
2018 367 2131 398 amici
2151 367 2223 398 mei
2243 369 2346 407 estis,
2369 369 2401 399 si

359 434 549 482 corrupti,
579 432 660 480 vagi
690 439 725 466 et
754 429 963 474 instabiles,
987 429 1321 464 circumoculiones
1338 454 1347 471 ,

356 505 600 535 susurrones,
622 490 761 538 gulosi,
784 488 1035 532 murmurosi,
1061 487 1196 532 invidi,
1219 486 1349 523 tumidi

354 561 389 588 et
421 551 525 594 elati,
567 553 644 586 Deo
677 548 721 584 ‹le
757 547 865 582 bonis
897 547 1040 582 collatis
1073 547 1227 595 ingrati,
1262 545 1350 581 Adae

356 606 634 658 praevaricantis
662 605 826 654 pelliceis
846 604 986 648 vestiti,
1010 604 1107 639 illius
1126 604 1347 639 vestimento

356 668 484 703 salutis
508 666 654 707 nudati,
675 664 738 712 qui
764 662 969 699 secundum
991 666 1110 698 Deum
1131 671 1276 698 creatus
1295 668 1346 696 est

357 726 557 775 injustitia
579 733 615 760 et
641 724 832 759 sanctitate
854 722 1029 757 veritatis.
1058 722 1120 758 Isti

453 816 629 848 l'ellieulam
646 821 779 844 veterem
800 813 954 850 retinent,
975 819 1004 842 et
1023 811 1122 842 fronte
1137 812 1247 853 polita,

455 874 595 900 Astutam
613 867 722 898 rabido
739 872 863 909 portant
879 866 936 896 sub
955 872 1079 907 pectore
1100 866 1233 907 vulpem.

358 959 500 996 ¹salium
521 959 624 994 frons
647 956 858 1000 erubescat3
884 955 1137 991 confundatur
1159 962 1195 990 ct
1216 953 1354 990 erubc-

359 1027 436 1056 scat
463 1018 572 1054 nimis
600 1016 791 1052 velociter.
819 1016 1077 1052 Confiteantur
1105 1022 1141 1049 et
1164 1021 1354 1056 sanentur,

1406 423 1575 472 Ji'ceritis
1597 437 1680 471 qtae
1696 427 1881 470 pr(1.¹cipi0
1900 421 2016 458 vobis.

1469 486 1504 519 3.
1526 483 1657 519 Adhuc
1682 491 1716 518 te
1735 482 1922 530 alloquor,
1946 482 2125 517 monache
2141 481 2350 518 Benedicti.
2370 484 2400 518 O

1416 541 1553 586 homo,
1578 541 1686 576 velox
1716 554 1754 575 es
1783 540 1827 576 ad
1850 552 2038 584 mensam,
2062 539 2189 575 tardus
2215 539 2260 575 ad
2282 540 2401 576 eccle-

1417 600 1530 644 siam,
1552 608 1686 648 potens
1705 598 1749 634 ad
1775 598 2009 647 potandum,
2033 598 2095 634 sed
2122 611 2218 647 :eger
2246 598 2291 634 ad
2315 611 2404 634 can—

1417 658 1593 703 tandum;
1620 658 1774 707 pervigil
1807 657 1853 692 ad
1883 656 2042 702 fabulas,
2072 658 2330 693 somnolentus
2357 657 2404 693 ad

1417 718 1583 765 vigilias,
1607 729 1746 766 procax
1776 716 1821 752 ad
1850 716 2098 764 loquendum,
2120 716 2183 752 sed
2214 724 2337 751 mutus
2358 716 2403 751 ad

1418 776 1677 825 psallendum3
1711 783 1909 824 promptus
1936 775 1983 811 ad
2012 776 2102 811 iram
2136 784 2174 811 et
2205 775 2405 812 detractio-

1419 848 1524 879 nem,
1555 834 1680 870 tardus
1710 833 1756 870 ad
1785 834 2018 880 orationem3
2050 834 2200 870 invidia:
2231 842 2401 878 amator,

1420 894 1555 931 Christi
1591 901 1833 942 persecutor,
1865 893 2042 930 festucam
2077 894 2300 943 respiciens,
2333 902 2409 930 tra-

1423 953 1506 989 bem
1531 966 1606 989 non
1630 952 1895 998 considerans;
1919 961 2071 989 caeteros
2088 952 2354 1001 reprehendis,
2375 961 2408 989 te

1424 1014 1545 1062 ipsum
1574 1025 1649 1048 non
1681 1012 1861 1062 corripis;
1893 1012 2041 1047 malitiae
2071 1012 2266 1057 inventor,
2296 1011 2410 1048 disei—

362 1086 506 1114 mutcnt
539 1076 722 1117 animum,
757 1075 918 1122 dirigant
947 1085 1112 1122 gressum
1143 1071 1180 1107 in
1218 1071 1359 1108 semitis
1376 1073 1402 1106 B
1425 1072 1537 1121 plin-‘e
1558 1071 1790 1115 ‹lestruct0r3
1813 1071 1953 1107 amicus
1974 1071 2171 1115 vitiorum,
2198 1070 2314 1107 hostis
2334 1071 2411 1106 vir-

362 1135 575 1173 :eternitatis
588 1163 597 1179 ‚
622 1135 657 1170 in
673 1134 741 1169 viis
758 1132 948 1168 castissimi
963 1132 1119 1176 amoris,
1136 1144 1203 1180 per
1221 1130 1359 1178 glorio-

364 1196 543 1232 sissimam
562 1194 657 1229 viam
675 1192 880 1235 charitatis;
899 1190 1074 1226 fratribus
1092 1198 1257 1225 mutuam
1275 1189 1358 1224 cha-

364 1256 508 1291 ritatem
527 1252 763 1302 impendant,
779 1255 898 1287 Deum
915 1263 1028 1299 super
1044 1248 1169 1284 onmia
1184 1248 1358 1296 diligant,

363 1327 433 1363 pro
450 1314 547 1349 illius
563 1324 689 1348 amore
705 1311 864 1346 animam
884 1322 987 1344 suam
1005 1315 1164 1357 ponant,
1184 1307 1220 1342 in
1238 1306 1358 1341 onmi-

366 1373 435 1409 bus
459 1381 495 1408 et
520 1384 587 1420 per
613 1370 737 1405 onmia
758 1368 839 1416 ejus
863 1367 1060 1417 praeceptis
1082 1366 1259 1402 obediant
1285 1379 1291 1399 :
1321 1373 1361 1400 ut

366 1430 498 1469 Christi
516 1429 623 1465 amici
640 1435 852 1463 mereantur
867 1426 993 1462 vocari
1010 1434 1046 1461 et
1063 1437 1154 1469 esse,
1172 1425 1235 1472 qui
1253 1423 1361 1468 dicit,

372 1491 390 1522 Ῑ
398 1491 440 1523 'os
458 1491 569 1523 amici
582 1490 652 1522 mei
666 1489 761 1526 estis,
781 1490 812 1519 si
818 1482 987 1530 feceritis
1001 1497 1087 1531 quoe
1102 1496 1166 1530 ego
1177 1486 1363 1531 proecipio

367 1547 480 1583 vobis.
496 1549 526 1582 Ο
542 1558 673 1593 magna
697 1544 882 1592 dignatio,
907 1541 1176 1578 inaestimabilis
1199 1541 1364 1577 charita-

369 1606 414 1642 tis
431 1603 668 1649 exuberatiO,
691 1603 820 1638 inolita
840 1600 1009 1646 bonitas,
1029 1599 1364 1650 ininterpretabilis

369 1665 509 1714 pictas!
543 1662 600 1700 Ab
630 1661 710 1710 ejus
743 1660 959 1696 conditione
989 1659 1053 1708 qui
1084 1659 1181 1696 servi
1211 1672 1338 1695 sumus
1352 1687 1362 1704 ,

370 1722 586 1760 invenimur
603 1720 764 1769 indigni,
785 1728 820 1755 ct
846 1727 968 1755 tamen
999 1732 1068 1755 nos
1097 1719 1272 1766 dignatur
1300 1718 1364 1753 ha-

372 1782 461 1818 bere
497 1790 533 1817 et
568 1794 702 1816 vocare
732 1779 883 1815 amicos.
923 1779 1094 1827 Largitor
1128 1777 1336 1814 dulcedinis
1351 1805 1361 1822 ‚

1427 1139 1559 1167 tutum.
1589 1134 1674 1166 lla-c
1699 1138 1785 1166 sunt
1814 1143 1897 1179 quae
1922 1130 2072 1166 oculum
2101 1138 2309 1174 excaecant,
2330 1138 2366 1166 et
2392 1143 2412 1165 a

1426 1194 1506 1226 Deo
1539 1197 1725 1238 separant.
1762 1193 1850 1225 llaec
1878 1197 1964 1225 sunt
1995 1202 2078 1237 qnae
2107 1202 2329 1225 conversum
2358 1188 2411 1224 fa-

1424 1249 1528 1284 ciunt
1574 1261 1790 1297 perversum
1810 1277 1819 1293 ‚
1863 1248 2089 1284 monac‘hum
2128 1248 2412 1284 dremoniaeum.

1427 1310 1518 1342 Cum
1541 1306 1586 1342 de
1608 1306 1799 1354 profundo
1821 1306 1945 1342 cordis
1961 1307 2086 1356 (quod
2109 1320 2233 1342 rarum
2255 1315 2327 1352 est,
2351 1306 2415 1342 sed

1427 1365 1536 1401 valde
1556 1364 1707 1400 charum
1730 1364 1821 1413 est),
1837 1373 1980 1413 quanto
2002 1365 2191 1401 charitatis
2211 1379 2338 1401 amore
2355 1379 2417 1401 ve-

1431 1436 1492 1459 rus
1520 1431 1664 1458 amator
1692 1435 1778 1470 erga
1803 1430 1965 1458 amatum
1997 1423 2159 1467 ferveat,
2182 1423 2219 1458 in
2246 1423 2298 1459 eis
2322 1436 2417 1472 quos

1430 1483 1493 1532 pio
1513 1494 1646 1518 cruore
1666 1481 1845 1526 redemit,
1864 1481 1902 1516 in
1924 1481 2137 1518 valetudine
2158 1495 2240 1518 mea
2260 1482 2348 1518 mihi
2370 1481 2416 1518 ab

1431 1542 1513 1590 ipso
1546 1541 1678 1577 collata
1709 1540 1930 1585 considero,
1958 1548 2075 1586 totus,
2106 1541 2141 1576 in
2174 1541 2330 1577 veritate
2361 1541 2417 1577 fa-

1431 1609 1533 1646 teor,
1551 1600 1641 1636 mihi
1665 1599 1863 1649 displiceo,
1880 1607 1917 1635 ct
1936 1599 2035 1635 intra
2051 1612 2109 1635 nie
2126 1600 2247 1649 ipsum
2266 1600 2312 1636 de
2334 1613 2416 1637 me·-

1430 1660 1590 1709 metipso
1613 1659 1840 1695 confundor.
1861 1658 2084 1695 Consundor
2099 1667 2136 1694 et
2151 1659 2416 1705 confunderer,

1429 1720 1506 1756 imo
1533 1732 1685 1769 prorsus
1710 1719 1840 1767 utique
1867 1718 2127 1767 desperarem,
2154 1717 2224 1756 nisi
2254 1718 2419 1755 Verbum

1430 1780 1533 1829 quod
1559 1793 1646 1815 caro
1667 1779 1802 1815 factum
1825 1786 1898 1823 est,
1917 1787 1953 1814 et
1974 1777 2153 1813 habitavit
2176 1779 2211 1814 in
2233 1777 2360 1822 nobis,
2382 1786 2420 1814 et

370 1850 514 1877 amator
533 1840 739 1885 charitatis,
762 1840 835 1874 imo
853 1839 1011 1874 charitas
1035 1838 1163 1882 chara,
1191 1846 1227 1873 et
1255 1837 1362 1873 beata
1384 1841 1410 1876 C
1430 1839 1635 1875 ascendens
1661 1838 1697 1875 in
1718 1838 1853 1874 coelum
1875 1837 1977 1874 sedet
2000 1837 2045 1873 ad
2067 1837 2255 1873 dexteram
2278 1838 2415 1882 Patris,

366 1899 600 1948 jucunditas,
621 1907 655 1934 ct
675 1897 840 1946 jucunda
870 1897 1139 1946 tranquillitas,
1170 1905 1207 1933 et
1233 1910 1363 1932 secura

368 1960 565 2005 seem-itas,
587 1968 623 1995 et
649 1959 734 1994 felix
762 1958 966 2002 a³ternitas,
986 1965 1176 1993 etaete1·1ia
1194 1957 1360 2000 felicitas,

368 2020 555 2056 Dominus
580 2022 687 2055 Jesus
715 2026 814 2053 totus
839 2016 1115 2061 desiderabilis,
1141 2024 1239 2051 totus
1258 2028 1364 2051 ama-

371 2077 475 2123 bilis,
497 2078 691 2113 thesaurus
712 2075 1031 2124 incomparabilis,
1052 2075 1247 2123 margarita
1272 2075 1365 2111 ince-

373 2136 588 2180 stimabilis,
619 2137 693 2172 vita
725 2135 929 2171 viventium
947 2163 956 2180 ,
984 2147 1069 2184 spes
1100 2134 1363 2179 morientium,

372 2205 510 2232 :eterna
529 2208 659 2231 eorum
682 2195 853 2238 felicitas,
876 2194 939 2242 qui
960 2206 1029 2243 pro
1055 2194 1152 2229 illius
1179 2206 1308 2229 amore
1327 2206 1365 2230 se

371 2256 407 2290 in
427 2255 496 2290 hoc
513 2254 648 2290 saeculo
666 2253 831 2289 infelices
851 2252 982 2288 fecere.
1000 2256 1030 2289 O
1057 2265 1169 2301 quam
1199 2251 1284 2287 felix
1311 2260 1366 2287 est

370 2315 448 2359 ille,
466 2313 529 2362 qui
549 2326 617 2362 pro
637 2313 732 2348 illins
750 2312 949 2347 dilectione
967 2311 1051 2347 fecit
1080 2323 1117 2346 sc
1146 2311 1330 2346 infelicem
1350 2313 1358 2346 !

370 2381 407 2409 et
436 2386 547 2420 quam
577 2372 706 2408 beatus
731 2379 785 2407 est
814 2371 895 2413 ille,
927 2370 991 2418 qui
1023 2377 1181 2418 propter
1212 2369 1360 2417 ipsum,

372 2431 612 2480 semetipsum
633 2430 808 2465 miserum
827 2429 930 2464 fecit!
951 2432 1046 2464 Vere
1067 2428 1127 2463 ille
1143 2435 1198 2462 est
1224 2427 1311 2462 felix
1327 2435 1364 2463 et

372 2499 509 2525 mterna
528 2489 698 2524 felicitate
716 2488 870 2536 dignus,
890 2487 954 2536 qui
972 2500 1010 2522 se
1029 2487 1149 2535 ipsum
1179 2486 1360 2534 despicit,

372 2562 410 2585 se
439 2549 559 2597 ipsum
588 2548 814 2590 contemnit,
847 2547 910 2595 qui
941 2546 1111 2594 displicet
1136 2544 1224 2590 sibi,
1259 2553 1300 2580 ut
1325 2545 1360 2580 in

1431 1898 1647 1946 propitiatio
1673 1905 1769 1933 esset
1795 1910 1865 1946 pro
1885 1896 2045 1945 peccatis
2068 1896 2214 1932 nostris.
2237 1896 2307 1932 Sed
2329 1896 2417 1931 mihi

1430 1957 1467 1993 in
1495 1957 1577 2006 ipso
1609 1957 1784 1993 barathro
1810 1956 2040 1992 confusionis
2069 1969 2159 1992 mere
2185 1955 2335 1992 infirmo
2357 1955 2419 2003 ja—

1431 2016 1549 2060 centi,
1577 2024 1614 2052 et
1635 2016 1813 2052 vitiorum
1840 2014 1941 2051 febre
1959 2014 2167 2060 laboranti,
2186 2014 2231 2050 de
2248 2028 2312 2050 sua
2333 2014 2420 2051 sede

1432 2076 1543 2124 regali
1575 2087 1725 2111 manum
1759 2074 2016 2110 medicinalem
2043 2073 2229 2119 extendit,
2258 2074 2384 2110 <licens
2408 2087 2415 2108 ε

1431 2135 1522 2171 Veni
1545 2134 1590 2170 ad
1613 2147 1690 2179 me,
1707 2134 1771 2182 qni
1793 2132 1939 2169 laboras
1956 2133 1990 2168 in
2009 2132 2137 2169 labore
2155 2141 2417 2182 peccatorum,

1431 2201 1468 2229 et
1497 2205 1535 2229 es
1558 2200 1736 2229 oneratus
1760 2191 1929 2241 pondere
1953 2205 2106 2237 corum3
2131 2199 2170 2228 et
2196 2204 2264 2240 ego
2297 2200 2331 2227 te
2356 2204 2418 2227 re—

1431 2252 1549 2288 ficiam
1588 2250 1653 2287 tibi
1681 2251 1888 2301 parcendo,
1918 2259 1955 2287 et
1989 2251 2061 2286 mei
2093 2251 2231 2287 amoris
2261 2251 2418 2300 gratiam

1431 2310 1638 2359 largiendo,
1659 2313 1751 2346 Nam
1774 2311 1914 2346 amicus
1940 2323 2044 2345 meus
2068 2310 2158 2355 eris,
2177 2310 2205 2345 si
2226 2310 2354 2345 feceris
2377 2322 2419 2345 ea

1428 2381 1512 2417 quae
1532 2381 1601 2417 ego
1621 2368 1700 2403 lieri
1720 2367 1785 2403 tibi
1809 2368 1994 2403 mandavi.
2028 2368 2152 2415 Quid?
2177 2368 2222 2403 ad
2246 2368 2322 2403 haec
2343 2380 2419 2403 non

1429 2426 1696 2462 confunderis?
1712 2429 1803 2462 Nam
1823 2426 1923 2474 quod
1947 2426 2056 2470 inihi,
2076 2426 2147 2462 hoc
2169 2435 2205 2462 et
2225 2425 2302 2462 tibi.
2320 2430 2421 2463 Con-

1430 2485 1635 2521 fundantur
1655 2485 1794 2521 inimici
1812 2485 1959 2529 Christi,
1979 2493 2262 2529 convertantur,
2281 2494 2315 2520 ct
2333 2498 2421 2520 cru-

1429 2543 1583 2580 bescant
1600 2543 1706 2579 valde
1721 2544 1794 2579 cito
1806 2571 1814 2587 ‚
1834 2551 1871 2579 et
1884 2551 1996 2579 erunt
2011 2543 2118 2578 amici
2134 2543 2282 2580 Christi.
2303 2543 2421 2579 Amici

372 2608 528 2644 veritate
552 2608 694 2656 placeat
723 2620 792 2643 suo
819 2605 998 2642 Creatori.
1026 2608 1161 2641 Noscat
1181 2603 1366 2652 superbus
1380 2610 1412 2643 D
1432 2603 1530 2639 illius
1550 2616 1677 2639 sumus
1691 2631 1700 2647 ‚
1727 2603 1757 2639 si
1777 2603 1880 2638 illum
1901 2615 1946 2637 cx
1971 2601 2180 2638 totocorde
2201 2602 2389 2650 diligimus
2409 2616 2416 2638 z

372 2667 512 2710 omnis,
543 2666 740 2701 universus
770 2665 908 2709 elatus,
939 2664 977 2699 in
1003 2663 1165 2711 Galgalis
1189 2663 1363 2698 vitiorum

374 2725 550 2769 lix-datus,
572 2723 762 2760 scabiosus
786 2724 824 2759 in
853 2724 949 2771 pelle
973 2722 1184 2767 luxuriosa,
1205 2721 1364 2757 foedatus

375 2784 409 2819 in
428 2783 653 2818 conscientia
671 2795 784 2831 prava
797 2811 805 2826 ,
825 2781 894 2817 sibi
912 2782 1081 2831 placens,
1098 2794 1136 2816 se
1161 2781 1282 2829 ipsum
1303 2793 1365 2816 su-

374 2856 438 2891 pra
459 2843 698 2890 semetipsum
721 2841 953 2876 constituens
972 2855 979 2875 :
998 2839 1074 2888 jam
1102 2853 1177 2874 non
1204 2839 1366 2888 placebit

372 2914 439 2936 suo
457 2901 640 2943 Creatori,
657 2901 684 2935 si
707 2908 863 2948 propter
876 2912 1042 2935 errorem
1068 2912 1174 2934 sunm
1201 2898 1362 2947 primum

374 2972 446 2993 non
466 2957 696 3007 displicuerit
711 2959 788 3006 ipsc
803 2957 882 2993 sibi.
899 2956 1014 2993 Nobis
1030 2957 1142 3007 igitur
1157 2957 1362 3006 displiceat,

374 3017 506 3052 fratres
522 3017 589 3051 mci
602 3045 610 3061 ‚
627 3016 728 3064 quod
747 3017 829 3051 mali
849 3017 1004 3060 fuimus,
1023 3025 1059 3052 et
1072 3016 1193 3051 adhuc
1213 3017 1364 3052 forsitan

375 3089 503 3112 sumus
523 3091 529 3111 :
553 3084 584 3111 et
609 3076 750 3123 placeat
773 3074 880 3110 nobis
897 3074 999 3123 quod
1026 3074 1194 3110 nondum
1212 3075 1366 3124 perfecti

375 3148 521 3179 sumus,
544 3134 605 3169 scd
626 3134 737 3169 dante
761 3135 921 3170 Domino
942 3138 1028 3170 ,lesu
1052 3134 1216 3179 Christo,
1234 3143 1269 3170 et
1295 3134 1368 3170 uti-

376 3208 458 3229 nam
494 3201 641 3237 nostro,
671 3193 823 3241 perfecti
855 3193 1013 3236 crimus,
1048 3193 1163 3240 ipsius
1196 3193 1368 3229 mandata

425 3324 430 3340 «¹
457 3316 565 3348 jacobi
590 3327 634 3351 ιν,
652 3320 682 3345 ὓ.

1433 2675 1508 2699 nou
1537 2675 1576 2697 es
1602 2662 1741 2698 amicus
1764 2660 1862 2710 ejus,
1880 2661 1908 2697 si
1929 2674 2014 2697 cum
2036 2673 2081 2697 ex
2098 2661 2200 2697 omni
2217 2669 2322 2710 parte
2344 2673 2421 2698 non

1431 2720 1566 2769 diligis.
1587 2721 1623 2757 Si
1645 2734 1690 2757 ex
1713 2733 1786 2756 una
1806 2727 1912 2769 parte
1934 2720 2046 2755 fueris
2066 2728 2188 2755 castus
2202 2747 2211 2764 ‚
2234 2728 2269 2756 et
2289 2732 2333 2755 ex
2351 2720 2422 2756 alia

1433 2780 1639 2829 superbuS,
1665 2780 1878 2816 meminisse
1898 2777 2010 2815 (lebes
2028 2779 2112 2827 quia
2134 2778 2306 2827 superbis
2326 2783 2423 2815 Deus

1433 2840 1593 2884 resistit,
1609 2838 1813 2875 humilibus
1831 2847 1954 2875 autem
1972 2837 2034 2873 dat
2054 2839 2206 2886 gratiam
2225 2844 2246 2874 ¹.
2268 2842 2422 2874 Necesse

1432 2907 1487 2934 est
1511 2899 1624 2948 igitur
1654 2906 1695 2934 ut
1723 2911 1808 2933 eum
1837 2911 1883 2934 ex
1911 2897 2013 2933 omni
2043 2905 2147 2945 parte
2178 2897 2330 2946 diligas,
2360 2909 2423 2933 ne-

1432 2971 1533 2994 cesse
1558 2967 1613 2993 cst
1644 2966 1682 2993 ut
1708 2971 1754 2993 ex
1778 2966 1858 2993 toto
1880 2957 1992 2993 corde
2017 2957 2070 2992 illi
2097 2956 2285 2993 adhaereas
2308 2970 2314 2991 :
2336 2970 2421 2992 nam

1432 3017 1621 3053 adhaerere
1641 3018 1692 3052 illi
1712 3016 1854 3052 bonum
1872 3025 1927 3053 cst
1943 3045 1952 3062 ,
1969 3028 2140 3052 securum
2165 3024 2232 3051 est.
2252 3015 2349 3062 Quid
2365 3023 2422 3052 est

1433 3077 1466 3113 ei
1495 3076 1711 3112 adhaerere?
1739 3081 1849 3126 Spem
1876 3089 1978 3113 suam
2011 3077 2046 3111 in
2078 3088 2122 3112 eo
2146 3088 2306 3125 ponere,
2332 3075 2421 3111 nihil

1435 3143 1571 3184 przeter
1587 3135 1706 3184 ipsum
1726 3148 1868 3179 amare,
1888 3135 1963 3171 imo
1980 3143 2110 3171 cuncta
2128 3141 2282 3183 propter
2300 3134 2422 3182 ipsum

1435 3194 1651 3243 despicere,
1689 3194 1814 3229 omnia
1843 3193 1985 3239 odissc,
2025 3193 2196 3229 universa
2233 3192 2419 3239 fastidire,
