2504 3928
307 158 317 187 .'
338 156 372 171 Τ
1020 155 1063 189 m
1096 154 1296 189 CANHCA
1332 152 1645 190 ‹xxxl'lcoltUM

319 171 380 190 »io

2282 155 2303 188 s)
2311 153 2356 189 76

304 234 395 267 (lum
417 230 461 266 dc
486 243 611 265 amore
636 229 764 277 sponsi
786 229 879 276 agit,
912 235 985 264 tota
1015 229 1588 277 ‹piodammodo'²²³lcscentulas
1619 227 1686 263 sihi
1715 228 1961 273 exsultantes,
1993 241 2066 264 uon
2098 229 2317 265 insultantes
2347 244 2351 263 :

304 290 340 324 in
357 304 403 324 eo
431 289 599 337 liquescit
625 303 631 322 :
664 300 748 322 cum
776 286 822 322 de
841 286 1153 332 :ulolcscentulis,
1184 288 1299 323 aflici-
1321 292 1346 324 Α
1367 288 1461 334 Quia
1477 317 1485 332 ,
1507 287 1647 335 inquit,
1664 286 1856 322 exsultatis
1872 287 1908 321 in
1929 299 1986 321 me
2000 315 2010 331 ,
2029 294 2066 321 et
2087 296 2170 335 post
2194 301 2252 323 me
2271 301 2356 324 eur-

304 357 363 383 tm·
382 347 542 396 ‹luadam
564 345 845 394 compassione,
876 353 911 380 et
941 346 1047 393 quasi
1067 359 1141 381 una
1163 358 1208 382 ex·
1232 346 1301 381 illis

303 407 461 441 eflicitur
486 419 492 440 :
519 418 602 440 cmn
635 403 681 439 de
706 403 865 438 inimicis
896 412 973 439 toto
1001 405 1191 440 charitatis
1219 406 1299 440 zelo

308 478 376 514 pro
399 465 451 499 eis
479 464 635 499 zelatur.
660 464 778 510 Nigra
801 477 898 506 suni,
921 463 1165 511 .=·‹·‹lji›rmn.w1
1179 466 1301 511 ,filict-

305 526 522 557 scius-alem.
553 526 584 559 Ο
609 522 691 557 liliae
711 522 938 568 Jerusalem,
970 523 1052 559 lilim
1080 524 1201 572 pacis,
1230 537 1299 573 pa·—

303 595 382 617 cem
405 582 537 618 habete
565 593 733 627 mecum,
760 590 844 631 quie
877 596 1006 632 pacem
1035 582 1155 619 haheo
1174 583 1300 619 vohis—

303 654 401 677 cum.
433 640 682 690 Exprohratio
708 649 763 677 est
782 641 849 677 ista
873 650 1018 687 vestra,
1039 655 1115 678 non
1134 654 1300 692 compas-

303 700 372 736 sio.
389 702 503 748 Nigra
515 699 668 748 quidem
681 714 760 735 sum
773 711 817 736 ex
831 700 990 750 pristina
1001 701 1300 746 conversatione,

302 762 369 794 scd
383 758 553 806 fiirmosa
573 772 618 795 ex
642 772 737 808 pura
765 759 1023 805 confessione,
1051 768 1087 796 ct
1115 768 1214 796 recta
1240 760 1301 795 iu*

305 818 486 854 tentione.
510 822 594 855 Duo
614 818 756 867 quippe
772 827 860 854 sunt
880 831 964 867 quae
981 819 1120 855 faciunt
1136 819 1298 867 nigram,

301 878 379 914 duo
399 892 483 927 quae
513 878 728 914 formosam.
766 878 939 927 Negram,
972 879 1066 915 mala
1095 891 1298 915 conversa—

304 938 380 982 tio,
409 946 445 973 et
466 937 623 974 distorta
651 937 809 973 intentio
832 952 839 973 ε
863 937 1084 983 formosam,
1117 938 1298 973 innocens

1368 347 1465 390 ritis,
1489 359 1534 381 ne
1557 345 1756 381 attendatis
1784 344 1885 394 quod
1916 345 2018 394 nigra
2042 358 2144 390 sum,
2170 346 2204 381 id
2226 355 2282 383 est
2299 360 2356 382 so-

1366 404 1443 440 bria
1482 403 1588 440 vohis
1625 417 1631 438 t
1670 404 1726 439 x'el
1759 404 1863 452 nigra
1896 416 1976 439 sum
2011 403 2047 438 in
2079 404 2285 441 humilitate
2321 415 2357 441 et

1366 464 1549 513 pressuris
1581 462 1734 506 mundi,
1767 463 1854 512 quia
1882 462 2043 498 formosa
2070 475 2151 498 sum
2180 463 2217 499 in
2240 465 2357 501 oculis

1365 523 1491 571 sponsi
1506 550 1515 567 ‚
1538 527 1625 569 qnia
1645 524 1865 556 decoloravit
1885 535 1942 555 me
1961 523 2029 556 sol.
2056 524 2097 556 In
2124 529 2208 556 cute
2225 535 2357 572 corpo-

1367 584 1415 619 ris
1444 583 1548 618 color
1582 590 1750 631 apparet.
1784 581 1948 616 Intentio
1979 593 2125 630 sponsae
2155 582 2250 617 eutis
2283 591 2357 627 est,

1365 643 1470 678 color
1492 642 1599 678 actio.
1623 641 1871 678 Decoloratur
1899 653 1989 688 ergo
2020 640 2138 684 cutis,
2161 653 2245 676 cum
2267 654 2357 678 cura

1367 701 1528 750 proximi
1551 700 1797 736 intentionem
1826 698 1872 734 ad
1909 702 2029 735 Deum
2050 698 2222 735 obfuscat
2240 700 2358 736 actio-

1368 759 1477 796 nibus
1502 759 1591 795 suis.
1626 759 1746 793 Nolim:
1776 759 1920 806 itaque,
1955 758 2095 806 inquit,
2129 760 2358 794 considerare

1366 833 1424 854 mc
1442 819 1662 867 ‹suasistis-ca
1682 831 1782 861 snm,
1801 822 1890 865 quia
1911 819 1984 860 sol,
2007 817 2044 853 id
2065 825 2121 853 est
2140 830 2246 853 amor
2266 819 2355 862 Dei,

1364 892 1421 913 ine
1446 880 1662 913 decolaravit
1678 883 1684 898 ¹
1701 905 1710 921 ,
1730 877 1793 925 qui
1817 889 1874 911 me
1891 875 2202 926 occupationibus
2224 884 2355 913 vestrae

1363 937 1518 973 actionis
1552 936 1770 985 denigravit.
1815 936 1886 971 Sed
1928 935 2030 984 quod
2066 935 2305 971 decoloratur
2333 949 2354 972 a

302 997 558 1040 conversatio,
581 1005 618 1032 et
645 1004 742 1032 rectu
772 996 944 1032 intentio.
968 1001 1060 1044 Quae
1085 997 1136 1032 sie
1154 996 1295 1032 suntin
1318 998 1344 1031 Β
1363 997 1458 1041 sole,
1487 996 1561 1031 cito
1588 995 1683 1032 redit
1708 994 1753 1031 ad
1783 995 1946 1031 colorem
1979 995 2206 1040 naturalem;
2239 995 2292 1030 sic
2317 1003 2355 1031 et

301 1055 442 1098 anima,
463 1055 557 1091 sieut
579 1063 667 1091 sunt
699 1055 734 1090 in
757 1068 916 1104 corpore
937 1056 1093 1104 pulcher
1113 1055 1230 1099 color,
1259 1063 1295 1091 et

302 1114 400 1151 bona
425 1115 553 1150 formae
567 1114 802 1163 compositio.
820 1117 912 1162 Quae
926 1123 1049 1150 autem
1072 1128 1147 1150 non
1165 1113 1295 1150 habuit

301 1174 539 1210 innocentem
568 1173 918 1219 conversationem,
947 1182 1147 1222 postquam
1174 1173 1295 1209 induit

299 1233 593 1276 confessiom·m‚
618 1241 654 1268 et
673 1232 807 1268 direxit
825 1232 861 1268 in
878 1233 1010 1268 melius
1031 1233 1291 1275 intentionem,

301 1292 522 1328 fiducialiter
562 1291 670 1334 dicit,
718 1293 835 1339 Nigra
877 1305 974 1334 sum,
1008 1293 1076 1326 sed
1097 1291 1293 1337 jbrmosa;

298 1353 386 1400 quia
404 1351 592 1401 praeterita
613 1350 693 1398 ejus
711 1358 861 1398 peccata
889 1350 978 1397 tegit
997 1349 1197 1385 confessio.
1230 1353 1294 1385 Est

298 1411 398 1447 euim
421 1409 662 1460 pulchritudo
685 1409 874 1444 nwmoriae.
895 1409 1105 1454 confessi03
1126 1417 1163 1443 et
1191 1421 1294 1444 com-

298 1470 437 1518 positio
455 1468 678 1510 voluntatis,
699 1475 799 1503 recta
826 1467 998 1503 intentio.
1021 1467 1188 1503 Primum
1207 1467 1295 1515 tegit

300 1527 436 1563 veritas
463 1526 734 1569 confessionis,
765 1525 971 1561 secundum
995 1526 1131 1562 format
1150 1524 1295 1574 justitia

299 1595 408 1622 rcctae
428 1586 658 1622 intentionis.
677 1585 788 1623 Unde
809 1585 899 1622 dicit
919 1601 927 1621 :

350 1646 413 1682 20.
444 1648 543 1681 Sicut
569 1645 807 1680 tabernacula
847 1645 977 1689 Cedar,
1010 1645 1045 1681 id
1077 1653 1153 1689 est,
1188 1653 1294 1681 tene-

297 1705 385 1741 brae.
410 1708 491 1741 Non
515 1717 596 1740 sum
619 1703 857 1739 tabernacula
875 1703 993 1740 Cedar
1009 1732 1019 1749 ,
1041 1706 1107 1738 sed
1123 1708 1214 1739 sicut
1237 1713 1295 1739 ca-

1347 1241 1411 1275 -Ie,
1434 1234 1536 1280 quod
1551 1231 1680 1279 fecisti
1707 1233 1744 1266 ln
1763 1234 1900 1266 occulto
1913 1237 1924 1252 ²
1945 1245 1952 1266 :

1361 1067 1430 1103 ego
1449 1053 1494 1090 ad
1517 1055 1707 1103 propriam
1733 1053 2014 1090 formositatem.
2037 1052 2107 1090 Sed
2126 1053 2223 1089 cutis
2247 1052 2355 1089 deco-

1361 1114 1478 1150 lorata
1497 1122 1572 1159 est,
1595 1125 1669 1149 non
1686 1121 1810 1148 autem
1828 1125 1870 1148 os
1900 1111 2057 1147 interius
2071 1139 2080 1156 ‚
2106 1124 2183 1159 quo
2212 1123 2354 1161 sponso

1359 1173 1506 1209 assidue
1525 1180 1654 1217 canto,
1680 1173 1761 1206 Non
1785 1181 1837 1206 esc
1861 1174 2081 1206 occultatum
2106 1184 2146 1205 os
2179 1183 2299 1205 ineam
2324 1184 2348 1205 a

1982 1230 2020 1266 id
2041 1238 2096 1267 est
2111 1258 2121 1275 ,
2142 1243 2248 1267 amor
2267 1243 2354 1267 cor-

1359 1290 1416 1327 dis
1440 1291 1598 1327 interior
1626 1290 1765 1327 nullam
1799 1290 1936 1339 patitur
1964 1290 2167 1327 laesionem.

1412 1350 1473 1385 21.
1516 1352 1607 1384 Filii
1641 1354 1768 1384 nmiris
1807 1363 1902 1384 mea:
1932 1358 2188 1398 pugnaverunt
2224 1360 2350 1386 contra

1359 1421 1417 1443 me
1431 1406 1457 1444 ³.
1481 1410 1582 1443 llcu!
1605 1415 1744 1456 quanta
1766 1408 1943 1443 mutatio!
1966 1421 2051 1456 quae
2074 1409 2187 1457 paulo
2206 1417 2291 1445 ante
2314 1409 2351 1446 in

1360 1474 1505 1502 secreto
1536 1466 1602 1501 illo
1633 1466 1734 1515 pacis
1764 1465 1832 1501 Dei
1865 1479 1948 1514 quae
1981 1475 2181 1516 exsuperat
2201 1480 2351 1504 onlnem

1360 1538 1529 1571 sensum,
1558 1523 1854 1574 jucundabatur,
1890 1538 1990 1561 nunc
2021 1525 2120 1562 inter
2155 1527 2254 1563 rixas
2283 1527 2352 1563 ho-

1361 1585 1503 1621 minum
1547 1585 1753 1620 calumnias
1796 1584 1949 1633 patitur.
1996 1587 2071 1621 Has
2109 1586 2352 1634 praelatorum

1361 1644 1624 1680 fluctuationes
1640 1643 1883 1680 considerans
1905 1643 2024 1680 David
2041 1645 2078 1680 in
2099 1644 2255 1694 spiritu,
2278 1648 2355 1692 Qui

1360 1706 1602 1746 descendunt,
1621 1703 1742 1752 inquit
1755 1732 1763 1748 ‚
1782 1703 1820 1738 in
1836 1716 1939 1738 mare
1958 1704 2083 1740 saeculi
2095 1733 2104 1749 ,
2125 1708 2162 1739 in
2180 1705 2349 1751 navibus,

297 1765 498 1800 berum-ula
528 1763 648 1799 (vilar
666 1778 676 1797 .·
698 1771 734 1799 et
762 1764 791 1799 si
822 1763 871 1799 fui
899 1763 1199 1808 tabernaculum,
1233 1764 1289 1800 vel
1311 1760 1338 1795 C
1359 1762 1393 1798 id
1410 1771 1464 1798 est
1484 1763 1520 1798 in
1537 1762 1716 1811 regimine
1732 1762 1979 1798 Ecclesiarum
1992 1789 2001 1806 ,
2015 1761 2199 1808 ficcienees
2216 1777 2352 1812 opera-

297 1823 392 1859 sicut
437 1821 719 1858 tabernaculum
759 1821 901 1866 Cedar,
939 1821 975 1857 id
1014 1830 1069 1858 est
1113 1822 1291 1858 habitatio

299 1881 536 1917 tenebrarum
558 1909 567 1926 ,
605 1880 886 1917 tabernaculum
927 1881 1003 1926 fui,
1040 1894 1117 1916 non
1156 1881 1292 1918 donnus

297 1940 501 1976 mansionis
531 1954 537 1975 :
571 1939 707 1974 fuimus
736 1939 836 1975 enim
866 1937 1068 1986 aliquando
1099 1937 1289 1983 tenebrae‚

295 2012 395 2034 nunc
423 2007 547 2034 autem
574 1998 637 2033 lux
659 1997 697 2033 in
719 1997 894 2033 Domino.
922 1998 1023 2032 Sicac
1041 2000 1159 2045 pelles
1183 1999 1293 2033 Salo-

296 2062 420 2093 monis.
443 2058 539 2094 Vivo
561 2057 684 2102 enim,
703 2055 781 2105 jam
807 2069 884 2092 non
911 2069 1003 2106 ego,
1028 2057 1121 2093 vivit
1146 2057 1290 2093 veroin

294 2131 352 2154 me
383 2118 574 2161 Christus;
610 2116 646 2152 id
681 2125 759 2161 est,
791 2116 1017 2164 praeteritam
1056 2116 1288 2164 nigredinem

293 2191 412 2213 meam
433 2177 521 2225 tegit
544 2176 633 2212 tides
653 2175 800 2213 Christi.
820 2178 912 2222 Quae
935 2175 1031 2211 bene
1050 2174 1187 2211 dicitur
1204 2176 1286 2224 pel—

293 2236 335 2271 lis
367 2235 598 2279 Salomonis,
625 2235 712 2283 quia
747 2234 859 2270 ducta
892 2233 938 2269 de
974 2242 1093 2269 morte
1125 2233 1284 2280 Christi,

293 2308 435 2343 nosque
463 2294 712 2338 mortificans,
746 2293 988 2329 tabernaculo
1015 2292 1145 2338 Cedar,
1166 2292 1201 2328 id
1229 2301 1285 2329 est

295 2353 501 2390 tenebrosae
541 2352 802 2397 conscientiae,
847 2352 1093 2401 superducta,
1134 2351 1284 2400 dignam

296 2414 381 2449 facit
408 2412 638 2449 mansionem
663 2425 752 2447 vero
777 2412 980 2449 Salomoni.
1013 2415 1163 2447 Poterat
1185 2411 1284 2446 enim

293 2473 416 2508 dicere
440 2476 556 2508 Mater
578 2471 731 2508 Domini
762 2471 900 2515 Maria,
937 2470 1158 2507 mirantibus
1183 2470 1229 2506 de
1248 2484 1286 2506 se

1356 1826 1491 1856 tionem
1510 1826 1546 1856 iti
1563 1826 1669 1869 aquis
1689 1824 1832 1865 mullis,
1856 1825 1926 1868 ipsi
1943 1823 2117 1857 viderim!
2139 1835 2252 1870 opera
2278 1825 2352 1858 Do-

1359 1885 1473 1924 mini,
1504 1889 1539 1915 et
1566 1880 1757 1915 mirabilia
1777 1885 1854 1926 (tjns
1883 1883 1920 1914 in
1936 1878 2136 1928 profiimlo.
2158 1884 2286 1926 Dixit,
2317 1892 2353 1918 et

1357 1944 1457 1975 stetit
1482 1942 1630 1988 spiritus
1654 1942 1856 1988 procelloe,
1881 1949 1915 1974 ec
1939 1942 2097 1975 eoealtati
2117 1941 2351 1987 suntflucms

1359 2001 1448 2045 (jus.
1485 2003 1667 2036 Ascendit
1694 2013 1804 2047 iisque
1837 2000 1890 2034 ad
1919 2002 2028 2034 coelos
2049 2027 2058 2043 ‚
2092 2008 2128 2034 et
2163 2002 2352 2036 descendit

1357 2071 1472 2106 usqne
1494 2060 1547 2093 ml
1567 2058 1714 2105 abyssos
1729 2086 1739 2101 ‚
1764 2059 1892 2093 (mima
1917 2071 2040 2093 eorum
2062 2062 2099 2094 itt
2117 2061 2224 2094 mulis
2243 2059 2349 2095 tabe-

1354 2117 1490 2153 scebat.
1518 2118 1666 2154 Turbati
1695 2127 1781 2154 sant
1805 2126 1840 2152 et
1869 2122 1960 2153 moti
1987 2127 2073 2154 suut
2092 2123 2184 2154 sicut
2203 2118 2347 2164 ebrius,

1353 2187 1388 2212 ec
1421 2182 1538 2212 artinis
1573 2181 1760 2225 sapientia
1793 2190 1915 2211 eorum
1951 2178 2126 2212 devorata
2164 2186 2229 2212 est.
2267 2179 2350 2212 Filii

1351 2240 1476 2271 matris
1505 2250 1600 2271 nwoe
1619 2244 1877 2283 pugnaverant
1903 2244 2030 2270 contra
2061 2235 2156 2270 inc-⁴.
2184 2239 2268 2272 Non
2295 2244 2350 2272 est

1352 2295 1487 2330 mirum
1518 2294 1548 2330 si
1582 2294 1815 2330 decoloravit
1848 2307 1906 2330 mc
1936 2295 2010 2338 sol,
2041 2307 2125 2330 cum
2154 2294 2277 2343 gravis
2305 2295 2352 2330 sit

1351 2366 1476 2402 pugna
1490 2366 1600 2402 quam
1618 2353 1753 2402 patior,
1774 2366 1858 2388 cum
1874 2353 1985 2388 etiam
2008 2352 2071 2388 filii
2093 2353 2221 2389 matris
2238 2365 2349 2397 meae,

1353 2413 1417 2448 lilii
1441 2413 1611 2449 Ecclesiae
1627 2441 1636 2457 ,
1657 2413 1783 2462 pravis
1809 2412 1977 2448 moribus
2001 2412 2076 2449 suis
2097 2413 2350 2462 pugnaverint

1352 2480 1483 2508 contra
1524 2485 1595 2508 me.
1634 2475 1773 2509 Contra
1810 2485 1904 2520 quos
1934 2485 2017 2507 cum
2050 2485 2255 2521 pugnarem
2287 2486 2347 2509 ar-

294 2532 440 2568 liliahus
467 2531 671 2568 Jerusalem
694 2545 700 2565 2
722 2531 832 2579 Nigra
852 2543 933 2567 sum
955 2544 1000 2566 ex
1029 2538 1160 2565 natura
1184 2529 1291 2575 Adae,
1313 2533 1342 2566 D
1357 2531 1526 2579 guenilo,
1559 2531 1814 2575 obsecrando,
1857 2531 2106 2580 increpando,
2143 2532 2351 2567 Posueruut

292 2591 357 2626 sed
388 2591 548 2626 formosa
572 2602 616 2625 ex
651 2589 744 2633 tide,
769 2589 804 2624 id
825 2597 902 2633 est,
931 2603 976 2625 ex
999 2589 1095 2638 pelle
1115 2589 1286 2625 Salomo-

292 2650 361 2687 nis.
391 2650 508 2686 Aliter
540 2648 584 2684 ad
623 2647 771 2684 easdem
795 2662 801 2682 :
827 2647 960 2684 videns
979 2647 1025 2683 ab
1046 2646 1231 2696 aliquibus
1248 2660 1286 2683 se

291 2709 481 2745 contemni
525 2716 680 2757 propter
712 2706 972 2752 sobrietatem,
1009 2720 1081 2755 qua
1111 2706 1287 2743 omnibus

291 2770 416 2805 omnia
438 2769 531 2804 facta
552 2776 630 2803 erat
651 2775 690 2803 ut
718 2779 850 2803 omnes
871 2767 1103 2803 lucrifaceret
1133 2780 1140 2801 z
1174 2767 1286 2815 Nigra

291 2842 398 2874 sum,
430 2828 576 2876 inquit,
610 2826 789 2862 exteriori
823 2826 890 2861 hac
915 2826 1193 2869 humiliatione,
1223 2825 1287 2862 sed

292 2888 452 2923 formosa
475 2886 755 2935 pulchritudine
776 2885 1004 2922 intentionis.
1027 2885 1159 2922 Omnis
1187 2885 1287 2921 enim

292 2947 409 2995 gloria
442 2947 525 2981 liliae
554 2946 648 2994 regis
689 2944 735 2980 ab
765 2945 876 2981 intus.
913 2946 1013 2980 Sicut
1049 2943 1288 2979 tabernacula

295 3006 415 3039 Cedat·
448 3005 550 3052 nigra
590 3016 672 3039 sum
707 3003 891 3049 exterius,
927 3003 990 3040 sed
1023 3003 1125 3040 intus
1153 3003 1288 3039 decora

293 3064 410 3112 pelle,
440 3077 515 3100 non
545 3077 644 3109 mea,
663 3063 727 3099 scd
748 3063 969 3100 Salomonis.
992 3063 1112 3100 Aliter
1129 3061 1175 3098 ad
1195 3062 1288 3099 ado-

340 3189 482 3219 ¹('.;1ntic.
499 3200 520 3220 i.
540 3192 608 3219 ἴῖ-Ῑι.
628 3207 662 3210 —-
684 3190 971 3227 ²1¹³111.‹-xxxv111,
997 3192 1045 3219 15.
1064 3209 1079 3211 Δ»

292 3254 311 3271 ι.
342 3243 448 3271 11*
469 3248 480 3270 7
502 3241 568 3271 lsai.
587 3253 615 3276 r,
642 3261 669 3271 ι.

1354 2604 1410 2625 me
1438 2592 1618 2625 cliuodem
1650 2594 1687 2625 in
1709 2595 1824 2625 vineis
1849 2588 1950 2625 suia-⁵
1988 2589 2052 2625 :id
2075 2598 2149 2635 est,
2177 2602 2216 2626 se
2247 2590 2349 2640 ipsos

1352 2650 1620 2685 commiserunt
1642 2650 1729 2685 mihi
1753 2649 2042 2695 eustodiendos;
2071 2649 2132 2685 alii
2162 2662 2230 2698 per
2258 2662 2350 2685 con-

1354 2709 1557 2745 tentionem
1578 2718 1613 2744 ct
1633 2708 1830 2752 invidiam,
1850 2718 1889 2744 ut
1907 2709 2002 2745 sicut
2022 2707 2111 2744 dicit
2128 2709 2346 2757 Apostolus,

1352 2770 1575 2805 suscitarent
1617 2782 1827 2818 pressuram
1871 2767 2175 2804 tribulationibus
2210 2767 2347 2814 meis‘53

1353 2829 1412 2864 alii
1440 2842 1506 2877 per
1536 2827 1672 2864 bonam
1703 2829 1948 2864 voluntatem.
1975 2829 2093 2863 Vinea
2117 2829 2344 2863 Dominisa-

1355 2887 1483 2932 baculi,
1506 2889 1635 2922 (lomus
1660 2890 1779 2922 Israel
1797 2893 1898 2932 (παῖς
1921 2887 2026 2931 vitis,
2057 2886 2244 2932 Cln‘istus;
2267 2887 2347 2936 pal-

1355 2961 1430 2983 mes
1458 2947 1684 2996 productus,
1712 2955 1887 2996 peccator
1917 2959 2145 2992 conversus3
2183 2947 2346 2992 fruetus,

1354 3006 1494 3042 fructus
1521 3007 1622 3055 digni
1654 3007 1897 3055 lurnitentiae.
1924 3008 2062 3042 Contra
2084 3006 2151 3041 hos
2167 3006 2256 3042 dum
2275 3019 2345 3055 pu-

1352 3078 1445 3114 gno,
1467 3074 1504 3102 et
1520 3066 1760 3115 postmodum
1788 3065 2043 3102 custodiendis
2061 3065 2237 3114 invigilo,
2256 3065 2345 3102 dum

1126 3187 1137 3208 3
1153 3189 1272 3219 Cantic.
1291 3200 1313 3226 1,
1339 3193 1367 3219 ι’).
1386 3207 1426 3211 -—
1451 3191 1457 3215 i
1477 3190 1554 3220 l‘sal.
1575 3201 1642 3229 cvi,
1661 3193 1775 3221 213-27.
1807 3208 1833 3211 -‡
1860 3187 1872 3210 5
1890 3189 2008 3221 Cantic.
2028 3201 2050 3226 1,
2072 3194 2102 3220 J».
2120 3209 2160 3213 -—
2178 3187 2193 3210 ⁶
2213 3189 2345 3231 Philipp.
