2418 3949
73 161 147 198 249

69 244 327 283 murmurant,
361 248 437 272 non
468 242 611 271 tentant
652 234 754 271 illum
791 247 1054 284 perrumpere,

744 160 794 194 IN
822 158 1045 202 CANTICA,
1075 157 1238 193 SERMO
1267 159 1442 193 XXXVI.

1068 231 1116 250 120

2045 160 2121 197 250

1127 231 1304 268 videntur
1335 233 1449 270 verba
1481 233 1567 270 libri
1600 234 1745 284 signati.
1780 238 1834 271 Ita
1869 244 1946 282 est,
1977 237 2121 285 signata

69 297 255 346 patienter
286 309 325 332 se
351 295 479 332 sinunt
510 294 589 344 ejus
613 295 722 343 quasi
748 295 833 331 alvo
857 293 1052 338 concludi,
1073 292 1104 325 A
1123 300 1211 328 sunt
1242 301 1279 328 et
1314 292 1498 329 obserata.
1548 293 1647 340 Quid
1694 293 1825 340 nobis,
1862 297 1951 332 Jesu
1996 295 2119 341 bone,

70 363 112 392 ut
138 354 418 404 quodammodo
441 353 564 390 dicere
593 353 686 391 illud
714 353 914 390 videantur
934 367 942 389 :
962 355 1058 388 Ecce

70 428 182 463 quam
209 414 340 450 bonum
361 422 396 449 et
412 427 522 462 quam
538 414 768 459 jucundam,
787 412 957 448 habitare
967 409 1058 457 sra-

70 483 141 510 tres
159 479 198 509 in
220 487 330 509 unum
356 479 363 494 ¹
384 475 466 509 lAn
483 486 578 516 non,
601 473 752 518 fratres,
770 472 807 508 in
828 472 899 507 hoc
918 470 1058 508 Ordine

71 541 221 578 nostro,
239 545 281 568 ac
294 532 325 569 si
340 532 376 568 in
391 531 528 568 cortice
542 532 679 581 punico
693 559 703 576 ,
722 529 903 580 passionis
922 528 1058 567 Christi

70 604 138 640 per
161 591 406 627 imitationem
441 591 545 626 color
573 590 721 626 rutilat?
751 589 922 638 Denique
952 589 1056 624 velut

71 649 240 698 quaedam
266 647 377 697 hujus
402 649 488 684 mali
514 661 629 697 grana
651 656 758 694 sunt,
779 648 844 697 qui
864 647 938 684 sibi
957 648 1056 683 nati-

68 720 156 743 vum
193 707 337 743 ducunt
385 706 455 743 sub
493 706 699 756 disciplinae
739 706 917 756 regularis
952 706 1056 742 corio

68 766 268 811 contineri;
286 778 354 802 nec
373 774 446 802 tam
467 766 587 815 premi
606 779 644 802 se
660 774 827 810 censent,
843 779 953 815 quam
971 779 1057 815 pro-

69 825 152 874 tegi.
180 823 286 862 Absit
313 837 419 860 amor
445 824 708 873 proprietatis,
731 824 827 860 absit
851 837 958 861 amor
975 824 1056 874 pri-

69 892 162 920 vatae
182 884 395 933 potestatis,
421 891 459 919 et
475 881 584 931 liujus
609 890 643 919 te
664 883 751 919 mali
776 895 933 931 granum
951 883 1057 919 exhi—

67 942 145 979 bes.
167 943 319 979 Discant
338 942 399 978 alii
427 949 555 978 nostro
578 941 724 977 invitati
749 942 924 991 exemplo
943 955 1056 991 quam

1123 364 1270 400 sponsae
1298 360 1370 387 tuae
1399 352 1528 388 laudes
1546 353 1755 401 proponis,
1786 354 1816 389 si
1833 367 1910 390 non
1930 354 2021 404 quid
2041 356 2121 391 vir—

1124 410 1212 446 tutis
1228 416 1242 431 ²¹
1262 410 1361 446 intus
1381 411 1598 457 continent,
1618 412 1698 460 ipse
1715 412 1930 461 depromis?
1945 417 2000 451 Tu
2016 423 2121 452 tenes

1123 468 1265 504 clavem
1293 468 1407 516 hujus
1434 469 1538 505 horti
1564 471 1755 516 conclusi3
1794 480 1834 507 tu
1866 472 2045 522 signasti,
2080 482 2121 509 tu

1124 527 1292 576 resigna,
1322 536 1362 563 tu
1389 528 1522 573 solve;
1547 536 1608 574 tu,
1641 529 1814 578 inquam,
1845 532 1948 567 solve
1976 540 2118 582 septem

1123 586 1192 622 ista
1213 586 1415 636 signacula.
1434 589 1554 622 Nemo
1575 587 1681 622 novit
1703 601 1786 636 quae
1803 599 1891 626 sunt
1910 591 1973 626 illa
1989 591 2121 627 intima

1122 658 1274 694 sponsae
1289 673 1298 691 ,
1317 645 1380 680 illa
1401 643 1621 681 abscondita
1640 654 1719 688 tua,
1743 646 1880 694 quibus
1899 649 2122 699 adimpletus

1122 712 1178 740 est
1193 711 1326 739 venter
1344 703 1439 751 ejus.
1468 706 1587 739 Nemo
1614 704 1721 739 novit
1740 704 1803 740 illa
1823 706 1894 741 nisi
1918 715 1978 752 tu,
1999 717 2035 743 et
2057 710 2116 745 cui

1122 763 1288 799 volueris
1318 762 1398 812 ipse
1426 762 1605 798 revelare.
1637 763 1787 798 Utinam
1822 773 1858 799 et
1888 778 1957 801 nos
1983 767 2118 814 simus,

1122 821 1187 870 qui
1205 822 1295 857 facie
1312 821 1476 857 revelata
1491 821 1648 870 gloriam
1669 834 1830 870 sponsae,
1849 835 1932 871 quae
1951 823 1997 859 ab
2018 825 2120 862 intus

1122 889 1200 926 est,
1228 880 1412 930 speculari
1437 879 1638 928 possimus
1668 883 1803 930 Magna
1823 881 1941 930 gloria
1969 881 2050 930 ejus
2082 884 2119 919 in

1123 941 1302 990 mysterio
1322 948 1394 976 tam
1410 940 1578 985 numeri,
1596 953 1709 989 quam
1730 941 1928 977 nominum
1945 941 2119 978 istorum.

67 999 213 1037 bonum
253 1000 320 1046 sit,
353 1007 391 1036 et
424 1013 536 1048 quam
566 999 777 1049 jucundum
813 1000 981 1036 habitare
1018 1001 1054 1036 in
1075 1000 1102 1033 B
1121 1003 1167 1037 Et
1186 999 1338 1048 quidem
1356 999 1437 1045 hic,
1458 1008 1641 1049 quantum
1665 999 1830 1036 donante
1850 1000 2017 1037 Domino
2034 1002 2121 1050 qui-

70 1059 234 1110 quodam
257 1067 361 1095 arcto
379 1058 676 1103 communionis,
699 1066 737 1094 et
756 1057 825 1095 sub
850 1058 1056 1095 munimine

68 1118 228 1155 corticis.
253 1117 419 1155 Charitas
434 1117 557 1163 uniat,
575 1125 612 1153 et
629 1125 760 1153 cortex
779 1117 934 1154 muniat.
956 1122 1057 1166 Quot

73 1177 205 1213 videtis
233 1176 405 1213 ordinata
436 1176 610 1225 collegia,
644 1185 699 1213 tot
726 1177 921 1226 intelligite
953 1178 1058 1213 velut

69 1234 243 1284 quaedam
279 1235 375 1271 mala
405 1235 560 1284 punica,
592 1248 675 1283 quae
704 1234 751 1271 de
782 1235 885 1271 fonte
915 1236 1057 1273 fluxere

70 1294 322 1344 Baptismatis.
353 1294 526 1343 Denique
547 1296 793 1338 credentium,
815 1303 856 1331 ut
879 1295 1054 1345 legimus,

65 1363 147 1389 erat
162 1367 224 1389 cor
251 1367 363 1388 unum
379 1379 389 1397 ‚
417 1362 452 1388 et
470 1358 600 1389 anima
619 1367 694 1389 una
710 1360 737 1389 ².
772 1356 826 1390 Ex
851 1354 923 1391 illis
950 1355 1055 1403 quasi

69 1411 194 1460 granis
229 1419 414 1460 tantarum
449 1411 781 1461 congregationum
817 1412 989 1449 ordinate
1019 1421 1056 1449 et

66 1471 293 1507 unanimiter
308 1470 515 1506 viventium
540 1471 635 1507 mala
656 1471 795 1520 punica
816 1471 1050 1520 prodierunt.

64 1530 152 1566 Illos
186 1531 329 1579 primos
361 1529 592 1565 credentium
626 1538 835 1567 conventus
870 1543 947 1566 non
983 1530 1053 1566 ad-

67 1588 272 1638 stringebat
296 1588 419 1625 adhuc
435 1588 622 1625 institutio
639 1588 811 1635 Ordinis,
829 1589 894 1626 sed
918 1590 1053 1626 instin-

65 1656 147 1685 ctus
176 1648 327 1684 amoris.
363 1651 447 1684 Non
479 1647 593 1684 modo
622 1647 811 1684 ducebant
836 1649 947 1694 utile,
973 1662 1049 1685 non

64 1707 178 1744 modo
208 1707 374 1751 bonum,
408 1706 472 1743 sed
501 1707 612 1743 etiam
642 1705 852 1755 jucundum
882 1708 1050 1745 habitare

1121 1071 1204 1094 mus
1241 1058 1450 1107 inspicere,
1485 1058 1688 1108 septenarii
1719 1067 2019 1106 sacramentum,
2055 1068 2119 1096 aut

1122 1117 1421 1166 spiritualitatem
1436 1145 1446 1163 ,
1466 1126 1529 1154 aut
1547 1117 1866 1154 universalitatem
1882 1118 2023 1155 indicat
2037 1131 2118 1168 gra—

1125 1177 1274 1213 tiarum.
1304 1176 1347 1213 Id
1377 1176 1478 1212 enim
1505 1176 1682 1226 frequens
1714 1185 1752 1214 et
1785 1177 1963 1214 usitatum
1991 1186 2045 1214 est
2077 1178 2115 1214 in

1125 1235 1239 1272 sacris
1252 1235 1424 1280 Litteris,
1456 1243 1500 1271 ut
1529 1236 1764 1284 septenarius
1791 1249 1969 1273 numerus
1999 1237 2118 1273 inter-

1120 1303 1292 1345 pretetur
1318 1295 1417 1332 dona
1437 1295 1522 1340 illa,
1553 1309 1638 1344 quae
1663 1295 1825 1345 perfecta
1845 1304 1954 1342 sunt,
1977 1304 2015 1333 et
2032 1310 2117 1346 quae

1121 1354 1318 1391 desursum
1345 1363 1443 1391 sunt.
1474 1355 1689 1392 Divisiones
1716 1356 1917 1404 gratiarum
1945 1364 2054 1402 sunt,
2080 1365 2118 1393 et

1120 1413 1324 1450 divisiones
1354 1413 1673 1450 ministrationum
1709 1423 1817 1460 sunt,
1848 1423 1885 1450 et
1915 1414 2116 1452 divisiones

1120 1473 1384 1522 operationum
1410 1481 1498 1509 sunt
1525 1488 1532 1509 :
1558 1473 1657 1510 idem
1679 1482 1803 1510 autem
1835 1473 1996 1523 Spiritus
2015 1474 2114 1511 divi-

1119 1530 1211 1567 dens
1239 1531 1394 1580 singulis
1425 1539 1541 1580 prout
1567 1532 1647 1567 vult
1675 1532 1702 1567 ⁴'.
1722 1532 1822 1568 Alias
1853 1532 1932 1568 aliis
1959 1531 2114 1577 dividit,

1117 1591 1182 1627 sed
1201 1591 1238 1626 in
1255 1604 1393 1640 sponsa
1411 1591 1517 1640 quasi
1533 1592 1674 1642 colligit
1688 1600 1723 1628 et
1743 1592 1890 1628 confert
1906 1592 2114 1629 universas.

1115 1651 1198 1685 Non
1228 1650 1480 1699 particulatim
1503 1650 1726 1686 dividuntur
1746 1651 1821 1696 illi,
1853 1651 1958 1699 quasi
1985 1651 2115 1689 divisae

1116 1709 1190 1745 sint
1217 1709 1255 1745 in
1286 1710 1360 1746 illa.
1392 1710 1486 1747 Aliis
1505 1718 1542 1746 et
1566 1710 1722 1755 dividit,
1756 1719 1792 1746 et
1812 1710 1946 1756 donat;
1965 1711 2019 1747 illi
2036 1724 2113 1747 non

63 1767 101 1803 in
129 1780 242 1803 unum
267 1781 275 1802 ε
297 1767 391 1802 sicut
416 1775 649 1816 unguentum
676 1766 778 1815 quod
801 1766 994 1803 descendit
1013 1768 1049 1804 in
1069 1766 1096 1801 C
1118 1776 1191 1804 tam
1222 1768 1378 1815 dividit,
1410 1783 1522 1818 quam
1546 1778 1667 1806 totum
1693 1770 1810 1806 donat
1833 1784 1840 1806 :
1869 1770 1941 1807 nisi
1971 1770 2010 1806 in
2042 1770 2114 1807 hoc

62 1824 236 1870 barbam,
259 1824 410 1861 barbam
429 1829 552 1862 Aaron
567 1854 576 1871 ‚
600 1825 636 1861 in
656 1838 760 1861 oram
781 1826 993 1863 vestimenti
1017 1828 1051 1873 3,

63 1883 111 1920 ab
131 1885 211 1934 ipso
232 1884 351 1933 capite
371 1884 518 1921 Christo
538 1887 649 1929 Jesu;
670 1885 736 1933 qui
758 1885 850 1920 vivit
868 1893 905 1921 et
926 1895 1054 1936 regnat

68 1956 136 1992 per
156 1943 281 1979 onmia
301 1943 434 1979 saecula
455 1943 690 1979 saeculorum.
710 1947 843 1980 Amen.

62 2074 88 2084 Ἀ
92 2075 1054 2089 ιιιιιιιιιιιιιιιιιιιιιιιιιιιιιιιιιιιιιιιιιιιιιιιιιιιιιιιιιιιιιιιιιι

267 2205 516 2262 SERMO
566 2207 841 2262 XXXVI.

103 2338 289 2370 emissiones
304 2346 366 2369 tute
372 2338 545 2383 paradisus
560 2340 710 2371 malorum
724 2342 909 2385 punicorum
921 2366 928 2378 ,
949 2349 1006 2373 etc.

351 2393 468 2424 Cantic.
487 2404 555 2435 cap.
573 2406 618 2432 ιν,
640 2393 677 2430 j'.
702 2398 752 2426 13.

477 2521 628 2535 ...σοο-

118 2647 147 2681 l.
180 2647 407 2680 Erni.=·.s·ione.s-
437 2654 510 2680 tuce
529 2648 733 2694 paradisus
767 2650 948 2684 malarum
971 2664 1046 2699 lm-

60 2706 222 2738 m‘rnrum
257 2716 336 2738 cum
367 2716 559 2750 pomorum
584 2703 794 2751 fructibus,
828 2712 932 2755 cypri
965 2722 1045 2744 cum

59 2765 194 2805 nurdo5
213 2764 351 2797 nardus
373 2771 408 2797 e!
427 2776 563 2807 crocus,
571 2764 703 2809 fistula
722 2774 757 2800 et
775 2770 1045 2802 cinnamomum

60 2834 138 2856 cum
160 2825 330 2856 universis
350 2823 459 2870 lignis
476 2822 626 2868 Libani,
646 2826 792 2871 myrrha
810 2834 843 2861 ct
861 2828 944 2861 aloe
964 2840 1044 2862 cum

60 2879 225 2915 omnibus
233 2884 366 2928 primis
382 2886 587 2929 ungnentis.
608 2887 639 2919 Α
654 2897 769 2934 cypro
785 2885 1043 2935 incipiendum

60 2946 134 2983 cst;
162 2951 246 2974 nam
278 2937 326 2975 ibi
356 2940 645 2979 terminavimus.
686 2947 834 2992 Septem
864 2945 922 2981 hic
953 2958 1045 2980 cnu—

62 3005 252 3033 merantur
288 2996 441 3035 arbores
479 3002 709 3047 aromaticae,
750 3016 834 3052 quae
868 3003 1044 3040 dicuntur

60 3058 176 3093 emitti
200 3057 245 3094 de
271 3058 370 3094 fonte
395 3058 550 3108 signato.
581 3065 623 3098 Et
651 3062 802 3111 quidem
824 3062 937 3099 verba
966 3064 1043 3100 lure

112 3181 215 3211 ¹1¹sal.
230 3192 356 3217 cxxxii,
380 3187 406 3213 1.
427 3202 465 3206 --
483 3190 494 3205 ²
511 3189 578 3217 Avi.
599 3198 641 3221 ιν,
663 3191 716 3218 11¹2.

106 3245 118 3259 ἱ·
142 3239 220 3270 Alias
234 3263 241 3276 ,
264 3241 410 3274 ‘rc-ritulis,

1121 1840 1205 1863 eum
1239 1827 1408 1864 dividere
1435 1828 1488 1864 illi
1515 1829 1721 1877 intelligas,
1753 1828 1855 1877 quod
1881 1829 2045 1866 selectim
2078 1838 2115 1865 et

1121 1887 1368 1936 praerogative
1396 1887 1634 1931 confertim,
1664 1887 1723 1923 vel
1752 1887 1790 1923 in
1821 1887 1953 1923 eodem
1977 1900 2114 1937 genere

1119 1945 1323 1995 gratiarum
1342 1947 1524 1995 amplius,
1548 1947 1607 1982 vel
1631 1946 1841 1995 specialiter
1857 1947 1895 1982 in
1916 1946 2000 1982 alio.
2021 1950 2114 1984 Pos-

1120 2012 1176 2040 set
1205 2004 1294 2040 alias
1318 2003 1472 2040 arbores
1500 2005 1722 2040 aromaticas
1750 2017 2014 2050 enumerasse;
2046 2005 2111 2041 sed

1120 2063 1254 2098 suflicit
1285 2071 1426 2112 septem
1441 2091 1450 2108 ,
1484 2071 1642 2112 propter
1666 2076 1768 2107 eam,
1790 2075 1902 2112 quam
1923 2063 2113 2110 diximus,

1118 2121 1176 2156 vel
1223 2121 1513 2169 spiritualitatis,
1550 2122 1609 2157 vel
1642 2122 1931 2158 universalitatis
1965 2122 2112 2172 signifi-

1119 2187 1292 2214 cantiam.

1170 2238 1205 2273 2.
1226 2241 1334 2273 Nunc
1350 2236 1528 2274 arborum
1547 2238 1699 2274 istarum
1717 2239 1889 2284 nomina,
1906 2248 1942 2276 et
1957 2247 2111 2277 naturas

1116 2296 1152 2332 in
1171 2296 1423 2332 discussiones
1442 2296 1672 2333 adducamus
1691 2312 1698 2333 :
1720 2306 1757 2334 et
1777 2297 1846 2334 sub
1866 2298 2002 2335 umbra
2021 2299 2111 2335 ista-

1115 2369 1196 2392 rum
1232 2356 1425 2392 immorari
1452 2356 1667 2405 jucundum
1697 2357 1865 2404 videtur,
1895 2367 1931 2394 et
1965 2359 2110 2395 fructus

1068 2454 1070 2456 ,
1114 2428 1241 2452 earum
1275 2415 1394 2451 dulcis
1421 2416 1492 2452 erit
1515 2417 1660 2465 gutturi
1680 2426 1823 2453 nostro.
1844 2417 2046 2465 Umbram,
2068 2420 2111 2454 {i-

1114 2487 1258 2523 guram>
1281 2475 1400 2524 ipsam
1441 2474 1609 2524 intelligo
1645 2487 1651 2510 :
1691 2476 1874 2521 fructum,
1913 2477 2108 2513 veritatem

1066 2537 1096 2570 D
1112 2546 1253 2570 earum.
1276 2533 1478 2581 Quomodo
1499 2547 1575 2569 non
1602 2534 1718 2571 dulcis
1745 2548 1922 2572 sensuum
1948 2536 2109 2582 fructus,

1113 2592 1268 2642 quando
1304 2593 1383 2642 ipsa
1419 2592 1623 2629 verborum
1656 2603 1759 2644 grata
1795 2603 1882 2630 sunt
1915 2595 2027 2632 folia?
2063 2599 2109 2632 Et

1113 2652 1214 2688 scitis
1241 2660 1419 2700 quautam
1448 2651 1591 2688 auditui
1621 2662 1749 2689 vestro
1778 2653 1840 2690 dat
1868 2654 2107 2691 affectionem

1112 2719 1150 2747 ct
1179 2711 1341 2746 laetitiam
1371 2719 1444 2747 tam
1471 2711 1635 2747 dulcium
1658 2713 1867 2761 frequentia
1895 2713 2106 2750 vocabulo-

1113 2783 1210 2806 rum.
1242 2773 1420 2806 Poterant
1447 2770 1492 2806 ad
1516 2771 1814 2820 permovendum
1836 2772 2008 2809 affectum
2037 2774 2106 2810 ista

1112 2830 1282 2865 sufficere
1317 2843 1323 2864 ;
1353 2830 1488 2866 sufficit
1521 2830 1673 2878 quidem
1711 2831 1859 2868 aflectui
1889 2832 2107 2882 simplicitas

1111 2889 1202 2925 ista:
1226 2901 1309 2924 nam
1340 2889 1544 2925 intellectui
1571 2890 1740 2926 sufficere
1767 2891 1909 2939 nequit.
1939 2895 2020 2928 Mos
2039 2906 2106 2942 gc-

1111 2948 1250 2984 rendus
1267 2956 1321 2983 est
1337 2948 1425 2996 ipsi,
1444 2948 1506 2997 qui
1523 2949 1622 2998 pasci
1640 2950 1721 2986 vult
1736 2962 1912 2986 sensuum
1932 2952 2102 2988 veritate.

1109 3007 1280 3044 Dulciter
1308 3007 1460 3043 auditur
1491 3008 1569 3044 brec
1595 3008 1760 3046 dulcium
1784 3010 1986 3046 inculcatio
2018 3025 2104 3047 ver-

1111 3065 1259 3102 borum.
1284 3068 1394 3115 (Jrlm'
1409 3081 1489 3103 cum
1513 3071 1650 3112 nardo,
1676 3071 1815 3105 nardus
1837 3079 1873 3106 ct
1893 3072 2105 3117 crocus,fi—

755 3207 773 3210 -r
799 3187 899 3220 ιΡςιιΙ.
914 3199 1046 3225 cxxxii,
1073 3193 1110 3227 l,
1134 3194 1163 3220 ἵ).
1182 3209 1222 3212 ψ
1244 3192 1256 3216 -ὓ
1272 3193 1282 3221 1
1299 3194 1371 3224 Cor.
1391 3204 1451 3229 xit,
1471 3196 1517 3225 4-1
1533 3199 1558 3224 l.
