2504 3928
314 249 390 284 97¹.)

929 247 1051 282 vl't‘ls
1082 247 1307 290 MYS'rim,
1338 246 1423 280 SEU
1459 243 1741 279 'l'RAC'l'A'l‘US

2277 242 2353 278 980

313 333 353 361 ut
372 329 593 372 superarent
616 320 652 357 iu
672 320 836 357 Domino
853 329 908 356 :et
931 334 1004 357 non
1023 323 1142 359 solum
1160 328 1196 358 in
1218 323 1297 358 bar·
1314 322 1356 339 '²¹¹¹
1365 322 1412 357 cit
1438 336 1444 356 :
1476 323 1554 367 Ego
1569 323 1676 367 {linesi
1697 316 2009 365 vitis-fructificavi
2027 321 2243 353 suavitatem
2265 321 2353 353 odo-

313 383 394 418 bam
419 386 544 416 Aaron
558 409 568 424 ‚
587 380 621 415 id
640 389 694 416 est
707 407 716 424 ,
736 392 811 415 non
833 381 952 416 solum
976 381 1109 417 Christi
1129 386 1292 431 Aposto-
1315 387 1341 418 Α
1364 385 1411 415 ris
1433 380 1584 425 etstotcs
1602 375 1829 423 1n‹,’1'fi·1cctus
1846 377 1992 411 honor-:xs-
2007 385 2041 411 et
2063 377 2274 420 honestans,
2292 391 2355 412 cu-

314 442 358 478 lis
389 440 516 476 datum
548 447 782 487 unguentum
810 439 904 482 hoc,
924 439 1027 488 quod
1060 440 1300 488 liquefactum

316 500 383 535 fuit
420 499 505 547 igne
541 498 726 546 passionis
758 497 913 542 Christi,
943 506 984 533 ut
1011 498 1114 534 daret
1148 499 1302 535 odorem

316 557 425 593 bonae
447 556 638 605 opinionis
671 569 737 604 per
768 568 918 591 omnem
941 564 1100 599 teri-anu
1119 557 1183 592 sed
1207 559 1306 605 quod

317 618 505 651 descendit
526 619 563 649 in
584 627 689 649 oram
710 618 920 648 vestimenti
940 620 964 659 ¹,
982 613 1018 650 id
1039 622 1106 660 cst,
1124 616 1160 650 in
1178 616 1306 651 infima

319 673 487 711 membra
528 673 724 714 Ecclesiae,
761 685 844 721 qua:
873 681 926 709 est
961 681 1135 721 tanquam
1171 674 1304 711 Christi

318 735 598 770 vestimentum.
626 731 736 779 Quod
759 732 806 768 ita
832 733 1026 782 impletum
1048 741 1102 768 est
1123 742 1159 769 et
1187 734 1306 769 adhuc

319 794 511 842 impletur,
534 801 573 827 ut
599 791 709 827 etiam
738 791 774 826 in
807 791 976 826 nationes
1003 791 1163 839 Spiritus
1191 792 1306 827 sancti

319 853 435 901 gratia
456 850 691 887 diffundatur
707 857 733 891 ²,
756 858 791 885 et
813 850 973 885 sentiant
993 851 1126 887 Christi
1153 851 1306 886 odorem

319 911 523 961 spiritualis
547 909 726 959 unguenti
751 909 796 944 de
817 922 964 944 summo
993 910 1112 958 capite
1139 909 1308 944 omnium

321 970 572 1013 defluentem,
598 981 674 1016 quo
704 967 854 1003 mundae
879 968 969 1002 fiant
996 967 1308 1011 adolescentulae,

321 1038 361 1065 ut
392 1029 583 1065 attrahant
616 1036 653 1063 et
684 1026 840 1076 diligant
872 1030 1035 1063 'Unctum
1068 1034 1312 1072 nostrum‚et

321 1095 473 1124 currant
490 1087 525 1123 in
545 1086 663 1122 odore
686 1093 966 1134 unguentorum
990 1085 1101 1121 illius.

378 1147 460 1182 148.
492 1148 567 1182 Nec
593 1145 727 1180 mirum
755 1145 784 1180 si
813 1144 1053 1180 vehementer
1079 1144 1311 1180 delectentur

320 1206 460 1255 duplici
482 1205 599 1241 odore
615 1204 707 1241 Vitis
724 1212 859 1240 nostrae
875 1218 882 1240 :
899 1217 975 1240 uno
996 1204 1059 1252 qui
1074 1217 1119 1239 ex
1135 1217 1310 1252 unguen-

322 1266 385 1310 tis,
409 1265 527 1301 altero
547 1264 609 1312 qui
631 1277 675 1299 cx
704 1263 861 1299 floribus
884 1263 1064 1311 procedit.
1095 1263 1312 1299 Odorantur

321 1325 420 1361 euim
445 1332 481 1360 et
507 1323 706 1359 odoratum
724 1330 935 1370 sequuntur
954 1325 1101 1365 Jesum,
1125 1322 1313 1357 imitantes

324 1384 480 1420 bestiam
500 1382 699 1430 quamdam
711 1410 720 1426 ,
738 1394 822 1429 quie
844 1381 962 1416 odore
974 1381 1069 1416 cocti
1084 1381 1190 1429 panis
1207 1389 1243 1416 et
1259 1394 1315 1417 re-

322 1442 441 1478 centis
463 1442 514 1476 ita
534 1440 761 1484 delectatur,
785 1447 825 1474 ut
844 1439 1071 1487 ubicumque
1097 1440 1200 1475 illum
1229 1453 1315 1476 sen-

323 1500 431 1543 serit,
455 1499 558 1534 illum
575 1505 755 1546 sequatur
772 1498 881 1532 etiam
903 1510 1020 1545 usque
1037 1497 1083 1532 ad
1106 1497 1312 1533 interitum.

324 1562 418 1594 Ecce
439 1558 520 1606 ipso
543 1565 634 1592 teste
646 1561 759 1603 panis
776 1560 896 1599 vivus,
912 1560 977 1603 qui
997 1557 1043 1590 de
1058 1558 1149 1591 coelo
1165 1558 1317 1592 descen-

326 1616 416 1661 dit³‚
439 1617 615 1652 decoctus
632 1615 774 1664 duplici
796 1615 880 1664 igne
903 1615 1091 1651 charitatis
1114 1625 1150 1651 et
1172 1617 1317 1665 passio—

325 1677 402 1720 nis,
419 1675 576 1711 odorem
595 1688 702 1710 suum
727 1675 836 1722 longe
857 1675 1005 1722 lateque
1025 1674 1215 1723 dispergit.
1229 1677 1320 1723 Quis

327 1736 425 1772 hunc
448 1748 522 1770 non
542 1736 747 1783 sequatur?
768 1734 944 1782 Sequitur
960 1734 1184 1770 irrationalis
1204 1734 1321 1771 bestia

327 1795 484 1831 odorem
507 1794 613 1843 panis
633 1793 727 1829 cocti
747 1802 783 1829 et
801 1793 1047 1829 consumendi
1065 1808 1072 1828 :
1092 1807 1167 1829 non
1186 1808 1321 1842 seque-

1361 440 1421 484 jus
1441 442 1593 485 spiritns
1613 444 1666 470 (nit
1681 449 1793 483 super
1807 436 1880 470 mel
1903 437 2030 470 ‹lule-m.
2047 434 2149 483 Ejus,
2170 435 2321 484 inquam
2343 461 2353 481 ‚

1369 498 1486 533 odore
1503 496 1749 539 delectemur,
1769 493 1968 542 unguentis
1992 493 2254 530 charismatum
2276 494 2357 542 ejus

1372 557 1587 599 foveamur,
1602 566 1697 603 pane
1715 553 1878 598 coelesti,
1894 551 1930 588 id
1950 561 2003 588 est
2020 564 2180 602 corpore
2195 566 2262 589 suo
2281 564 2355 602 pu-

1372 615 1516 651 rissimo
1532 643 1540 659 ‚
1560 614 1840 649 confortemur:
1864 620 1903 647 ut
1923 624 2061 660 corpus
2082 611 2162 660 ejus
2184 611 2358 656 edentes,

1371 674 1665 723 sanguinemque
1689 685 1758 720 pro
1778 672 1895 707 salute
1913 679 2039 707 nostra
2054 671 2212 706 effusum
2234 670 2270 705 in
2290 683 2359 705 no-

1373 742 1485 770 stram
1517 732 1673 767 salutem
1696 730 1888 775 bibentes,
1917 738 2066 778 ,gustare
2094 729 2302 778 possimus,
2325 737 2362 765 ct

1375 793 1502 828 videre
1516 792 1622 826 liceat
1638 803 1705 839 per
1723 790 1882 838 speciem
1900 790 1935 825 in
1948 790 2142 837 {enigmate
2154 816 2162 832 ,
2177 789 2264 837 quia
2279 801 2362 823 sua-

1376 852 1547 887 vissimus
1568 858 1622 885 cst
1642 849 1848 893 Dominus;
1868 856 1908 883 ut
1928 848 2038 883 etiam
2062 848 2177 896 ipsius
2199 847 2362 896 promis-

1375 910 1430 945 sio
1455 908 1670 957 perficiatur
1691 907 1727 942 in
1749 906 1878 951 nobis,
1911 914 2092 954 quantum
2120 906 2156 941 in
2187 905 2362 955 praesenti

1377 969 1450 1004 vita
1474 969 1524 1003 fas
1553 975 1626 1012 cst,
1650 966 1712 1015 qui
1743 965 1854 1010 dicit,
1895 968 1967 1011 Qui
1989 967 2104 1001 edunt
2130 979 2210 1008 me,
2243 965 2365 1000 adhuc

1377 1033 1556 1062 esto-eene:
1577 1035 1611 1061 cl
1628 1030 1691 1073 qai
1711 1024 1834 1060 bibunt
1853 1037 1923 1069 me,
1946 1023 2067 1058 adhuc
2082 1027 2206 1059 sidem
2219 1022 2246 1058 ὓ.

1695 1155 1826 1193 CAPU
1835 1155 1870 1192 T
1898 1155 2041 1193 XLIV.

1485 1271 1576 1312 Quod
1600 1271 1690 1301 flores
1710 1269 1884 1300 inveniendi
1907 1275 1976 1300 sunt
1994 1268 2025 1299 in
2042 1269 2113 1300 vite
2137 1275 2254 1300 nostra.

1439 1383 1522 1418 149.
1541 1386 1735 1418 Postremo
1753 1382 1962 1426 videmnus,
1975 1382 2060 1429 quia
2076 1381 2186 1417 flores
2199 1389 2234 1417 et
2248 1381 2368 1417 visum

1383 1440 1568 1475 delectant
1593 1448 1629 1476 et
1658 1440 1868 1475 odoratum.
1903 1440 2006 1476 Licet
2038 1440 2184 1476 comedi
2213 1452 2288 1475 non
2309 1452 2369 1475 so-

1383 1500 1505 1544 leant,
1524 1506 1710 1547 suguntur
1729 1506 1850 1533 tamen
1872 1497 1918 1533 ab
1934 1497 2068 1547 apibus
2081 1526 2090 1542 ,
2113 1506 2150 1534 et
2166 1498 2212 1533 de
2228 1498 2372 1546 liquore

1384 1573 1403 1594 e
1431 1558 1588 1594 floribus
1608 1570 1785 1607 expresso
1810 1557 2022 1593 dulcissima
2045 1556 2114 1593 sibi
2143 1557 2250 1593 mella
2279 1569 2372 1593 con-

1387 1617 1526 1653 ficiunt.
1548 1621 1647 1666 Apes
1669 1615 1876 1664 ejusmodi,
1910 1624 1951 1651 ut
1973 1625 2089 1665 puto,
2122 1624 2208 1652 sunt
2228 1615 2280 1651 illi
2309 1615 2373 1664 qui
2399 1647 2403 1649 t

1386 1677 1519 1725 pennis
1531 1675 1859 1724 contemplationis
1874 1675 2011 1711 elevari
2026 1676 2191 1711 sciuntet
2204 1682 2373 1724 possunt,

1386 1749 1528 1784 suaque
1550 1736 1716 1784 ipsorum
1737 1743 1893 1784 possunt
1917 1735 2101 1779 alvearia,
2125 1734 2197 1770 hoc
2222 1742 2277 1770 est
2294 1747 2374 1769 cor-

1389 1796 1492 1844 poris
1512 1808 1638 1831 curam
1652 1823 1660 1839 ,
1686 1793 1898 1842 relinquere
1912 1822 1920 1838 ,
1933 1802 1967 1829 et
1988 1793 2033 1828 ad
2055 1793 2204 1829 hortum
2223 1793 2373 1829 delicia-

330 1863 391 1890 tur
411 1854 526 1889 homo
549 1853 740 1889 rationalis
762 1852 917 1888 odorem
937 1853 1042 1901 panis
1057 1852 1113 1888 bis
1133 1854 1229 1888 cocti
1246 1858 1321 1890 An·
1342 1849 1368 1882 C
1389 1868 1469 1890 rum
1486 1854 1730 1899 transvolare,
1748 1854 1784 1889 in
1800 1853 2056 1902 quoomnium
2074 1853 2209 1888 florum
2228 1852 2374 1888 divitias

329 1913 498 1961 gelorum
515 1913 529 1946 Ρ
549 1915 629 1947 Iino
648 1911 797 1946 stultior
816 1919 871 1946 est
890 1924 1002 1959 quam
1023 1910 1160 1955 bestia,
1183 1912 1247 1960 qui
1274 1912 1320 1947 il-

329 1973 400 2008 lius
433 1971 610 2007 odoriferi
649 1971 754 2019 panis
786 1970 941 2006 odorem
975 1984 1051 2006 non
1081 1970 1256 2020 intelligit
1286 1980 1323 2007 et

330 2032 527 2067 honorem.
556 2029 626 2066 Sed
655 2029 845 2079 praeterirc
869 2042 944 2065 non
971 2042 1194 2078 possumus,
1220 2030 1323 2079 quod

332 2089 525 2126 transituri
549 2102 650 2124 mare
669 2101 802 2137 panem
822 2088 879 2125 bis
901 2097 1048 2124 coctum
1073 2090 1320 2125 necessarium

334 2149 486 2184 liabent.
508 2148 745 2196 Quicumque
763 2160 852 2195 ergo
875 2160 912 2183 se
932 2148 969 2183 in
991 2147 1060 2183 lioc
1077 2149 1169 2184 mari
1188 2162 1323 2197 magno

334 2207 445 2254 hujus
469 2207 592 2243 saeculi
614 2219 692 2242 esse
715 2207 956 2253 cognoverit,
987 2206 1090 2254 quod
1119 2207 1206 2255 quia
1236 2221 1324 2256 spa-

333 2266 468 2300 tiosum
491 2273 563 2310 est,
584 2265 656 2300 cito
680 2265 836 2300 transire
859 2278 933 2300 non
948 2273 1090 2313 potest3
1112 2274 1148 2301 et
1168 2275 1326 2314 propter

334 2324 482 2373 reptilia
500 2337 661 2371 quorum
680 2337 755 2358 non
778 2332 832 2359 est
851 2337 1049 2367 numerus,
1071 2325 1324 2372 periculosum

334 2390 412 2426 est,
435 2381 522 2429 quia
544 2389 581 2415 et
599 2383 740 2425 ventis,
763 2389 799 2416 et
830 2380 1113 2429 tempestatibus
1140 2382 1266 2426 saevit3
1298 2383 1327 2418 si

336 2452 489 2476 securus
514 2440 595 2475 vult
623 2452 701 2474 esse
717 2467 725 2483 ,
741 2438 874 2474 habeat
904 2439 1003 2474 hunc
1024 2452 1157 2487 panem
1179 2449 1327 2475 coctum

338 2498 579 2534 fortissimum
612 2501 738 2533 Jesum
767 2497 802 2532 in
826 2510 920 2532 nave
943 2498 1062 2532 crucis
1087 2510 1185 2541 suae,
1215 2511 1326 2546 quem

337 2556 531 2602 comedat,
560 2568 671 2604 quem
705 2556 854 2600 adoret,
890 2569 964 2604 quo
1007 2557 1215 2601 reficiatur,
1253 2571 1328 2606 quo

1387 1921 1423 1949 et
1444 1913 1576 1949 divites
1604 1912 1755 1948 delicias
1786 1912 1997 1947 inveniunt.
2022 1914 2164 1947 Hortus
2183 1911 2282 1947 enim
2307 1912 2375 1947 iste

1388 1972 1582 2022 paradisus
1595 1980 1662 2007 est.
1679 1974 1732 2007 Ita
1751 1970 1866 2007 habes
1879 1971 1977 2006 enim
1997 1970 2034 2005 in
2050 1970 2202 2007 Cantico
2216 1970 2373 2006 amoris:

1388 2032 1617 2066 Emissiones
1648 2040 1746 2073 tuce,
1772 2030 1915 2078 ovirgo
1944 2029 2059 2065 Maria
2088 2028 2372 2073 fecundissima,

1384 2092 1583 2137 paradis-ies
1602 2096 1628 2125 7.
1664 2089 1847 2125 Processit
1880 2089 1979 2125 enim
2015 2088 2073 2123 liic
2106 2087 2300 2138 paradisus
2329 2087 2376 2124 ab

1389 2157 1496 2185 utero
1518 2148 1704 2198 virginali,
1723 2148 1824 2183 omni
1848 2147 1954 2193 ssore,
1977 2148 2155 2195 omnique
2174 2147 2292 2183 fructu
2313 2160 2376 2183 re-

1391 2208 1524 2252 fertus,
1542 2207 1606 2243 sed
1624 2205 1806 2243 fructibus
1820 2206 1966 2241 interim
1982 2206 2115 2242 dilatis.
2134 2206 2259 2242 Flores
2273 2205 2377 2241 istius

1391 2266 1552 2316 paradisi
1569 2266 1772 2310 videamus,
1784 2267 1965 2313 legamus,
1982 2266 2039 2301 vel
2051 2266 2176 2314 potius
2189 2277 2376 2313 sugamus.

1392 2325 1577 2362 Convenit
1597 2325 1696 2360 enim
1719 2332 1759 2359 ut
1781 2318 1871 2360 tales
1892 2324 2004 2359 modo
2026 2336 2115 2372 apes
2134 2323 2270 2368 simus,
2292 2336 2378 2371 quae

1393 2385 1508 2420 sciant
1533 2396 1664 2431 sugere
1683 2384 1753 2418 mel
1775 2383 1820 2418 de
1839 2391 1957 2431 petra.
1978 2381 2080 2418 Idem
2098 2381 2196 2417 enim
2220 2390 2274 2417 est
2291 2382 2380 2417 hor-

1395 2450 1452 2477 tus
1465 2450 1501 2477 et
1520 2450 1623 2490 petra
1637 2470 1646 2485 ,
1665 2441 1699 2477 id
1717 2450 1770 2477 cst
1783 2441 1962 2478 Christus.
1988 2441 2022 2476 Si
2036 2454 2126 2489 ergo
2146 2440 2257 2476 ssores
2274 2453 2380 2489 quae-

1394 2500 1500 2535 rendi
1530 2509 1642 2543 sunt,
1669 2500 1731 2535 ubi
1758 2500 1882 2548 potius
1901 2507 2136 2548 ‹pia-rentur,
2162 2497 2225 2534 ubi
2248 2511 2379 2547 prom-

1395 2559 1496 2607 ptius
1517 2559 1772 2603 invenientur,
1794 2572 1904 2607 quam
1926 2559 1962 2593 in
1980 2557 2195 2593 dulcissimo
2213 2557 2383 2593 Christo?

337 2616 568 2658 consoletur,
587 2628 684 2663 quo,
703 2623 743 2650 ut
757 2614 922 2651 breviter
935 2615 1071 2659 dicam,
1087 2615 1133 2651 ab
1151 2617 1327 2653 omnibus
1345 2619 1376 2651 D
1394 2619 1577 2654 Manifesti
1597 2627 1682 2654 sunt
1700 2618 1810 2654 flores
1824 2618 2003 2653 virtutum
2025 2626 2061 2652 et
2071 2617 2268 2653 vulnerum
2284 2617 2378 2664 ejus.

338 2675 513 2725 periculis
533 2683 700 2710 cruatur.
724 2676 759 2711 Si
775 2675 872 2710 enim
888 2703 897 2719 ,
919 2683 958 2710 ut
981 2676 1031 2710 ait
1048 2676 1234 2719 Psalmus‚
1257 2679 1328 2711 illic

337 2748 446 2769 naves
458 2733 773 2781 permanebunt&
796 2733 924 2778 idest,
948 2734 1117 2770 homines
1141 2735 1176 2770 in
1205 2736 1329 2771 cruci-

338 2793 408 2829 bus
439 2793 515 2829 suis
545 2796 670 2828 Jesum
705 2801 931 2840 sequentur,
966 2807 1048 2841 quae
1078 2794 1183 2830 navis
1205 2795 1331 2843 potius

338 2852 602 2901 pertransivit,
623 2864 734 2899 quam
755 2852 863 2887 navis
879 2853 1047 2888 crucifixi
1064 2856 1151 2889 Jesu
1165 2854 1178 2888 ?
1192 2856 1332 2890 Secun-

337 2912 425 2947 dum
447 2924 536 2947 vero
555 2911 655 2947 Pauli
672 2911 894 2946 sententiam
913 2911 1069 2948 dicentis
1083 2940 1092 2957 ‚
1115 2914 1213 2957 Quia
1229 2914 1332 2949 Chri-

337 2979 389 3006 ,ςιη
406 2971 573 3015 consina
587 2983 664 3003 sum
677 2975 775 3003 cruci
788 2968 816 3013 ⁵,
836 2970 1101 3018 crucifigamur
1115 2980 1151 3007 et
1167 2984 1233 3007 nos
1247 2985 1331 3007 cum

339 3029 508 3072 Christo,
532 3040 680 3063 crucem
709 3027 813 3074 ejus,
838 3029 914 3064 imo
935 3029 1055 3077 ipsum
1082 3030 1119 3065 in
1141 3044 1252 3067 cruce
1272 3031 1333 3067 in-

340 3087 526 3144 ‹leaelicienti
544 3086 810 3121 cordisaffectu
828 3088 1110 3137 amplexemur,
1133 3089 1170 3124 in
1184 3090 1333 3126 vivifico

341 3146 457 3182 odore
487 3145 717 3180 delectemur
743 3144 908 3181 ardentis
927 3150 1036 3192 Jesu,
1055 3148 1117 3195 qui
1140 3147 1185 3183 de
1216 3161 1253 3184 se
1276 3149 1332 3184 di-

393 3278 499 3309 ¹Psal.
524 3289 660 3314 cxxxii,
684 3282 714 3307 ⁴).
741 3295 770 3297 ’-
802 3283 812 3296 ²
835 3281 903 3307 Art.
927 3290 965 3315 x,
996 3282 1042 3308 io.
1071 3298 1097 3300 ιν

338 3330 352 3352 '3
374 3332 466 3363 ticeli.
488 3343 580 3368 xxiv,
601 3334 640 3361 23
657 3355 664 3367 ‚
682 3333 737 3366 27,
754 3333 806 3359 29.
823 3348 862 3351 —<
882 3337 895 3359 7
911 3332 1026 3362 (lantic.
1046 3344 1090 3366 iv,
1110 3337 1158 3364 tit.

1120 3279 1132 3301 3
1156 3285 1247 3312 Joau.
1275 3286 1411 3319 v1,.‘13.
1442 3286 1494 3320 il,
1519 3288 1570 3314 51.
1594 3302 1624 3305 --

1393 2682 1468 2713 Stat
1485 2690 1570 2713 ecce
1585 2678 1760 2726 expansis
1776 2676 1967 2720 manibus,
1987 2675 2090 2711 nudo
2106 2688 2266 2724 corpore
2278 2704 2286 2720 ‚
2304 2689 2384 2711 ma-

1397 2735 1507 2771 nibus
1524 2737 1631 2771 simul
1654 2745 1689 2771 et
1708 2734 1869 2785 pedibus
1893 2735 2110 2784 perforatis,
2133 2734 2254 2783 capite
2270 2734 2383 2770 incli-

1398 2803 1498 2831 nato.
1525 2795 1746 2832 Confortare
1777 2808 1875 2831 nunc
1905 2803 1942 2830 et
1972 2795 2139 2838 elevare,
2161 2793 2283 2829 anima
2304 2806 2386 2829 mea

1398 2855 1531 2890 misera
1548 2862 1585 2889 et
1612 2854 1778 2898 infirma,
1801 2862 1836 2889 et
1867 2854 1933 2889 alis
1962 2852 2047 2888 fidei
2065 2860 2100 2888 et
2120 2852 2198 2900 spei
2222 2850 2386 2887 adhunc

1399 2913 1547 2948 hortum
1575 2912 1763 2948 eharitatis
1783 2914 1940 2957 enitere,
1970 2920 2006 2947 et
2026 2918 2144 2947 totum
2171 2909 2305 2946 mentis
2324 2910 2386 2945 in-

1399 2973 1531 3007 tuitum
1553 2985 1619 3020 per
1636 2973 1736 3008 varia
1753 2972 1962 3021 dispersum
1986 2973 2021 3008 in
2043 2983 2158 3007 unum
2174 2969 2326 3017 collige,
2345 2982 2387 3006 ac

1399 3044 1510 3080 apum
1538 3031 1772 3067 sedulitatem
1797 3032 1944 3067 imitans
1961 3031 2006 3067 ad
2028 3027 2302 3066 conficiendum
2322 3028 2388 3065 tibi

1401 3091 1471 3125 mel
1484 3090 1709 3136 devotionis,
1723 3091 1766 3126 ad
1783 3090 1996 3139 paradisum
2016 3087 2205 3125 charitatis
2217 3087 2388 3134 ascende,

1400 3149 1580 3186 accedens
1599 3150 1644 3186 ad
1665 3163 1729 3186 cor
1745 3152 1882 3195 aftum3
1903 3150 1988 3197 quia
2001 3162 2086 3185 ecce
2105 3160 2217 3196 quem
2234 3147 2388 3194 quaeris,

1666 3283 1771 3314 it‘saf.
1794 3294 1852 3312 (tin
1869 3306 1877 3320 ‚
1900 3287 1952 3313 Ἠ».
1979 3300 2013 3304 —-
2044 3279 2056 3302 5
2078 3281 2180 3312 (ialat.
2207 3293 2253 3318 ιι,
2277 3284 2327 3312 19.
2347 3300 2376 3303 --
