2418 3949
239 162 309 197 561

903 162 1253 198 COMMENTATIO
1283 162 1350 196 EX
1382 163 1652 198 BERNARDO.

240 237 510 286 indulgentiam
532 238 691 288 percipit
719 245 972 287 peccatorum.
1001 242 1087 275 Duo
1113 236 1259 274 autem‘²

2227 162 2301 196 :252

1264 236 1295 253 ⁰³
1309 238 1705 286 comprehensibilitati
1724 239 1805 287 ejus
1824 239 2077 276 testimonium
2097 237 2301 287 perhiben-

241 296 357 346 pedes
385 297 537 338 Domini
566 306 653 334 sunt
684 296 940 333 misericordia
966 305 1003 332 ct
1028 296 1212 345 judicium
1229 323 1238 340 ‚
1255 302 1286 335 A
1309 296 1373 331 tia.
1394 300 1539 333 ‚Nomen
1554 298 1652 333 enim
1669 297 1992 334 subsistentiarum
2010 297 2223 347 exprimere
2239 310 2304 332 co-

241 355 379 405 quibus
404 364 525 394 totum
552 356 734 393 mundum
761 355 1020 405 perambulat,
1046 364 1084 391 et
1107 354 1241 392 ambu-

241 415 294 451 lat
324 428 439 464 super
467 415 587 452 undas
618 415 742 451 maris.
773 415 840 451 His
870 415 1003 451 circuit
1030 414 1172 464 jugiter
1204 422 1241 450 et

242 473 478 523 perambulat
498 474 711 523 spirituales
731 482 875 512 mentes
890 501 899 517 ‚
921 473 1111 510 exsultans
1131 472 1240 522 utgi-

241 544 305 580 gas
321 531 367 568 ad
385 532 610 573 currendam
627 532 725 571 viam
744 538 775 578 ¹3
799 532 829 568 si
850 539 974 569 tamen
995 531 1085 568 tales
1105 530 1179 568 sint
1195 530 1241 568 de

241 590 380 640 quibus
408 592 543 630 merito
573 591 672 629 dicat
700 606 708 627 z
739 594 789 629 Ec
818 590 988 627 habitabo
1018 595 1056 626 in
1083 594 1179 635 illis,
1207 599 1241 625 el

242 649 487 689 deambulabo
517 654 554 684 in
581 655 635 685 eis
651 656 679 691 ²,
711 653 789 686 Hos
817 649 933 699 pedes
959 650 1150 687 oseulatur
1175 648 1240 698 qui

241 708 455 759 coaptando
484 721 523 744 se
553 709 625 754 cis,
659 708 954 749 misericordiam
986 716 1023 744 et
1053 707 1238 757 judicium

241 777 366 810 cantat
385 768 565 805 Domino.
589 767 736 804 Deinde
756 768 922 816 surgitur
940 768 986 804 ad
1008 781 1180 812 manum,
1198 775 1241 803 ut

239 827 447 864 secundum
466 826 501 863 ei
521 827 919 873 osculumofferatur,
947 840 1032 863 cum
1051 827 1129 876 jam
1152 826 1240 863 fide-

240 888 285 924 lis
304 886 428 923 anima
444 886 482 922 in
503 886 670 928 novitate
686 886 774 927 vitae
792 885 1008 930 ambulans,
1030 886 1076 922 de
1093 885 1240 922 humili-

239 955 314 983 tate
342 946 559 996 poenitentis
587 946 633 982 ad
673 959 824 983 manum
860 946 979 995 surgit
1012 946 1206 996 largientis
1228 975 1237 992 ,

1306 363 1417 391 natur
1444 356 1714 405 proprietatem
1744 370 2014 406 personarum,
2044 369 2182 392 nomen
2210 368 2302 391 vero

1305 413 1522 450 substantiae
1539 415 1811 464 simplicitatem
1829 425 1865 452 et
1884 417 2062 452 unitatem
2085 428 2240 452 summae
2254 415 2299 450 il-

1306 472 1376 508 lius
1396 474 1577 509 essentiae.
1597 477 1643 510 Et
1665 482 1721 510 est
1738 475 1908 523 quaedarn
1928 475 2126 511 conversio
2147 488 2167 511 a
2193 478 2300 511 Patre

1305 531 1352 568 ad
1373 532 1506 568 Filium
1524 561 1533 577 ,
1551 541 1625 568 eta
1640 534 1734 570 Filio
1758 533 1804 569 ad
1825 538 1972 570 Patrem
1994 549 2000 570 :
2023 534 2087 570 sed
2108 534 2228 583 prima
2248 541 2302 569 est

1307 590 1424 626 Patris
1449 591 1495 626 ad
1519 591 1674 636 Filium,
1697 592 1784 640 quia
1805 592 1920 628 Filius
1946 606 1967 627 a
1994 596 2101 629 Patre
2127 601 2199 638 est,
2223 604 2299 628 non

1306 652 1415 686 Pater
1433 663 1452 685 a
1472 650 1584 695 Filio;
1607 651 1727 699 prima
1756 659 1879 687 autem
1906 664 1981 687 non
2015 660 2184 700 tempore
2199 680 2208 696 ,
2233 651 2297 687 sed

1305 709 1465 757 quadam
1487 709 1592 757 quasi
1615 709 1795 745 relatione
1811 738 1820 755 ,
1841 710 1935 745 sicut
1955 713 2064 746 Pater
2081 709 2127 745 ad
2153 710 2297 746 Filium.

1304 768 1511 805 Conversio
1529 777 1654 804 autem
1675 769 1745 805 ista
1765 777 1820 805 est
1845 769 1883 804 in
1905 769 2034 804 osculo
2053 777 2090 805 et
2109 769 2297 817 amplexu.

1304 827 1483 864 Osculum
1500 836 1556 863 est
1573 836 1702 864 mutua
1716 827 1761 864 (le
1779 840 1817 864 50
1832 828 2016 875 cognitio,
2034 828 2229 876 amplexus
2246 835 2302 862 est

1306 894 1438 923 mutua
1458 886 1624 923 dilectio.
1642 886 1754 924 Unde
1775 886 1866 922 dicit
1885 887 1999 924 Filius
2016 887 2053 922 in
2072 886 2273 935 Evangelio
2291 901 2298 922 z

1306 947 1422 981 Nemo
1450 950 1545 981 novit
1568 947 1717 982 Patrem
1738 948 1813 981 nisi
1838 948 1978 990 Filias,
2006 956 2042 982 et
2071 960 2176 982 nemo
2203 950 2301 981 novit

237 1006 374 1056 gratias
387 1003 466 1053 jam
489 1017 603 1055 agens
625 1018 694 1055 pro
715 1005 959 1055 perceptione
978 1005 1182 1041 affectuum
1201 1014 1237 1042 et
1256 1006 1283 1040 B
1305 1008 1439 1041 Filium
1463 1009 1537 1040 nisi
1556 1007 1682 1042 Pater.
1716 1006 1893 1043 Osculum
1914 1006 2026 1054 igitur
2044 1006 2162 1042 Patris
2182 1014 2218 1041 et
2238 1006 2277 1042 Fi

240 1065 442 1102 effectuum
462 1064 651 1101 bonorum
681 1077 839 1114 operum
854 1091 863 1109 ‚
888 1077 972 1113 quae
992 1077 1062 1113 per
1082 1077 1233 1101 manum

238 1123 491 1173 designantur.
509 1127 585 1161 Nec
603 1123 703 1165 enim
722 1123 760 1160 in
777 1123 945 1160 claritate
962 1122 1153 1163 honorum
1176 1137 1235 1160 su-

239 1196 349 1220 orum
370 1196 474 1220 suam
497 1195 646 1219 manum
669 1183 880 1228 osculatur,
901 1197 1011 1231 qnoe,
1033 1183 1128 1220 sicut
1146 1183 1236 1221 dicit

238 1242 332 1289 Job,
357 1251 411 1278 est
434 1246 604 1278 maxima
637 1246 839 1290 iniqnitas,
868 1252 903 1281 et
931 1245 1076 1291 negatio
1107 1253 1235 1280 cotnra

240 1305 356 1337 Deum
377 1304 595 1338 altissimum
611 1301 624 1325 3
648 1315 655 1337 :
679 1301 743 1338 sed
766 1302 957 1338 osculatur
986 1315 1137 1341 manum
1159 1303 1235 1339 lar-

238 1361 392 1411 gientis,
419 1361 526 1410 cujus
545 1361 672 1410 gratias
700 1369 819 1397 totum
842 1360 945 1410 quod
974 1369 1030 1397 est
1055 1360 1235 1398 adscribit

240 1434 324 1457 cum
346 1420 447 1457 ‹lulci
467 1420 670 1470 gratiarum
693 1420 861 1464 actione,
883 1433 968 1469 quae
986 1420 1154 1470 signatur
1168 1434 1237 1470 per

238 1482 426 1517 osculum.
456 1479 622 1516 Tertium
655 1488 711 1516 est
739 1481 908 1516 osculum
943 1481 1237 1530 contemplatio-

240 1540 316 1585 nis,
334 1552 398 1576 seu
415 1539 789 1588 contemplatorium,
804 1553 880 1588 quo
894 1539 1121 1589 sponsajam
1139 1540 1233 1576 duo.-

239 1597 310 1635 bus
327 1598 457 1648 primis
476 1598 697 1643 exhilarata,
719 1606 755 1634 et
775 1598 911 1638 fiducia
930 1599 1085 1635 collecta
1098 1626 1107 1643 ,
1131 1599 1232 1634 ‹lesi-

238 1657 345 1694 ‹lerat
364 1656 553 1707 insigniri,
587 1665 623 1693 et
646 1670 789 1706 sponso,
813 1657 889 1706 jam
913 1672 980 1707 per
999 1658 1170 1695 notitiam
1200 1667 1238 1695 et

238 1729 404 1753 amorem
429 1715 635 1765 conjungi,
661 1725 698 1753 et
725 1726 958 1753 secretorum
986 1717 1067 1766 ejus
1087 1717 1233 1766 aliqua-

1302 1065 1340 1102 lii
1361 1073 1398 1100 et
1415 1065 1633 1114 amplexus,
1657 1072 1712 1101 est
1731 1065 1890 1114 Spiritus
1909 1073 2058 1101 sanctus
2075 1064 2121 1101 ab
2138 1073 2300 1114 utroque

1302 1122 1512 1172 procedens
1525 1151 1535 1169 ,
1555 1136 1662 1160 amor
1678 1124 1798 1160 Patris
1818 1123 1864 1159 ad
1884 1123 2016 1160 Filium
2032 1151 2040 1167 ,
2060 1132 2095 1159 et
2116 1136 2222 1159 amor
2237 1123 2298 1159 Fi-

1301 1182 1339 1218 lii
1359 1182 1406 1218 ad
1427 1186 1574 1219 Patrem
1589 1211 1599 1228 ,
1629 1182 1675 1219 de
1699 1196 1776 1232 quo
1799 1182 1910 1219 ctiam
1936 1182 2110 1219 subditur
2131 1197 2138 1218 :
2164 1184 2213 1217 Et
2241 1186 2300 1216 cui

1301 1244 1461 1278 voluerit
1479 1243 1596 1280 Elius
1616 1245 1776 1277 revelare
1789 1242 1817 1278 ⁴.
1845 1242 2029 1279 Voluntas
2048 1241 2190 1290 quippe
2212 1241 2299 1285 ista,

1301 1299 1381 1349 ipse
1398 1310 1454 1338 est
1472 1301 1632 1351 Spiritus
1661 1309 1829 1347 sanctus,
1851 1302 2027 1338 voluntas
2045 1301 2162 1338 Patris
2181 1309 2217 1336 et
2237 1300 2297 1337 Fi-

1301 1359 1362 1405 lii,
1380 1361 1443 1410 qui
1462 1362 1580 1411 ipsam
1603 1361 1721 1398 Patris
1737 1369 1775 1397 et
1790 1361 1872 1398 Filii
1893 1360 2003 1397 nobis
2020 1361 2160 1397 revelat
2177 1359 2300 1396 unita-

1303 1413 1404 1466 tem,
1430 1434 1529 1458 unus
1558 1434 1642 1457 cnm
1666 1425 1774 1458 Patre
1805 1429 1842 1456 et
1869 1421 1963 1458 Filio
1985 1424 2087 1456 Deus
2116 1420 2296 1456 existens.

1302 1479 1505 1528 Proprium
1535 1479 1678 1529 quippe
1706 1487 1763 1516 est
1787 1479 1905 1516 Patris
1933 1479 2101 1515 revelare
2133 1478 2297 1522 Filium,

1301 1536 1397 1573 sicut
1412 1538 1449 1573 in
1470 1538 1674 1588 Evangelio
1696 1553 1704 1574 ι
1726 1540 1832 1581 Non,
1853 1538 1975 1587 inquit
1996 1538 2110 1574 Filius
2127 1565 2136 1582 ,
2159 1551 2244 1572 caro
2264 1547 2300 1572 et

1295 1599 1444 1644 sanguis
1460 1597 1525 1633 cibi
1543 1600 1712 1633 revelavi!
1722 1627 1732 1642 ,
1753 1601 1820 1633 sed
1833 1599 1950 1634 Pater
1963 1611 2063 1633 meus
2084 1602 2150 1645 qui
2165 1601 2203 1632 in
2221 1611 2297 1632 (α’-

1303 1659 1346 1693 lis
1363 1656 1454 1694 esc5.
1470 1657 1648 1695 Debitum
1666 1659 1748 1694 Filii
1763 1659 1972 1707 glorificare
1986 1660 2131 1694 Patrem
2143 1686 2152 1703 ,
2166 1665 2207 1692 ut
2222 1656 2273 1692 ibi
2288 1671 2295 1692 :

1306 1718 1476 1764 Glorifieo
1489 1745 1498 1760 ‚
1523 1717 1668 1767 inquit,
1693 1719 1840 1754 Patrem
1862 1731 1980 1753 meum
2000 1721 2066 1765 qui
2087 1726 2140 1751 est
2159 1722 2196 1751 1'11
2219 1729 2296 1751 coe-

241 1784 348 1812 tenus
373 1788 454 1813 esse
484 1777 644 1812 conscia.
682 1780 762 1813 lloe
782 1777 953 1813 osculum
984 1777 1061 1814 oris
1081 1777 1137 1814 sui
1157 1786 1233 1822 est,
1255 1776 1282 1813 C
1303 1775 1388 1813 lisfi.
1417 1777 1590 1815 Officium
1620 1777 1781 1827 Spiritus
1811 1777 1928 1814 sancti
1955 1776 2121 1813 revelare
2144 1783 2295 1811 utrum—

237 1844 275 1872 et
291 1836 401 1884 longe
421 1835 600 1872 dissimile
623 1850 643 1872 a
663 1835 923 1885 superioribus
943 1836 1095 1872 osculis.
1121 1838 1237 1873 Oscu-

240 1898 349 1939 letur,
377 1895 520 1943 inquit,
544 1908 602 1929 me
621 1898 741 1930 osculo
758 1901 830 1933 oris
849 1900 918 1930 mi..
944 1894 1156 1931 Videndum
1182 1904 1237 1932 est

238 1954 348 2003 quale
368 1953 416 1989 sit
437 1952 535 1989 istud
557 1953 724 1989 osculum
742 1981 751 1999 ,
774 1954 884 2002 quale
907 1966 949 1990 os
969 1953 1060 1991 illud
1088 1966 1196 1992 suum
1224 1968 1232 1990 :

238 2013 362 2062 qualia
395 2012 494 2049 labia
523 2012 615 2048 illud
647 2013 924 2062 imprimentis,
957 2013 1081 2061 qualia
1114 2012 1234 2049 susci-

240 2073 389 2123 pientis.

293 2133 328 2168 (5.
357 2135 399 2169 In
420 2135 499 2169 Deo
519 2145 595 2168 non
617 2141 673 2169 est
688 2131 787 2168 aliud
807 2144 907 2176 esse,
929 2139 965 2167 et
985 2143 1115 2180 sapere
1138 2145 1146 2166 :
1169 2143 1237 2167 nec

237 2190 349 2228 habet
368 2196 476 2229 Pater
495 2204 626 2241 sapere
644 2205 665 2228 a
686 2192 799 2236 Filio,
823 2204 870 2228 ne
900 2189 1039 2227 habere
1066 2189 1238 2230 videatur

237 2259 274 2286 ct
290 2263 392 2297 esse,
413 2251 515 2300 quod
538 2250 743 2287 absurdum
764 2258 873 2287 essct.
895 2248 1018 2286 Habet
1036 2249 1150 2298 igitur
1164 2252 1236 2286 Pa·-

239 2319 294 2347 ter
309 2325 330 2347 a
350 2324 389 2348 se
414 2311 498 2360 ipso·
519 2319 556 2346 ct
582 2323 684 2356 esse,
713 2319 749 2346 et
772 2322 925 2359 sapere;
945 2317 983 2345 et
1011 2309 1039 2346 si
1063 2318 1118 2346 est
1139 2309 1234 2346 Filio

237 2381 317 2406 csse
336 2383 356 2406 a
378 2373 487 2406 Patre
503 2397 513 2415 ‚
536 2378 591 2405 est
614 2378 650 2405 et
677 2382 819 2419 sapere.
841 2367 966 2408 Habet
986 2368 1099 2417 igitur
1120 2368 1233 2406 Filius

237 2443 256 2465 a
279 2433 386 2466 Patre
417 2437 454 2464 ct
484 2441 563 2465 0550
591 2437 629 2464 et
653 2441 802 2478 sapere,
833 2428 961 2477 sicque
995 2428 1116 2477 plenae
1145 2436 1232 2464 sunt

237 2487 507 2534 subsistentiae,
539 2501 632 2537 quas
660 2487 780 2525 Graeci
809 2487 940 2523 dicunt
972 2486 1195 2536 hypostases
1221 2501 1229 2522 :

1303 1849 1376 1885 que
1395 1864 1404 1882 ,
1433 1837 1529 1873 sieut
1556 1836 1646 1873 dicit
1675 1837 1878 1887 Apostolus
1900 1850 1908 1872 :
1934 1837 2045 1882 Quod
2069 1838 2191 1870 oculas
2222 1847 2295 1868 non

1302 1898 1420 1941 vidit,
1455 1910 1522 1932 nec
1552 1902 1655 1932 auris
1685 1899 1845 1941 malim,
1881 1910 1948 1932 nee
1978 1900 2015 1931 ι’[ι
2044 1908 2106 1930 cor
2138 1895 2294 1930 homini,

1301 1957 1466 1991 ascendit
1476 1984 1490 2000 ,
1511 1970 1596 2003 (μαῖ’
1607 1961 1842 2004 praeparavit
1860 1958 1959 1991 Deus
1977 1954 2212 2003 diligentibus
2227 1967 2267 1989 se
2281 1967 2293 1996 ;

1301 2013 1404 2048 uobis
1428 2024 1548 2049 autem
1578 2017 1750 2050 revelavit
1772 2028 1843 2062 per
1870 2016 2049 2062 Spiritum
2075 2021 2240 2048 sanctum
2263 2019 2289 2047 7.

1303 2072 1369 2109 Cui
1393 2073 1506 2122 igitur
1526 2073 1640 2110 Filius
1662 2086 1728 2122 per
1745 2073 1924 2123 Spiritum
1950 2073 2112 2118 revelat,
2135 2085 2211 2108 non
2233 2071 2294 2107 (li-

1302 2132 1444 2171 cendus
1468 2139 1524 2168 est
1545 2132 1704 2168 osculari
1732 2145 1798 2168 ore
1825 2145 1892 2168 suo
1918 2136 2019 2168 Deus
2035 2159 2044 2176 ‚
2074 2130 2139 2167 sed
2167 2130 2297 2166 osculo

1301 2190 1378 2228 oris
1394 2190 1463 2227 sui.
1489 2194 1572 2227 Non
1590 2190 1689 2226 enim
1707 2203 1749 2227 os
1767 2191 1952 2239 tangimus
1964 2219 1973 2235 ,
1990 2190 2054 2226 sed
2070 2190 2200 2226 osculo
2218 2197 2295 2225 tan—

1300 2249 1436 2299 gimur.
1458 2250 1597 2287 Osculo
1621 2250 1834 2300 tangimur,
1856 2263 1940 2286 cum
1959 2263 2087 2286 amore
2112 2258 2148 2286 et
2168 2249 2299 2297 cogni-

1302 2310 1353 2346 tio
1378 2309 1487 2346 nobis
1511 2309 1734 2346 infunditur.
1766 2313 1847 2346 Non
1877 2323 1919 2346 os
1947 2310 2156 2359 tangimus,
2179 2308 2218 2345 id
2241 2317 2295 2345 est

1299 2377 1471 2405 mutuum
1494 2369 1599 2406 illum
1632 2368 1864 2405 intellectum
1887 2383 1895 2405 :
1918 2382 1994 2405 non
2015 2382 2056 2405 os
2082 2369 2268 2417 tangimus
2283 2396 2291 2411 ‚

1297 2428 1399 2477 quia,
1418 2436 1459 2464 ut
1475 2427 1617 2465 dictum
1636 2436 1711 2472 cst,
1731 2430 1849 2464 Nemo
1865 2433 1962 2464 nom
1975 2431 2109 2464 Filiam
2128 2432 2203 2463 nisi
2221 2427 2297 2462 Pa«

1297 2497 1362 2531 cer,
1385 2496 1420 2523 et
1438 2501 1544 2523 nenio
1559 2491 1655 2523 novit
1670 2489 1822 2523 Patrem
1841 2492 1914 2523 nisi
1931 2489 2062 2532 Filim,
2083 2488 2146 2524 scd
2165 2487 2294 2523 osculo

239 2561 307 2584 nec
327 2547 477 2584 fulcitur
499 2547 592 2583 alter
614 2546 661 2583 ab
689 2547 808 2582 altero
829 2554 869 2582 ut
893 2544 1088 2591 subsistat,
1109 2546 1167 2582 vel
1189 2545 1236 2585 sit
1252 2546 1284 2580 D
1302 2546 1505 2596 tangimur,
1534 2551 1596 2582 cui
1620 2550 1778 2582 voluerit
1799 2549 1915 2582 FIlc'as
1939 2550 2112 2583 revelare.
2141 2549 2224 2584 Non
2254 2560 2296 2582 os

238 2607 341 2656 quod
371 2615 427 2643 est
458 2619 526 2656 per
556 2606 798 2651 alterutrmn3
819 2605 883 2642 sed
907 2613 1023 2650 sunt²
1052 2605 1147 2642 sicut
1172 2604 1232 2641 di-

240 2667 379 2712 ximus,
410 2667 468 2702 vel
499 2665 704 2702 secundum
736 2668 907 2711 Graecos,
940 2665 1065 2714 plenfe.
1096 2678 1164 2714 per
1194 2678 1233 2701 se

237 2725 480 2762 subsistentes
503 2725 743 2775 hypostases,
764 2726 820 2761 vel
847 2725 1051 2762 secundum
1076 2725 1232 2761 Latinos

241 2798 412 2834 persona:
431 2785 489 2820 vel
519 2798 587 2833 per
614 2797 653 2821 se
680 2793 878 2830 sonantes,
905 2784 990 2820 licet
1016 2797 1089 2820 una
1120 2785 1167 2820 sit
1195 2793 1233 2820 et

240 2844 402 2893 perfecta
419 2844 579 2880 Trinitas
603 2848 716 2881 Deus.
740 2844 890 2881 Nullum
917 2852 1040 2879 autem
1072 2852 1229 2879 contur-

240 2902 347 2949 bent,
366 2903 457 2940 nulli
473 2893 667 2953 caliginem
681 2901 871 2939 obducant
888 2902 1040 2938 nomina
1055 2900 1229 2938 substan—

240 2963 319 3007 tiae,
349 2963 407 2998 vel
433 2962 695 3007 subsistentiae,
724 2963 781 2998 vel
808 2975 1000 3011 personze,
1031 2974 1114 3010 quse
1142 2970 1228 2996 sunt

239 3022 391 3058 nomina
421 3031 558 3059 nostrai
588 3022 838 3071 paupertatis,
868 3021 1072 3057 divinitatis
1098 3033 1226 3055 essen—

241 3082 326 3117 tiam
348 3095 424 3118 non
445 3081 714 3130 cxprinwnfia,
742 3081 804 3117 sed
830 3093 876 3116 ex
903 3079 1049 3115 defectu
1071 3093 1140 3114 suo
1169 3079 1226 3114 in-

290 3214 296 3226 '
319 3208 395 3238 l’sal.
412 3219 510 3245 xviii,
531 3213 560 3239 ὓ.
578 3227 619 3232 ——-
648 3210 857 3245 ²11(:01·.=·,
883 3211 932 3237 ts».
963 3224 987 3227 ff-

242 3271 314 3294 xm.
338 3262 386 3290 ’.9.
408 3279 446 3282 -
466 3263 660 3299 71(:01·.11‚
680 3263 792 3299 9,1().

1017 3205 1102 3236 lJob
1124 3217 1224 3241 xxxi,
1250 3208 1303 3241 97,
1328 3210 1379 3235 ⁴2⁸.
1404 3225 1443 3228 -ν
1468 3207 1481 3231 4
1507 3205 1618 3238 Manli.
1643 3218 1689 3241 xi,
1718 3211 1771 3237 ΞΠ.

1301 2605 1489 2655 tangimus
1503 2634 1512 2651 ‚
1542 2605 1630 2654 quia
1651 2618 1720 2641 nec
1740 2606 1870 2642 oculus
1891 2606 2002 2651 vidit,
2023 2620 2091 2642 nec
2111 2606 2211 2642 auris
2229 2619 2297 2641 au-

1299 2664 1406 2702 divit.
1426 2664 1565 2701 Osculo
1582 2664 1770 2713 tangimur
1785 2665 1871 2713 quia
1889 2664 1998 2701 nobis
2016 2665 2197 2701 revelavit
2219 2669 2294 2701 De-

1301 2737 1342 2759 us
1373 2737 1441 2773 per
1475 2724 1656 2772 Spiritum
1694 2732 1892 2760 sanetum:

1300 2783 1450 2819 nonnisi
1476 2796 1543 2832 per
1563 2783 1743 2831 Spiritum
1775 2792 1958 2819 sanetum.
1982 2787 2065 2833 lpse
2093 2792 2147 2820 est
2170 2784 2295 2832 itaque

1298 2843 1468 2879 osculum
1489 2856 1496 2876 z
1517 2842 1638 2891 ipsum
1662 2843 1778 2891 tangit
1795 2856 1883 2888 nos,
1903 2857 1987 2879 eum
2007 2856 2044 2879 se
2064 2843 2210 2891 gemina
2227 2856 2295 2879 no-

1298 2902 1353 2937 bis
1373 2902 1489 2951 gratia
1511 2902 1696 2948 infundit,
1718 2901 1755 2938 id
1776 2911 1831 2939 cst
1854 2903 2068 2952 cognitione
2098 2912 2133 2939 ct
2164 2916 2292 2939 amore

1295 2961 1472 2997 veritatis.
1501 2964 1542 2996 Et
1563 2961 1640 2996 lna-‹-
1667 2970 1752 2997 suut
1783 2975 1858 2998 non
1892 2963 1969 3011 ipsa
1994 2961 2089 2998 labia
2117 2962 2204 3005 nvi,
2228 2962 2291 2997 sed

1915 2725 1972 2761 cui
2000 2725 2098 2760 enim
2132 2725 2294 2768 revelat,

1293 3020 1489 3068 vestigium
1509 3019 1694 3056 labiorum
1711 3036 1720 3065 ;
1740 3022 1837 3065 imo,
1861 3022 1888 3058 si
1906 3023 1977 3058 diri
2001 3023 2053 3058 sas
2073 3031 2126 3058 cst
2145 3051 2154 3067 ,
2180 3021 2264 3058 labii
2286 3038 2292 3057 :

1292 3079 1395 3127 quod
1411 3080 1510 3116 enim
1533 3080 1568 3115 in
1590 3080 1697 3116 nobis
1717 3080 1873 3130 duplum
1892 3091 1943 3118 est
1957 3111 1966 3124 ,
1986 3083 2020 3118 in
2043 3086 2121 3119 Deo
2138 3091 2192 3118 est
2211 3082 2293 3117 sin)-

1820 3228 1827 3229 κ
1862 3207 1925 3238 ’“Ιι1
1959 3220 2024 3242 λιι,
2050 3211 2098 3238 1“,
2138 3228 2141 3229 ⁷
2176 3211 2283 3238 ‘'Jom
