2504 3928
1170 158 1252 211 Εὖ
1275 158 1563 213 USDEM

418 351 1322 464 (HLLEBERTI

1405 354 2304 466 TRACTATUS

1105 595 1666 671 ASCETICI,

561 1057 1109 1132 TRACTATUSI,

521 1215 567 1235 an
599 1212 785 1242 Qui-:amni
806 1211 841 1233 n.
857 1202 871 1219 ⁸
901 1211 1142 1235 animosum.

397 1331 444 1359 Dc
467 1326 725 1368 contemplatione
748 1335 852 1355 rerum
874 1324 1040 1354 coelestium
1067 1323 1104 1353 ad
1131 1323 1261 1354 amicum

760 1377 905 1418 scriptus.

725 1509 937 1523 4⁹00&—

392 1647 422 1681 1.
447 1643 589 1681 Satisne
615 1650 850 1691 protractum
876 1640 942 1677 tibi
964 1639 1097 1675 videor
1114 1651 1327 1675 sermonem

335 1703 514 1748 texuisse,
538 1710 575 1737 et
597 1701 700 1749 quod
732 1702 770 1737 in
803 1699 1061 1749 superioribus
1092 1698 1325 1734 decurtatum

333 1761 474 1806 suerat,
496 1761 688 1809 supplesse
706 1760 742 1795 in
762 1759 856 1794 isto?
875 1758 1018 1794 Nimius
1041 1758 1195 1793 fortasse
1225 1765 1260 1792 et
1288 1757 1325 1792 in

1367 1053 1379 1069 ‘⁵
1395 1058 1534 1089 minam
1574 1062 1751 1101 quantum
1785 1057 1937 1101 potestis
1943 1067 1956 1098 ;
1995 1057 2116 1098 major
2152 1060 2205 1088 ese
2241 1055 2338 1087 enim
2357 1058 2382 1089 ².

1348 1112 1378 1145 Α
1395 1113 1506 1149 Dives
1522 1126 1609 1148 sanc
1627 1112 1798 1157 materia,
1817 1111 1924 1147 dulce
1941 1112 2144 1159 negotium.
2167 1110 2265 1158 Quid
2282 1111 2383 1147 enim

1394 1170 1560 1207 dulcius?
1595 1171 1685 1219 quid
1717 1170 1783 1206 liac
1819 1170 2067 1218 occupatione
2104 1169 2265 1217 gratius,
2299 1181 2383 1218 quae

1393 1231 1471 1266 sola
1505 1231 1690 1267 fruitionis
1708 1230 1883 1278 angelicae
1903 1238 1939 1265 et
1961 1230 2092 1265 suturae
2122 1229 2382 1265 conversatio-

1392 1290 1448 1325 nis
1469 1289 1706 1338 superinduit
1725 1297 1761 1324 et
1780 1288 1891 1323 vestit
1912 1288 2136 1336 imaginem?
2154 1289 2297 1323 Bonam
2318 1295 2383 1331 est,

1392 1348 1512 1396 inquit
1538 1348 1724 1392 Psalmus,
1755 1347 1919 1392 cotfileri
1950 1349 2134 1390 Domino,
2166 1355 2201 1381 ec
2221 1347 2384 1393 psallere

1391 1411 1534 1441 nomini
1561 1415 1640 1449 tao,
1671 1408 1871 1440 Aleissc'me.
1912 1407 2013 1451 Quia
2043 1407 2231 1440 delectasti
2261 1416 2318 1439 me
2344 1408 2382 1439 in

1386 1464 1536 1512 factura
1566 1474 1650 1509 tua,
1685 1473 1720 1500 ec
1752 1468 1788 1499 in
1820 1463 1989 1511 operibus
2023 1476 2200 1498 'nanuum
2234 1471 2381 1498 tuarum

1393 1523 1583 1559 exsultabo
1598 1522 1623 1559 ³.
1641 1524 1677 1561 Si
1703 1523 1755 1559 sic
1780 1523 1959 1568 delectat,
1981 1522 2033 1558 sic
2060 1522 2223 1558 laetificat
2243 1522 2384 1570 magni-

1394 1583 1541 1625 ficentia
1569 1591 1652 1628 tua,
1682 1583 1869 1628 Domine,
1890 1582 2049 1618 essentia
2069 1580 2161 1630 quid
2185 1581 2320 1617 faciet?
2352 1581 2383 1618 si

1392 1641 1604 1690 complaces
1623 1641 1661 1677 in
1685 1639 1864 1690 operibus
1898 1640 1992 1685 tuis,
2027 1640 2065 1675 in
2091 1647 2126 1676 te
2154 1640 2236 1689 ipso
2263 1639 2383 1688 qualis

1392 1698 1501 1734 nobis
1527 1699 1629 1735 eris?

1447 1758 1482 1793 2.
1502 1758 1641 1794 Felices
1669 1757 1733 1806 qui
1760 1756 1797 1793 id
1825 1756 2020 1806 praelibare
2049 1764 2228 1805 possunt;
2249 1770 2381 1794 vacare

331 1820 400 1856 hac
429 1827 534 1867 parte
564 1818 694 1854 fuerim
709 1845 719 1861 ,
743 1826 779 1852 et
797 1817 902 1853 oneri
923 1816 986 1852 tibi
1007 1829 1107 1852 nunc
1133 1816 1179 1851 sit
1199 1824 1324 1852 nostra
1346 1815 1371 1849 Β
1389 1824 1426 1851 et
1453 1815 1581 1852 videre
1609 1829 1720 1864 quam
1747 1815 1871 1852 suavis
1887 1823 1943 1851 est
1960 1814 2163 1851 Dominus!
2189 1818 2271 1851 Heu
2296 1817 2378 1852 me!

332 1878 549 1927 prolixitas,
581 1877 644 1924 qui
676 1876 779 1924 prius
814 1876 860 1911 de
890 1875 1072 1911 brevitate
1101 1873 1322 1910 causabaris.

332 1941 468 1973 Breves
499 1935 598 1970 enim
620 1948 640 1969 a
660 1947 718 1969 me
743 1933 807 1968 tibi
827 1933 905 1968 dari
927 1946 1002 1968 non
1033 1932 1226 1981 epistolas,
1259 1932 1323 1968 sed

331 1994 515 2030 clausulas
537 1992 739 2028 verborum
762 2000 915 2040 questus
932 2004 990 2037 eS‚
1014 1992 1064 2027 mi
1088 1995 1133 2028 R.
1164 1999 1200 2027 et
1233 1990 1322 2027 dum

330 2053 452 2089 adhuc
495 2052 736 2094 ordirentur,
772 2051 932 2086 succisas
967 2065 974 2086 :
1007 2050 1102 2086 illud
1141 2049 1320 2097 adjiciens

330 2111 609 2161 perjucundum
633 2110 698 2145 tibi
720 2110 820 2153 sore,
842 2110 870 2145 si
890 2110 998 2145 amici
1022 2109 1209 2145 raritatem
1242 2109 1321 2144 col-

331 2170 448 2217 loquii
479 2169 613 2217 pagina
635 2174 897 2214 compensaret
929 2166 1128 2214 prolixior.
1162 2169 1222 2201 Me
1254 2178 1321 2200 au-

332 2235 404 2262 tem
438 2226 705 2274 occupationes
742 2233 918 2260 causante
960 2232 1059 2268 tuas,
1098 2223 1322 2271 fastidioque

330 2284 560 2333 parcendum
582 2296 660 2318 esse
684 2283 831 2318 lectoris
845 2310 853 2326 ,
877 2291 913 2318 tu
934 2282 979 2318 de
1000 2283 1146 2329 reliquo
1163 2282 1323 2329 jubebas

331 2356 410 2378 esse
445 2354 630 2377 securum.
655 2344 784 2387 Itaque
809 2348 847 2374 ut
872 2353 941 2388 pro
971 2353 1029 2374 me
1062 2340 1197 2382 fatear,
1232 2340 1323 2375 nihil

331 2401 422 2436 mihi
452 2398 657 2447 jucundius
678 2398 747 2433 lioc
768 2398 1014 2442 commercio,
1038 2398 1126 2433 nihil
1147 2399 1320 2444 suavi1153

333 2458 542 2495 dummodo
559 2457 678 2506 ipsum
699 2457 882 2492 sermonis
897 2456 1098 2492 habeamus
1117 2458 1322 2502 materiam,

331 2531 442 2566 quem
481 2517 619 2552 amoris
652 2529 827 2551 causam:
853 2516 880 2551 si
917 2516 995 2564 ipse
1031 2524 1138 2551 sonet
1170 2516 1205 2551 in
1238 2529 1322 2559 ore,

1390 1873 1493 1922 quod
1517 1886 1592 1909 non
1618 1874 1655 1909 in
1681 1874 1752 1909 hoc
1776 1874 1896 1922 ipsum
1924 1872 2041 1908 libere
2072 1871 2250 1909 labuntur
2283 1882 2381 1909 tem-

1390 1946 1484 1982 pora
1502 1948 1509 1968 :
1529 1932 1632 1981 quod
1656 1933 1832 1968 distracto
1860 1931 2098 1967 mordacibus
2118 1931 2218 1967 curis
2237 1931 2380 1978 animo,

1389 2004 1563 2028 corrosus
1584 1992 1746 2040 quodam
1772 1991 1884 2027 modo
1914 1999 1950 2027 et
1979 1989 2217 2036 dimidiatus,
2239 1991 2284 2027 ad
2307 1999 2381 2027 tam

1388 2051 1492 2100 pium
1526 2051 1662 2087 accedo
1682 2052 1936 2100 spectaculum
1959 2064 1967 2086 :
1989 2050 2091 2099 quod
2113 2049 2158 2086 de
2178 2050 2258 2099 ejus
2275 2049 2380 2099 jugi—

1389 2118 1462 2144 tate
1499 2123 1582 2145 cum
1618 2111 1802 2158 propheta
1833 2110 1983 2157 gloriari
2018 2122 2094 2145 non
2127 2109 2211 2145 licet
2235 2112 2384 2157 :Super

1385 2170 1572 2214 speculam
1607 2170 1758 2202 Donum·
1794 2181 1859 2215 ego
1891 2181 1971 2202 sam
2004 2176 2105 2202 stans
2136 2173 2280 2215 jtcgiter
2312 2181 2384 2216 per

1387 2227 1506 2269 (llem,·
1525 2235 1559 2261 ee
1575 2239 1686 2273 saper
1711 2228 1911 2261 custodiam
1932 2239 2051 2260 meam
2074 2239 2141 2273 ego
2169 2239 2247 2261 sum
2278 2235 2381 2263 sams

1387 2289 1469 2318 totis
1490 2284 1651 2319 noctibas
1668 2283 1694 2320 4.
1715 2287 1798 2320 Non
1829 2284 1881 2319 illi
1915 2284 1952 2319 in
1979 2297 2138 2320 vacuum
2160 2284 2381 2322 diffluebant

1390 2350 1578 2391 tempora,
1612 2344 1687 2378 imo
1715 2357 1788 2378 non
1820 2343 1898 2391 ipse
1917 2342 2121 2389 vagabatur
2142 2351 2179 2379 et
2199 2343 2381 2380 volitabat

1389 2414 1471 2436 cum
1496 2410 1684 2450 tempore,
1714 2402 1776 2450 qui
1799 2410 1967 2451 tempora
1989 2402 2139 2450 religata
2173 2401 2322 2438 tenebat
2340 2402 2380 2438 in

1388 2460 1442 2495 sui
1464 2461 1653 2506 custodia,
1674 2462 1732 2497 vel
1751 2461 1786 2496 in
1808 2461 1958 2496 Domini
1981 2460 2132 2508 specula
2153 2460 2212 2496 illa
2240 2473 2381 2509 expen-

1389 2518 1491 2555 dens.
1521 2519 1687 2557 Salubris
1716 2519 1867 2567 quidem
1902 2519 1987 2561 illa,
2021 2518 2085 2555 sed
2119 2518 2189 2554 ista
2217 2519 2376 2556 suavior.

331 2584 477 2613 serenet
497 2576 532 2611 in
555 2574 689 2620 cordc;
711 2575 810 2610 intus
830 2575 1034 2623 parturiat,
1055 2574 1156 2623 quod
1184 2575 1321 2624 dcpro—
1344 2576 1370 2610 C
1389 2577 1560 2625 Denique
1579 2577 1732 2613 adverte
1749 2578 1847 2612 illam
1866 2577 1965 2613 nocti
1980 2585 2251 2626 comparatam,
2269 2578 2378 2614 istam

332 2643 408 2671 mat
428 2635 537 2670 foras.
559 2634 729 2681 Denique
757 2642 793 2669 et
822 2633 930 2681 legis,
960 2636 1000 2668 Sc*
1025 2639 1105 2680 qais
1134 2636 1320 2680 loquitar,

331 2700 440 2742 quasi
469 2706 652 2728 sermones
681 2695 774 2727 Dec*
798 2692 930 2740 :quasi
961 2706 981 2727 a
1014 2696 1092 2728 Deo
1123 2692 1250 2736 datos,
1287 2701 1323 2728 et

330 2753 435 2801 quasi
455 2752 500 2787 ad
527 2753 646 2800 ipsum
670 2751 818 2789 relatos.
842 2751 896 2787 Ab
922 2751 1002 2799 ipso
1029 2751 1127 2787 enim
1155 2760 1209 2787 est
1235 2765 1321 2799 gra-

331 2813 377 2847 tia
390 2840 398 2856 ,
421 2826 535 2860 penes
556 2811 675 2860 ipsum
695 2824 802 2846 causa
816 2838 825 2854 ,
844 2811 879 2845 in
899 2811 980 2859 ipso
999 2812 1150 2846 materia
1169 2812 1320 2860 copiosa

331 2871 452 2920 plane.
477 2870 567 2917 Quis
597 2869 695 2904 illam
719 2870 901 2917 explicet?
922 2870 1026 2916 quis,
1046 2877 1087 2905 ut
1105 2870 1252 2905 interim
1275 2870 1321 2906 de

331 2931 488 2965 csfflntia
521 2929 670 2972 sileam,
702 2927 782 2975 ejus
814 2929 989 2976 loquatur
1017 2928 1217 2974 beneficia,
1240 2929 1321 2977 ejus

1197 2989 1321 3024 nullus

329 3047 416 3082 satis
447 3046 598 3080 multus.
627 3047 823 3090 liavalmce,
858 3046 978 3094 inquit
1006 3046 1219 3095 Scriptura,
1244 3049 1314 3080 Do-

329 2997 365 3023 ct
389 2987 557 3035 judicia?
588 2987 717 3022 Nullus
743 2987 800 3021 liic
829 3001 950 3023 sermo
978 2988 1114 3023 nimius
1150 3002 1156 3022 :

1388 2636 1473 2671 diei.
1500 2636 1596 2683 Quid
1620 2637 1719 2672 enim
1738 2637 1787 2671 ait
1805 2636 2032 2685 Apostolus?
2053 2638 2130 2671 Nos
2158 2645 2279 2672 autem
2312 2649 2378 2671 re-

1387 2697 1507 2730 velata
1530 2694 1636 2741 facie
1664 2698 1821 2743 gloriam
1858 2697 2010 2730 Domini
2047 2697 2304 2742 speculantes,
2339 2698 2376 2731 in

1387 2756 1555 2788 eamdem
1585 2757 1784 2802 imaginem
1823 2752 2129 2800 transformatum·
2156 2768 2179 2788 α
2208 2756 2378 2790 claritate

1386 2815 1423 2846 ill
1457 2814 1661 2847 claritatem
1677 2811 1701 2848 ⁵.
1735 2812 1926 2860 Optimum
1955 2812 2065 2861 plane
2095 2812 2376 2849 immaculatum

1386 2884 1423 2905 se
1445 2871 1651 2915 custodire,
1679 2885 1745 2907 nce
1766 2871 1993 2907 conformari
2015 2871 2100 2907 huic
2122 2872 2258 2907 saeculo
2279 2886 2287 2907 :
2309 2872 2374 2908 sed

1387 2930 1495 2978 longe
1512 2930 1745 2978 pi'a‘stautius
1763 2931 1888 2965 futuro
1908 2930 2100 2966 reformari
2115 2959 2125 2975 ,
2143 2939 2181 2967 et
2199 2931 2376 2967 transfor-

1386 2989 1477 3024 mari
1496 3002 1515 3024 a
1532 2989 1697 3024 claritate
1719 2989 1753 3024 in
1776 2989 1993 3024 claritatem.
2016 2989 2110 3025 Huic
2131 2989 2374 3038 speculationi

1385 3047 1543 3093 instare,
1575 3061 1687 3096 super
1719 3048 1905 3096 speculam
1937 3048 2088 3085 Domini
2123 3056 2220 3084 stare
2240 3056 2313 3093 est,
2338 3055 2376 3083 ct

381 3186 387 3198 ¹
410 3181 579 3211 ll‘etr.1v,
602 3180 701 3206 11.-
726 3181 735 3195 ⁷
752 3177 843 3206 Iiccli.
863 3188 957 3212 κιιιι,
976 3181 1028 3207 5315.
1056 3196 1083 3199 ff
1102 3176 1113 3197 3
1131 3178 1297 3217 Ρ5ει1.)ι(;ι,
1321 3184 1337 3209 2
1354 3203 1360 3213 ,
1385 3183 1415 3210 5.
1431 3199 1472 3202 -
1500 3180 1506 3204 ὃ
1530 3179 1597 3210 lsai.
1616 3190 1671 3208 xxi
1687 3202 1694 3215 ,
1717 3182 1746 3209 8.
1763 3196 1800 3201 —-
1824 3177 1836 3200 ⁵
1852 3182 1877 3208 ΙΙ
1898 3180 1969 3209 Cor.
1990 3189 2045 3214 111,
2070 3181 2118 3207 18.

377 3243 386 3252 ·“
413 3241 548 3267 Fortasse
567 3238 718 3274 Rogcrum
734 3258 739 3270 ,
760 3234 796 3263 ad
814 3246 902 3274 quem
924 3238 1083 3264 'l'raclatus
1098 3239 1151 3265 w.
