2418 3949
164 275 261 311 1173

156 349 354 400 praeceptis
377 349 538 399 superbe
559 349 825 386 contrahimus.
847 350 958 398 Quod
979 349 1008 386 si
1025 361 1135 385 mon-

803 275 1043 310 DOMINICA
1070 274 1120 308 IN
1150 273 1348 316 PALMIS,
1378 272 1554 309 SERMO.

1144 347 1188 366 591

2106 269 2199 306 1174

1206 355 1329 383 mente
1353 347 1443 383 oriri
1458 347 1637 383 invidiam
1653 375 1662 393 ‚
1682 354 1830 383 tumore
1845 344 2032 395 superbiae
2048 358 2204 395 percus—

156 418 228 446 tem
249 408 386 447 Oliveti
404 409 760 454 conscenderemus‚
779 411 910 458 procul
928 408 1044 446 dubio
1061 416 1150 444 tunc
1169 408 1198 441 A
1215 419 1266 442 sa.
1289 408 1480 443 Caemento
1507 407 1616 442 simul
1637 406 1851 454 junguntur
1884 404 2028 454 lapides
2057 405 2094 440 in
2113 404 2205 440 aedi-

155 469 229 505 cito
257 468 303 504 ad
332 468 538 504 Jerusalem
565 469 791 505 veniremus.
817 472 940 518 Prope
962 467 1060 504 enim
1089 475 1145 503 est

156 542 263 565 mons
277 528 413 566 Oliveti
430 529 657 574 Jerusalem,
679 527 768 576 quia
787 535 825 563 et
843 526 1065 576 obsequium
1081 539 1145 575 pa-

157 588 204 623 rit
220 587 360 623 amicos
372 615 382 632 ‚
402 594 439 622 et
456 594 763 622 construeremus
779 599 860 622 eam
890 586 929 622 in
949 586 1058 622 sociis
1074 598 1143 622 no-

156 647 241 683 stris
260 662 266 683 :
285 646 372 695 quia
387 655 476 682 tunc
486 646 597 695 plena
615 659 706 696 pace
721 646 963 696 perfruimur,
980 659 1065 682 cum
1084 644 1143 694 pie

157 718 226 753 pro
241 705 401 742 invicem
421 705 592 750 solliciti,
616 705 755 741 mutuis
775 704 1058 742 necessitatibus
1077 704 1144 741 mi-

155 763 394 800 sericorditer
409 763 747 800 condescendendo
759 792 769 810 ‚
789 772 827 800 et
844 764 1043 812 diligenter
1072 775 1142 812 pro

157 835 265 871 posse
295 821 557 859 subveniendo
585 823 850 872 compatimur.
876 823 1018 860 Videtis
1052 835 1141 871 ergo

156 894 231 916 non
257 894 336 916 esse
355 880 403 916 ab
421 894 460 918 re
475 909 485 925 ‚
514 881 618 930 quod
637 881 758 918 iturus
778 882 963 919 Dominus
990 885 1142 918 Jerusa-

155 940 226 975 lem
240 968 249 985 ‚
268 952 336 989 per
353 940 567 989 Bethphage
578 948 615 976 et
633 953 701 989 per
717 941 933 977 Bethaniam
950 949 1062 989 atque
1076 951 1144 988 per

154 1007 319 1034 montem
341 999 478 1036 Oliveti
495 999 615 1035 voluit
636 999 794 1036 transire
812 1014 820 1036 :
841 1000 1019 1036 intimans
1036 996 1145 1034 nobis

159 1057 260 1106 pacis
280 1057 390 1094 nobis
413 1071 493 1095 esse
508 1059 745 1094 occasionem
756 1067 794 1094 et
809 1071 957 1095 causam
970 1085 979 1103 ,
1002 1065 1039 1093 et
1058 1069 1146 1105 erga

154 1129 223 1153 nos
253 1117 404 1166 quidem
439 1118 685 1154 confessionis
720 1118 944 1166 puritatem,
986 1125 1024 1153 et
1055 1129 1142 1165 erga
1162 1111 1189 1145 Β

155 1176 329 1224 praelatos
365 1185 515 1213 nostros
550 1176 777 1213 obedientiae
820 1176 1048 1212 alacritatem
1064 1203 1074 1220 ,
1108 1183 1146 1212 et

152 1247 241 1283 erga
260 1234 554 1272 contubernales
575 1244 726 1272 nostros
749 1234 1017 1272 misericordiae
1038 1247 1145 1271 com-

153 1293 380 1342 passionem.

205 1353 240 1388 6.
256 1352 368 1388 Mittit
385 1352 480 1389 duos
496 1352 718 1403 discipulos,
735 1361 776 1389 ut
790 1361 879 1390 eant
892 1353 930 1389 in
947 1353 1142 1390 castellum

152 1411 256 1460 quod
283 1420 414 1448 contra
429 1425 493 1448 eos
510 1420 578 1448 est.
596 1413 797 1450 Castellum
814 1412 917 1461 quod
934 1421 1065 1449 contra
1091 1412 1145 1448 di-

153 1471 320 1519 scipulos
339 1471 476 1508 Christi
500 1479 573 1516 est,
594 1472 720 1508 anima
743 1480 798 1508 est
820 1472 1009 1521 peccatrix
1023 1499 1033 1516 ‚
1061 1484 1146 1520 quae

155 1542 224 1578 per
241 1527 532 1565 obstinationem
553 1538 590 1566 et
607 1530 808 1566 elationem
835 1530 994 1566 internis
1011 1538 1048 1566 et
1066 1529 1146 1579 spi-

156 1587 353 1624 ritualibus
377 1588 642 1638 Redemptoris
672 1589 791 1625 nostri
821 1589 1034 1626 virtutibus.
1053 1602 1148 1625 con-

155 1648 268 1684 traria
286 1656 354 1684 est.
378 1648 475 1684 Talis
490 1648 613 1684 anima
637 1649 769 1684 turrim
790 1649 983 1693 elationis,
1005 1656 1043 1684 et
1064 1661 1149 1684 mu-

155 1719 237 1742 rum
258 1705 372 1743 habet
387 1705 652 1743 obstinationis
664 1735 674 1751 ,
696 1720 764 1756 per
783 1715 918 1744 terram
934 1707 1150 1756 pertinaciae

152 1765 297 1810 clausa,
313 1773 351 1801 et
362 1778 429 1814 per
444 1765 684 1802 eminentiam
696 1765 884 1815 superbiae
897 1774 1031 1802 erecta.
1047 1769 1152 1802 Hanc

156 1824 287 1860 turrim
319 1824 439 1860 facere
469 1825 632 1872 aggressi
657 1832 745 1861 sunt
777 1824 970 1874 quondam
1004 1826 1057 1862 illi
1087 1826 1154 1862 filii

1209 465 1308 501 ficio.
1335 468 1380 501 Et
1407 478 1491 513 quae
1519 474 1574 501 est
1595 466 1666 501 alia
1690 465 1810 501 virtus
1836 477 1948 513 quam
1971 463 2200 507 concordia,

1209 538 1283 573 qua
1304 525 1341 561 in
1357 524 1546 560 charitatis
1561 524 1719 561 aedilicio
1735 523 2041 572 conglutinantur
2058 522 2201 572 lapides

1209 585 1312 630 vivi,
1341 598 1386 620 ex
1417 582 1554 631 quibus
1594 584 1753 620 coelestis
1785 584 1993 620 Jerusalem
2031 582 2199 632 quotidie

1207 643 1459 680 construitur?
1487 642 1636 679 Habent
1667 643 1792 691 itaque
1824 643 1958 679 lateres
1985 655 2054 691 pro
2086 642 2201 687 saxis,

1208 711 1244 738 et
1272 702 1442 739 bitumen
1470 715 1539 750 pro
1572 710 1754 737 caemento
1781 716 1788 738 z
1822 702 1911 750 quia
1943 701 2201 738 fortitudinem

1208 761 1423 798 deserentes
1464 760 1574 797 bonae
1608 761 1792 806 actionis,
1825 761 1904 797 luto
1933 774 1971 797 se
2003 761 2201 809 inquinant

1207 821 1368 857 sordidae
1392 819 1577 866 libidinis;
1597 828 1634 856 et
1651 820 1871 869 abjicientes
1897 820 2081 869 glutinum
2104 833 2198 856 con-

1206 879 1367 924 cordiae,
1404 880 1649 929 pertinaciam
1677 880 1956 928 amplectuntur
1994 878 2156 915 invidiae.

1262 939 1295 976 7.
1332 939 1507 976 Enormis
1538 938 1691 988 quidem
1723 939 1802 975 haec
1834 938 1946 975 turris
1965 937 2199 974 admodum:

1209 999 1274 1035 sed
1293 1011 1340 1034 ne
1358 998 1462 1034 facile
1484 998 1602 1047 possit
1616 998 1806 1047 prosterni
1822 1026 1832 1043 ‚
1853 996 2004 1033 obsistit
2025 1009 2101 1032 non
2126 1009 2205 1032 mo-

1210 1058 1260 1093 do
1281 1058 1337 1094 sui
1366 1058 1483 1107 ipsius
1505 1057 1668 1093 altitudo
1684 1085 1693 1102 ‚
1716 1057 1782 1094 sed
1808 1065 1845 1093 et
1863 1057 1961 1092 muri
1978 1056 2206 1092 includentis

1210 1131 1291 1154 eam
1314 1117 1508 1154 fortitudo.
1535 1120 1581 1153 Et
1596 1116 1668 1153 hoc
1684 1124 1740 1152 est
1755 1116 1858 1164 quod
1880 1123 2030 1152 nostros
2048 1123 2206 1150 conatus

1210 1189 1307 1226 saepe
1327 1176 1510 1225 effringit,
1534 1188 1619 1211 cum
1647 1183 1778 1211 contra
1803 1174 1997 1210 castellum
2019 1173 2110 1209 illud
2130 1186 2203 1221 pu-

1208 1248 1365 1284 gnamus
1384 1250 1391 1271 :
1414 1235 1502 1284 quia
1519 1234 1623 1271 facile
1652 1234 1835 1270 machinis
1854 1242 1891 1270 et
1915 1231 2097 1269 arietibus
2114 1244 2202 1267 san·

1209 1303 1277 1332 ctae
1298 1294 1576 1344 praedicationis
1597 1302 1785 1330 tumorem
1806 1294 1843 1329 in
1870 1292 1993 1329 anima
2021 1290 2203 1338 dejicere-

1211 1368 1294 1391 mus
1313 1355 1503 1398 elationis,
1524 1354 1593 1390 nisi
1616 1362 1689 1389 tam
1721 1352 1994 1389 invincibiliter
2015 1349 2141 1394 nobis,
2164 1357 2206 1385 ut

1209 1415 1261 1452 sic
1278 1414 1434 1450 dixerim
1446 1443 1455 1459 ,
1483 1414 1520 1449 in
1541 1427 1584 1450 ea
1600 1414 1788 1450 resisteret
1806 1411 2010 1462 pertinacia
2030 1409 2201 1446 obstina-

1211 1473 1338 1510 tionis.
1368 1472 1467 1521 Quid
1486 1473 1585 1509 enim
1615 1486 1704 1521 erga
1729 1485 1812 1508 eam
1833 1471 1974 1521 poteris
1997 1471 2203 1520 prolicere,

1212 1546 1323 1581 quam
1349 1531 1556 1569 insensibili
1577 1532 1738 1581 quadam
1762 1531 1899 1567 duritie
1929 1529 2204 1566 adamantinam

1213 1592 1383 1629 effectam
1403 1605 1470 1628 nec
1487 1591 1688 1641 praeceptis
1706 1592 1805 1628 vales
1822 1591 1972 1626 flectere
1986 1618 1995 1634 ‚
2018 1602 2087 1625 nec
2108 1600 2203 1624 con-

1215 1649 1305 1686 siliis
1338 1650 1551 1695 attrahere,
1589 1663 1657 1686 nec
1684 1648 1876 1685 blanditiis
1912 1648 2100 1691 mulcere,
2137 1659 2205 1681 nec

1216 1708 1576 1744 comminationibus
1594 1717 1735 1744 terrere
1751 1737 1760 1753 ,
1788 1721 1857 1744 nec
1874 1706 2075 1743 emendare
2099 1704 2207 1741 deni·-

1216 1781 1289 1817 que
1308 1767 1482 1817 flagellis,
1505 1780 1574 1804 nec
1590 1767 1758 1803 emollire
1774 1766 1992 1803 beneficiis?
2013 1769 2146 1802 Nonne
2161 1763 2207 1799 de

1218 1840 1259 1863 ea
1291 1826 1418 1872 dicas,
1445 1839 1541 1875 pene
1583 1839 1662 1863 esse
1691 1825 1922 1875 impossibile
1956 1833 1996 1861 ut
2021 1824 2208 1860 curetur?

155 1882 275 1920 Adam
291 1911 300 1928 ‚
323 1882 369 1919 de
389 1882 528 1932 quibus
552 1883 603 1920 ait
630 1884 824 1933 Scriptura
839 1912 848 1930 ,
872 1884 976 1933 quod
997 1899 1068 1933 pro
1084 1889 1153 1920 cci·
1170 1884 1197 1919 C
1216 1889 1484 1922 Verumtamen
1503 1885 1570 1921 etsi
1587 1885 1688 1934 apud
1704 1885 1876 1921 homines
1890 1883 2120 1933 impossibile
2140 1889 2208 1925 est,

154 1952 292 1978 scentes
312 1944 358 1978 de
384 1944 556 1988 Oriente,
578 1956 751 1991 campum
779 1947 991 1979 invenerant
1012 1946 1150 1980 latissi-

156 2015 254 2036 mum
278 2006 316 2037 ln
337 2009 436 2037 terra
465 2002 638 2037 sennaar
657 2008 681 2038 ¹.
709 2002 781 2049 Qui
801 2011 888 2038 sunt
907 2003 968 2049 hi,
994 2003 1065 2039 nisi
1087 2016 1149 2040 re-

156 2059 291 2109 probi,
315 2060 436 2096 inanis
460 2061 586 2109 gloriae
617 2061 765 2110 cupidi,
786 2070 934 2098 tumore
962 2061 1148 2112 superbiae

155 2119 305 2156 inflati?
330 2120 395 2168 qui
414 2118 460 2156 ab
481 2133 526 2156 eo
552 2120 665 2156 corde
685 2129 722 2157 et
747 2134 863 2170 opere
886 2121 1121 2158 discedentes
1136 2149 1145 2165 ‚

157 2178 205 2214 de
220 2191 295 2228 quo
317 2178 504 2228 propheta
520 2178 610 2215 dicit
623 2207 633 2224 ‚
654 2182 690 2215 E
692 2193 753 2215 cce
768 2184 838 2225 vir,
862 2182 996 2216 Oriens
1012 2193 1146 2216 namen

156 2238 235 2282 (jus
263 2243 296 2283 ²,
325 2237 362 2272 in
390 2238 571 2285 contagiis
597 2238 717 2274 fetidae
755 2239 1053 2275 conversationis
1081 2253 1148 2289 per

157 2296 255 2332 viam
285 2297 396 2332 latam
417 2296 620 2342 incedunt,
642 2310 725 2346 quae
754 2297 858 2334 ducit
885 2299 932 2334 ad
960 2298 1146 2347 perditio-

157 2367 242 2391 nem
258 2370 266 2392 :
288 2356 375 2405 quia
391 2358 558 2392 Sennaar
573 2360 685 2394 Fetor
701 2370 833 2394 eorum
851 2358 1004 2394 dicitur.
1040 2360 1147 2393 Ascli-

142 2415 326 2461 ficemtcs,
353 2415 549 2464 inquiunt,
580 2421 732 2462 turrim,
762 2426 796 2452 et
823 2417 1044 2452 celebremus
1081 2431 1149 2452 110-

155 2482 266 2509 ›trum
286 2488 433 2510 nomeu.
451 2475 497 2511 Hi
515 2484 604 2511 sunt
623 2476 688 2524 qui
704 2484 841 2512 vocant
860 2476 1014 2512 nomina
1029 2489 1093 2512 sua
1110 2477 1147 2512 in

158 2532 266 2568 terris
285 2533 362 2570 suis
376 2561 386 2578 ‚
409 2542 446 2570 et
465 2534 702 2570 altitudinem
729 2535 766 2570 in
787 2548 826 2571 se
846 2543 1110 2572 construentes
1131 2539 1146 2554 ³

156 2591 348 2637 elationis,
377 2600 544 2629 amantes
567 2593 711 2642 primos
730 2593 923 2630 recubitus
947 2594 983 2629 in
1008 2593 1146 2640 coenis,

156 2658 194 2685 et
217 2651 356 2699 primas
377 2651 571 2687 cathedras
597 2652 635 2687 in
661 2655 881 2701 synagogis,
904 2661 941 2688 ct
955 2653 1150 2688 salutatio-

158 2722 223 2745 nes
243 2710 279 2744 in
300 2709 381 2745 foro
395 2738 404 2754 ,
422 2718 460 2745 ct
480 2711 604 2746 vocari
619 2710 666 2746 ab
694 2711 909 2748 hominibus
925 2710 1032 2747 rabbi
1052 2710 1080 2746 3.
1106 2715 1151 2747 Et

159 2767 258 2804 unde
288 2769 477 2805 ruinosam
505 2769 601 2805 hane
635 2770 769 2805 turrim
789 2771 970 2819 erigunt?
995 2771 1148 2806 Habue-

159 2837 263 2872 rum,
288 2828 410 2876 inquit
430 2841 544 2864 verax
572 2829 748 2873 historia,
772 2832 905 2864 lateres
923 2843 993 2877 pro
1018 2834 1148 2874 maris,

158 2897 192 2922 et
204 2887 365 2922 bitumen
374 2902 447 2936 pro
459 2889 671 2923 maumam.
688 2892 781 2924 Saxa
798 2888 916 2925 robur
927 2889 1148 2938 exprimunt

158 2945 267 2982 bonae
293 2947 524 2995 operationis
541 2975 551 2991 ‚
583 2948 717 2984 lateres
748 2948 831 2997 igne
854 2956 1147 2997 concoquuntur

157 3013 194 3040 et
222 3005 460 3042 indurantur.
490 3007 657 3056 Reprobi
682 3007 830 3044 flamma
859 3007 1025 3044 libidinis
1060 3021 1150 3043 exu-

158 3073 305 3110 runtur,
329 3073 366 3101 et
386 3066 596 3115 pertinaces
612 3067 828 3103 efficiuntur
848 3082 856 3102 :
878 3066 1019 3103 invidia
1042 3066 1148 3102 bitu-

159 3138 242 3160 men
259 3134 335 3170 cst,
361 3126 563 3163 eoncordia
585 3135 822 3164 caementnm.
843 3127 960 3164 Aiunt
975 3126 1073 3162 enim
1092 3126 1151 3162 bi-

158 3193 284 3220 tumen
307 3186 405 3221 nasci
429 3186 475 3221 dc
499 3194 596 3222 terra
630 3187 823 3223 fulminata
846 3202 854 3222 z
881 3195 917 3222 et
949 3186 1086 3222 seimus
1113 3186 1150 3220 in

209 3315 214 3328 ¹
231 3312 311 3339 (ten.
330 3321 379 3344 xi,
398 3313 428 3339 2.
449 3329 488 3333 —
512 3317 521 3330 ¹
540 3309 632 3341 Zavti.
651 3323 680 3340 vi
695 3334 703 3346 ,
729 3313 778 3340 1ἷ),.

205 3373 217 3387 ·’
239 3371 328 3398 Foru·
343 3392 349 3402 ,
370 3375 564 3398 (vulfranni.
655 3362 669 3384 ''
682 3370 768 3400 Atia>
785 3393 791 3403 ,
812 3370 1001 3399 vestratium.

804 3330 838 3331 W
857 3307 870 3329 3
892 3309 1004 3341 Manli.
1026 3320 1126 3345 xxiii.
1144 3314 1161 3337 Γ»
1178 3333 1184 3345 ,
1209 3311 1238 3339 7,

1215 1945 1279 1981 sed
1305 1944 1405 1994 apud
1434 1948 1555 1981 Deum
1583 1944 1710 1980 omnia
1738 1943 1928 1993 possibilia
1962 1950 2060 1978 sunt.
2093 1940 2206 1977 Mittit

1215 2016 1377 2052 namque
1402 2003 1613 2039 misericors
1636 2003 1819 2039 Dominus
1839 2011 1875 2038 et
1904 2002 1987 2051 pius
2016 2000 2206 2048 eloquium

1214 2075 1324 2098 suum
1358 2070 1488 2107 terrae,
1518 2061 1803 2111 inspirationem
1831 2061 1969 2097 scilicet
1993 2057 2209 2108 hujusmodi

1216 2121 1419 2158 infundens
1434 2121 1586 2167 animae,
1609 2120 1655 2157 ad
1674 2134 1787 2170 quam
1805 2121 1984 2158 velociter
1997 2119 2114 2155 currit
2129 2131 2206 2154 ser-

1215 2194 1276 2217 mo
1303 2180 1404 2229 ejus,
1429 2194 1505 2217 non
1535 2194 1754 2217 reversurus
1780 2181 1825 2218 ad
1853 2194 1936 2217 eum
1960 2191 2120 2223 vacuus;
2142 2176 2206 2213 sed

1214 2240 1322 2276 faciet
1343 2252 1591 2289 quaet-umque
1608 2241 1706 2283 vult,
1727 2249 1764 2276 et
1784 2238 2069 2289 prosperabitur
2090 2238 2127 2273 in
2149 2237 2206 2272 his

1212 2299 1259 2334 ad
1280 2312 1362 2348 quae
1384 2299 1484 2335 misit
1500 2299 1604 2335 illud.
1632 2299 1742 2336 Unde
1764 2308 1801 2335 et
1823 2300 1881 2335 hie
1900 2299 2012 2335 mittit
2037 2297 2206 2345 discipu—

1215 2358 1271 2393 los
1291 2371 1378 2394 suos
1395 2358 1430 2393 in
1450 2358 1641 2394 castellum
1664 2358 1736 2394 lioc
1750 2386 1759 2403 ,
1782 2358 1889 2407 qnod
1911 2366 2042 2393 contra
2058 2369 2122 2393 eos
2137 2363 2205 2392 est.

1215 2421 1260 2454 Et
1287 2417 1332 2453 ad
1353 2417 1469 2466 qnid?
1496 2421 1547 2455 Ut
1567 2418 1708 2454 asinam
1735 2431 1848 2466 quam
1879 2419 1916 2453 in
1939 2431 1984 2453 eo
2015 2416 2210 2465 reperiunt

1214 2477 1425 2525 alligatam,
1454 2485 1489 2513 ct
1519 2477 1666 2525 pullum
1688 2490 1772 2513 cum
1796 2490 1858 2521 ea,
1881 2477 2052 2520 solvant,
2084 2483 2121 2511 et
2140 2474 2207 2510 ad-

1218 2535 1360 2572 ducant
1377 2536 1423 2572 ad
1441 2549 1540 2572 eum.
1559 2536 1631 2583 Qui
1647 2535 1751 2584 jussa
1770 2537 2028 2585 perficientes,
2049 2548 2125 2570 nou
2141 2548 2204 2570 so—

1213 2596 1289 2631 lum
1318 2595 1474 2631 solvunt
1502 2603 1541 2631 et
1563 2595 1609 2630 ad
1627 2608 1713 2630 eum
1735 2595 1948 2638 adducunt,
1966 2593 2030 2629 sed
2050 2601 2090 2628 ut
2110 2606 2202 2641 pro-

1167 2658 1198 2691 D
1215 2662 1388 2702 speretur
1404 2652 1561 2689 verbum
1577 2653 1623 2688 de
1639 2666 1706 2688 ore
1723 2653 1919 2702 egrediens
1934 2653 1969 2687 in
1987 2652 2043 2687 liis
2060 2651 2105 2687 ad
2123 2663 2207 2699 qua:

1216 2713 1328 2748 mittit
1347 2712 1458 2757 illud,
1479 2712 1701 2748 vestimenta
1722 2725 1788 2748 sua
1810 2713 2036 2761 imponunt,
2058 2718 2094 2745 et
2116 2723 2200 2746 eum

1217 2771 1381 2819 desuper
1403 2770 1532 2807 sedere
1561 2771 1711 2806 faciunt.
1738 2770 1794 2806 Ad
1818 2772 1888 2806 hoc
1908 2778 2077 2819 spectare
2103 2769 2210 2804 ride-

1216 2839 1296 2875 tur,
1314 2829 1417 2878 quod
1436 2830 1500 2878 qui
1518 2834 1647 2865 eniitcae't
1666 2834 1850 2877 eloquium
1870 2843 1973 2864 suum
1994 2838 2122 2872 terrm,
2144 2831 2211 2863 dat

1216 2895 1332 2925 nivem
1353 2894 1443 2925 sicut
1462 2893 1612 2931 latmm,
1635 2889 1796 2926 induens
1819 2903 1883 2925 eos
1908 2902 1976 2938 per
1999 2888 2181 2936 justitiam
2199 2917 2208 2930 ,

1214 2949 1277 2998 qui
1300 2949 1473 2997 primitus
1494 2949 1615 2997 frigidi
1636 2958 1742 2985 erant
1757 2963 1824 2998 per
1839 2950 1987 2998 eulpam
2008 2963 2014 2983 :
2036 2948 2206 2983 achalam

1214 3013 1306 3043 sicut
1328 3013 1488 3042 cimfrem
1513 3013 1656 3056 spargit
1670 3037 1680 3051 ,
1708 3009 1830 3045 infusa
1852 3009 1922 3045 illis
1936 3037 1944 3050 ,
1974 3008 2038 3056 qui
2059 3006 2207 3043 obscuri

1215 3075 1323 3102 erant
1337 3080 1404 3116 per
1421 3067 1686 3115 ignorantiam,
1707 3069 1836 3104 notitia
1851 3067 2105 3116 corruptionis
2119 3079 2208 3107 suiv,

1217 3127 1385 3161 concutit
1405 3124 1421 3147 ¹¹
1441 3140 1506 3163 eos
1527 3140 1594 3176 per
1615 3129 1889 3176 ptrniteutiam.
1915 3130 2028 3163 Mittit
2053 3129 2207 3171 rrjrstal-

1219 3189 1290 3220 lum
1316 3199 1422 3220 suam
1444 3190 1535 3221 sieut
1554 3186 1750 3226 lua-cellas.
1773 3188 1854 3223 illos
1875 3186 1943 3223 sibi
1962 3187 2207 3234 invni-porum

1319 3314 1432 3340 tuen.
1453 3321 1507 3344 xi,
1536 3313 1568 3343 i.
1594 3315 1623 3340 ζῑ.
