2418 3949
90 107 162 142 449

83 182 193 219 nobis
209 194 380 219 creamus
397 181 671 218 habitationum
686 182 910 219 honestates.
932 186 974 219 In
992 181 1073 231 qui-
1085 180 1112 197 ²¹

624 108 852 143 EPISTOLA
882 108 946 142 AD
976 107 1193 142 FRATRES
1225 108 1286 140 mi
1317 108 1601 142 MONTE-DEI.

1121 179 1243 217 ⁷riora
1265 191 1391 218 nostra
1405 210 1414 226 ,
1437 184 1483 219 ad
1501 183 1781 220 similitudinem
1803 183 1938 219 mentis
1957 190 2082 232 aptata
2100 190 2137 218 et

2067 105 2138 140 450

81 241 153 279 bus
173 250 318 279 tantum
335 254 570 291 compassum
590 251 646 279 est
659 241 904 287 animalibus,
921 249 961 278 ut
977 253 1074 290 pene
1091 240 1123 274 A
1141 241 1366 290 composita,
1383 250 1420 277 et
1432 241 1534 278 bono
1550 244 1748 292 proposito
1763 256 1831 279 suo
1849 242 1963 279 modo
1980 254 2136 291 respon-

81 314 213 338 omnes
233 302 271 338 in
290 302 363 338 hoc
382 301 505 338 effecti
527 300 642 338 simus
662 301 853 338 animales.
873 301 1072 338 Dimissam

81 360 181 396 enim
202 359 311 396 nobis
328 373 347 397 a
375 359 545 409 patribus
569 360 706 396 nostris
723 359 810 408 jure
835 359 1072 396 haereditario

82 418 239 455 formam
255 419 487 469 paupertatis
499 448 508 464 ,
527 427 564 455 et
580 427 714 455 sanctae
728 418 975 468 simplicitatis
990 430 1073 467 spe-

81 477 175 514 ciem
189 506 198 523 ,
219 491 351 515 verum
373 478 548 514 decorem
569 477 703 514 domus
722 478 811 523 Dei,
831 477 1036 513 alienantes
1051 489 1072 512 a

81 536 191 573 nobis
213 546 250 574 et
278 551 298 574 a
326 537 427 574 cellis
445 537 605 583 nostris,
637 550 704 587 per
726 549 858 573 manus
884 536 1069 572 artificum

78 597 353 646 exquisitorum
369 596 496 642 cellas,
518 609 595 632 non
615 605 688 633 tam
705 595 934 640 eremiticas,
956 607 1069 644 quam

77 656 298 693 aromaticas
317 655 544 692 aedificamus
563 655 672 692 uobis
685 684 694 701 ‚
717 655 880 704 singulas
903 655 940 691 in
960 655 1069 690 titulo

76 723 227 751 centum
254 714 459 764 solidorum
475 741 484 759 ,
521 714 845 764 concupiscentias
871 714 1069 750 oculorum

78 781 296 809 nostrorum
316 772 362 809 de
381 773 630 821 eleemosynis
650 785 873 822 pauperum.
893 778 1071 822 Amputa,

77 832 259 877 Domine,
275 831 526 882 opprobrium
543 840 693 868 centum
713 831 920 868 solidorum
938 845 956 867 a
973 831 1074 867 cellis

78 903 289 941 pauperum
310 899 474 928 tuorum.
499 894 573 928 Cur
593 903 670 927 non
691 890 816 940 potius
833 899 985 927 centum
1007 891 1074 926 de-

1139 299 1277 335 dentia.
1308 301 1517 349 Pauperior
1550 302 1649 337 enim
1683 302 1806 338 cultus
1836 302 1875 338 in
1903 301 1984 338 aliis
2013 301 2135 337 frenat

1138 359 1482 408 concupiscentiam
1505 374 1511 395 :
1540 360 1577 395 in
1606 360 1687 396 aliis
1716 361 1813 397 circa
1841 374 2007 397 amorem
2034 374 2132 410 pau-

1138 418 1294 465 pertatis
1324 418 1438 454 afficit
1467 419 1745 455 conscientiam.
1778 420 1850 456 Sed
1881 429 1917 456 et
1945 421 2131 456 intentum

1137 475 1384 512 interioribus
1404 477 1480 513 suis
1506 478 1672 513 animum
1694 479 1810 527 magis
1831 479 1964 515 decent
1991 479 2132 515 inculta

1137 535 1263 570 omnia
1293 544 1330 570 ct
1362 536 1529 584 neglecta
1557 537 1742 573 exteriora
1776 552 1782 572 ε
1816 538 1954 587 quibus
1986 539 2133 575 animus

1135 593 1237 642 ipsea
1257 594 1392 642 saepius
1411 594 1497 629 alibi
1515 597 1729 631 conversari
1745 596 1998 645 dignoscitur3
2018 611 2132 647 seque

1135 651 1225 688 alibi
1239 653 1354 701 magis
1369 661 1588 702 occupatam
1604 654 1763 690 intentio
1775 664 1903 691 saneta
1916 657 2132 702 denuntiat3

1135 719 1172 747 et
1189 712 1391 747 efficaciter
1406 710 1516 747 bonae
1533 713 1770 749 conscientiae
1786 715 1961 750 conciliat
1979 716 2131 751 interio-

1140 783 1201 815 ra,
1227 771 1286 806 cui
1305 770 1433 806 omnia
1453 771 1641 806 exteriora
1664 771 1814 808 viluisse
1835 774 2038 809 renuntiat.
2060 773 2130 811 Ob*

1140 842 1246 865 secro
1274 842 1383 877 ergo,
1408 836 1448 864 ut
1477 838 1653 865 maneant
1677 830 1779 866 cellae
1808 831 1880 866 illae
1901 831 2136 868 delicatiores

1140 889 1236 925 sicut
1261 889 1366 924 factae
1389 896 1497 934 sunt,
1527 887 1591 924 sed
1614 902 1691 925 non
1713 898 1855 925 crescat
1874 902 2054 926 numerus
2075 903 2136 926 ea-

82 951 304 987 uariorum?
332 963 400 986 cur
419 963 497 986 non
519 950 643 1000 potius
665 950 884 986 nullorum?
907 963 974 986 cur
994 963 1071 986 non
1092 948 1118 982 B
1137 961 1222 984 rum
1241 963 1248 984 ε
1268 948 1418 996 sintque
1439 948 1477 983 in
1498 948 1774 985 valetudinaria
1798 949 1977 986 fratribus
1994 951 2139 986 anima-

79 1009 206 1059 potius
219 1008 332 1058 gratis
351 1009 416 1045 filii
435 1010 562 1058 gratiae
576 1009 647 1059 ipsi
662 1008 733 1045 sibi
749 1008 958 1045 aedificant?
974 1009 1073 1056 Quid

78 1081 302 1118 responsum
318 1076 373 1105 est
387 1068 532 1117 Moysi,
552 1081 637 1105 cuin
653 1076 932 1105 consummaret
952 1067 1076 1105 taber-

81 1129 284 1165 naculum?
303 1129 414 1173 Vide,
434 1128 576 1177 inquit,
597 1132 723 1164 onmia
734 1127 857 1175 facito
874 1131 1072 1164 secundum

76 1189 274 1235 exemplar
285 1189 388 1235 quod
400 1196 583 1223 ostensum
601 1196 656 1223 est
670 1187 737 1223 tt'bc'
757 1192 793 1223 ln
811 1197 932 1223 marne
945 1194 968 1224 ¹.
987 1191 1072 1225 Non

75 1260 97 1283 a
114 1246 239 1284 saeculi
253 1245 468 1282 hominibus
483 1246 592 1283 decet
607 1246 687 1283 fieri
704 1245 987 1283 tabernaculum
1006 1247 1073 1282 Dei

76 1319 161 1343 cum
178 1304 406 1342 hominibus.
426 1306 502 1355 Ipsi
517 1304 654 1354 quibus
670 1306 707 1341 in
726 1305 922 1342 altitudine
938 1305 1074 1342 mentis

76 1365 290 1403 ostenditur
316 1365 510 1414 exemplar
541 1365 620 1401 veri
649 1364 796 1401 decoris
826 1365 962 1401 domus
981 1365 1071 1410 Dei,

80 1426 152 1477 ipsi
170 1425 355 1462 aedificent
377 1423 460 1461 sibi.
481 1425 558 1473 Ipsi
578 1423 717 1473 quibus
738 1424 952 1461 sollicitudo
972 1425 1072 1461 inte-

78 1486 225 1522 riorum
256 1497 412 1521 suorum
444 1491 706 1533 contemptum
742 1492 780 1520 et
808 1485 1073 1533 negligentiam

75 1543 211 1581 indicit
230 1543 401 1580 omnium
422 1543 653 1580 exteriorum
668 1572 677 1589 ,
698 1543 769 1592 ipsi
792 1543 977 1580 aedificent
1003 1544 1073 1580 sibi

80 1605 240 1641 formam
257 1604 509 1654 paupertatiS,
523 1611 560 1639 et
576 1611 712 1639 sanctae
729 1603 976 1652 simplicitatis
992 1616 1075 1652 spe-

80 1665 197 1711 ciem,
218 1671 256 1701 et
275 1671 441 1713 paternae
462 1662 683 1712 frugalitatis
700 1663 939 1699 lineamenta.
963 1663 1072 1700 Nulla

74 1724 176 1761 enim
190 1724 242 1761 sic
255 1721 400 1773 aptabit
412 1723 596 1759 artificum
612 1722 815 1768 industria,
828 1722 924 1759 sicut
939 1736 1071 1760 eorum
1090 1722 1116 1757 C

73 1783 310 1833 negligentia.

126 1843 188 1880 37.
210 1845 331 1891 Ergo,
359 1841 540 1886 obsecro,
568 1841 605 1877 in
628 1841 931 1891 peregrinatione
956 1841 1069 1890 hujus

73 1900 198 1938 saeculi
211 1928 221 1946 ‚
238 1900 277 1936 in
296 1899 427 1935 militia
448 1899 517 1935 hac
534 1912 648 1948 super
666 1907 800 1936 terram
812 1928 821 1945 ,
842 1900 1069 1937 aedificemus

73 1960 201 2006 nobis,
229 1972 306 1996 non
328 1959 463 1996 domos
482 1959 529 1995 ad
557 1958 826 2005 habitandum,
854 1960 918 1997 sed
941 1960 1066 1997 taber—

73 2019 207 2056 nacula
233 2019 280 2056 ad
310 2018 560 2056 deserendum
584 2033 591 2054 τ
614 2027 747 2068 utpote
773 2019 849 2056 cito
879 2020 966 2056 inde
998 2034 1067 2057 vo-

73 2078 202 2123 candi,
235 2086 273 2115 et
300 2078 517 2127 emigraturi
548 2078 586 2114 in
618 2079 775 2127 patriam
810 2088 847 2116 et
879 2080 1065 2117 civitatem

73 2146 260 2183 nostram,
294 2146 331 2174 et
355 2138 393 2174 in
419 2137 572 2174 domum
599 2138 817 2175 aeternitatis
847 2148 996 2176 nostrae.
1021 2143 1063 2176 In

71 2197 202 2234 castris
231 2197 373 2247 quippe
396 2210 547 2243 sumus,
576 2197 614 2233 in
634 2197 756 2233 alieno
782 2198 1003 2244 militamus,
1024 2199 1062 2234 in

70 2256 194 2293 alieno
217 2255 431 2293 laboramus
454 2271 462 2293 ε
483 2257 589 2293 facile
610 2265 664 2293 est
684 2256 868 2306 quidquid
894 2259 1064 2294 naturale

69 2323 136 2352 est.
147 2315 339 2364 Numquid
352 2328 428 2352 non
442 2315 547 2351 facile
559 2323 614 2352 est
627 2315 794 2352 solitario
804 2345 813 2362 ,
825 2325 862 2352 et
874 2317 1062 2353 sufficiens

71 2383 230 2420 naturae,
259 2385 296 2412 et
324 2376 414 2412 utile
440 2376 701 2421 conscientiae,
731 2377 802 2426 ipsi
831 2376 899 2413 sibi
927 2378 1058 2414 cellam

69 2434 116 2472 de
146 2434 259 2484 virgis
281 2443 502 2481 contexere,
530 2435 576 2472 de
599 2436 678 2472 luto
705 2436 909 2485 plasmare,
939 2436 1058 2473 unde-

70 2507 231 2543 cumque
248 2494 416 2543 operire,
437 2503 474 2532 et
494 2494 754 2531 decentissime
777 2494 1010 2531 inhabitare?
1028 2504 1064 2532 ct
1081 2497 1112 2530 l)

69 2553 159 2604 quid
177 2553 338 2603 amplius
353 2562 409 2590 est
425 2554 722 2603 requirendum?
737 2555 901 2601 Credite,
917 2555 1061 2601 fratres,

69 2621 106 2649 et
131 2613 273 2649 utinam
297 2612 461 2663 experiri
485 2612 593 2649 vobis
616 2626 691 2649 non
720 2614 913 2664 contingat
939 2629 946 2650 :
974 2615 1062 2663 quia

69 2672 368 2723 pulchritudines
394 2674 473 2710 istae
501 2682 537 2710 ct
560 2674 726 2710 forenses
747 2674 960 2710 honestates
988 2675 1062 2711 cito

69 2733 176 2770 virile
189 2732 428 2782 propositum
446 2742 650 2778 enervant,
667 2742 704 2769 et
722 2733 968 2770 masculinum
986 2734 1062 2770 ani-

71 2804 172 2828 mum
193 2791 426 2829 effeminant.
460 2796 552 2829 Nam
580 2793 648 2829 etsi
677 2793 759 2842 ipso
779 2806 877 2842 saepe
901 2806 969 2830 usu
1000 2806 1060 2829 so-

70 2850 227 2899 piuntur
241 2863 369 2887 earum
386 2840 672 2896 delectationes,
689 2852 758 2888 etsi
775 2853 847 2888 sint
863 2853 978 2902 aliqui
995 2853 1059 2901 qui

71 2917 224 2947 utantur
249 2909 468 2959 hujusmodi
497 2912 603 2960 quasi
633 2925 708 2948 non
738 2920 904 2958 utentcs;
938 2921 1061 2949 tamen

70 2976 290 3018 contemptu
330 2970 488 3015 melius,
525 2984 637 3020 quam
675 2984 744 3008 usu
779 2972 1059 3021 exstirpantur,

71 3035 107 3063 et
134 3028 336 3065 vincuntur
363 3029 580 3079 hujusmodi
603 3029 830 3067 affectiones.
854 3031 1064 3068 Conferunt

72 3087 182 3124 etiam
209 3101 286 3125 non
314 3089 504 3127 modicum
533 3089 776 3128 interioribus
805 3091 943 3127 nostris
963 3102 1063 3129 exte-

123 3212 130 3227 ¹
153 3207 251 3240 Exod.
269 3220 346 3247 xxv,
364 3213 418 3242 40.
437 3230 476 3234 --
498 3216 509 3231 ²
531 3211 628 3242 Hrbr.
648 3224 701 3247 xi,
724 3215 836 3249 9,10,
859 3216 896 3242 13
913 3216 1071 3250 ,1-ἰ,1Γι.

231 3279 319 3302 ΤΟἊῘ.
353 3282 387 3303 V.

1140 1006 1238 1043 libus
1254 1015 1291 1043 et
1310 1006 1583 1043 infirmioribus
1597 1036 1606 1052 ‚
1626 1007 1747 1044 donec
1765 1008 2049 1054 convalescant;
2070 1009 2141 1045 hoc

1139 1075 1215 1111 est,
1237 1066 1420 1116 incipiant
1442 1066 1677 1112 desiderare,
1698 1080 1776 1103 non
1794 1068 2068 1104 valetudinaria
2084 1070 2140 1104 in-

1139 1127 1336 1163 firmorum
1348 1155 1357 1171 ,
1372 1125 1436 1162 sed
1452 1125 1695 1162 tabernacula
1709 1126 1948 1163 militantium
1964 1128 2001 1163 in
2013 1128 2142 1164 castris

1138 1186 1220 1223 Dei.
1234 1189 1412 1222 Maneant
1427 1185 1463 1221 in
1480 1185 1696 1234 exemplum
1712 1186 1874 1235 posteris
1887 1186 2040 1233 vestris,
2055 1187 2142 1235 quia

1140 1246 1229 1282 tales
1246 1244 1446 1290 habuistis,
1469 1252 1506 1281 et
1523 1244 1728 1294 sprevistis.

1474 1376 1650 1414 CAPUT
1678 1376 1797 1414 XIII.

1142 1491 1293 1533 Exemplo
1337 1491 1509 1533 priscorum
1543 1489 1768 1522 monachorum
1783 1514 1791 1528 ,
1827 1490 2044 1527 eremitarum,
2083 1491 2144 1521 imo

1185 1544 1302 1577 Christi
1325 1545 1548 1586 Apostolorum
1569 1549 1598 1574 et
1621 1542 1791 1585 primorum
1815 1543 1972 1581 fidelium,
2000 1543 2142 1575 hortatur

1185 1599 1224 1629 ad
1242 1598 1424 1630 modestiam
1437 1622 1445 1636 ,
1466 1598 1520 1629 otii
1536 1597 1639 1639 sugam
1651 1622 1658 1635 ,
1678 1603 1708 1628 et
1722 1597 1913 1639 paupertatis
1930 1608 2080 1629 amorem.

1190 1728 1250 1764 38.
1269 1730 1345 1763 Vos
1362 1734 1485 1763 autem
1504 1726 1569 1775 qui
1589 1726 1802 1775 spirituales
1820 1726 1906 1763 estis
1921 1754 1930 1771 ,
1953 1726 2048 1762 sicut
2068 1729 2140 1762 He-

1135 1784 1246 1831 braei,
1274 1785 1311 1821 id
1335 1793 1390 1821 est
1413 1792 1674 1829 transeuntes,
1701 1798 1778 1821 non
1804 1784 1983 1822 habentes
2005 1786 2064 1822 hic
2083 1786 2135 1821 ci-

1135 1844 1288 1880 vitatem
1325 1851 1561 1887 manentem,
1585 1842 1650 1878 sed
1681 1843 1845 1879 futuram
1877 1844 2134 1892 inquirentes;

1134 1903 1315 1939 aedificate
1329 1901 1457 1947 vobis,
1475 1901 1571 1937 sicut
1585 1901 1747 1950 coepistis
1759 1931 1768 1947 ‚
1787 1902 1930 1938 casulas
1946 1903 1983 1938 in
1998 1902 2136 1951 quibus

1134 1962 1322 1998 habitetis.
1356 1965 1399 1998 In
1429 1961 1564 1997 casulis
1592 1961 1692 1996 enim
1714 1960 1982 1998 habitaverunt
2007 1970 2133 2012 patres

1134 2022 1251 2058 nostri
1267 2051 1276 2067 ‚
1299 2020 1510 2057 habitantes
1529 2020 1564 2056 in
1588 2028 1686 2056 terra
1704 2020 2009 2069 repromissionis
2027 2022 2132 2071 quasi

1133 2082 1169 2118 in
1192 2082 1335 2125 aliena;
1357 2093 1441 2116 cum
1465 2079 1726 2116 cohaeredibus
1748 2080 2052 2129 repromissionis
2069 2094 2132 2117 ex-

1133 2149 1344 2191 spectantes
1380 2139 1623 2176 fundamenta
1665 2138 1868 2175 habentem
1906 2139 2094 2176 civitatem
2118 2168 2127 2184 ‚

1131 2202 1238 2250 cujus
1256 2201 1388 2238 artifex
1408 2208 1445 2236 et
1462 2199 1639 2235 conditor
1655 2207 1710 2235 est
1724 2203 1826 2236 Deus
1844 2214 1851 2234 :
1875 2212 1950 2235 non
1967 2201 2130 2250 acceptis

1130 2258 1508 2310 repromissionibus,
1542 2258 1607 2295 scd
1636 2272 1656 2294 a
1677 2259 1789 2307 longe
1820 2271 1881 2294 eas
1906 2259 2128 2308 aspicientes

1129 2330 1165 2357 ct
1185 2321 1409 2364 salutantes,
1428 2327 1464 2354 ct
1485 2318 1581 2354 conti
1590 2326 1728 2363 tentes,
1751 2318 1838 2366 quia
1857 2317 2026 2367 hospites
2042 2327 2129 2355 sunt

1127 2389 1162 2416 ct
1179 2379 1366 2429 peregrini
1382 2392 1496 2428 super
1515 2386 1667 2414 terram.
1681 2377 1753 2425 Qui
1768 2379 1868 2413 enim
1884 2377 1962 2413 haec
1978 2377 2123 2423 dicunt,

1127 2440 1339 2490 significant
1360 2452 1398 2475 se
1425 2438 1585 2487 patriam
1609 2437 1798 2486 inquirere
1820 2437 2031 2483 meliorem,
2054 2437 2126 2473 hoc

1131 2508 1185 2536 cst
1206 2500 1393 2535 coelestem
1410 2504 1434 2533 ².
1455 2497 1600 2534 Idcirco
1622 2505 1746 2546 patres
1769 2496 1888 2532 nostri
1906 2496 1942 2531 in
1960 2500 2126 2546 AEgypto

1130 2568 1166 2596 et
1200 2557 1389 2595 Thebaida
1404 2586 1412 2601 ‚
1447 2565 1583 2593 sancta}
1619 2555 1730 2604 hujus
1761 2555 1846 2590 vitae
1874 2554 2124 2592 ardentissimi

1129 2619 1391 2662 aemulatores,
1414 2617 1451 2652 in
1478 2614 1746 2652 solitudinibus
1773 2614 1972 2663 degentes,
2002 2628 2124 2663 augu-

1129 2678 1246 2723 stiati,
1262 2677 1389 2714 al'ssicti
1402 2704 1410 2719 ‚
1429 2675 1566 2724 quibus
1583 2674 1720 2723 dignus
1741 2686 1816 2709 non
1839 2682 1917 2709 erat
1935 2674 2098 2710 mundus
2117 2689 2123 2709 :

1129 2738 1199 2788 ipsi
1219 2737 1287 2773 sibi
1306 2737 1416 2772 cellas
1434 2734 1667 2771 :edificabant
1683 2763 1691 2778 ‚
1720 2735 1756 2770 in
1778 2732 1916 2782 quibus
1938 2734 2022 2769 tecti
2041 2742 2126 2770 tan-

1130 2797 1326 2834 tummodo
1353 2805 1387 2832 et
1409 2795 1649 2844 circumsepti
1672 2807 1691 2830 a
1716 2792 1863 2829 turbine
1891 2801 1928 2828 et
1956 2807 1975 2829 a
1997 2794 2124 2843 pluvia

1129 2856 1371 2901 tutabantur,
1393 2857 1428 2891 in
1451 2854 1588 2904 quibus
1605 2854 1805 2890 eremiticae
1822 2853 2042 2901 frugalitatis
2059 2854 2126 2890 dc-

1129 2917 1222 2952 liciis
1239 2916 1456 2960 affluentes,
1477 2913 1758 2964 locupletabant
1778 2913 1916 2948 multos
1930 2913 1998 2962 ipsi
2017 2927 2123 2962 egen<

1129 2984 1194 3012 tes.
1212 2979 1316 3023 Quos
1333 2988 1409 3024 quo
1428 2977 1581 3010 nomine
1602 2974 1753 3023 dignius
1773 2973 1959 3022 appellem
1983 2974 2124 3014 nescio,

1129 3035 1302 3072 homines
1317 3036 1485 3071 coelestes
1498 3063 1506 3078 ,
1526 3047 1571 3070 an
1591 3033 1743 3082 angelos
1760 3041 1972 3078 terrestres,
1991 3032 2127 3081 ‹legen-

1133 3104 1186 3131 tcs
1208 3095 1242 3131 in
1279 3095 1409 3139 terris,
1433 3094 1496 3130 sed
1524 3093 1847 3130 conversationem
1878 3091 2058 3127 habentes
2089 3093 2123 3126 in

1223 3220 1235 3235 ¹
1258 3215 1343 3245 Alias
1358 3214 1476 3244 additui
1500 3213 1607 3243 incola
1626 3211 1745 3242 domm.
