2504 3928
271 227 320 262 50
1037 221 1325 257 GILLEBERTI
1356 224 1552 259 Antn'sts
2263 227 2313 263 (30

269 311 306 338 et
330 301 435 351 quasi
467 298 676 347 disquirere
708 304 743 332 et
768 302 978 344 penetrare.
1018 300 1091 333 Nec
1122 297 1262 333 inutilis
1279 296 1310 314 ’²
1328 297 1568 347 depr-mucre,
1590 310 1658 334 nec
1683 297 1893 334 :emulando
1918 299 2140 348 exprimere.
2163 303 2314 339 Cunctae

267 360 346 396 lta‘c
360 357 615 408 pertransitio.
638 355 832 392 Paululum
851 354 949 390 euim
968 368 1051 391 cum
1067 364 1261 404 pertrans-
1279 358 1308 390 A
1327 370 1384 393 res
1406 357 1574 393 ‹lisliciles
1587 385 1596 401 ,
1617 370 1685 393 nec
1703 357 1802 393 valet
1818 357 1931 393 bomo
1951 371 2012 394 eas
2032 359 2217 407 explicare
2234 373 2310 397 ser-

269 419 376 462 isset,
404 416 545 452 invenit
574 415 764 449 dilectum.
798 411 956 457 vidctis,
985 413 1138 457 fratres,
1170 413 1260 463 quid

269 477 439 527 proliciat
467 472 692 510 consultatio
721 470 947 507 custodum?
968 475 1170 515 Devotam,
1196 472 1260 508 scd

271 548 398 584 vagam
421 533 582 569 animam
615 530 659 567 ad
686 530 943 566 inventionem
971 530 1094 566 dilecti
1123 530 1261 579 perdu-

269 595 330 630 cit.
372 592 481 630 Utilis
510 590 663 639 quidem
694 589 947 626 consultatio:
972 597 1009 625 et
1047 589 1261 638 frequenter

268 652 371 702 quod
391 664 467 687 non
488 650 636 686 confert
657 662 787 685 eorum
806 649 870 697 qui
893 649 1143 684 consuluntur
1169 661 1259 684 eru-

267 712 360 748 ditio
372 740 381 756 ,
398 708 628 746 consulentis
647 716 812 744 meretur
830 707 1030 743 humilitas.
1046 710 1190 743 Bonum
1205 715 1260 743 est

268 779 309 806 ut
328 770 377 806 sis
397 769 443 805 ad
463 766 710 816 quaerendum
727 766 879 802 sedulus
894 794 902 810 ,
929 779 1002 801 nou
1026 774 1147 801 tamen
1165 766 1258 802 assi-

269 830 377 866 duus.
397 832 488 865 'Nam
508 835 544 863 et
565 839 701 875 sponsa
723 839 798 861 non
822 833 893 861 tam
913 837 958 860 ex
981 824 1122 869 studio,
1145 837 1258 873 quam

268 888 466 925 occasione
481 885 655 923 custodes
673 885 898 933 interrogat,
920 893 956 919 et
971 884 1007 919 id
1030 884 1065 919 in
1087 884 1256 920 transitu.

267 947 452 985 Trahebat
467 946 565 982 enim
594 945 694 981 illam
715 945 871 979 ulterius
889 955 993 979 amor
1018 942 1163 987 dilecti,
1192 956 1259 979 nec

266 1020 425 1044 vacuum
451 1018 530 1041 esse
547 1003 690 1041 sinebat
713 1017 756 1039 ex
775 1004 853 1038 otio
874 1002 1046 1038 conferre
1063 1015 1147 1037 cum
1173 1002 1258 1038 illis.

1327 422 1471 452 mone².
1501 417 1536 452 Si
1563 424 1663 452 tanta
1687 415 1885 452 dislicultas
1907 425 1961 452 est
1982 417 2019 453 in
2049 416 2160 453 rebus
2183 419 2315 456 condi-

1327 474 1390 518 tis,
1414 487 1536 510 rerum
1559 477 1759 510 Auctorem
1781 474 1864 522 quis
1884 474 2085 519 indicabit,
2106 476 2162 512 vel
2185 476 2314 525 digne,

1325 533 1382 569 vel
1407 534 1539 582 plene?
1560 533 1649 570 Ideo
1670 533 1759 570 dicit
1783 548 1790 569 :
1817 535 1905 569 Cum
1919 540 2201 582 pertransissem
2220 539 2314 572 illos.

1378 592 1412 627 3.
1435 592 1586 628 Utinam
1622 605 1690 628 nos
1723 592 1813 628 tales
1845 593 1960 628 simus
1992 593 2182 630 auditores
2207 594 2315 631 verbi

1325 650 1391 686 Dei
1409 678 1418 694 ,
1443 651 1507 699 qui
1528 664 1603 686 non
1633 651 1922 688 succumbamus
1942 652 1997 688 his
2017 665 2100 701 quae
2124 652 2313 699 dicuntur,

1325 709 1383 744 vel
1411 709 1581 745 tardante
1609 710 1778 758 ingenio,
1800 711 1857 746 vel
1877 719 2026 760 tepente
2046 719 2156 758 vot03
2175 725 2221 748 ne
2247 725 2316 749 nos

1326 767 1387 803 illa
1404 776 1686 816 pertranseant,
1708 783 1754 805 ne
1770 779 1935 806 nostram
1954 770 2135 807 excedant
2150 779 2223 808 tam
2241 771 2317 808 avi-

1325 824 1478 861 ditatem
1500 839 1612 874 quam
1631 828 1871 876 capacitatem
1889 842 1898 872 ;
1922 828 1985 864 sed
2012 829 2126 877 magis
2147 828 2316 866 docentis

1325 897 1436 933 quam
1473 887 1748 923 commonentis
1780 895 2082 936 pertranseamus
2115 896 2315 934 conatum,

1325 942 1467 991 majora
1490 945 1557 980 etsi
1579 945 1747 981 nondum
1770 946 1980 994 capientes,
2004 945 2245 994 conjicientes
2266 954 2318 983 ta-

1325 1015 1432 1046 men,
1454 1011 1517 1038 aut
1543 1012 1643 1039 certe
1671 1005 1990 1052 concupiscentes.
2019 1004 2187 1051 Quadam
2215 1005 2314 1041 enim

265 1065 445 1104 Currcbat
462 1065 498 1100 in
519 1063 643 1100 cordis
658 1063 740 1107 siti,
760 1062 892 1097 liaustu
909 1061 1062 1097 forsitan
1081 1061 1126 1096 de
1146 1073 1258 1110 spon·
1281 1059 1306 1092 B
1323 1060 1467 1096 ratione
1482 1062 1682 1109 pertransit
1696 1062 1799 1110 quod
1817 1062 1885 1098 sibi
1902 1063 2142 1112 proponitur,
2157 1063 2221 1112 qui
2236 1076 2316 1099 am-

265 1126 293 1161 si
317 1124 450 1160 vicinia
469 1123 602 1172 spiritu
627 1135 634 1156 :
660 1129 697 1156 et
720 1120 804 1156 ideo
827 1120 949 1156 minus
972 1119 1192 1155 intendebat
1221 1120 1257 1155 in

267 1184 322 1220 bis
341 1183 405 1231 qui
426 1180 700 1217 benedicebant
715 1192 780 1215 ore
795 1207 804 1223 ,
826 1178 983 1214 tendens
1003 1178 1047 1214 ad
1070 1179 1175 1214 illum
1194 1179 1260 1227 qui

268 1242 455 1280 benedicit
478 1241 513 1276 ir.
537 1240 670 1289 spiritu
684 1267 693 1284 ,
719 1239 782 1287 qui
799 1246 855 1273 est
872 1251 984 1286 super
999 1237 1125 1273 omnia
1146 1237 1262 1274 bene-

267 1302 389 1338 dictus
414 1300 451 1335 in
472 1299 606 1335 saecula
626 1301 738 1334 Deus.

320 1359 354 1397 2.
374 1358 566 1396 Advertite
584 1355 701 1398 istud,
715 1368 783 1391 vos
802 1354 866 1403 qui
888 1353 925 1390 in
945 1354 1100 1390 transitu
1125 1355 1240 1391 oratis
1253 1383 1263 1402 ,

266 1428 401 1456 etcum
421 1430 525 1454 mora
542 1416 663 1464 legitis·
680 1430 687 1451 :
704 1415 767 1463 qui
795 1413 841 1450 ad
867 1413 1066 1462 legendum
1087 1413 1238 1450 fervetis
1250 1442 1260 1454 ,

268 1479 306 1516 in
326 1477 476 1514 orando
499 1476 644 1525 tepetis.
662 1474 783 1511 Debet
798 1474 910 1510 tectio
931 1474 1091 1509 orationi
1107 1473 1261 1520 servire,

268 1549 481 1588 praeparare
497 1535 692 1579 affectum3
714 1546 790 1569 non
812 1533 924 1569 boras
949 1533 1175 1582 praeripere,
1197 1545 1265 1568 nec

265 1595 459 1633 succidere
487 1607 623 1630 moras.
650 1596 742 1631 Cum
770 1593 879 1641 legis,
900 1592 1061 1628 erudiris
1082 1592 1128 1628 de
1155 1592 1264 1629 Chri-

266 1664 322 1692 sto
341 1669 349 1690 :
371 1667 483 1690 orans
503 1666 613 1697 vero,
634 1652 813 1688 familiare
828 1664 912 1688 cum
929 1650 1010 1700 ipso
1031 1652 1122 1687 seris
1139 1651 1262 1687 collo-

269 1715 416 1764 quium.
431 1716 477 1749 Et
493 1721 635 1761 quanto
651 1711 832 1748 suavioris
852 1719 906 1746 est
919 1711 1050 1759 gratiae
1070 1723 1154 1746 cum
1177 1710 1261 1756 illo,

269 1786 382 1823 quam
417 1772 464 1807 de
495 1772 560 1807 illo
592 1771 721 1819 loqui?
746 1770 781 1807 Si
811 1770 982 1819 quaedam
1012 1769 1261 1819 spiritualium

1324 1118 1445 1167 pliora
1465 1128 1642 1165 sectatur,
1669 1121 1841 1169 quamvis
1863 1134 1938 1156 non
1961 1129 2214 1170 consequatur
2240 1130 2317 1158 sta-

1328 1177 1404 1213 tim.
1434 1181 1579 1228 Sponsa
1600 1192 1688 1215 vero
1711 1188 1910 1215 consecuta
1931 1189 1986 1216 est
2009 1194 2016 1216 :
2039 1188 2197 1229 propter
2215 1180 2317 1229 quod

1327 1236 1466 1272 electaa
1489 1237 1685 1283 decantat,
1722 1239 1810 1273 Cum
1831 1243 2116 1286 pertransissem
2140 1241 2236 1283 illos,
2259 1244 2319 1274 in-

1328 1300 1407 1330 veni
1426 1310 1532 1343 quem
1553 1299 1670 1346 diligit
1689 1303 1820 1333 anima
1841 1311 1934 1333 mea.
1957 1298 2096 1345 Quidni
2124 1306 2318 1347 pertrans-

1329 1362 1389 1390 eat
1412 1354 1516 1401 illos,
1536 1369 1697 1404 quorum
1727 1364 1764 1392 et
1790 1356 1952 1392 scientiae
1975 1364 2030 1392 est
2050 1368 2228 1392 numerus
2243 1383 2253 1400 ‚
2281 1363 2319 1392 et

1330 1420 1473 1448 naturae
1490 1413 1649 1451 modus?
1670 1414 1737 1450 Ille
1757 1427 1849 1450 vero
1865 1415 1927 1463 qui
1946 1414 2140 1463 quaeritur,
2165 1426 2320 1463 magnus

1330 1480 1367 1507 et
1383 1472 1585 1509 immensus
1598 1502 1606 1518 ,
1623 1482 1659 1509 et
1676 1486 1750 1509 non
1766 1473 2014 1510 aestimabitur
2028 1474 2121 1510 alius
2136 1473 2182 1510 ad
2200 1474 2317 1510 illum.

1329 1533 1412 1566 Non
1433 1544 1522 1580 ergo
1553 1541 1677 1581 potest
1702 1533 1825 1569 alieno
1847 1533 2094 1578 documento,
2112 1540 2177 1569 aut
2195 1545 2321 1569 exem-

1329 1590 1392 1638 plo
1410 1604 1456 1627 ex
1474 1605 1583 1641 aequo
1600 1593 1795 1642 perpendi.
1814 1593 1962 1642 Reliqui
1979 1605 2110 1629 omnes
2127 1600 2319 1641 pertrans-

1328 1648 1435 1686 ibiles
1455 1659 1542 1687 sunt
1564 1666 1571 1687 ε
1593 1652 1694 1688 solus
1724 1652 1803 1700 ipse
1829 1652 2048 1701 pertransiri
2077 1664 2153 1688 non
2178 1659 2315 1701 potest.

1328 1709 1499 1757 Denique
1534 1710 1623 1746 dicit
1655 1725 1663 1747 ε

1327 1773 1583 1816 concupiscitis
1604 1783 1674 1813 me,
1697 1778 1732 1805 et
1746 1782 1770 1803 α
1780 1769 2079 1817 generatione’bus
2096 1773 2184 1804 meis
2200 1770 2318 1804 adim-

1701 1712 1869 1745 Tmnsite
1903 1713 1956 1745 ad
1984 1724 2064 1754 me,
2099 1724 2224 1745 omnes
2253 1716 2318 1757 qui

272 1831 494 1868 detrimenta
508 1828 1260 1877 sustinentvisitationum,propteroran-
1280 1823 1481 1871 Cplemslli
1492 1826 1518 1863 3-
1550 1829 1730 1872 Tt‘llslsllC,
1757 1827 1897 1875 iss‘lUit,
1927 1830 1980 1862 ‘Nl
1996 1841 2076 1871 ’1)θὶ
2096 1840 2171 1863 ΠΟΠ
2187 1856 2195 1871 2
2227 1830 2320 1864 Pel'-

273 1890 311 1927 di
334 1890 522 1926 raritatem
538 1918 547 1934 ,
567 1889 630 1937 qui
654 1887 804 1923 lectioni
828 1887 1087 1923 vehementius
1107 1894 1264 1931 vacant3

271 1949 361 1999 quid
377 1949 543 1985 dicemus
557 1948 603 1983 de
619 1947 675 1983 his
693 1959 789 1995 quos
807 1954 870 1982 aut
887 1945 1172 1994 indisciplinatae
1190 1946 1265 1981 col-

270 2008 480 2044 locutiones
513 2006 744 2050 dissolvunt,
778 2005 838 2040 vel
874 2004 995 2040 anxiae
1036 2004 1263 2051 quaestiones

269 2065 469 2102 scindunt?
490 2064 663 2112 Denique
682 2062 953 2099 monachorum
971 2070 1027 2098 est
1043 2074 1118 2097 non
1137 2062 1261 2098 eollo-

269 2125 424 2175 quium,
451 2123 516 2160 sed
545 2123 734 2159 silentium
769 2135 777 2157 ;
810 2134 887 2157 non
919 2120 1167 2170 quaestiones,
1198 2120 1263 2157 sed

269 2184 433 2233 quietem
450 2182 596 2220 sectari.
612 2186 686 2218 Aut
707 2181 737 2217 si
757 2180 989 2216 admittenda
1004 2188 1060 2215 est
1077 2179 1264 2228 inquietu-

270 2244 341 2288 do,
370 2241 580 2278 dilectionis
609 2252 689 2276 esse
724 2239 858 2284 debet,
887 2252 963 2275 non
996 2239 1260 2275 contentionis.

268 2301 391 2338 Habet
406 2301 505 2337 enim
524 2311 630 2335 amor
647 2307 799 2334 sanctus
817 2298 1116 2347 inquietudinem
1134 2310 1258 2343 suam,

269 2359 332 2396 sed
349 2359 496 2408 qualem
515 2358 604 2406 legis
622 2357 721 2406 apud
739 2357 962 2406 proplietam
986 2371 992 2392 :
1018 2359 1102 2392 Non
1117 2356 1257 2400 tacebo,

270 2428 304 2454 et
320 2432 392 2453 non
413 2422 621 2466 quiescam,
658 2418 772 2451 donec
797 2419 1011 2465 egrediatur
1032 2426 1070 2452 11!
1087 2418 1264 2464 splendor

267 2483 413 2524 justus,
443 2486 478 2511 et
496 2479 654 2511 salvator
682 2484 722 2510 ut
749 2478 895 2523 lampas
924 2477 1182 2511 accendatur'.
1202 2479 1260 2513 An

269 2549 346 2573 non
370 2535 526 2571 similem
553 2535 666 2570 animi
696 2534 751 2569 sui
780 2535 992 2583 passionem
1025 2534 1171 2569 intimat
1193 2534 1261 2570 ista

1331 1884 1498 1921 transite.
1530 1888 1702 1933 Quonam
1736 1886 1835 1922 enim
1864 1886 1978 1922 modo
2003 1886 2222 1936 pertransiri
2247 1899 2319 1935 po-

1331 1951 1418 1988 test,
1438 1944 1541 1992 quod
1576 1944 1799 1980 immensum
1829 1946 1909 1980 est?
1936 1946 2117 1980 Mensura
2144 1944 2262 1989 bona,
2287 1954 2323 1981 et

1329 2007 1534 2050 coagitata,
1558 2012 1593 2038 et
1611 2002 1797 2051 conserta,
1822 2012 1856 2038 et
1879 2006 2136 2052 supereffluens
2156 2003 2318 2048 dabitur,

1327 2060 1470 2109 inquit,
1508 2066 1545 2097 in
1573 2063 1690 2097 sinum
1718 2062 1917 2098 vestrum&
1943 2062 2058 2099 Vobis
2090 2062 2321 2100 immensitas

1328 2118 1565 2168 dispensatur
1592 2120 1630 2156 in
1655 2133 1829 2156 mensura
1861 2135 1868 2156 :
1898 2134 1983 2156 nam
2010 2121 2048 2156 in
2076 2133 2114 2157 se
2138 2121 2320 2158 immensa

1328 2186 1396 2214 est.
1419 2182 1499 2216 Non
1521 2180 1583 2224 ait,
1603 2180 1789 2228 Replens3
1807 2178 2180 2227 sed,s1cpercffluens.
2201 2180 2236 2217 Si
2254 2193 2319 2216 er-

1329 2250 1375 2285 go
1398 2250 1572 2274 mensura
1601 2239 1683 2287 capi
1712 2251 1787 2274 non
1812 2246 1956 2286 potest,
1983 2238 2212 2275 immensitas
2238 2239 2318 2288 ipsa

1327 2297 1480 2345 quando
1496 2298 1685 2347 capietur?
1701 2301 1784 2346 Quo
1800 2306 1909 2346 pacto
1927 2298 2145 2347 pertransiri
2162 2299 2315 2347 poterit,

1325 2356 1426 2405 quod
1449 2370 1516 2392 nec
1533 2357 1614 2406 capi
1633 2358 1742 2406 plene
1763 2357 1912 2406 potest?
1928 2358 2100 2406 Denique
2119 2370 2186 2394 nec
2202 2370 2318 2407 spon-

1325 2428 1363 2451 sa
1398 2416 1625 2464 pertransire
1662 2417 1773 2462 vult,
1803 2415 1867 2452 sed
1903 2415 1993 2452 dicit
2026 2430 2034 2452 τ

1326 2476 1507 2509 dimittam
1544 2477 1660 2510 illum.
1686 2476 1887 2510 Paululum
1927 2489 2008 2510 cum
2037 2480 2315 2521 pertransis-sc‘m

2072 2418 2189 2452 Temci
2198 2445 2209 2460 ‚
2252 2431 2318 2452 nec

1327 2535 1432 2576 illos,
1467 2537 1586 2567 invem*
1616 2546 1723 2580 quem
1760 2535 1882 2581 diligit
1915 2538 2045 2568 (mima
2081 2548 2175 2570 mea.
2207 2537 2317 2571 Forte

268 2608 352 2631 cum
370 2594 460 2630 dicit
482 2609 488 2629 :
516 2595 605 2627 Fam
625 2597 905 2641 pertratis-issem
924 2595 1035 2628 illos?
1056 2591 1261 2629 Ferebatur
1280 2590 1311 2624 D
1329 2591 1533 2640 propinqui
1571 2599 1676 2626 erant
1704 2603 1842 2639 sponso
1874 2592 2003 2639 vigiles
2033 2592 2091 2637 bi,
2113 2605 2207 2640 quos
2231 2606 2315 2629 cuin

269 2654 412 2704 impetu
443 2651 620 2688 ferventis
652 2651 808 2695 amoris,
830 2651 990 2699 ideoque
1021 2651 1263 2699 pertransisse

270 2725 308 2748 se
328 2710 522 2761 perbibet,
548 2710 652 2759 quasi
674 2709 850 2745 aviditate
871 2718 906 2745 et
924 2708 1109 2745 desiderio
1131 2722 1263 2757 super-

269 2770 442 2820 grediens
469 2768 653 2818 quidquid
681 2768 752 2804 dici
773 2776 931 2817 poterat.
957 2768 1044 2802 Cum
1068 2776 1261 2814 pertrans-

270 2835 374 2864 issem
409 2832 490 2863 illos
510 2858 518 2871 ,
554 2834 673 2862 inveni
711 2842 816 2874 (suem
854 2830 977 2874 diligit
1007 2831 1132 2861 anima
1167 2839 1260 2861 mea.

271 2888 514 2925 pertransivit
547 2888 630 2922 illos
661 2887 718 2922 vel
752 2885 992 2922 eventilando
1021 2885 1229 2921 doctrinam
1249 2913 1258 2929 ,

269 2946 326 2982 vel
362 2944 579 2981 :estimando
607 2953 790 2980 naturam.
828 2944 1069 2980 t‘‹·1·u·ansivit
1089 2953 1126 2979 et
1155 2943 1258 2991 quod

270 3006 392 3054 potuit
416 3006 462 3040 ab
489 3005 559 3039 illis
576 3004 666 3048 diei,
686 3012 723 3038 et
744 3003 846 3051 quod
874 3004 995 3052 potuit
1017 3004 1051 3038 in
1074 3002 1146 3038 illis
1166 3016 1259 3038 con-

270 3065 375 3114 spici.
394 3063 559 3112 Quilibet
576 3063 674 3098 enim
691 3063 762 3098 siut
779 3063 953 3097 custodes
967 3063 1023 3097 isti
1038 3090 1046 3105 ,
1069 3062 1153 3097 licet
1169 3061 1259 3097 (Ilie-

271 3123 393 3159 rubim
415 3123 693 3171 interpreteris,
715 3122 797 3156 licet
824 3121 1040 3169 Seraphim3
1065 3133 1140 3156 non
1171 3133 1259 3168 pos-

269 3191 354 3219 sunt
376 3190 493 3217 totum
515 3180 616 3229 quod
637 3181 682 3215 ‹le
699 3180 844 3217 Cbristo
865 3188 938 3224 est,
962 3193 1028 3214 nec
1045 3178 1260 3226 eloquendo

321 3316 327 3331 ¹
349 3311 417 3341 tm.
438 3321 524 3346 ixit,
549 3313 602 3340 1.»
648 3315 657 3330 ²
681 3309 777 3339 tiz-etv.
798 3320 828 3345 ι,
850 3314 878 3338 ⁸,
904 3327 937 3330 —
961 3308 1082 3340 ³l=1«>ti.
1105 3320 1196 3345 xxiv,
1216 3313 1255 3339 7ss

1329 2650 1523 2698 paululum
1543 2650 1822 2698 pertransisset,
1841 2650 1984 2686 invenit
1998 2650 2188 2686 dilectum.
2206 2651 2317 2698 Quod

1330 2708 1358 2743 si
1378 2707 1486 2755 juxta
1509 2708 1672 2744 divinam
1698 2708 1778 2757 ejus
1798 2710 1999 2758 accipimus
2023 2709 2094 2746 dici
2124 2718 2314 2756 naturam,

1328 2767 1410 2816 quis
1428 2776 1639 2803 creatorum
1670 2768 1867 2817 spirituum
1895 2769 1940 2804 ad
1968 2769 2253 2805 immensitatem
2279 2779 2316 2806 et

1330 2825 1557 2873 majestatem
1575 2826 1672 2861 illam
1694 2828 1864 2875 proxime
1881 2827 2049 2863 aceedit?
2067 2831 2156 2864 Nam
2180 2827 2246 2863 etsi
2265 2828 2316 2863 si—

1330 2883 1500 2918 militudo
1516 2884 1635 2919 inesse
1652 2884 1881 2933 intelligitur,
1896 2885 2005 2933 longe
2021 2893 2142 2921 tamen
2161 2885 2315 2921 inferior

1326 2950 1361 2977 ct
1386 2942 1572 2977 dissimilis
1594 2942 1835 2990 dignoscitur.
1862 2946 1944 2979 λωῐι
1963 2951 2018 2979 cst
2045 2944 2164 2987 enim,
2186 2943 2314 2979 Domi-

1326 3014 1392 3043 ne,
1427 3001 1509 3048 quis
1535 3000 1662 3036 similis
1694 3001 1757 3036 tui.
1788 3002 2066 3037 l'roximitatcm
2101 3002 2196 3036 sorte
2224 3014 2313 3049 ergo

1326 3060 1420 3095 hanc
1432 3088 1440 3103 ,
1456 3072 1565 3107 quam
1581 3059 1743 3095 excludit
1759 3059 1944 3104 conditio,
1961 3060 2123 3107 cognitio
2138 3060 2311 3096 admittit.

1380 3119 1415 3155 4.
1433 3118 1504 3155 Sed
1525 3119 1608 3166 quis
1630 3119 1763 3154 audeat
1785 3118 1959 3167 abyssum
1980 3120 2079 3155 illam
2103 3119 2238 3155 diviuae
2255 3132 2313 3155 sa-

1328 3177 1496 3227 pientiae,
1515 3176 1620 3225 cujus
1638 3191 1712 3213 uon
1737 3186 1790 3213 est
1813 3191 2009 3223 numerus,
2032 3177 2181 3226 iugenio
2198 3178 2310 3213 creati

1313 3330 1321 3332 -
1344 3311 1356 3334 -l
1375 3312 1447 3338 Luc.
1467 3320 1495 3337 u
1521 3333 1527 3343 ,
1549 3312 1601 3339 38.
1999 3314 2010 3329 ²
2032 3308 2114 3339 Alias
2129 3332 2136 3344 ,
2155 3307 2238 3338 lawa.
