2418 3949
126 233 199 270 709

724 233 1007 270 TRACTATUS
1036 235 1099 268 Dr]
1128 234 1379 269 INTERIOM
1412 236 1561 271 DOMO.

2095 235 2169 270 71⁴)

123 311 288 347 miserias
306 323 406 347 meas
420 323 545 347 coram
564 314 641 348 Deo
659 310 869 355 effundam,
890 309 919 346 si
938 309 1033 345 forte
1055 307 1294 345 illa⁵⁴⁵⁵firma
1314 324 1378 346 eor
1399 324 1519 347 meum
1535 339 1546 357 ,
1568 314 1686 356 Deus,
1709 313 1890 361 quoniam
1909 326 1993 348 cum
2013 320 2110 348 stare
2130 312 2166 347 in

122 382 187 406 sua
217 383 350 419 magna
380 370 498 419 pietas
529 377 676 405 moveat
701 382 798 405 eum.
833 367 1050 405 Confitebor
1078 366 1108 403 ei
1132 372 1161 405 A
1179 370 1378 418 semetipso
1414 371 1567 416 nititur,
1601 373 1726 420 aliquo
1768 372 1881 408 modo
1915 386 1934 408 a
1967 373 2168 421 semetipso

122 437 270 477 peccata
292 442 372 464 mea
387 456 396 473 ,
418 429 476 464 cui
497 427 624 463 omnia
649 427 749 463 nuda
778 435 866 464 sunt
891 434 927 462 et
948 434 1077 475 aperta
1103 440 1111 461 :

121 500 232 535 quein
262 488 388 524 fallere
411 500 485 523 non
507 500 683 536 possum,
706 486 793 535 quia
819 485 1001 535 sapientia
1031 493 1110 529 est3

123 560 190 582 nec
206 547 390 595 effugere,
411 546 498 595 quia
515 545 656 595 ubique
671 553 737 582 est.

457 676 633 715 CAPUT
662 676 773 715 XVI.

125 801 274 842 Deplorat
291 799 383 830 homo
399 808 503 829 coram
518 801 586 829 Deo
604 798 740 828 miserias
761 808 830 828 suas
844 821 851 835 ‚
869 797 1111 838 inquietudinem

311 851 413 882 cordis
425 874 433 888 ‚
456 856 486 881 et
503 850 543 881 ad
558 851 639 881 mala
657 850 912 892 propensionem.

172 964 232 1000 25.
252 962 350 1000 Audi
370 976 479 1012 ergo,
508 961 671 1010 piissime
689 964 789 997 Deus
802 990 811 1007 ,
834 961 1110 997 confessionem

120 1035 257 1068 meam;
278 1031 316 1058 et
332 1022 476 1071 respice
495 1020 542 1056 ad
558 1020 735 1069 pietatem
758 1028 858 1055 tuam
872 1048 882 1064 ,
905 1028 942 1056 et
963 1021 1017 1055 fac
1038 1032 1112 1055 me-

1179 428 1288 463 etiam
1315 430 1516 465 nesciendo
1549 430 1751 466 derivatur.
1791 435 1845 467 Ita
1870 431 2046 480 peccandi
2078 444 2169 467 con-

1179 488 1376 525 suetudine
1410 489 1521 525 etiam
1557 504 1640 525 cum
1681 491 1806 526 neseio
1845 505 1960 540 pecco
1991 506 1998 527 :
2032 500 2067 527 et
2104 504 2168 526 cor

1179 559 1302 583 meum
1338 561 1403 584 cor
1429 562 1566 584 vanum
1600 563 1666 598 per
1701 550 1847 586 infinita
1881 551 2102 595 deducitur,
2133 558 2167 584 et

1179 605 1215 641 in
1247 607 1363 643 multa
1393 608 1577 644 desideria
1599 609 1789 645 dividitur.

1232 665 1292 700 26.
1316 669 1358 701 In
1375 675 1486 702 nocte
1502 680 1592 702 vero
1609 681 1692 703 cum
1709 668 1874 703 dormire
1897 669 1983 704 volo
1998 697 2007 713 ‚
2028 669 2165 704 multa—

1178 736 1261 759 rum
1280 737 1403 760 rerum
1425 725 1603 773 imagines
1620 734 1657 761 et
1674 726 1886 775 phantasias
1903 728 2035 763 clausis
2051 728 2167 763 oculis·

1179 782 1307 827 video,
1324 796 1461 832 easque
1481 784 1621 820 invitus
1638 785 1759 820 tolero
1784 799 1790 819 :
1816 794 2034 834 quantoque
2052 785 2098 821 ab
2116 787 2167 821 eis

1177 842 1294 878 aciem
1316 843 1450 878 mentis
1469 851 1640 879 avertere
1667 845 1791 889 nitor,
1820 853 1922 880 tanto
1943 845 2104 893 amplius
2125 845 2169 879 il-

1177 902 1221 937 lae
1241 914 1280 937 se
1306 901 1395 937 mihi
1415 902 1607 951 ingerunt,
1639 912 1676 939 et
1698 903 1877 940 molestiis
1907 904 2071 952 turpium
2102 916 2167 938 co-

1176 960 1398 1010 gitationum
1420 974 1484 998 cor
1502 975 1626 997 meum
1650 963 1849 998 maculant.
1879 962 1971 998 Inde
1988 970 2045 998 est
2065 962 2165 1010 quod

1177 1032 1274 1069 saepe
1307 1020 1400 1057 mihi
1440 1021 1568 1056 nocuit
1606 1021 1796 1056 mortifera
1834 1021 2052 1065 delectatio,
2083 1033 2166 1068 quae

119 1094 202 1117 cum
221 1080 427 1118 seeundum
441 1078 733 1116 misericordiam
750 1087 864 1115 tuam.
884 1079 983 1115 Audi
998 1092 1110 1127 quam
1131 1079 1158 1112 B
1177 1091 1223 1114 ex
1238 1078 1498 1114 recordatione
1515 1078 1793 1127 praeteritorum
1813 1086 2053 1126 peecatorum
2068 1078 2168 1113 nasci

120 1154 217 1190 saepe
238 1140 284 1177 de
305 1140 488 1177 memoria
510 1151 592 1174 mea
615 1146 650 1173 te
672 1137 817 1187 expulit
835 1138 982 1174 irruens
1003 1138 1111 1174 turba

119 1200 365 1249 plurimarum
388 1198 678 1249 cogitationum,
708 1211 792 1246 quae
812 1198 917 1234 velut
939 1197 1046 1246 plebs
1065 1198 1111 1233 ad

119 1259 272 1308 aliquod
307 1258 561 1308 spectaculum
605 1257 728 1292 solent
768 1257 922 1293 effluere
960 1258 998 1293 in
1047 1271 1112 1294 cor

120 1332 255 1354 meum.
285 1322 383 1355 Dum
413 1329 522 1353 orare
549 1315 606 1351 vel
633 1323 785 1352 eantare
813 1316 852 1352 in
884 1316 1112 1352 monasterio

119 1378 225 1423 volo,
270 1377 395 1414 neseio
432 1374 644 1424 cujusmodi
680 1376 794 1412 stulta
828 1376 1007 1425 cogitatio
1047 1389 1113 1411 cor

120 1450 244 1473 meum
267 1437 384 1486 rapit,
403 1445 440 1472 et
460 1435 563 1471 ducit
581 1447 648 1483 per
665 1433 811 1471 diversa
831 1436 924 1472 loca.
943 1437 1112 1483 Cumque

119 1496 210 1532 illud
240 1496 286 1532 ad
317 1508 376 1532 me
405 1507 560 1539 reVOCO,
587 1501 713 1529 tenere
741 1506 817 1529 non
844 1507 1020 1543 possum,
1047 1493 1111 1530 sed

120 1556 219 1592 illico
247 1555 429 1600 elabitur,
451 1562 488 1590 et
512 1554 585 1589 huc
613 1554 777 1602 illucque
799 1553 1048 1603 dispergitur,
1076 1563 1112 1589 et

122 1628 189 1665 per
214 1615 412 1652 innumera
435 1613 653 1650 effunditur.
673 1613 819 1649 Idcirco
841 1613 972 1649 crebra
995 1621 1113 1650 terre-

120 1686 253 1709 narum
275 1672 524 1722 cupiditatum
546 1670 747 1716 illecebra,
770 1680 807 1708 et
826 1672 1031 1708 vanitatum
1053 1673 1110 1708 ef-

120 1732 216 1768 fusio
246 1732 298 1767 ita
318 1744 385 1768 cor
404 1743 528 1767 meum
556 1738 765 1779 occupant,
796 1739 838 1766 ut
863 1731 966 1779 quod
993 1731 1109 1768 vitare

120 1791 288 1828 studeam
303 1818 313 1837 ,
331 1790 402 1826 hoc
417 1789 576 1839 cogitem
591 1817 602 1833 ,
622 1789 826 1838 animoque
843 1790 1006 1827 volvam.
1025 1794 1108 1827 Non

1177 1138 1291 1183 solet,
1327 1137 1393 1174 sed
1423 1137 1585 1173 maxime
1616 1150 1663 1173 ex
1693 1137 1952 1172 recordatione
1986 1135 2165 1171 libidinis.

1178 1201 1267 1234 l‘Iaec
1283 1198 1384 1234 enim
1406 1197 1523 1247 pestis
1540 1210 1616 1246 quo
1633 1209 1710 1246 prae
1729 1196 1872 1232 caeteris·
1886 1195 1986 1231 vitiis
2005 1202 2062 1231 est
2080 1194 2168 1230 mihi

1179 1256 1417 1302 familiarior,
1443 1269 1487 1293 eo
1513 1256 1560 1292 ad
1583 1255 1794 1292 nocendum
1814 1254 2041 1304 proclivior,
2061 1262 2097 1290 et
2123 1254 2168 1289 ad

1179 1316 1437 1366 repellendum
1455 1316 1655 1352 diffieilior.
1676 1318 1768 1352 Nam
1784 1327 1869 1350 cum
1891 1326 1972 1350 eam
1991 1313 2171 1362 repellere

1179 1376 1284 1420 volo,
1305 1375 1449 1411 nolenti
1474 1374 1566 1410 mihi
1590 1387 1628 1411 se
1648 1373 1805 1423 ingerit,
1832 1372 1971 1409 blande
1994 1384 2167 1415 onerosa,

1178 1434 1412 1484 displicendo
1449 1434 1598 1483 placens
1612 1461 1622 1479 ,
1660 1441 1696 1469 et
1730 1432 1914 1482 placendo
1953 1431 2167 1480 displicens.

1182 1493 1312 1530 Carnis
1340 1492 1534 1529 libidinem
1562 1505 1755 1540 nunquam
1785 1491 1912 1541 fugere
1943 1490 2072 1540 potui,
2107 1489 2170 1526 sed

1184 1566 1332 1602 semper
1345 1565 1404 1589 me
1421 1552 1660 1602 persequitur
1680 1565 1687 1587 t
1709 1559 1745 1587 et
1761 1563 1845 1586 cum
1863 1550 1987 1598 aliqua
2007 1548 2170 1585 delecta—

1178 1612 1290 1649 tionis
1307 1612 1551 1662 cogitatione,
1571 1611 1631 1647 vel
1650 1610 1754 1647 visus
1773 1610 1983 1646 intentione
2000 1621 2059 1645 me
2072 1622 2169 1644 com-

1176 1671 1409 1720 prehendere
1434 1679 1582 1720 potest‚
1607 1683 1683 1706 non
1700 1668 1835 1706 diebus
1858 1682 1980 1718 neque
1997 1667 2170 1704 noctibus

1176 1730 1410 1778 requiescere
1435 1730 1536 1766 sinit.
1569 1728 1761 1766 Subtiliter
1788 1729 1923 1774 intrat,
1950 1737 1985 1764 et
2007 1736 2170 1764 mentem

1176 1798 1359 1838 occupat,
1397 1797 1433 1825 et
1466 1789 1538 1825 nisi
1571 1787 1697 1825 subito
1731 1788 1958 1837 repellatur,
1989 1787 2103 1823 allicit
2136 1794 2173 1822 et

119 1850 219 1886 enim
248 1857 303 1886 est
322 1849 359 1885 in
378 1856 562 1898 potestate
584 1861 666 1884 mea
686 1861 752 1883 cor
777 1861 901 1884 meum
923 1857 959 1884 et
977 1849 1113 1897 cogita·
1132 1855 1159 1889 C
1180 1847 1370 1892 incendit,
1403 1856 1440 1884 et
1467 1847 1572 1896 quasi
1596 1847 1699 1883 virus
1719 1847 1940 1896 pestilentiae
1964 1859 2031 1896 per
2054 1854 2171 1882 totum

120 1909 238 1945 tiones
262 1921 372 1952 meae,
400 1920 484 1956 quae
507 1920 552 1942 ex
574 1907 782 1955 improviso
800 1907 928 1943 effusae
948 1915 1111 1943 mentem

121 1980 239 2004 ineam
261 1968 505 2014 animumque
526 1965 788 2011 confundunt,
812 1974 923 2014 atque
944 1967 1016 2002 alio
1035 1975 1111 2002 tra-

119 2027 213 2063 hunt
233 2039 345 2075 quam
365 2038 434 2075 ego
451 2038 737 2075 proposueram.
762 2024 820 2061 Ad
841 2025 1033 2062 saeeularia
1053 2039 1112 2061 re—

120 2096 279 2131 vocant,
310 2086 499 2123 mundana
524 2086 714 2130 inferunt,
741 2086 981 2135 voluptuaria
1006 2087 1111 2135 inge—

119 2154 221 2192 runt,
233 2145 451 2182 illecebrosa
466 2153 673 2181 contexunt
688 2159 695 2180 :
716 2145 874 2194 ipsoque
888 2145 925 2181 in
943 2154 1111 2195 tempore

118 2219 195 2254 quo
217 2206 340 2242 levare
360 2214 522 2241 mentem
542 2217 661 2240 meam
683 2205 727 2240 ad
748 2213 781 2240 te
803 2218 917 2254 paro,
935 2204 1111 2240 inanibus

121 2263 411 2312 cogitationibus
440 2263 598 2298 infectus
628 2261 675 2297 ad
707 2270 856 2298 terrena
884 2263 1110 2311 plerumque

117 2323 282 2372 dejicior.
309 2322 535 2371 Hujusmodi
564 2322 881 2370 perstrepentium
912 2322 1110 2369 cogitatio—

118 2396 207 2420 num
239 2383 420 2419 tumultus
441 2396 460 2417 a
480 2380 592 2417 corde
614 2380 784 2429 quotidie
804 2393 979 2416 amovere
999 2381 1107 2425 volo,

117 2457 184 2480 nec
200 2444 306 2479 valeo
327 2457 334 2479 ε
359 2442 423 2478 sed
440 2441 520 2478 visa
536 2449 573 2476 et
593 2439 720 2476 audita
734 2468 743 2485 ,
773 2439 872 2476 dicta
894 2448 930 2476 et
948 2440 1041 2476 facta
1062 2439 1107 2475 ad

118 2502 339 2538 memoriam
362 2508 564 2544 revocant,
587 2507 624 2535 et
650 2499 687 2534 in
708 2512 750 2534 ea
776 2512 859 2535 cum
881 2512 1015 2547 magna
1037 2499 1108 2534 im—

118 2560 348 2610 portunitate
373 2565 625 2608 perstrepunt.
649 2557 854 2606 Cogitanda
877 2558 1020 2606 cogito,
1043 2571 1108 2594 co-

1178 1920 1313 1957 corpus
1340 1907 1517 1957 paulatim
1544 1920 1582 1944 se
1603 1907 1796 1943 diffundit.
1819 1906 2069 1956 Cogitationes
2084 1917 2171 1954 pra—

1177 1980 1244 2003 vas
1264 1967 1513 2017 multiplicat,
1535 1967 1752 2003 affectiones
1773 1966 1887 2003 malas
1903 1973 2079 2016 generat,
2100 1964 2170 2000 de—

1177 2028 1375 2064 lectatione
1410 2027 1536 2063 illicita
1570 2035 1734 2063 mentem
1765 2026 1902 2071 aflicit,
1933 2033 1969 2061 et
1997 2024 2044 2061 ad
2079 2037 2171 2060 con-

1177 2100 1330 2123 sensum
1359 2087 1554 2137 pravitatis
1572 2086 1739 2122 animum
1765 2085 1941 2129 inflectit,
1963 2095 2170 2132 omnesque

1178 2147 1312 2183 animae
1340 2147 1497 2182 virtutes
1524 2145 1741 2194 corrumpit.
1770 2147 1847 2181 Hac
1868 2152 1971 2194 peste
1997 2156 2081 2179 cum
2101 2142 2170 2178 ad—

1177 2206 1326 2242 strictus
1351 2214 1502 2251 teneor,
1530 2204 1657 2241 divelli
1673 2203 1720 2240 ab
1736 2216 1779 2240 ea
1795 2204 1859 2240 vix
1877 2216 2053 2252 possum,
2076 2214 2171 2250 qno-

1177 2265 1276 2300 niam
1311 2264 1482 2301 stimulos
1512 2262 1593 2311 ejus
1630 2263 1800 2299 confiteri
1829 2271 1892 2298 aut
1921 2261 2074 2305 nescio,
2108 2269 2171 2296 aut

1176 2323 1380 2368 erubesco;
1407 2331 1480 2358 tam
1506 2322 1661 2359 subtiles
1687 2330 1724 2358 et
1751 2330 1878 2371 turpes
1907 2329 2006 2358 sunt.
2026 2324 2171 2356 Revera

1177 2442 1340 2492 puberes
1372 2442 1560 2487 stimulat,
1595 2441 1758 2490 juvenes
1796 2441 2028 2484 inflammat,
2070 2439 2170 2475 viros

1176 2510 1353 2548 enervat,
1383 2515 1490 2539 senes
1518 2510 1556 2537 et
1585 2501 1800 2551 decrepitos
1828 2501 1967 2550 fatigat.
1998 2503 2081 2537 Non
2102 2499 2170 2535 ad-

1176 2570 1377 2612 spernatur
1398 2562 1569 2610 tuguria,
1593 2574 1670 2597 non
1700 2570 1895 2596 reveretur
1917 2559 2063 2609 palatia.
2088 2559 2172 2596 13ιί-

118 2620 229 2668 glffltss
261 2619 449 2666 POCOSW‘,
470 2626 507 2653 θῑ
526 2617 655 2654 “fldem
679 2618 814 2653 iterum
835 2625 947 2666 atque
974 2618 1110 2653 iterum
1128 2622 1160 2656 D
1177 2635 1262 2658 nam
1286 2623 1363 2657 sola
1384 2620 1557 2657 ccrnobia
1583 2621 1708 2669 fugiat.
1731 2619 1881 2668 Adjuva
1907 2633 1984 2662 me,
2010 2618 2171 2654 Domine

119 2679 299 2727 replicare
323 2690 400 2713 non
427 2690 530 2713 cesso
562 2691 570 2712 ι
600 2685 635 2712 et
666 2690 751 2713 cum
784 2676 848 2713 diu
874 2677 1110 2726 multumque

118 2736 301 2786 quidquid
318 2744 452 2786 potero
467 2736 700 2785 cogitavero,
723 2737 802 2772 sine
821 2736 1111 2785 cogitationibus

121 2809 201 2832 esse
229 2809 304 2832 non
335 2809 487 2845 possum
501 2825 510 2841 ,
526 2796 590 2832 sed
611 2795 753 2831 intrant
769 2804 805 2832 et
822 2805 981 2843 exeunt,
999 2807 1110 2847 atque

119 2857 199 2892 alim
217 2856 305 2891 alias
330 2855 574 2892 introducunt
595 2863 632 2892 et
654 2855 870 2892 excludunt.
898 2859 986 2892 Haec
1013 2857 1111 2894 invi-

122 2924 179 2952 tus
202 2916 390 2961 sustineo;
406 2915 628 2964 plerumque
650 2924 772 2952 tamen
790 2917 1002 2962 consentio,
1023 2931 1107 2954 cum

121 2987 188 3023 per
205 2988 247 3010 ea
275 2987 359 3023 quae
376 2974 473 3020 vidi,
489 2975 546 3011 vel
566 2975 634 3011 feci
647 3004 656 3021 ,
673 2975 752 3011 sine
770 2975 948 3021 utilitate,
968 2976 1109 3025 absque

123 3033 361 3079 discretione,
379 3047 471 3084 vaga
490 3043 614 3071 mente
633 3034 815 3070 discurro.
838 3038 891 3071 Ita
907 3048 1013 3071 mens
1030 3049 1108 3071 mea

121 3105 270 3141 semper
293 3092 460 3138 mobilis,
491 3101 530 3129 et
555 3107 747 3142 nunquam
777 3093 937 3138 stabilis;
962 3107 1110 3143 semper

120 3165 233 3200 vaga,
261 3161 299 3189 et
324 3153 426 3189 velut
453 3153 578 3198 ebria;
611 3167 678 3203 per
702 3154 849 3189 diversa
877 3153 1108 3190 distrahitur.

121 3211 294 3246 (h'aviter
322 3224 460 3260 pecco,
494 3225 580 3248 cum
614 3226 679 3248 eor
709 3225 832 3247 meum
861 3212 1108 3260 derelinquo,

120 3270 296 3317 quoniam
317 3271 437 3318 gravis
458 3271 605 3319 jactura
633 3280 686 3307 est
715 3285 798 3320 qum
821 3285 888 3320 per
919 3272 1110 3319 negligen-

122 3330 206 3364 tiam
230 3331 280 3364 tit.
301 3331 379 3365 Vim
403 3331 523 3378 patior
547 3345 629 3367 cnm
649 3331 738 3367 illud
766 3331 1109 3367 ntedescrit.(1‹m—

1176 2685 1278 2718 Dcus
1306 2694 1429 2724 nicus,
1453 2688 1494 2716 ut
1516 2680 1603 2715 huic
1626 2688 1699 2714 tam
1722 2679 1898 2727 pestifero
1919 2687 1954 2713 et
1975 2678 2170 2713 mortifero

1177 2741 1268 2776 vitio
1303 2740 1472 2775 resistere
1506 2739 1659 2787 possim.
1696 2738 1779 2774 Scio
1812 2739 1910 2773 enini
1945 2737 2031 2786 quia
2067 2736 2169 2785 quod

1179 2801 1413 2837 resistentem
1446 2799 1594 2846 fatigat,
1631 2799 1842 2833 vincentem
1879 2805 2049 2832 coronat.
2085 2796 2169 2832 Seio

1177 2860 1288 2895 etiam
1324 2859 1503 2907 quoniam
1533 2857 1562 2893 si
1597 2865 1760 2893 mentem
1792 2870 1911 2892 meam
1944 2856 2170 2904 cogitatione

1177 2918 1370 2954 immunda
1398 2918 1594 2967 polluet-o,
1619 2915 1706 2962 tibi,
1730 2917 1792 2966 qui
1817 2916 2010 2952 mundium
2040 2923 2171 2951 auctor

1176 2992 1235 3023 es,
1262 2978 1408 3027 plaeere
1433 2991 1508 3013 non
1532 2977 1649 3012 valeo.
