2418 3949
70 195 142 232 233

69 284 167 308 rasse
186 278 405 317 contentus,
422 278 459 307 et
472 282 532 307 eas
552 270 702 308 delicias
717 285 800 321 quae
819 272 1051 322 spiritualem

746 199 794 232 IN
823 196 1042 240 CANTICA‚
1071 197 1233 232 SERMO
1262 199 1442 234 XXXIII.

2039 201 2109 236 2:32

1123 279 1180 308 tus
1213 272 1392 308 unctione
1421 273 1524 321 quasi
1564 273 1803 310 suavissimus
1833 274 1986 323 quidam
2014 276 2109 311 odor

68 330 183 380 magis
211 330 428 367 charitatem
448 330 670 366 accendunt.
693 331 833 368 Unctio
852 331 933 367 solo
952 338 1051 366 tactu
1070 330 1101 363 A
1118 330 1278 366 ubertim
1315 331 1524 367 exhalatur.
1562 335 1708 368 Bonum
1742 333 1814 369 hoc
1852 333 2078 370 desiderium
2098 363 2107 379 ,

66 390 238 435 sentitur,
258 402 343 425 cum
364 390 474 425 fuerit
495 390 594 425 carni
615 390 822 439 superfusa.
843 389 947 427 Odor
959 401 1051 425 vero

67 455 204 484 tactum
225 448 445 497 diffugiens,
463 456 606 484 tantum
628 449 762 497 spiritu
783 448 913 485 sentiri
930 460 968 484 se
988 460 1051 496 pa-

65 506 166 543 titur.
185 510 230 543 Et
247 507 428 556 unguenti
449 506 599 556 quidem
620 507 746 556 liquor
767 507 902 544 sensim
924 507 962 542 in
986 505 1048 541 in-

65 566 201 602 feriora
222 566 384 615 liquatur
404 580 412 602 :
431 566 528 602 odor
547 578 638 603 vero
655 579 738 602 cum
757 565 859 601 omni
876 565 1049 601 facilitate

63 624 257 673 superiora
273 624 366 673 petit
380 643 398 668 ,-
419 623 575 659 cerebro
595 623 770 670 illabitur,
794 636 969 660 sensuum
991 636 1049 659 se-

63 681 147 718 dem
168 681 257 718 dum
276 690 454 731 occupat,
468 691 622 718 recreat.
635 684 753 719 Multo
772 696 862 732 ergo
878 682 1050 720 subtilior

61 747 99 776 et
111 739 319 785 sublimior,
338 740 457 775 multo
474 740 588 789 magis
599 749 877 789 unguentorum
889 750 944 778 est
954 741 1050 778 odor

60 810 170 846 quam
185 798 318 846 liquor.
331 802 374 835 Et
386 799 421 834 in
435 797 693 835 blandimento
702 813 848 849 sponsae
860 801 974 850 magis
988 800 1050 836 de-

61 856 168 893 licata
183 865 220 893 et
231 857 346 906 magis
359 857 601 893 accommoda
612 858 869 907 spiritualibus
885 858 1048 895 oblecta-

59 916 213 962 mentis,
234 924 271 953 et
289 916 506 953 faeculentiae
536 917 659 954 minus
681 917 857 955 habentia
877 922 1048 968 oportuit

57 975 360 1012 commemorari.
384 975 475 1012 Aliae
491 978 692 1025 unguentis
712 985 749 1013 et
762 978 845 1014 oleo
862 978 1045 1027 indigent,

1116 389 1219 437 quod
1243 390 1318 424 vim
1354 389 1465 425 habet
1494 391 1692 436 orationis,
1722 400 1759 427 et
1779 404 1855 427 non
1876 391 1988 428 habet
2008 392 2106 428 affli-

1115 447 1248 484 ctionis
1269 448 1488 484 molestiam.
1510 452 1655 498 Sponsa
1674 458 1747 495 est,
1775 451 1836 486 cui
1869 451 2104 500 privilegium

1115 505 1187 541 hoc
1206 506 1387 554 unguenti
1414 514 1451 542 et
1471 506 1599 542 odoris
1629 506 1806 543 defertur.
1837 508 1936 556 Quid
1967 509 2104 545 mirum

1115 564 1144 600 si
1172 565 1447 612 praecellentius
1471 564 1634 609 redolet,
1662 579 1745 614 quae
1773 567 1967 615 specialius
1990 569 2103 617 ungi-

1115 625 1201 659 tur?
1228 623 1317 671 quid
1337 624 1473 658 mirum
1502 624 1532 659 si
1557 623 1703 660 avidius
1724 633 1846 672 optat,
1876 639 1959 674 quae
1982 636 2104 676 gustat

1114 681 1288 718 suavius?
1310 685 1472 730 AEquum
1505 682 1603 717 enim
1633 691 1705 727 est,
1738 691 1779 719 ut
1807 686 1967 732 amplius
1999 695 2100 731 oret,

1115 752 1200 788 quae
1230 740 1368 776 arctius
1402 739 1529 775 haeret.
1559 740 1766 777 Adhaercns
1797 744 1968 790 Sponso,
2006 758 2103 780 unus

1115 811 1199 835 cum
1233 798 1298 834 illo
1332 799 1463 834 effecta
1492 807 1547 835 est
1576 799 1738 848 spiritus.
1775 800 1920 837 Idcirco
1956 803 2105 838 nonnisi

1115 856 1276 906 Spiritus
1296 856 1440 893 redolet
1459 857 1496 893 in
1525 870 1586 904 ea,
1616 858 1681 906 qui
1700 859 1807 894 unxit
1826 872 1927 904 eam,
1961 868 1997 895 et
2023 869 2105 896 orat

1112 929 1183 966 pro
1218 930 1261 953 ea
1296 915 1492 953 affectibus
1533 916 1859 954 inenarrabilibus.
1898 921 2103 967 Propterea

1114 976 1211 1012 odor
1235 984 1515 1024 unguentorum
1536 975 1618 1024 ejus
1638 989 1752 1026 super
1776 977 1901 1012 omnia
1921 986 2101 1013 aromata.

57 1042 99 1070 ut
119 1042 240 1071 motus
268 1035 390 1071 carnis
420 1043 482 1071 aut
512 1036 704 1084 mitigent,
735 1045 800 1073 aut
833 1037 1089 1074 immutent.B
1110 1038 1154 1071 Et
1184 1036 1223 1071 in
1257 1036 1486 1086 Apocalypsi
1516 1036 1606 1085 legis
1625 1037 1776 1083 phialas
1800 1039 1932 1084 plenas
1965 1039 2099 1071 odora-

56 1096 143 1130 Haec
164 1102 286 1130 autem
301 1093 378 1143 jam
396 1095 523 1131 nonin
541 1108 672 1141 carne,
690 1096 755 1133 sed
774 1097 813 1133 in
833 1097 981 1146 spiritu,
998 1104 1040 1133 ut

55 1153 206 1189 Domini
227 1165 403 1203 sponsam
433 1154 558 1201 decet,
586 1156 844 1205 spiritualibus
873 1156 1041 1193 abundat

53 1211 206 1248 deliciis.
228 1214 331 1248 Odor
345 1223 609 1260 unguentorum
631 1224 771 1251 tuorum
791 1230 903 1265 super
915 1221 1041 1252 onmia

55 1279 238 1306 aromata.
260 1271 336 1308 Etsi
355 1272 456 1309 solus
477 1273 573 1310 odor
594 1283 923 1321 commemoratur,
944 1275 1040 1312 forte

52 1340 130 1364 non
159 1329 260 1366 solus
293 1339 471 1379 operatur
494 1345 502 1367 :
527 1341 707 1382 operatur
727 1342 764 1370 et
790 1334 931 1370 unctio.
964 1336 1038 1380 Qui

50 1395 135 1423 sunt
158 1388 315 1433 Christi,
343 1390 394 1426 ait
416 1392 643 1440 Apostolus,
666 1406 815 1429 carnem
831 1406 936 1429 suam
955 1407 1040 1429 cru-

51 1446 248 1491 cifixerunt
271 1461 351 1483 cam
376 1454 478 1485 vitiis
509 1460 545 1486 et
573 1456 873 1499 concupiscentiis
904 1458 930 1487 ¹.
963 1451 1039 1489 Ubi

51 1504 180 1540 unctio
206 1513 287 1551 est,
316 1519 393 1543 non
422 1508 572 1545 videtur
597 1510 788 1546 crucifixio
821 1511 1038 1547 necessaria.

50 1563 118 1600 Illa
138 1564 355 1611 mortificat,
375 1573 413 1602 et
431 1566 509 1603 haec
526 1567 711 1605 immutat.
727 1572 772 1606 Et
785 1568 938 1618 quidem
957 1582 1039 1606 cru-

50 1621 175 1658 cilixio
195 1622 337 1660 doloris
355 1637 504 1662 sensum
524 1626 656 1672 habet,
686 1628 813 1664 unctio
833 1628 1038 1666 lenitatem.

50 1681 181 1718 Suavis
200 1682 328 1718 unctio
348 1692 404 1720 est
417 1711 426 1729 ,
457 1684 588 1721 efficax
607 1695 730 1723 tamen
743 1715 752 1733 ,
770 1699 854 1736 quae
875 1687 953 1724 sine
973 1687 1039 1724 lae-

48 1739 159 1776 sione
172 1740 257 1777 oleo
273 1743 533 1781 exsultationis
549 1752 586 1781 et
602 1745 737 1782 laetitiae
757 1759 778 1783 a
794 1747 1038 1795 corruptione

1104 1104 1325 1139 mentorum,
1354 1109 1440 1142 quoe
1474 1105 1560 1130 sant
1605 1100 1790 1131 orationes
1827 1105 2036 1131 sanctorum
2073 1103 2095 1131 ².

1104 1158 1302 1198 Aromata,
1323 1154 1419 1190 sicut
1442 1154 1593 1190 Exodus
1618 1154 1745 1199 docet,
1765 1155 1934 1203 geminos
1955 1156 1991 1191 in
2013 1168 2101 1191 usus

1105 1212 1406 1257 distribuuntur3
1439 1213 1476 1249 id
1509 1222 1586 1259 est,
1618 1213 1851 1259 chrismatis,
1879 1221 1916 1250 et
1940 1214 2100 1262 thymia-

1106 1272 1214 1308 matis
1236 1269 1262 1308 ³.

1158 1332 1194 1368 9.
1219 1334 1352 1368 Nonne
1379 1330 1446 1367 tibi
1467 1331 1648 1367 videntur
1675 1331 1786 1368 etiam
1819 1345 1921 1368 nunc
1950 1333 1988 1368 in
2019 1333 2100 1368 lau—

1106 1388 1216 1425 dibus
1228 1402 1376 1439 sponsae
1397 1390 1475 1426 haec
1491 1398 1650 1438 utraque
1670 1389 1879 1439 conjungi?
1900 1395 2101 1440 Unguenta

1105 1448 1199 1498 ejus,
1215 1457 1252 1485 et
1266 1457 1457 1497 unguenta
1474 1458 1575 1494 sunt,
1597 1458 1632 1485 et
1644 1450 1835 1485 odorifera
1851 1450 1958 1486 valde
1978 1466 1985 1486 :
2003 1451 2100 1487 odor

1103 1508 1202 1544 enim
1217 1521 1349 1544 eorum
1370 1508 1620 1557 superomnia
1639 1517 1815 1544 aromata.
1833 1512 2097 1558 Unguentum,

1104 1575 1146 1604 ut
1163 1566 1305 1603 dictum
1333 1575 1410 1612 est,
1440 1567 1626 1602 donorum
1658 1568 1852 1616 perceptio
1882 1585 1889 1604 :
1920 1568 2030 1614 odor,
2054 1569 2099 1605 de

1103 1627 1347 1675 perceptione
1364 1626 1460 1662 actio
1480 1626 1706 1674 gratiarum,
1734 1626 1961 1663 desiderium
1987 1637 2098 1664 aeter—

1103 1697 1261 1731 norum,
1281 1693 1318 1722 et
1342 1684 1495 1733 quidam
1526 1685 1626 1720 inter
1651 1685 1826 1721 sublimia
1852 1685 1951 1722 bona
1968 1700 2097 1723 sensus

1102 1744 1268 1781 humilis.
1289 1743 1419 1781 Oratio
1439 1744 1539 1780 enim
1566 1744 1796 1780 humiliantis
1825 1757 1863 1780 se
1878 1773 1887 1790 ,
1910 1745 2006 1794 ipsas
2027 1759 2096 1782 nu-

48 1810 199 1835 carnem
225 1798 378 1836 illaesam
414 1811 628 1849 conservat,
655 1804 940 1854 corruptionem
969 1818 1038 1841 au-
1055 1806 1082 1841 C
1102 1802 1167 1839 bes
1186 1811 1360 1852 penetrat
1379 1803 1405 1838 4,
1425 1802 1538 1840 Vides
1555 1803 1750 1851 quomodo
1771 1803 1938 1839 ascendit
1955 1804 2092 1840 odora-

49 1858 139 1902 fert,
159 1866 197 1894 et
223 1859 426 1896 cruciatum
458 1873 533 1897 non
558 1861 749 1911 importat.
775 1863 928 1899 Domini
946 1866 1034 1900 Jesu

48 1917 257 1966 passionem
276 1927 465 1967 unguenta
480 1921 731 1968 praeveniunt,
745 1929 934 1970 unguenta
951 1921 1038 1958 sub-

47 1983 276 2024 sequuntur3
304 1984 345 2012 ut
366 1977 484 2014 discas
513 1986 550 2014 et
576 1987 615 2015 tu
643 1980 764 2016 carnis
785 1988 873 2024 tuae,
894 1980 924 2017 si
954 1982 1037 2030 quis

46 2040 114 2078 est,
127 2033 334 2070 cruciatum
353 2045 632 2083 unguentorum
653 2038 939 2075 exuberantium
955 2053 1038 2088 per-

47 2091 192 2127 fusione
209 2090 338 2128 lenire.
358 2094 418 2129 Bis
436 2103 570 2131 unctus
593 2105 670 2142 est,
692 2106 733 2133 ut
752 2106 789 2133 et
810 2099 931 2134 crucis
961 2111 1037 2134 non

45 2150 200 2186 sentiret
218 2149 418 2198 injuriam3
446 2161 482 2189 et
512 2155 802 2191 resurrectionis
826 2168 901 2192 suae
923 2157 1036 2192 novi-

46 2216 156 2244 tatem
174 2218 480 2257 consequeretur,
503 2220 540 2248 et
554 2221 593 2248 ut
612 2216 718 2262 quasi
735 2227 802 2263 per
822 2215 893 2251 hoc
910 2226 1036 2252 sacra-

44 2275 211 2304 mentum
231 2268 433 2317 spiritualis
451 2271 637 2308 unctionis
656 2273 811 2321 gratiam
834 2286 1030 2310 commen—

44 2326 160 2362 daret.
188 2329 334 2363 Bonum
362 2340 451 2377 ergo
479 2339 732 2378 unguentum,
757 2331 884 2380 cujus,
912 2340 950 2368 ut
978 2333 1031 2370 sio

42 2383 182 2429 dicam,
214 2384 338 2433 liquor
363 2398 512 2423 carnem
533 2387 721 2435 immutat,
738 2398 776 2426 et
795 2390 890 2427 odor
913 2391 1028 2440 spiri-

43 2451 121 2479 tum
136 2452 288 2480 recreat.

94 2503 129 2538 8.
140 2505 186 2538 Et
197 2503 459 2540 utsummatim
475 2504 553 2541 haec
568 2507 858 2556 recapitulemus
872 2535 882 2553 ‚
899 2508 1028 2544 unctio

1102 1870 1269 1898 mentum
1291 1861 1440 1897 humilis
1460 1862 1665 1897 orationis?
1683 1861 1862 1898 Ascendit
1886 1863 2095 1900 Pharisa’us

1102 1921 1163 1956 ille
1192 1921 1229 1956 in
1258 1921 1440 1969 templum
1468 1928 1507 1955 ut
1528 1929 1654 1956 oraret
1686 1935 1693 1956 :
1725 1920 1791 1956 sed
1811 1922 1993 1957 orationis
2014 1922 2096 1971 ejus

1102 1979 1199 2016 odor
1226 1979 1383 2015 nescivit
1403 1979 1616 2015 ascendere.
1646 1982 1757 2014 Dona
1788 1980 1991 2027 gratiarum
2025 1982 2093 2018 sihi

1103 2037 1281 2074 divinitus
1309 2038 1444 2073 collata
1472 2049 1597 2072 secum
1625 2046 1792 2086 reputat,
1824 2046 1860 2073 et
1887 2040 1992 2086 quasi
2022 2054 2095 2076 un-

1102 2104 1238 2144 guenta
1263 2104 1443 2132 recenset.
1466 2096 1548 2130 Non
1565 2109 1664 2139 sum,
1683 2096 1823 2144 inquit,
1853 2101 1949 2132 sirm
1969 2105 2096 2134 aeteri

1101 2154 1288 2189 hominum
1299 2181 1310 2198 ,
1331 2163 1507 2201 raptores,
1528 2159 1669 2199 injusti,
1692 2156 1865 2189 adulteri.
1885 2156 2001 2192 Audis
2018 2170 2094 2205 prae

1101 2211 1238 2260 quibus
1257 2220 1410 2247 unctum
1428 2225 1466 2248 se
1480 2212 1691 2260 gloriatur?
1711 2212 1827 2259 gloria
1847 2211 1927 2260 ejus
1949 2214 1983 2248 in
2002 2227 2094 2250 con-

1100 2271 1247 2307 fusione
1267 2271 1438 2307 aliorum.
1455 2275 1536 2308 Non
1556 2283 1689 2318 magna
1709 2271 1847 2320 gloria,
1879 2285 2011 2321 magna
2038 2282 2091 2309 ta-

1096 2342 1181 2365 men
1196 2326 1266 2380 ipsi
1282 2330 1445 2366 videtur.
1468 2330 1543 2379 Ipsi
1563 2329 1718 2374 redolet,
1737 2342 1814 2365 non
1833 2338 1956 2367 tamen
1975 2345 2089 2381 super

1094 2397 1274 2434 aromata,
1292 2389 1355 2424 sed
1368 2401 1481 2437 super
1497 2389 1677 2437 sulphura
1693 2397 1928 2425 caeterorum.
1943 2391 2088 2428 Audisti

1093 2447 1230 2496 quibus
1264 2448 1542 2497 praeseratnttlr³
1574 2462 1581 2483 :
1608 2448 1695 2483 audi
1725 2461 1825 2484 nunc
1861 2449 1950 2497 quid
1981 2451 2015 2485 in
2051 2465 2089 2487 se

1093 2507 1219 2555 gratiae
1254 2508 1456 2556 prael'erant
1488 2514 1698 2555 unguenta,
1732 2507 1767 2542 in
1800 2507 1938 2556 quibus
1960 2510 2087 2546 Phari—

41 2568 96 2597 est
115 2561 249 2598 mentis
264 2563 481 2610 exsultatio;
501 2564 611 2610 odor,
632 2567 765 2603 oratio.
782 2567 934 2613 Unctio,
952 2568 1029 2616 spi·
1047 2573 1079 2606 D
1096 2578 1191 2601 saeus
1210 2566 1403 2614 gloriatur.
1427 2569 1565 2612 Jejuno
1584 2566 1636 2601 bis
1657 2571 1695 2601 in
1721 2566 1874 2601 sabbato
1889 2596 1899 2611 ,
1927 2570 2087 2605 decimas

42 2619 184 2656 ritualis
200 2620 348 2667 laetitia,
368 2622 476 2668 odor,
498 2624 667 2672 quaedam
689 2639 820 2661 eorum
837 2638 921 2674 quae
940 2627 1028 2662 ani—

41 2690 102 2714 mo
139 2687 353 2726 gestantur,
386 2682 551 2718 exterior
586 2696 653 2732 per
683 2684 817 2720 samam
853 2685 987 2721 notitia
1016 2698 1024 2719 ε

43 2737 192 2783 unctio,
218 2738 363 2776 interna
386 2739 603 2787 delectati03
631 2742 741 2787 odor,
768 2743 957 2792 quoddam
980 2744 1026 2780 de

40 2795 259 2844 gaudiorum
274 2799 504 2847 experientia
518 2800 744 2837 desiderium
761 2803 924 2839 suaviter
939 2816 1025 2853 pro-

43 2853 172 2890 fluens.
198 2854 289 2891 Ideo
321 2858 414 2891 odor
445 2868 708 2906 unguentormn
742 2869 885 2896 cuonem
915 2875 1027 2909 super

41 2916 165 2947 omnia
185 2922 364 2949 aromata.
384 2917 504 2951 Omne
521 2916 618 2953 enim
633 2918 813 2955 orationis
833 2919 1026 2955 incensum

42 2978 80 3006 et
110 2970 283 3007 desiderii
318 2973 587 3011 vehementiam
619 2977 766 3013 excedit
799 2978 1026 3015 desiderium

42 3028 151 3075 illud,
176 3029 277 3078 quod
298 3030 343 3067 de
363 3032 566 3069 coelestium
587 3033 844 3071 blandimento
868 3037 1026 3085 gaudio-

43 3100 123 3124 rum
143 3088 318 3137 gignitur,
336 3098 372 3126 et
388 3093 710 3142 concupiscentia,
731 3108 815 3144 quae
838 3095 884 3130 de
907 3096 1026 3144 Spiri-

89 3223 98 3239 ¹
124 3219 223 3250 Galat.
247 3231 279 3258 v,
299 3224 351 3252 24.
367 3240 408 3244 —
432 3228 442 3243 ²
462 3226 560 3265 Apoe.
585 3237 614 3259 v.
646 3231 675 3256 ⁸.

702 3245 743 3248 m-
766 3224 779 3246 ³
800 3226 894 3257 liunt.
923 3238 999 3260 xxv.
1026 3238 1106 3257 xxx.

1093 2627 1139 2659 (lo
1160 2630 1320 2660 omnium
1344 2639 1430 2672 (ματ)
1446 2626 1630 2672 pervideo,
1653 2636 1686 2660 (ἰ
1705 2631 1738 2659 si
1753 2640 1860 2672 quem
1883 2626 2087 2674 ‹lqli-amla-

1092 2688 1144 2727 vi,
1162 2686 1276 2719 reddo
1292 2686 1555 2731 quadruplum.
1578 2686 1679 2719 Bona
1699 2684 1776 2719 lta—e
1797 2685 1886 2732 legis
1903 2686 2085 2723 elementa

1093 2742 1280 2786 redolent,
1317 2755 1392 2777 non
1427 2742 1679 2790 evangelicam
1708 2742 1918 2779 doctrinam
1944 2744 1970 2780 ¹¹.
2004 2750 2083 2782 {Non

1087 2800 1234 2849 jejunat
1250 2814 1317 2850 per
1338 2814 1449 2836 omne
1467 2809 1614 2849 teinpus
1628 2829 1636 2844 ,
1661 2814 1736 2836 non
1758 2803 1945 2838 renuntiat
1960 2806 2086 2840 onini-

1094 2860 1163 2896 bus
1183 2873 1266 2908 quae
1296 2859 1482 2908 possidet,
1517 2868 1555 2894 ut
1586 2873 1660 2894 non
1683 2859 1815 2895 haheat
1842 2861 1940 2896 unde
1972 2865 2085 2911 possit

1093 2919 1150 2954 vel
1170 2919 1370 2968 primitias,
1389 2919 1446 2953 vel
1465 2918 1626 2954 decimas
1643 2918 1746 2954 dare.
1769 2920 1993 2957 Defraudata
2009 2923 2088 2958 red-

1093 2977 1147 3013 dit
1171 2978 1207 3013 in
1229 2977 1505 3026 ‹ptadruplum‚
1530 2991 1605 3013 non
1632 2991 1669 3013 se
1694 2979 1834 3026 patitur
1855 2979 2085 3021 del'raudmi,

1093 3033 1169 3072 non
1199 3037 1301 3085 quod
1331 3038 1514 3085 reliquum
1542 3046 1597 3073 est
1623 3039 1780 3086 exponit
1807 3049 1949 3087 partein
1980 3042 2085 3075 aul'e-

1094 3095 1209 3141 renti,
1243 3109 1317 3131 non
1352 3104 1524 3145 arreptas
1553 3109 1591 3132 se
1627 3096 1763 3133 habere
1795 3098 1883 3133 dieit
1917 3097 2082 3146 injurias.

1167 3248 1169 3250 -
1207 3230 1212 3254 ὓ
1231 3228 1323 3259 ticeli.
1349 3239 1447 3266 xxxv,
1475 3233 1528 3258 Ἠ.

85 3272 97 3286 ⁴
115 3270 217 3312 'l‘iraq.
238 3279 266 3303 cl
289 3276 390 3306 llorsl.
405 3275 604 3318 [trafiwalur.
621 3275 651 3321 -ᾗ-
691 3298 705 3301 ψ-
721 3272 735 3293 ¹*
755 3279 836 3309 Alias
849 3303 855 3314 ,
874 3280 1105 3322 perflationem.
