2418 3949
90 152 158 187 153

84 224 384 277 praecedentibus
397 252 407 271 ,
422 222 487 260 ubi
504 224 556 260 sic
573 223 708 272 legitur
725 237 733 259 z
751 225 847 258 Ecce
864 231 901 258 tu
916 222 1076 271 pulchra
1092 220 1122 238 ⁷⁰

786 150 836 183 IN
864 147 1093 189 CANTICA,
1123 147 1285 182 SERMO
1314 147 1438 181 XXII.

2069 143 2135 180 15²}

1142 220 1382 257 tenebrarum
1410 221 1628 257 admixtam.
1649 224 1766 257 Totus
1801 220 2023 257 tenebrosus
2051 231 2105 257 est
2122 250 2132 266 ‚

84 300 137 331 es,
161 289 283 321 amica
310 298 414 328 metz,
444 297 527 319 ecce
551 291 588 318 tu
611 283 771 331 pulchra
791 288 814 317 ¹.
846 281 952 318 Idem
983 292 1080 329 pene
1095 281 1124 314 A
1145 293 1230 316 cum
1251 281 1357 330 operi
1380 282 1479 317 malo
1500 290 1656 330 propter
1675 281 1814 317 malum
1832 281 2016 318 intendit:
2038 290 2137 317 totus

84 345 237 382 videtur
255 359 262 381 :
285 347 382 380 Ecce
392 352 429 379 ta
445 343 607 391 pulchra
621 356 680 386 es,-
701 349 759 387 et,
786 342 908 386 Quam
923 340 1080 388 pulchra

86 408 146 441 es!
171 403 384 452 Utrobique
415 401 658 453 pulchritudo
687 400 916 451 praedicatur
942 398 1080 447 ipsius,

86 472 123 500 et
142 464 274 500 iterata
299 462 577 499 commendatio
605 459 933 498 confirmationem
955 457 1082 493 decla—

87 531 153 559 rat.
187 522 258 560 Sed
279 530 462 571 quantum
483 521 564 569 ipse
584 519 778 556 advertere
806 530 982 567 possum,
1014 515 1082 552 ali-

87 589 228 630 quanta
256 581 317 616 hic
336 579 509 615 innuitur
530 577 734 614 distinctio.
755 580 847 614 Nam
871 574 937 612 ubi
970 574 1079 618 dicit,

87 643 183 675 Ecce
203 639 423 687 capula-lira,
444 637 519 685 agit
540 644 684 672 tantum
707 636 753 671 de
773 633 1080 684 pulchritudine:

87 698 148 734 hic
181 710 274 733 vero
301 696 347 732 de
378 696 570 732 nimietate
603 694 916 744 pulchritudinis,
960 695 1081 738 Quam

79 756 241 804 pulchra
257 769 309 800 ες,
328 759 448 790 amica
470 767 574 797 mea,
593 767 704 801 quam
721 754 906 800 pulchra!
924 751 981 788 Ibi
997 752 1084 787 sim—

87 815 173 863 plex
203 813 392 849 attestatio
427 812 533 861 quasi
562 811 687 848 subito
720 811 963 860 deprehensae
993 810 1083 859 pul-

86 872 328 917 chritudinis;
360 872 421 908 hic
454 879 577 908 autem
612 870 810 907 admiratio
847 870 1047 906 nimietatis
1074 883 1082 904 :

86 929 138 966 ibi
172 938 368 966 attestatur
412 942 524 978 quam
555 928 738 978 pulchra3
774 928 834 964 hic
872 927 1085 964 oblectatur

1145 339 1312 386 lucidus,
1336 354 1420 376 cum
1443 340 1549 389 operi
1576 340 1678 375 bono
1707 340 1857 376 nonnisi
1885 348 2042 390 propter
2069 340 2140 376 bo-

1147 412 1237 435 num
1269 399 1439 435 intendit.
1468 402 1559 435 Cum
1591 412 1682 434 vcro
1714 398 1750 434 in
1782 411 1897 448 opere
1927 397 2030 435 bono
2065 412 2143 434 non

1148 467 1292 495 tantum
1314 459 1351 494 in
1375 459 1498 507 ipsum
1529 457 1695 503 bonum,
1722 458 1785 494 sed
1817 458 1928 494 etiam
1959 459 1998 494 in
2028 458 2141 494 alium

1147 518 1309 566 aliquem
1346 518 1458 553 finem
1491 518 1651 553 intentio
1685 517 1878 566 dirigitur3
1909 518 1968 554 vel
1996 531 2080 554 cum
2106 519 2143 554 in

1148 589 1263 626 opere
1279 590 1354 612 non
1367 576 1484 622 bono,
1498 576 1600 625 quod
1616 577 1735 612 inesse
1750 577 1974 613 credebatur
1984 577 2086 613 bonu
2094 591 2143 621 m,

1149 635 1312 671 errando
1333 635 1502 683 diligitur
1523 649 1531 670 ε
1551 635 1675 683 aliqua
1697 648 1743 670 ex
1772 644 1878 684 parte
1897 638 2028 673 oculus
2051 637 2142 673 cali-

1150 702 1235 743 gat,
1259 702 1296 729 et
1316 707 1394 729 non
1414 702 1469 729 est
1495 706 1597 729 mera
1616 694 1854 742 simplicitate
1873 708 2003 744 purus.
2023 695 2142 742 Quid,

1150 767 1234 789 cum
1263 765 1360 802 opus
1385 752 1529 788 bonum
1559 752 1821 801 praetenditur,
1844 762 1882 789 et
1909 767 1985 789 non
2020 755 2144 803 ipsum

1149 811 1316 857 bonum,
1343 811 1407 848 sed
1430 811 1530 847 aliud
1561 819 1681 847 totum
1707 811 1937 847 intenditur?
1964 813 2144 849 oculusne

1150 872 1219 907 iste
1245 870 1467 907 tenebrosus
1487 871 1657 915 dicetur,
1692 883 1737 906 ex
1768 879 1869 916 toto,
1898 884 1944 907 an
1964 884 2010 907 ex
2040 880 2145 920 parte

1151 931 1340 981 caligans?
1355 930 1446 967 Mihi
1463 930 1615 979 quidem
1634 931 1750 979 magis
1768 930 1990 967 tenebrosus
2003 944 2049 967 ex
2066 940 2146 967 toto

86 989 190 1038 quod
219 996 292 1025 tam
319 989 490 1038 pulchra.
517 988 587 1024 Hic
613 988 713 1024 enim
742 986 884 1036 majore
910 1000 1086 1036 pronun-
1105 992 1132 1026 B
1148 990 1312 1026 videtur.
1330 993 1422 1027 Nam
1441 990 1508 1026 etsi
1526 991 1589 1026 lux
1611 990 1866 1040 deputeturin
1887 1004 2024 1040 opere,
2045 992 2146 1027 nulla

87 1048 201 1084 tiatur
216 1060 299 1083 cum
318 1047 488 1096 pondere
505 1046 715 1094 affectuque
733 1045 916 1089 mirantis,
939 1053 976 1081 et
996 1058 1085 1094 pro-

87 1107 239 1143 lationis
274 1106 410 1142 modus
438 1113 583 1141 motum
616 1104 811 1141 oblectatae
851 1104 987 1141 mentis
1015 1104 1085 1140 de-

86 1166 200 1202 clarat
222 1180 230 1202 :
261 1179 375 1214 quam
404 1166 563 1213 pulchra
583 1178 643 1208 es,
683 1169 806 1200 amica
828 1178 934 1207 mea,
971 1178 1082 1211 quam

81 1226 266 1273 pulchra!
284 1229 330 1262 Et
354 1224 506 1274 quidem
532 1224 569 1260 in
595 1236 775 1273 processu
798 1223 940 1260 Cantici
958 1223 1085 1271 perse«

86 1285 205 1321 ctiora
224 1284 269 1321 ad
285 1297 460 1334 sponsam
479 1284 548 1320 dici
567 1283 749 1332 oportuit.
770 1287 859 1320 Haec
875 1296 895 1318 a
914 1281 1024 1318 nobis
1038 1282 1084 1318 de

86 1343 262 1380 similium
279 1343 518 1380 distinctione
532 1341 751 1379 verborum.
765 1345 856 1378 Nam
872 1354 955 1390 quae
973 1353 1086 1390 super

85 1402 366 1452 pulchritudine
403 1415 550 1451 sponsae
588 1400 872 1449 interpretanda
910 1400 1057 1435 fuerant
1073 1428 1083 1444 ‚

86 1461 240 1510 copiose
260 1469 297 1497 et
318 1469 490 1497 accurate
510 1460 586 1497 suis
603 1459 790 1508 explicata
806 1467 894 1494 sunt
913 1459 1015 1495 locis.
1038 1462 1083 1494 Et

86 1533 170 1569 quae
194 1521 250 1557 vir
271 1520 425 1571 (utrum
447 1520 652 1562 eruditior,
676 1532 722 1555 an
744 1519 984 1567 eloquentior
1013 1532 1083 1554 ne-

87 1579 189 1630 scio)
209 1581 285 1617 suis
301 1580 508 1630 disputavit
525 1580 562 1615 in
586 1578 749 1615 homiliis
763 1585 775 1600 ²
791 1607 799 1623 ‚
816 1592 884 1615 nec
904 1578 1060 1614 minimo
1072 1607 1083 1624 ,

87 1647 128 1675 ut
155 1639 206 1676 sic
238 1639 379 1685 dicam,
401 1639 518 1688 digito
549 1638 675 1675 decuit
695 1651 716 1674 a
740 1637 850 1674 nobis
878 1638 924 1674 ad
959 1637 1083 1673 discu—

88 1698 254 1734 tiendum
275 1699 420 1748 attingi.

140 1757 174 1794 2.
196 1762 277 1795 Hoc
304 1771 395 1794 vero
425 1770 501 1794 non
525 1758 757 1807 negligenter
781 1756 1078 1801 attendendum,
1097 1757 1124 1792 C

88 1817 190 1866 quod
206 1826 292 1867 post
307 1818 519 1867 generalem
534 1816 899 1853 commendationem
919 1815 1082 1864 pulchri-

88 1876 249 1922 tudinis,
275 1877 525 1926 particulatim
552 1876 708 1912 amicam
730 1875 966 1924 depicturus,
998 1875 1082 1910 loco

87 1935 211 1984 primo
237 1935 284 1971 ab
315 1936 433 1972 oculis
469 1935 630 1972 orditur.
661 1935 872 1971 Prudenter
902 1934 1053 1982 quidem
1072 1963 1081 1979 ‚

87 1994 266 2042 quoniam
283 1995 311 2030 si
327 1995 486 2043 simplex
505 1995 636 2030 oculus
655 1994 784 2037 suerit,
808 2002 928 2029 totum
945 2006 1083 2042 corpus

90 2051 256 2088 lucidum
283 2053 355 2088 erit
371 2051 396 2088 ³.
418 2056 464 2089 Et
494 2052 579 2088 ideo
607 2052 866 2088 columbarum
889 2059 1084 2101 comparat

87 2110 228 2155 oculis,
264 2118 304 2146 ut
331 2109 440 2159 juxta
477 2111 667 2159 Evangelii
701 2110 939 2155 doctrinam,
978 2123 1083 2146 suam

87 2170 243 2204 amicam
276 2169 484 2216 simplicem
520 2169 653 2203 doceat
685 2169 781 2202 sicut
818 2168 1032 2201 columbam
1054 2169 1081 2200 ¹⁵.

85 2226 256 2274 Denique
277 2227 493 2263 universum
516 2239 651 2275 corpus
670 2225 900 2275 operationis
922 2224 1081 2273 simplex

86 2285 246 2322 illustrat
273 2286 404 2322 oculus
431 2285 671 2330 intentionis,
702 2293 739 2321 ct
772 2285 858 2320 l'acit
885 2291 927 2319 ut
953 2296 1079 2319 coram

85 2347 166 2380 Deo
184 2344 333 2380 luceant
354 2358 489 2394 opera,
517 2357 599 2393 qua>
619 2357 686 2393 per
704 2357 742 2380 se
765 2356 891 2380 coram
916 2342 1079 2378 homini—

87 2402 156 2438 bus
175 2411 351 2452 poterant
374 2404 511 2440 lucere.
537 2406 631 2450 Nam
654 2402 806 2451 quando
829 2402 918 2438 soris
937 2401 1079 2437 bonum

86 2462 185 2498 lucet
204 2475 317 2511 opus,
338 2463 401 2499 sed
429 2463 554 2512 operis
581 2462 789 2499 bonitatem
815 2475 891 2498 non
918 2461 1082 2498 intendit

1152 1058 1275 1086 tamen
1302 1050 1518 1098 agnoscitur
1539 1049 1576 1085 in
1598 1050 1821 1086 intentione.
1848 1050 2050 1097 Quomodo
2077 1064 2145 1086 au—

1152 1117 1225 1145 tem
1244 1108 1406 1144 intentio
1424 1107 1544 1153 bona,
1565 1122 1648 1157 quae
1668 1108 1811 1145 bonum
1834 1122 1911 1144 non
1931 1110 2063 1157 optat?
2083 1117 2146 1145 aut

1150 1167 1345 1216 quomodo
1369 1168 1547 1216 simplex,
1569 1181 1653 1216 quae
1678 1167 1748 1204 sub
1779 1167 1870 1204 boni
1894 1168 2080 1204 velamine
2107 1182 2146 1205 se

1150 1227 1268 1276 ipsam
1290 1227 1478 1262 occultat?
1498 1230 1541 1262 In
1561 1227 1679 1263 oculis
1705 1239 1796 1263 vero
1816 1239 1963 1276 sponsae
1986 1235 2147 1275 utraque

1150 1284 1459 1330 commendatur,
1487 1292 1523 1320 et
1553 1285 1787 1334 simplicitas,
1820 1293 1856 1321 et
1877 1285 2143 1334 spiritualitas:

1149 1344 1235 1380 ideo
1264 1343 1526 1380 columbarum
1549 1344 1738 1380 dicuntur.
1772 1348 1817 1381 Et
1841 1344 1938 1380 bene
1967 1345 2005 1380 in
2026 1345 2144 1381 amica

1151 1417 1216 1440 sua
1249 1404 1373 1453 primo
1393 1403 1516 1439 lucem
1546 1403 1811 1449 commendat,
1837 1412 1877 1440 ut
1897 1403 1966 1440 sibi
1991 1403 2146 1440 demon-

1149 1471 1240 1499 stret
1262 1462 1440 1506 similem,
1462 1462 1527 1510 qui
1546 1470 1584 1498 et
1603 1462 1682 1511 ipse
1707 1462 1844 1498 dicitur
1863 1463 1926 1498 lux
1959 1462 2089 1498 mundi
2109 1462 2144 1506 5,

1149 1530 1186 1557 et
1216 1522 1253 1557 in
1290 1534 1367 1569 quo
1396 1520 1560 1556 tenebrae
1599 1534 1675 1557 non
1709 1530 1797 1557 sunt
1831 1522 1915 1557 ullae
1931 1519 1958 1557 ⁶.
1997 1525 2039 1557 In
2079 1534 2142 1557 sex

1150 1580 1296 1616 dierum
1335 1579 1552 1615 conditione
1586 1580 1648 1616 lux
1678 1581 1848 1617 omnium
1875 1581 1998 1630 prima
2020 1588 2145 1616 creata

1148 1640 1285 1676 dicitur
1302 1646 1313 1669 7
1328 1668 1337 1684 ‚
1356 1647 1393 1675 et
1409 1639 1447 1674 in
1466 1638 1711 1675 describenda
1731 1639 2012 1688 pulchritudine
2030 1652 2145 1688 spou—

1148 1710 1216 1741 sae,
1233 1697 1325 1733 lucis
1344 1697 1381 1732 in
1399 1697 1532 1746 primis
1548 1696 1700 1733 inducta
1721 1697 1898 1734 decenter
1915 1706 1969 1734 est
1991 1698 2143 1733 mentio.

1197 1757 1232 1793 3.
1266 1758 1374 1792 Oculi
1403 1760 1456 1791 tui
1483 1755 1749 1792 columbarum.
1787 1756 1886 1803 Quid
1921 1765 1954 1792 te
1987 1757 2144 1792 amicam

1149 1828 1228 1852 esse
1246 1814 1460 1864 praesumis,
1481 1823 1520 1850 tu
1537 1827 1621 1863 quae
1644 1816 1762 1851 nescis
1778 1816 1909 1852 oculos
1929 1815 2067 1852 habere
2084 1830 2145 1851 co-

1149 1874 1311 1910 lumbae?
1339 1877 1463 1922 Opera
1489 1882 1837 1923 quantumcumque
1864 1875 2001 1911 fuerint
2026 1874 2141 1918 bona,

1149 1933 1179 1969 si
1196 1933 1366 1982 impurus
1385 1941 1440 1968 est
1454 1933 1619 1977 animus,
1642 1933 1688 1968 de
1706 1933 1986 1982 pulchritudine
2008 1934 2144 1970 frustra

1150 1991 1216 2028 tibi
1238 1991 1447 2042 applaudis.
1466 1992 1667 2038 Quomodo
1684 1992 1801 2028 amica
1816 2005 1872 2036 es,
1887 2006 1970 2041 quae
1987 1993 2144 2042 pulchra

1149 2065 1225 2088 non
1261 2053 1324 2087 cs?
1353 2051 1424 2088 Sed
1447 2051 1642 2100 quomodo
1676 2065 1752 2088 non
1786 2065 1824 2088 es
1854 2052 2026 2095 inimica,
2061 2066 2144 2100 quae

1150 2111 1365 2159 malignaris
1384 2111 1421 2146 in
1439 2113 1596 2146 sancto?
1614 2112 1839 2159 Maliguatur
1858 2112 1896 2147 in
1917 2120 2061 2153 sancto,
2081 2112 2145 2160 qui

1150 2170 1376 2214 inalignatur
1398 2170 1435 2201 in
1459 2170 1562 2202 hono
1585 2171 1662 2202 <iu-¹
1683 2171 1716 2202 in
1737 2183 1821 2211 suo,
1842 2171 1920 2203 six-0
1948 2171 1983 2204 in
2005 2171 2141 2206 alieno.

1147 2227 1190 2260 Iu
1225 2232 1289 2259 tuo
1323 2224 1537 2273 malignaris
1568 2224 1690 2270 bono,
1728 2238 1813 2261 cum
1842 2225 1986 2262 bonum
2020 2227 2141 2275 ipsum

1147 2296 1222 2318 non
1244 2284 1472 2332 conspicaris
1491 2298 1498 2320 :
1521 2284 1557 2319 in
1578 2284 1718 2329 alieno,
1742 2297 1826 2320 cum
1854 2285 1900 2321 de
1920 2284 2024 2321 bono
2048 2287 2143 2322 male

1144 2343 1357 2391 suspicaris.
1386 2347 1431 2379 Et
1464 2356 1580 2393 prava
1610 2344 1792 2388 intentio,
1816 2352 1853 2380 et
1884 2358 2060 2393 perversa
2089 2346 2144 2382 iu-

1146 2403 1391 2451 terpretatio3
1424 2412 1583 2452 utraque
1617 2405 1833 2454 malignatio
1866 2413 1921 2441 cst
1947 2420 1955 2440 :
1984 2414 2143 2455 utraque

1149 2461 1278 2506 fellea,
1302 2471 1461 2512 utraque
1483 2463 1591 2508 salsa,
1615 2464 1706 2500 nihil
1731 2464 1871 2501 liabens
1893 2478 1977 2500 cum
1997 2466 2142 2501 colum-

87 2521 257 2566 animus3
285 2522 390 2569 quasi
415 2534 575 2570 corpore
605 2522 705 2558 claro
740 2522 873 2558 oculus
907 2530 1079 2557 caecatur.
1100 2520 1282 2558 Dbarum
1318 2530 1450 2558 natura
1484 2536 1698 2559 commune.
1737 2524 1845 2561 Oculi
1882 2524 2142 2560 columbarum

88 2583 211 2629 Opera
244 2580 396 2628 quidem
431 2580 512 2629 ipsa
543 2581 742 2629 aliquoties
775 2582 812 2617 in
846 2594 982 2629 genere
1013 2593 1082 2616 suo

89 2638 189 2675 bona
209 2648 314 2685 sunt,
339 2648 376 2675 et
400 2639 482 2675 aliis
502 2640 725 2685 counuoda3
748 2640 812 2675 scd
833 2653 991 2688 operum
1010 2639 1082 2675 lio-

91 2699 186 2735 nitas
212 2699 249 2735 in
266 2707 429 2735 actorem
450 2712 525 2735 non
554 2700 778 2745 refunditur,
797 2700 860 2748 qui
877 2699 1083 2748 simplicem

90 2759 240 2795 oculum
262 2759 300 2794 in
318 2759 407 2808 ipsis
425 2773 502 2795 uon
520 2759 642 2796 habet.
661 2760 751 2796 Ideo
766 2759 963 2795 tenebrosa
984 2767 1083 2801 sunt,

90 2817 193 2866 quod
214 2818 433 2854 intentionis
454 2819 608 2854 sinccrae
628 2819 768 2855 lumine
792 2827 933 2855 carent.
958 2822 1084 2854 Bonus

90 2875 215 2924 itaque
234 2876 391 2925 simplex
419 2877 567 2922 oculus,
596 2890 672 2913 non
702 2877 844 2913 habens
861 2878 973 2913 ullam
997 2890 1084 2926 par—

91 2942 163 2970 tem
197 2934 458 2981 tenebrarum,
482 2937 778 2973 conversationis
805 2951 942 2986 corpus
965 2945 1084 2972 totum

91 3006 278 3030 serenans.
298 2999 373 3032 Aut
393 3004 492 3032 totus
512 2996 611 3032 enim
630 2996 851 3032 tenebrosus
865 3005 920 3032 est
941 2996 1085 3040 oculus,

91 3061 155 3088 aut
177 3061 276 3089 totus
299 3054 468 3100 lucidus,
494 3064 557 3091 aut
583 3054 724 3091 habeus
753 3056 914 3104 aliquam
941 3063 1086 3104 partem

146 3191 154 3205 ¹
172 3186 287 3216 (Iantic.
306 3198 334 3224 1,
360 3189 410 3217 Η.
428 3205 467 3209 —
499 3193 509 3208 ²
528 3189 719 3223 larum-dua,
747 3191 844 3218 Sei-m.
866 3191 907 3218 sit)
927 3187 955 3216 in
974 3185 1095 3216 (lautic.

101 3238 149 3266 1¹2.
169 3255 204 3257 —
225 3235 372 3268 ⁶1J0an.
392 3250 420 3273 ι,
447 3243 475 3269 ξι.
492 3258 530 3261 -ν
554 3246 565 3270 7
585 3242 664 3270 (ivn.
686 3252 714 3276 1,
732 3244 761 3270 3.
781 3259 818 3263 ψ-
841 3239 852 3261 ⁸
869 3239 984 3270 (lautic.
1004 3249 1048 3273 ιι,
1073 3241 1131 3275 13,
1160 3241 1207 3268 Ιἰ.

1149 2588 1236 2616 sunt
1251 2608 1260 2623 ,
1282 2581 1346 2628 qui
1368 2594 1436 2617 nec
1459 2582 1532 2617 salli
1555 2582 1710 2625 volunt,
1739 2596 1806 2619 nec
1836 2584 1963 2619 fallere
1990 2593 2141 2620 norunt.

1149 2640 1274 2675 Nescis
1290 2640 1394 2688 quod
1415 2653 1576 2689 sponsus
1595 2650 1680 2677 tuus
1698 2642 1835 2678 veritas
1846 2651 1901 2678 est
1914 2644 1928 2678 Ξ)
1942 2644 2142 2690 Quomodo

1151 2697 1248 2733 dicet
1282 2698 1370 2743 tibi,
1411 2700 1583 2734 (blamlm
1605 2714 1708 2742 mea,
1744 2706 1868 2736 amica
1898 2715 1979 2736 mea
1997 2702 2010 2722 ‘⁸'
2029 2730 2037 2746 ‚
2060 2716 2142 2750 quw,

1151 2758 1387 2806 simplicitate
1406 2772 1480 2794 nou
1501 2760 1663 2807 gaudes?
1680 2761 1804 2797 Amica
1821 2770 1875 2796 est
1895 2761 2040 2797 veritati
2060 2763 2146 2797 sim-

1152 2818 1298 2866 plicitas
1330 2832 1337 2852 ε
1368 2818 1452 2854 idco
1489 2833 1573 2855 cum
1611 2820 1844 2870 simplicibus
1881 2822 2144 2857 scrmociuzfflu

1150 2875 1231 2924 ejus
1251 2884 1277 2912 ἵ).
1314 2878 1487 2926 Denique
1521 2879 1748 2928 simplicitati
1785 2880 1912 2916 amica·
1950 2882 2145 2930 applaudit

1152 2936 1280 2972 ‹lim-ns
1304 2952 1310 2972 :
1339 2941 1445 2972 Oculi
1474 2943 1528 2973 (lli
1559 2939 1822 2975 columbarum».
1850 2945 1948 2976 Boua
1969 2944 2068 2976 cuim
2090 2950 2144 2977 cst

1152 2996 1298 3032 oculata
1315 2996 1533 3045 simplicitas
1545 3026 1554 3041 ‚
1573 2998 1619 3033 ita
1635 2999 1911 3035 siuuilatioucm
1927 2999 2143 3042 excludens,

1154 3063 1190 3090 ut
1215 3068 1289 3090 nou
1318 3056 1449 3103 caliget
1478 3057 1513 3092 iu
1543 3058 1711 3094 von-itate.
1736 3063 1832 3095 Rara
1863 3058 1940 3094 lucc
1962 3058 2072 3094 hodic
2109 3059 2145 3093 iu

1184 3183 1323 3216 uiant..
1342 3199 1392 3223 η,
1417 3191 1477 3221 γι,
1503 3191 1555 3218 aa.

1635 3198 1646 3215 ⁴⁸
1668 3190 1710 3220 hl.
1735 3202 1773 3222 x,
1799 3196 1845 3220 ts».
1932 3189 1943 3209 3
1961 3193 2051 3220 Joau.
2076 3203 2148 3224 viii,

1264 3258 1270 3261 <
1288 3242 1488 3273 91ἰ·ω·.ιιι,
1511 3245 1564 3271 322.
