2504 3928
1106 168 1392 203 (llLLl⁴'.lil⁴'.R'l*l
1427 167 1621 200 Alina'rls
2299 162 2374 199 203

333 250 434 297 quod
464 248 597 284 nostris
625 254 798 282 mon-uu·
818 244 1011 280 affectibus
1032 244 1075 280 ad
1106 243 1362 294 1‘1'1u·ntlt*tt-¹'¹'
1383 250 1459 278 stus
1488 242 1628 277 (Ὧι-03.
1656 246 1806 287 Quanto
1836 240 1949 288 magis
1979 252 2061 274 cum
2090 252 2154 274 cor
2183 238 2263 287 ejus
2295 252 2371 275 non

337 307 421 342 dam
450 305 738 342 vicissitudinem
770 302 990 339 dilectionis.
1024 306 1068 339 lit
1093 302 1326 339 necessitudo
1343 303 1368 335 A
1390 301 1520 337 leviter
1548 300 1724 348 tangitur,
1748 299 1810 335 sed
1833 299 2064 342 vulneratur,
2092 298 2246 346 gratiam
2273 298 2317 334 de
2338 311 2376 335 se

347 172 417 207 ‘207

335 366 430 410 lure,
452 374 487 400 et
517 362 732 399 vicissitudo
755 377 762 398 :
789 362 1022 398 necessitudo
1052 363 1088 398 in
1120 362 1259 398 sororis
1287 370 1323 397 ct

333 438 481 474 spons-:u
509 423 679 465 nomine,
710 421 927 457 xit-issiuulo
948 421 1162 471 designatur
1182 421 1217 457 in
1239 420 1322 456 vul-

333 498 433 520 nere.
452 487 582 531 Magna
600 480 834 517 necessitudo
849 480 1001 524 sororis,
1018 493 1164 529 sponsae
1179 478 1319 528 major:

332 544 392 578 illa
414 541 664 590 cognationis,
688 540 754 576 ista
774 540 993 576 dilectionis.
1015 539 1068 576 Ibi
1094 539 1322 587 significatur

332 602 418 650 quia
440 601 486 636 de
506 615 582 637 uuo
602 609 688 636 sunt
712 615 719 636 z
742 600 820 644 hie,
849 600 935 649 quia
957 613 1085 635 unum.
1107 602 1222 634 Soror
1241 605 1318 641 est,

332 662 419 709 quia
440 660 576 696 divinae
594 673 748 695 consors
767 668 906 695 naturae
926 674 932 695 :
955 672 1091 708 sponsa
1109 672 1213 701 vero,
1235 657 1322 706 quia

333 720 369 754 in
394 719 686 767 singularitatem
720 726 908 766 assumpta
930 730 1112 766 personse.
1138 720 1320 765 Expressa

332 779 443 826 plane
472 777 754 813 necessitudinis
785 777 862 813 lia‘c
892 775 1074 812 vocabula
1102 784 1206 820 sunt,
1237 788 1320 823 quse

330 837 389 872 vel
430 845 620 881 naturam,
662 836 720 871 vel
755 836 910 884 gratiam
948 843 1094 870 sonant.
1130 838 1319 882 Quantum

331 909 455 932 amare
475 904 644 945 oportet,
663 909 747 944 quse
771 895 880 931 tantis
899 892 1143 930 affinitatibus
1164 893 1321 930 foedera-

333 963 406 990 tam
427 955 573 991 Clu-isto
602 968 639 990 se
668 954 798 989 novit?
817 956 1170 1000 Quantumcumque
1199 959 1318 995 amat,

1388 372 1561 395 emanare
1576 358 1710 394 sentit?
1725 358 1869 394 Vulnus
1883 356 1981 392 istud
1997 369 2071 392 non
2087 356 2232 392 estsine
2244 368 2374 392 sensu:

1389 418 1472 454 ideo
1487 417 1568 467 puri
1585 425 1755 467 aspectus
1771 417 1806 451 in
1822 416 1925 452 illum
1945 416 2085 465 spicula
2101 414 2228 451 vibra:
2246 423 2378 465 reputa

1387 477 1490 513 illum
1519 476 1623 525 quasi
1657 476 1802 523 signum
1835 475 1998 523 positum
2028 474 2073 510 ad
2099 475 2187 510 tales
2212 474 2374 523 sagittas.

1386 536 1492 571 Tales
1513 533 1766 571 savmabilitcr
1785 533 1944 581 excipit,
1964 532 2051 581 quia
2074 533 2163 568 tales
2181 531 2282 580 jacit.
2301 535 2378 568 Re-

1386 595 1507 643 spexit
1528 598 1697 638 Petrum,
1724 601 1761 628 ct
1789 606 1855 628 cor
1875 591 1956 640 ejus
1983 591 2186 641 percussit,
2213 599 2251 628 et
2275 604 2381 627 eom-

1388 654 1521 703 punxit
1552 653 1597 689 ad
1628 653 1928 702 poenitentianr‘.
1955 652 2147 689 Vulnerati
2174 650 2298 687 cordis
2326 650 2380 686 la-

1388 726 1525 762 crymae
1553 713 1643 748 dant
1673 713 1789 761 signa.
1810 712 1982 760 Denique
2010 711 2185 748 clementi
2206 718 2380 760 respectu

1386 784 1451 807 cor
1485 770 1574 806 illud
1604 771 1795 816 vulnerat,
1823 770 1927 819 quod
1961 769 2007 806 ad
2037 769 2197 818 aliquem
2232 768 2381 805 virtutis

1387 838 1514 866 movet
1531 829 1718 866 affectum.
1740 829 1841 866 Talia
1862 829 1899 865 in
1919 841 1978 865 me
1998 828 2141 864 utinam
2159 826 2382 876 multiplicet

1390 890 1544 926 vulnera
1569 903 1589 926 a
1614 890 1741 939 planta
1770 889 1877 939 pedis
1903 901 2022 938 usque
2053 887 2100 924 ad
2119 887 2319 934 verticem,
2339 894 2382 923 ut

1388 962 1464 985 non
1488 949 1534 984 sit
1562 948 1600 984 in
1628 961 1685 984 me
1712 948 1860 984 sanitas.
1887 947 1984 983 Mala
2006 945 2105 982 enim
2133 945 2288 991 sanitas,
2316 943 2382 981 ubi

333 1027 408 1049 non
428 1022 544 1059 amat,
566 1013 630 1050 sed
652 1012 828 1048 redamat.
852 1015 935 1060 Ipse
956 1011 1054 1047 enim
1075 1010 1179 1059 prior
1196 1010 1325 1046 dilexit
1345 1009 1371 1043 B
1388 1009 1544 1043 vulnera
1558 1015 1691 1044 vacant
1705 1020 1788 1056 quae
1802 1005 1938 1043 Christi
1953 1005 2037 1054 pius
2051 1004 2185 1053 infligit
2198 1012 2380 1053 aspectus.

333 1079 440 1108 nos'.
477 1077 593 1109 Amor
623 1071 667 1107 ad
697 1071 799 1106 illum
830 1078 956 1106 noster
979 1077 1326 1118 quantumcumque

333 1145 543 1181 propensus
568 1131 694 1175 fuerit,
725 1143 799 1166 non
822 1128 1067 1178 impenditur,
1096 1127 1160 1164 sed
1190 1141 1325 1177 repen-

332 1190 432 1226 ditur
454 1205 460 1226 :
486 1189 634 1226 debitus
662 1197 734 1234 est,
766 1201 841 1224 non
871 1188 1076 1236 gratuitus;
1102 1188 1241 1236 {equari
1268 1188 1324 1233 ei,

332 1249 396 1298 qui
422 1248 499 1297 jam
531 1250 723 1298 impensus
756 1256 830 1292 est,
861 1247 979 1283 amori
1007 1260 1082 1283 non
1113 1255 1247 1296 potest.
1283 1251 1326 1283 Et

332 1321 496 1356 quonam
516 1307 628 1343 modo
647 1306 780 1342 mereri
797 1313 938 1355 potest,
954 1304 1145 1354 quomodo
1161 1304 1326 1353 obligare

334 1375 457 1416 potest
490 1367 552 1415 qui
586 1380 631 1402 ne
665 1367 775 1415 plene
804 1365 955 1414 quidem
989 1365 1134 1401 solvere
1163 1364 1326 1401 suflicit?

334 1430 415 1462 Non
438 1434 562 1475 potes,
591 1438 747 1474 sponsa,
766 1423 924 1461 amatori
945 1431 1010 1460 tuo
1032 1422 1324 1459 vicissitudinem

332 1485 482 1533 plenam
505 1482 722 1532 rependere.
744 1486 828 1531 Ipse
856 1490 979 1517 tamen
1007 1494 1083 1517 non
1105 1480 1241 1516 desinit
1260 1493 1324 1516 su-

335 1542 636 1592 perimpendere.
670 1542 780 1589 Quod
816 1541 999 1590 impendit
1037 1540 1125 1585 tibi,
1157 1540 1325 1576 nondum

333 1602 444 1651 plene
463 1602 624 1637 solutum
644 1609 698 1636 est
710 1630 718 1645 ‚
736 1609 773 1635 et
790 1608 912 1636 tamen
930 1599 1135 1647 obligatum
1152 1612 1189 1635 se
1207 1606 1325 1647 putat.

332 1660 523 1709 Quidquid
540 1660 590 1695 illi
614 1659 788 1708 rependis
807 1659 963 1704 amoris,
980 1671 1056 1694 non
1073 1657 1207 1706 accipit
1222 1657 1328 1705 quasi

334 1720 523 1765 debitum,
545 1719 608 1756 sed
638 1718 742 1767 quasi
765 1718 980 1766 gratuitum.
1001 1716 1114 1764 Quasi
1142 1728 1328 1764 provoca—

1391 1071 1573 1116 Aspectus
1603 1074 1793 1115 aspectum
1823 1071 2034 1114 provocat:
2062 1062 2147 1099 ideo
2181 1070 2246 1099 tuo
2275 1062 2381 1098 illum

1392 1134 1492 1162 tenta
1514 1125 1713 1162 vulnerare
1734 1132 1949 1173 prospectu.
1971 1121 2079 1160 Oculi
2099 1121 2152 1158 tui
2172 1134 2321 1171 semper
2336 1120 2383 1157 ad

1390 1185 1616 1229 Dominum,
1637 1192 1677 1220 ut
1701 1182 1840 1220 amoris
1858 1182 1909 1218 tui
1928 1180 2081 1218 nutibus
2097 1180 2280 1230 capiatur,
2302 1179 2384 1216 illa-

1392 1253 1552 1294 queetur
1571 1243 1771 1280 criniculis.

1445 1303 1479 1339 3.
1499 1306 1581 1339 Non
1599 1311 1721 1338 tamen
1738 1300 1845 1346 dicit,
1862 1304 1902 1337 In
1920 1299 2057 1346 oculis,
2074 1307 2111 1335 et
2127 1299 2164 1335 in
2179 1298 2381 1344 criniculis,

1392 1362 1497 1410 quasi
1514 1362 1550 1397 in
1568 1361 1758 1412 pluribus,
1776 1360 1840 1396 sed
1854 1359 1960 1409 quasi
1975 1359 2012 1395 in
2028 1371 2106 1395 uno
2127 1373 2135 1394 ε
2159 1360 2384 1402 Vulnerasti‚

1391 1421 1533 1470 inquit,
1551 1434 1613 1456 cor
1628 1433 1766 1463 meum,
1784 1432 1888 1455 soror
1902 1431 1984 1454 mea
1998 1430 2135 1467 sponsa
2146 1446 2157 1463 ,
2181 1419 2387 1453 vulnerasti

1392 1493 1454 1515 cor
1483 1493 1600 1514 meum
1623 1484 1659 1515 1'11
1684 1493 1754 1514 uno
1783 1480 1966 1513 oculorum
1997 1486 2160 1522 tuorum,
2192 1485 2225 1512 et
2254 1480 2292 1511 in
2314 1489 2385 1511 ιιηο

1392 1543 1491 1574 crine
1516 1542 1601 1574 colli
1614 1542 1687 1574 -Ιιιί,
1715 1538 1751 1575 Si
1778 1538 1906 1587 plures
1932 1536 2047 1573 habes
2076 1536 2226 1582 oculos,
2255 1547 2387 1571 omnes

1393 1598 1483 1634 alios
1504 1598 1657 1643 elaude;
1684 1605 1725 1633 ut
1744 1597 1815 1632 hoc
1836 1609 1913 1632 uno
1937 1596 2072 1641 utaris,
2095 1608 2172 1644 quo
2192 1594 2273 1631 solo
2292 1593 2387 1630 dile—

1395 1665 1495 1693 ctum
1516 1656 1652 1693 intueri
1672 1656 1788 1699 soles,
1812 1663 1848 1691 et
1866 1668 1942 1703 quo
1962 1654 2043 1690 solo
2063 1654 2173 1690 vales.
2191 1653 2263 1701 Qui
2285 1653 2386 1689 dire—

1396 1717 1490 1753 ctius
1512 1716 1647 1752 intueri
1665 1715 1817 1760 volunt,
1838 1715 1996 1750 alterum
2014 1713 2164 1750 oculum
2183 1712 2385 1757 claudunt,

336 1788 413 1816 tum
434 1779 480 1815 ad
499 1779 736 1815 dilectionem
754 1790 792 1814 se
809 1777 1008 1826 persentit,
1026 1775 1114 1812 dum
1134 1788 1199 1811 cor
1216 1787 1323 1810 suum
1345 1778 1372 1812 C
1393 1776 1549 1812 alterum
1577 1773 1796 1819 intendunt,
1819 1781 1857 1809 et
1874 1786 1959 1808 eum
1983 1773 2107 1822 ipsum
2131 1785 2207 1820 quo
2225 1778 2387 1807 cernunt

337 1839 576 1874 vulneratum
601 1838 747 1873 fatetur.

387 1898 422 1934 2.
457 1896 556 1944 Quid
590 1905 645 1932 est
673 1896 743 1932 hoc
778 1895 968 1940 miraculi,
1007 1896 1165 1931 fratres?
1194 1897 1328 1930 Nonne

335 1956 478 1993 beatam
502 1956 598 1992 lianc
619 1954 801 2003 reputatis
821 1953 1003 1998 animam,
1021 1965 1104 2001 quae
1124 1953 1246 2001 ipsum
1263 1965 1329 1987 cor

333 2016 486 2053 Domini
508 2014 627 2051 nostri
644 2018 732 2050 Jesu
750 2012 884 2049 Christi
904 2011 975 2060 piis
994 2010 1190 2047 affectibus
1207 2019 1328 2046 trans-

333 2075 411 2123 figit
429 2082 465 2109 et
484 2073 681 2123 penetrat?
698 2074 838 2108 Acutus
855 2078 891 2106 ct
907 2070 1057 2115 efficax,
1079 2076 1116 2105 et
1135 2081 1223 2105 vere
1242 2069 1326 2104 vio-

334 2135 457 2170 lentus
477 2133 631 2168 affectus
662 2131 722 2166 ille
748 2138 822 2174 est,
853 2129 917 2178 qui
939 2137 1063 2174 tuum,
1092 2132 1178 2164 Jesu
1199 2127 1299 2163 bone
1318 2155 1327 2173 ,

334 2200 500 2229 meretur
521 2200 557 2227 et
579 2198 703 2226 movet
728 2190 916 2226 affectum.
938 2191 1071 2236 Magna
1100 2195 1136 2222 et
1163 2186 1328 2223 violenta

334 2260 390 2287 est
407 2251 462 2287 vis
483 2249 692 2294 charitatis,
716 2249 836 2297 ipsum
857 2246 1032 2283 affectum
1056 2245 1123 2281 Dei
1143 2245 1328 2293 attingens

337 2319 372 2346 et
392 2317 614 2359 penetrans,
633 2315 669 2343 et
691 2307 793 2341 velut
811 2305 940 2354 sagitta
965 2303 1073 2352 jecur
1098 2302 1179 2351 ejus
1207 2311 1327 2338 trans—

337 2371 465 2417 ligens.
498 2366 595 2414 Quid
618 2366 772 2406 mirum,
805 2365 833 2400 si
862 2376 1018 2412 regnum
1039 2363 1219 2398 coelorum
1253 2362 1326 2397 vim

336 2428 476 2477 patitur
492 2428 530 2461 ²?
547 2430 630 2475 Ipse
652 2424 834 2461 Dominus
854 2422 1008 2458 'violenti
1033 2422 1170 2458 amoris
1191 2421 1327 2457 vulnus

337 2487 504 2524 sustinet.
541 2485 610 2521 Sed
646 2484 732 2520 vide
763 2481 900 2531 quibus
925 2480 1058 2529 jaculis
1093 2481 1323 2516 vulneretur.

1394 1834 1602 1883 stringunt,
1634 1841 1677 1869 ut
1705 1832 1834 1868 stricto
1864 1831 2051 1867 efficacius
2081 1830 2387 1879 contemplentur

1394 1892 1578 1929 acumine.
1602 1892 1740 1929 Oculus
1768 1899 1853 1926 tuus
1880 1903 1978 1926 unus
2004 1897 2078 1936 est,
2105 1889 2134 1926 si
2158 1901 2276 1938 purus
2295 1896 2352 1924 est
2375 1901 2383 1923 z

1394 1964 1493 1988 unus
1522 1959 1598 1995 est,
1630 1950 1659 1987 si
1687 1949 1733 1986 ad
1758 1949 1867 1998 plura
1896 1961 1973 1985 non
2004 1956 2059 1985 est
2090 1962 2098 1984 ε
2131 1959 2230 1984 unus
2256 1954 2331 1993 est,
2357 1946 2388 1983 si

1395 2010 1556 2059 quodam
1579 2009 1693 2046 modo
1718 2009 1976 2058 simplificatus
1995 2015 2032 2044 et
2050 2007 2201 2044 strictus
2225 2014 2262 2043 et
2285 2005 2387 2042 dire-

1394 2076 1476 2104 ctus
1490 2069 1526 2104 in
1549 2081 1664 2104 unum
1687 2076 1760 2113 est,
1781 2080 1857 2102 non
1875 2067 1999 2111 fissus,
2022 2079 2098 2102 non
2115 2065 2291 2112 diffusus,
2310 2077 2388 2102 non

1394 2139 1544 2176 sparsus
1565 2127 1603 2162 in
1624 2127 1751 2162 multa.
1773 2126 1912 2163 Oculus
1933 2134 2018 2162 tuus
2043 2138 2140 2162 unus
2168 2133 2240 2171 est,
2269 2125 2300 2162 si
2330 2125 2389 2161 in-

1396 2187 1517 2223 tendis
1537 2195 1573 2223 et
1599 2186 1754 2222 intueris
1774 2198 1922 2235 semper
1941 2185 1978 2221 in
2005 2198 2143 2231 unum,
2162 2193 2199 2222 et
2224 2185 2261 2220 in
2281 2184 2385 2221 illum

1396 2259 1523 2282 unum.
1546 2245 1718 2293 Denique
1738 2245 1767 2280 si
1793 2244 1930 2280 amoris
1950 2245 2082 2280 oculus
2101 2252 2175 2289 est,
2196 2255 2295 2280 unus
2319 2251 2386 2280 est.

1398 2306 1539 2347 Unam,
1562 2304 1701 2353 inquit,
1714 2307 1851 2352 petila
1874 2305 2047 2346 Domino,
2066 2304 2162 2338 hanc
2184 2306 2382 2351 requiram,

1394 2372 1434 2399 ut
1455 2362 1655 2399 inhabitem
1677 2366 1714 2397 in
1741 2364 1848 2397 domo
1876 2365 2028 2398 Domini
2055 2365 2094 2397 in
2124 2363 2386 2410 longitudinem

1393 2425 1533 2458 dierum
1544 2451 1554 2465 ‚
1577 2431 1614 2457 uc
1630 2423 1780 2457 videam
1799 2423 2024 2456 voluntatem
2044 2423 2195 2456 Domine·
2208 2419 2232 2457 ⁵.
2249 2420 2388 2457 Oculus

1394 2482 1461 2517 istc
1481 2494 1579 2517 nnus
1599 2488 1672 2526 est,
1703 2493 1818 2516 unum
1850 2488 1999 2529 petens,
2028 2488 2064 2516 et
2092 2492 2208 2516 unum
2239 2478 2386 2528 prospi-

343 2549 567 2590 Vulncmsct',
592 2543 728 2592 inquit,
755 2555 816 2576 cm·
840 2554 958 2576 ‘neum
989 2541 1026 2574 ιἸι
1047 2553 1119 2574 ιωιο
1140 2542 1327 2574 oculorum
1346 2548 1377 2581 D
1394 2540 1506 2575 ciens.
1529 2541 1579 2574 Et
1609 2543 1644 2573 ιή
1670 2552 1744 2573 mm
1764 2542 1864 2572 crine
1887 2541 1972 2573 colli
1991 2542 2054 2573 tui.
2076 2540 2157 2574 Non
2177 2543 2328 2586 oportet
2347 2543 2388 2571 ut

337 2615 502 2648 tuorum,
533 2613 566 2639 et
593 2609 630 2638 ire
653 2618 724 2638 imo
754 2606 855 2636 crine
884 2602 967 2634 colli
998 2603 1060 2634 [αἱ.
1092 2602 1144 2635 Ne
1174 2611 1326 2647 parcas,

338 2678 493 2713 sponsa,
515 2661 650 2699 talibus
681 2665 868 2709 Sponsum
899 2658 978 2693 telis
998 2665 1186 2707 appetere.
1209 2660 1329 2705 Aspe-

339 2723 458 2759 ctibus
497 2722 566 2771 piis
598 2721 702 2770 quasi
739 2718 889 2768 spiculis
922 2725 1040 2753 utere.
1077 2716 1160 2753 Noli
1194 2716 1229 2751 in
1260 2716 1330 2751 hoc

339 2782 490 2829 negotio
515 2780 704 2816 remissius
726 2791 852 2827 agere,
881 2776 957 2812 noli
976 2783 1150 2812 contenta
1174 2788 1252 2811 esse
1272 2774 1330 2810 di-

340 2842 475 2877 lectum
518 2841 715 2875 vulnerare
752 2838 885 2882 semel,
917 2836 980 2873 sed
1014 2834 1168 2871 concide
1206 2835 1327 2883 ipsum

338 2902 490 2936 vnlnere
519 2912 632 2948 super
660 2899 810 2933 vulnus.
836 2896 935 2932 Felix
964 2909 1002 2930 es
1032 2896 1060 2930 si
1094 2894 1233 2944 sagittae
1257 2902 1328 2930 tuae

338 2961 461 2995 inlixae
481 2967 566 2994 sunt
588 2959 657 3001 illi,
680 2965 715 2993 et
738 2968 882 2991 amores
910 2955 962 2990 tui
984 2955 1142 2990 militent
1161 2954 1197 2990 in
1220 2953 1328 2990 Cliri-

337 3028 408 3063 sto,
432 3019 460 3054 si
494 3018 624 3053 oculus
646 3025 730 3052 tuus
752 3015 896 3051 ‹lelixus
917 3015 1098 3051 indefesse
1118 3015 1163 3050 sit
1183 3014 1219 3049 in
1249 3014 1325 3049 illo.

339 3083 478 3115 Bonum
500 3077 654 3120 vulnus,
674 3075 718 3110 de
739 3088 813 3123 quo
837 3074 953 3109 virtus
973 3073 1173 3121 egreditur.
1193 3073 1328 3121 Tetigit

338 3138 470 3173 mulier
492 3134 695 3178 fimbriam,
717 3142 749 3168 et
773 3133 947 3168 virtutem
971 3132 1016 3167 ‹le
1037 3147 1074 3169 se
1091 3133 1201 3168 sensit
1221 3132 1326 3169 (thri-

386 3270 390 3281 ¹
417 3267 421 3291 Ι
450 3266 519 3291 l-an
551 3274 592 3295 μ,
615 3265 653 3291 l‘t
753 3269 755 3273 ’
783 3259 890 3289 nauh,
916 3261 1039 3291 x1,t'>,.

1127 3257 1218 3287 llaec.
1236 3268 1305 3289 xiii„
1333 3259 1382 3286 'ait-
1397 3258 1442 3286 is».

1396 2599 1518 2634 crines
1536 2597 1703 2641 fluitent,
1727 2605 1768 2633 ut
1785 2597 1864 2632 sine
1883 2597 1963 2645 lege
1984 2604 2200 2645 evagentur,
2217 2603 2255 2632 et
2269 2594 2388 2644 sparsi

1396 2666 1432 2693 et
1464 2665 1631 2693 errantes
1663 2657 1857 2692 oculorum
1891 2655 2135 2692 effundantur
2168 2654 2387 2691 luminibus.

1397 2719 1479 2753 Non
1501 2715 1606 2752 decet
1623 2724 1662 2751 ut
1683 2716 1830 2751 strictus
1851 2715 1897 2752 sit
1917 2715 2068 2761 oculus,
2085 2723 2122 2751 et
2137 2714 2250 2751 crinis
2266 2713 2385 2750 laxus.

1397 2776 1536 2813 Oculus
1558 2775 1656 2810 enim
1690 2774 1906 2820 offenditur,
1926 2787 2010 2810 eum
2034 2774 2146 2810 crinis
2165 2772 2383 2809 effunditur.

1397 2835 1432 2871 Si
1455 2834 1612 2870 intentio
1642 2833 1677 2869 in
1708 2834 1818 2869 oculo
1846 2833 2077 2882 intelligitur,
2106 2832 2195 2882 quid
2217 2833 2255 2869 in
2285 2832 2386 2868 crine

1396 2894 1465 2930 nisi
1508 2893 1689 2942 cogitatus
1727 2893 1968 2941 designatur?
2003 2894 2065 2930 Vis
2099 2905 2215 2929 unum
2248 2891 2386 2928 habere

1395 2962 1618 3001 utrumque,
1641 2961 1674 2987 ct
1699 2952 1837 2988 crinem
1860 2961 1896 2987 et
1916 2953 2061 2996 lumen,
2082 2960 2119 2987 et
2138 2951 2384 2987 intentionem

1394 3022 1429 3048 et
1446 3011 1749 3048 meditationem?
1774 3011 1888 3060 Cujus
1905 3019 1959 3047 est
1981 3011 2017 3046 in
2044 3011 2123 3059 lege
2140 3010 2290 3046 Domini
2314 3022 2385 3046 vo—

1395 3072 1516 3107 luntas
1545 3069 1642 3118 ejus,
1671 3078 1708 3105 ct
1737 3070 1773 3105 in
1805 3082 1847 3106 ea
1878 3069 2078 3105 meditatur
2097 3068 2156 3105 die
2181 3082 2223 3104 ac
2248 3076 2381 3112 noctc;

1395 3131 1460 3166 iste
1481 3130 1589 3166 etiam
1616 3129 1651 3165 in
1674 3130 1864 3165 voluntate
1882 3128 2060 3164 uniformi
2078 3140 2194 3164 unum
2218 3127 2385 3176 possidet

1530 3256 1536 3280 Ἰ
1557 3255 1599 3285 ld.
1623 3266 1703 3288 xxii,
1729 3259 1865 3287 1“.1,Γι’),.
1945 3253 1955 3272 ’·
1974 3255 2051 3285 l'sal.
2072 3265 2162 3291 xxvi,
2188 3256 2213 3284 i.
