2418 3949
133 215 209 253 873

884 212 950 245 DE
978 208 1173 246 PASSION
1180 209 1207 242 F.
1236 208 1424 244 DOMINI.

2114 206 2186 242 87²1

135 300 172 328 et
199 302 311 340 quam
328 287 538 338 jucundum
568 286 736 323 habitare
754 287 791 323 in
811 285 924 322 corde
944 286 1031 322 hoc!
1049 284 1177 322 Bo—⁴⁷''
1192 284 1397 333 Utriusque
1423 285 1520 321 enim
1551 287 1718 323 vulneris
1740 287 1821 337 ipsa
1848 300 1958 323 soror
1988 294 2024 322 et
2049 299 2188 334 sponsa

135 363 208 388 nus
222 350 440 394 thesaurus,
462 346 563 384 bona
589 347 788 395 margarita
807 354 1015 391 cortuum,
1032 345 1130 381 bone
1149 346 1173 378 A
1195 357 1305 381 causa
1327 352 1382 380 est
1409 358 1416 380 :
1443 358 1483 381 ac
1512 346 1541 382 si
1566 359 1725 395 sponsus
1751 355 1880 397 aperte
1901 346 2064 390 diceret,
2094 345 2189 392 Quia

135 415 246 455 Jesu,
268 421 381 459 quam
397 409 497 444 fosso
511 419 602 457 agro
620 406 792 456 corporis
809 406 862 442 tui
879 405 1129 442 inveniemus.

135 471 228 519 Quis
264 470 361 506 hanc
394 467 632 516 margaritam
660 465 835 514 abjiciat?
875 465 975 513 Quin
1004 465 1132 513 potius

136 529 235 567 dabo
264 528 391 565 omnia
413 556 422 573 ,
456 539 588 563 omnes
624 525 871 574 cogitationes
902 531 938 560 et
977 523 1132 560 affectus

136 589 272 626 mentis
298 585 560 631 commutabo,
585 593 622 621 et
643 582 873 632 comparabo
897 583 998 618 illam
1018 581 1128 626 mihi,

131 647 280 697 jactans
295 658 446 683 omnem
464 645 667 693 cogitatum
694 655 819 679 meum
834 642 871 678 in
895 654 961 678 cor
976 640 1129 678 Domini

135 712 244 753 Jesu,
264 715 301 743 et
320 706 400 743 sine
422 703 565 740 fallacia
581 702 674 739 illud
692 714 751 738 me
774 701 950 737 enutriet.

189 768 225 804 9.
247 765 305 803 Ad
324 765 394 801 hoc
415 763 617 812 templum,
646 761 692 798 ad
714 761 791 797 haee
815 762 949 797 Sancta
978 767 1128 795 sancto-

136 839 243 872 rum,
264 824 311 862 ad
327 824 423 860 hanc
442 835 565 859 arcam
584 822 794 858 testamenti
809 819 977 857 adorabo
997 827 1033 855 et
1048 819 1130 855 lau-

135 885 235 922 dabo
261 895 399 921 nomen
430 882 599 927 Domini,
626 881 754 918 dicens
785 893 869 917 cum
897 878 1045 916 David:
1065 881 1131 913 Ιη-

140 949 224 981 veni
241 957 304 980 cor
322 956 463 986 meum,
484 951 523 978 ut
548 955 647 976 orem
666 943 786 976 Deum
807 954 926 976 meum
951 946 974 975 ¹.
998 942 1044 976 Et
1063 951 1132 987 ego

135 1003 265 1042 inveni
294 1015 360 1040 cor
380 1003 498 1052 regis,
519 1000 644 1037 fratris
664 1008 701 1036 et
727 1000 836 1036 amici
856 998 1010 1047 benigni
1030 1001 1130 1034 Jesu.

1197 404 1276 440 zelo
1304 404 1442 440 amoris
1471 404 1524 440 tui
1555 406 1761 442 vulnerasti
1782 419 1840 442 me
1855 435 1864 452 ,
1888 406 2016 442 lancea
2036 416 2188 453 quoque

1198 463 1325 499 militis
1357 464 1574 500 vulneratus
1606 478 1701 501 sum.
1731 466 1823 513 Quis
1853 465 1951 501 enim
1984 476 2050 500 cor
2080 471 2188 499 tuum

1197 523 1284 571 palo
1315 523 1506 558 vulnerari
1537 524 1793 572 permitteret,
1822 524 1892 561 nisi
1917 523 2022 573 prius
2049 522 2188 558 amoris

1195 582 1293 618 illius
1313 583 1450 618 vulnus
1479 584 1732 632 percepisset?
1752 584 1848 620 Dicit
1869 596 1957 632 ergo
1974 598 1981 620 :
2005 584 2190 617 Vulnera-

1193 644 1241 676 sti
1269 655 1332 676 cor
1358 654 1476 676 meum
1495 669 1506 684 ‚
1537 656 1640 677 soror
1677 656 1761 677 mea
1790 656 1950 690 sponsa,
1984 644 2190 676 vulnerasti

1195 714 1258 736 cor
1272 714 1390 736 meam
1407 702 1431 737 3.
1450 701 1520 739 Sed
1543 716 1660 751 quare
1680 715 1790 739 soror
1815 711 1851 738 ct
1869 703 2029 751 sponsa?
2044 714 2089 737 an
2112 714 2188 737 non

1195 769 1345 810 poterat
1375 761 1620 798 sufficientem
1661 763 1789 811 sponsi
1826 762 1982 798 amantis
2015 761 2188 797 affectum

1197 819 1395 856 ostendere
1410 820 1525 856 solius
1547 821 1688 856 sororis
1703 849 1711 865 ‚
1740 821 1798 856 vel
1819 821 1934 856 solius
1952 832 2100 868 sponsae
2121 832 2190 868 po-

1198 878 1311 914 sitio?
1343 879 1410 915 Vel
1436 892 1552 927 quare
1579 892 1739 929 sponsa,
1772 888 1808 915 et
1843 893 1919 915 non
1956 892 2070 923 uxor,
2104 891 2190 914 cum

1199 938 1369 988 quotidie
1388 939 1446 974 vel
1469 939 1651 984 Ecclesia,
1677 939 1754 975 sive
1775 938 1954 987 quaelibet
1975 937 2092 973 tidelis
2107 937 2191 972 ani-

1199 1011 1259 1034 ma
1274 1010 1414 1047 sponso
1431 1010 1500 1034 suo
1519 998 1667 1035 Christo
1684 997 1873 1033 bonorum
1893 1010 2052 1046 operum
2071 996 2190 1032 sobo-

135 1067 183 1102 Et
199 1061 383 1112 numquid
413 1073 491 1098 non
511 1059 707 1097 adorabo?
735 1058 862 1097 Orabo
889 1059 1033 1107 utique.
1057 1060 1132 1094 Cor
1152 1056 1178 1090 B
1197 1057 1269 1093 lem
1290 1056 1424 1093 debeat
1440 1058 1643 1105 generare?
1658 1057 1788 1094 Paucis
1808 1056 1892 1092 dico
1912 1071 1918 1091 :
1939 1057 2060 1091 solent
2080 1068 2191 1104 spon—

135 1124 235 1161 enim
253 1123 351 1159 illius
368 1133 515 1158 mecum
537 1127 608 1163 est,
627 1119 805 1156 audacter
823 1118 942 1154 dicam
958 1146 968 1163 ,
986 1117 1040 1163 si,
1056 1117 1132 1153 imo

135 1182 223 1232 quia
243 1189 357 1231 caput
378 1192 505 1217 meum
529 1177 696 1216 Christus
720 1186 787 1214 est.
807 1176 1010 1225 Quomodo
1028 1175 1132 1225 quod

135 1242 267 1292 capitis
281 1241 354 1278 mei
374 1248 448 1286 est,
473 1251 551 1276 non
570 1251 694 1275 mcum
714 1239 795 1275 est?
813 1237 916 1274 Sicut
935 1249 1024 1285 ergo
1045 1250 1132 1272 cor—

136 1301 276 1352 poralis
303 1299 435 1349 capitis
463 1298 535 1334 mei
555 1297 673 1343 oculi,
692 1296 766 1333 mei
788 1296 888 1332 oculi
909 1308 997 1332 vere
1014 1303 1102 1332 sunt
1123 1309 1130 1330 :

136 1361 187 1398 ita
212 1368 251 1398 et
277 1358 472 1409 spirituale
490 1370 577 1403 cor,
603 1369 669 1393 cor
688 1368 812 1392 meum
829 1364 896 1392 est.
913 1358 1013 1391 Bene
1042 1366 1130 1402 ergo

137 1419 242 1456 mihi.
266 1422 345 1468 Ego
366 1430 460 1454 vero
480 1429 566 1453 cum
590 1420 679 1453 Jesu
697 1429 762 1451 cor
788 1428 913 1451 meum
934 1413 1068 1450 habeo.
1088 1417 1134 1449 Et

136 1478 229 1529 quid
248 1479 406 1522 mirum,
430 1489 515 1513 cum
534 1475 786 1512 multitudinis
803 1474 1037 1511 credentium
1056 1474 1134 1509 sue-

139 1539 188 1575 rit
214 1551 281 1575 cor
298 1550 418 1574 unum
432 1538 469 1572 ²?
485 1539 567 1573 Hoc
591 1535 704 1584 igitur
727 1534 843 1571 corde
865 1542 928 1569 tuo
943 1562 952 1579 ‚
969 1541 1006 1569 et
1027 1546 1111 1569 ineo
1125 1562 1134 1579 ‚

139 1599 352 1636 dulcissime
364 1602 472 1643 Jesu,
486 1597 656 1641 invento,
672 1595 790 1631 orabo
807 1603 842 1631 te
858 1597 978 1631 Deum
993 1606 1132 1630 meum.

139 1658 306 1697 Admitte
328 1666 474 1694 tantum
499 1656 537 1692 in
564 1655 767 1693 sacrarium
789 1653 1041 1690 exauditionis
1061 1661 1132 1689 tuae

139 1730 270 1769 preces
287 1729 388 1754 meas
406 1731 414 1753 ε
437 1716 514 1752 imo
530 1728 588 1752 me
610 1723 730 1752 totum
750 1714 855 1750 trahe
872 1713 911 1749 in
928 1726 994 1749 cor
1012 1720 1130 1748 tuum.

139 1778 244 1815 Licet
265 1777 365 1814 enim
383 1776 600 1813 tortuositas
616 1783 859 1824 peccatorum
878 1785 1049 1809 meorum
1067 1773 1134 1808 im—

1198 1130 1248 1154 sae
1278 1116 1448 1152 nondum
1484 1116 1641 1164 alligatae
1675 1115 1862 1164 conjugali
1891 1115 2043 1151 vinculo
2075 1114 2192 1150 amari

1198 1176 1409 1220 ardentius,
1432 1183 1697 1225 quampostea.
1715 1179 1909 1224 Tempore
1928 1175 2028 1210 enim
2050 1186 2189 1223 proce-

1199 1235 1311 1272 dente
1333 1249 1439 1272 amor
1458 1236 1537 1285 ipse
1557 1235 1812 1284 componitur.
1829 1237 1994 1284 Sponsus
2015 1245 2104 1282 ergo
2123 1246 2194 1268 no-

1198 1304 1287 1342 ster,
1311 1304 1351 1332 ut
1368 1295 1663 1344 magnitudinem
1690 1295 1855 1331 insinuet
1875 1294 1931 1331 sui
1948 1293 2086 1330 amoris
2102 1321 2111 1337 ,
2129 1292 2194 1341 qui

1200 1364 1371 1405 tempore
1390 1368 1467 1391 non
1491 1354 1691 1400 decrescit,
1712 1354 1867 1391 amicam
1890 1367 1994 1390 suam
2016 1365 2192 1402 sponsam

1197 1416 1386 1465 appellat,
1404 1428 1449 1451 co
1465 1414 1568 1463 quod
1586 1414 1685 1450 illius
1703 1427 1809 1450 amor
1823 1427 1972 1463 semper
1990 1426 2111 1449 novus
2130 1413 2190 1449 sit.

1259 1476 1313 1512 ll.
1347 1474 1418 1511 Sed
1444 1475 1531 1523 quia
1560 1487 1708 1523 sponsae
1736 1474 1848 1510 etiam
1879 1473 2078 1509 carnaliter
2106 1471 2193 1507 dili-

1201 1542 1361 1583 guntur3
1392 1542 1433 1569 ut
1462 1534 1498 1569 in
1523 1546 1651 1570 amore
1676 1534 1805 1583 sponsi
1834 1533 1951 1569 nostri
1975 1533 2025 1568 nil
2046 1532 2193 1568 carnale

1202 1594 1343 1643 sapias,
1368 1594 1486 1643 ipsam
1508 1606 1684 1642 sponsam
1706 1606 1810 1629 suam
1832 1606 1999 1629 sororem
2015 1592 2194 1641 appellat,

1198 1655 1286 1703 quia
1302 1666 1450 1690 sorores
1461 1652 1539 1701 jam
1556 1666 1794 1702 nequaquam
1809 1653 2009 1689 carnaliter
2020 1652 2195 1689 adaman-

1199 1722 1272 1749 tur.
1289 1713 1389 1750 Dicit
1403 1726 1506 1761 ergo,
1529 1715 1741 1748 Vuluerasti
1756 1726 1966 1757 cormeum,
1984 1721 2021 1748 et
2036 1721 2170 1748 caetera
2185 1726 2192 1748 :

1199 1781 1375 1822 tanquam
1398 1772 1516 1816 dicat,
1531 1773 1626 1820 Quia
1641 1786 1785 1809 summe
1806 1781 1841 1809 te
1857 1772 1972 1821 diligo
1985 1801 1994 1817 ‚
2019 1781 2059 1808 ut
2078 1785 2195 1821 spon-

140 1838 267 1888 pediat
286 1850 366 1883 me,
384 1845 508 1873 tamen
526 1835 613 1885 quia
640 1848 705 1872 cor
729 1834 822 1871 illud
838 1832 1133 1882 incomprehcn-
1151 1832 1177 1868 C
1197 1846 1294 1879 sam;
1324 1841 1444 1879 caste,
1477 1841 1518 1869 ut
1547 1845 1738 1877 sororem;
1775 1833 2014 1869 vulneratum
2045 1840 2101 1868 est
2128 1844 2193 1868 cor

139 1896 238 1936 sibili
264 1897 442 1934 charitate
469 1895 662 1932 dilatatum
683 1902 738 1931 est
761 1903 798 1930 et
826 1893 1068 1943 ampliatum,
1096 1900 1133 1929 et

141 1965 181 1994 tu
195 1957 260 2006 qui
281 1957 383 1994 solus
398 1964 507 2006 potes
524 1955 644 1991 facere
660 1953 844 1991 mundum
864 1952 910 1989 de
934 1952 1132 1989 immundo

139 2023 364 2066 conceptum
391 2015 552 2060 semine,
580 2022 622 2050 ut
650 2013 821 2063 deposita
852 2011 955 2062 gibbi
989 2011 1133 2048 sarcina

140 2088 209 2126 per
238 2076 404 2112 foramen
437 2087 525 2111 acus
549 2074 690 2124 possim
713 2073 892 2119 transire;
919 2086 942 2109 0
963 2072 1131 2108 omnium

138 2134 422 2185 pulchritudine
443 2132 716 2183 speciosissime
735 2136 824 2169 Jesu
837 2159 846 2176 ‚
871 2131 1032 2181 amplius
1049 2131 1133 2166 lava

140 2207 199 2231 me
217 2193 264 2231 ab
282 2194 478 2243 iniquitate
498 2206 599 2239 mea,
620 2201 656 2229 et
673 2205 694 2229 a
711 2199 865 2242 peccato
886 2204 970 2227 meo
992 2190 1133 2227 munda

140 2265 216 2300 me,
235 2262 277 2290 ut
293 2254 513 2303 purificatus
529 2266 598 2302 per
619 2261 653 2289 te
667 2252 713 2289 ad
732 2260 767 2289 te
784 2251 1026 2301 purissimum
1044 2262 1133 2300 pos-

87 2313 93 2322 '
140 2314 208 2350 sim
226 2313 404 2350 accedere
418 2342 427 2359 ‚
448 2322 485 2350 et
503 2313 540 2349 in
562 2311 676 2349 eorde
706 2320 770 2348 tuo
798 2310 976 2347 omnibus
1003 2309 1135 2346 diebus

139 2374 224 2411 vitae
242 2387 333 2411 meae
352 2386 498 2410 merear
523 2372 712 2418 habitare;
742 2380 779 2409 et
801 2380 843 2408 ut
873 2371 1003 2407 videre
1023 2370 1133 2407 simul

139 2446 288 2483 semper
305 2441 342 2470 et
359 2433 479 2470 facere
496 2441 598 2469 tuam
623 2432 765 2468 valeam
784 2431 1033 2467 voluntatem.

197 2493 255 2530 10.
272 2491 330 2530 Ad
350 2491 423 2528 hoc
442 2491 543 2528 enim
559 2492 792 2540 perforatum
812 2498 867 2526 est
890 2490 986 2526 latus
1008 2498 1135 2535 tuum,

141 2559 184 2588 ut
218 2551 329 2588 nobis
356 2560 522 2601 patescat
548 2552 737 2588 introitus.
769 2550 828 2588 Ad
857 2550 928 2587 hoc
960 2550 1138 2586 vulnera-

1198 1905 1322 1929 meum
1344 1901 1503 1942 propter
1525 1900 1571 1928 te.
1597 1892 1688 1940 Quis
1715 1893 1807 1929 illud
1831 1907 1896 1929 cor
1918 1901 1990 1929 tam
2015 1892 2194 1928 vulnera-

1198 1961 1277 1989 tum
1302 1965 1379 1989 non
1410 1952 1561 2001 diligat?
1581 1952 1665 2002 quis
1683 1960 1756 1988 tam
1778 1960 1965 1989 amantem
1997 1965 2074 1988 non
2105 1950 2194 1987 red-

1198 2015 1318 2050 amet?
1332 2013 1416 2062 quis
1436 2021 1509 2049 tam
1527 2021 1669 2049 castum
1697 2024 1773 2049 non
1795 2012 2071 2062 amplectatur?
2087 2011 2194 2062 ,Dili-

1198 2074 1251 2123 git
1266 2073 1438 2123 profecto
1450 2073 1688 2109 vulneratum
1700 2100 1710 2117 ,
1726 2085 1811 2122 quae
1825 2072 1943 2109 nimio
1954 2072 2052 2109 illius
2066 2083 2195 2108 amore

1197 2133 1395 2169 vulnerata
1422 2132 1628 2182 proclamat
1652 2146 1660 2168 ε
1688 2133 1893 2167 Vulnerata
1918 2133 2099 2168 charitate
2127 2147 2194 2182 ego

1197 2205 1288 2228 sum.
1305 2191 1496 2240 Numquid
1515 2204 1591 2227 non
1609 2190 1778 2227 redamat
1792 2204 1972 2241 sponsum
1991 2200 2193 2239 amantem,

1198 2265 1282 2301 quae
1295 2251 1386 2288 dicit
1401 2265 1409 2286 :
1423 2252 1597 2286 Nuntiate
1608 2253 1740 2286 dilecto
1753 2256 1845 2298 qaia
1857 2265 1984 2288 anmre
1997 2255 2154 2302 langueo
2163 2255 2199 2290 ⁴?

1201 2315 1381 2350 Fraterno
1401 2323 1439 2347 se
1459 2319 1646 2347 amantem
1663 2323 1792 2346 amore
1813 2311 2092 2360 complectitur,
2111 2326 2195 2362 quae

1201 2371 1291 2407 dicit
1312 2385 1319 2407 :
1347 2372 1441 2415 Quis
1461 2372 1553 2405 milei
1568 2372 1629 2405 det
1645 2379 1679 2405 te
1689 2369 1851 2417 fratrem
1874 2384 1992 2406 meum
2008 2382 2195 2421 sugentem

1202 2430 1315 2466 ubera
1329 2433 1460 2466 matris
1475 2443 1570 2465 ιηεα1
1579 2458 1590 2474 ,
1608 2437 1648 2464 ut
1662 2433 1851 2465 inveniam
1865 2428 2006 2477 tesoris
2013 2460 2024 2475 ,
2043 2441 2078 2467 et
2096 2446 2197 2468 com-

1195 2493 1353 2538 plectar,
1367 2499 1402 2526 et
1417 2491 1617 2533 deosculer,
1632 2489 1755 2534 etjam
1769 2503 1826 2524 me
1838 2503 1944 2525 nemo
1956 2493 2128 2527 derideat
2141 2491 2153 2514 ⁵
2165 2494 2199 2527 ³?

1203 2550 1295 2598 Quis
1307 2558 1432 2586 autem
1445 2557 1500 2586 est
1517 2549 1628 2585 soris?
1639 2549 1797 2586 AEstimo
1812 2549 1915 2597 quod
1929 2559 2033 2587 extra
2044 2564 2194 2601 corpus.

143 2618 221 2647 tum
253 2619 309 2647 est
335 2624 402 2647 cor
429 2619 554 2657 tuum,
584 2619 625 2647 ut
654 2611 691 2646 in
722 2611 787 2647 illo
819 2618 855 2646 et
877 2609 914 2645 in
942 2617 978 2645 te
998 2609 1044 2646 ab
1073 2622 1134 2645 ex-
1153 2612 1184 2646 D
1201 2611 1387 2661 Quamdiu
1405 2622 1534 2646 sumus
1559 2609 1595 2645 in
1617 2609 1688 2645 hoc
1713 2621 1893 2658 corpore,
1911 2611 2198 2659 peregrinamur

143 2668 346 2705 terioribus
378 2668 728 2718 perturbationibus
768 2667 931 2705 absoluti
968 2667 1136 2705 habitare

143 2729 344 2779 possimus.
377 2729 631 2766 Nihilominus
660 2737 696 2765 et
727 2737 927 2778 propterea
956 2729 1137 2765 vulnera-

145 2796 223 2824 tum
251 2797 326 2833 est,
356 2797 398 2825 ut
421 2801 488 2838 per
517 2789 654 2825 vulnus
684 2787 829 2824 visibile
849 2788 984 2824 vulnus
1001 2788 1138 2824 amoris

146 2847 335 2884 invisibile
354 2847 559 2885 videamus.
578 2847 780 2896 Quomodo
795 2847 854 2883 hic
877 2847 991 2883 ardor
1008 2848 1138 2883 melius

145 2907 293 2944 ostendi
322 2916 469 2957 potest,
492 2909 560 2945 nisi
591 2908 693 2957 quod
722 2921 796 2944 non
826 2908 947 2944 solum
977 2920 1135 2957 corpus,

145 2980 278 3003 verum
305 2967 415 3003 etiam
449 2968 571 3017 ipsum
593 2981 658 3004 cor
689 2968 814 3004 lancea
842 2967 1033 3004 vulnerari
1056 2980 1139 3016 per-

147 3026 272 3063 misit?
302 3027 458 3064 Carnale
494 3040 584 3076 ergo
617 3028 753 3064 vulnus
781 3028 916 3064 vulnus
946 3026 1139 3076 spirituale

147 3086 324 3123 ostendit.
356 3090 400 3123 Et
422 3087 492 3123 lioc
523 3087 677 3124 fortasse
699 3087 820 3124 innuit
837 3088 916 3137 ipsa
937 3087 1138 3123 auctoritas

148 3146 358 3196 pra-libata,
376 3147 413 3183 in
436 3161 509 3197 qua
533 3147 590 3184 bis
615 3148 778 3198 positum
805 3157 858 3184 cst
876 3176 885 3189 ‚
914 3150 1136 3183 Vultu-raus.

201 3279 207 3293 ¹
231 3275 255 3303 ll
273 3276 348 3313 Rrg.
366 3285 411 3303 vn
427 3297 435 3311 ,
454 3277 507 3305 27.
524 3293 555 3297 >a
585 3281 595 3295 2
615 3278 683 3305 Avi.
703 3287 746 3308 ιν,
773 3279 824 3306 3¹2..
851 3294 855 3296 ἡ

197 3335 208 3350 ⁸
233 3332 336 3369 Alias,
365 3330 529 3375 ‘lexpicinu

1202 2686 1222 2709 a
1236 2671 1412 2709 Domino.
1428 2669 1519 2718 Quis
1531 2669 1626 2705 lianc
1643 2668 1984 2717 peregrinationem
2005 2670 2192 2719 patienter

1204 2733 1322 2768 serat?
1354 2731 1467 2767 Plena
1495 2737 1551 2765 cst
1579 2728 1711 2764 dolore
1740 2728 2040 2776 pra‘teritoruin,
2068 2729 2196 2766 labore

1204 2789 1468 2841 praescntium‚
1498 2788 1632 2824 timore
1664 2787 1875 2822 futurorum
1909 2801 1916 2823 :
1949 2788 1986 2823 in
2022 2801 2095 2836 qua
2130 2789 2196 2824 atsi

1204 2862 1365 2901 sponsus
1386 2862 1423 2884 se
1442 2846 1645 2896 aliquando
1666 2846 1781 2895 gratia
1802 2847 2070 2883 consolationis
2089 2848 2197 2883 cxlii-

1204 2910 1316 2953 beat;
1353 2916 1423 2944 stat
1453 2915 1576 2943 tamen
1609 2906 1716 2954 longe
1743 2906 1847 2954 quami
1879 2914 1961 2955 post
1993 2907 2195 2956 parietem,

1204 2981 1364 3018 corpore
1398 2968 1468 3003 linc
1506 2967 1646 3016 peccati
1688 2974 1886 3016 separante
1927 2967 2024 3003 inter
2056 2981 2123 3004 nos
2160 2977 2196 3004 et

1205 3030 1346 3078 ipsu=113
1362 3040 1429 3062 nce
1453 3027 1556 3061 l'aeile
1574 3025 1717 3075 prrebct
1730 3039 1768 3062 se
1789 3026 2016 3074 tangendum
2034 3036 2069 3063 ct
2087 3041 2198 3064 oseu-

1205 3086 1379 3127 landuui,
1403 3085 1472 3120 nisi
1495 3085 1544 3120 illi
1565 3085 1697 3121 animm
1717 3098 1801 3134 quae
1817 3085 1852 3121 in
1873 3094 2012 3122 tantam
2030 3086 2198 3122 altitudi-

1207 3159 1290 3181 nem
1316 3144 1533 3181 mcritoruui
1553 3144 1755 3193 processit,
1776 3153 1812 3179 ut
1844 3144 1943 3180 dieat
1971 3145 2003 3181 ei
2019 3174 2027 3185 ,
2058 3149 2192 3193 Sat-gr.

914 3272 922 3292 ³
947 3274 1063 3304 (lautis.
1086 3285 1128 3305 iv.
1155 3276 1185 3303 9.
1203 3291 1244 3295 -—
1262 3273 1274 3297 ⁴
1302 3273 1345 3303 ld.
1368 3284 1398 3307 v,
1417 3276 1445 3302 Β.
1468 3291 1503 3294 —-‡
1530 3270 1541 3292 5
1566 3272 1610 3302 ld.
1638 3282 1719 3304 νιιι,
1748 3276 1773 3301 1,
