2418 3949
128 132 203 170 465

680 128 914 166 EPISTOLA
943 130 1009 165 AD
1039 131 1257 167 FRATRES
1286 133 1350 167 DE
1380 134 1667 170 MONTE-DEI.

126 208 235 245 leniri
252 215 396 257 potest,
412 205 510 243 vinci
526 206 588 242 vix
604 213 729 255 potest
744 214 802 242 :et
820 205 1160 255 quomodocum-‘²²

2102 135 2178 172 466

1165 206 1178 223 ³⁵
1188 215 1294 253 sunt,
1321 221 1425 257 quae,
1454 210 1549 246 sicut
1574 209 1663 246 dicit
1686 210 1890 257 Dominus,
1921 214 1954 246 si
1980 224 2174 247 consense-

126 280 201 316 que
221 280 259 304 se
286 274 490 316 componat
507 266 690 309 animus³¹‚
715 274 752 302 et
770 266 809 301 in
832 266 964 314 quavis
986 266 1116 301 solitu-
1136 268 1168 302 A
1186 271 1259 302 rint
1278 272 1314 302 in
1336 282 1467 312 unum,
1496 272 1751 317 quodcumque
1772 271 1966 318 petlerint,
1983 271 2059 317 fiet
2076 275 2126 306 eis
2152 285 2176 307 a

126 326 214 362 dine
232 325 394 371 habitet,
416 333 598 362 secretum
617 325 675 361 vel
695 324 883 360 silentium
902 325 1025 361 cordis
1039 337 1118 361 esse

126 398 203 423 non
224 386 376 435 patitur.
396 385 463 422 Cui
477 398 554 433 quo
577 383 757 432 majorem
783 384 982 433 contigerit
998 385 1119 420 inesse

126 457 234 481 usum
252 443 534 481 consuetudinis
550 452 586 479 et
603 443 806 480 voluntatis
818 473 827 488 ‚
843 456 887 479 eo
904 444 1064 492 nequior
1079 452 1116 479 et

125 503 302 539 rebellior
316 503 354 539 in
375 516 419 539 eo
436 504 646 547 invenitur,
662 515 737 538 non
756 510 828 537 tam
849 502 987 538 malitia
1005 501 1116 551 spiri—

126 562 378 612 tualis,quam
405 562 510 611 quasi
538 561 711 598 manibus
739 561 961 611 expellenda
988 561 1116 597 multi—

123 623 213 673 plex
232 622 403 672 quaedam
426 621 599 657 collectio
619 629 656 657 et
678 620 770 657 dura
791 621 1026 670 corpulentia
1045 633 1115 657 ne-

123 682 314 719 cessitatis.

176 741 211 778 8.
241 739 315 777 Sed
341 739 538 775 redeamus
572 739 619 775 ad
647 738 795 775 laudem
824 739 983 775 virtutis.
1014 738 1113 786 Quid

121 807 179 836 est
196 799 316 835 virtus
331 799 346 833 ἓ
361 798 454 834 Filia
473 796 630 834 rationis
643 824 653 842 ,
672 796 735 832 sed
760 796 876 846 magis
889 797 1028 846 gratiae.
1049 797 1113 834 Vis

121 859 221 895 enim
241 857 413 907 quaedam
441 864 562 893 estex
585 864 732 892 natura.
763 858 815 892 Ut
842 864 967 892 autem
993 856 1113 893 virtus

122 918 192 964 sit,
214 916 329 954 habet
346 929 394 953 ex
414 915 545 965 gratia.
572 915 637 952 Vis
657 923 712 951 est
736 927 783 950 ex
805 914 947 963 judicio
967 928 1111 965 appro-

121 977 245 1017 bantis
273 977 452 1014 rationis:
472 976 591 1012 virtus
613 982 737 1011 autem
759 988 804 1011 ex
825 975 997 1024 appetitu
1021 975 1112 1011 illu—
1132 976 1158 1009 B

121 1038 270 1074 minatae
290 1035 506 1073 voluntatis.
534 1034 660 1073 Virtus
682 1034 782 1070 enim
802 1042 858 1070 est
878 1034 1114 1070 voluntarius

119 1098 159 1134 in
185 1096 328 1133 bonum
356 1107 541 1133 assensus.
562 1094 689 1131 Virtus
707 1101 763 1130 est
791 1093 983 1142 aequalitas
1009 1106 1114 1142 quae-

120 1157 206 1194 dam
220 1157 308 1193 vitae
322 1184 332 1201 ,
352 1169 421 1205 per
435 1155 561 1192 omnia
578 1166 790 1203 congruens
812 1153 960 1189 rationi.
987 1153 1115 1190 Virtus

118 1223 175 1252 est
193 1215 239 1252 ad
253 1214 437 1264 judicium
459 1213 615 1250 rationis
633 1225 722 1249 usus
746 1211 873 1248 liberae
891 1212 1109 1249 voluntatis.

117 1274 246 1312 Virtus
271 1274 440 1324 quaedam
464 1281 520 1310 est
546 1273 750 1309 humilitas.
781 1273 909 1309 Virtus
940 1272 1110 1321 quaedam

117 1343 174 1372 est
184 1335 377 1384 patientia.
391 1334 518 1371 Virtus
535 1332 706 1382 quaedam
724 1339 779 1369 est
792 1331 1018 1368 obedientia.
1030 1332 1113 1369 Vir-

117 1402 237 1440 tutes,
259 1402 347 1431 sunt
368 1392 587 1443 prudentia,
617 1392 884 1442 temperantia,
908 1392 1110 1438 fortitudo,

112 1452 282 1502 justitia,
314 1462 351 1490 et
377 1454 458 1489 aliae
491 1465 604 1502 quam
634 1452 785 1502 plures:
805 1451 844 1487 in
871 1450 1009 1501 quibus
1034 1452 1112 1489 sin-

117 1513 215 1562 gulis
231 1525 308 1550 non
333 1521 388 1550 est
405 1512 507 1549 aliud
526 1512 667 1557 virtus,
686 1524 797 1561 quam
812 1539 821 1557 ‚
847 1511 942 1547 sicut
969 1511 1110 1548 dictum

116 1580 195 1618 est,
212 1572 259 1610 ad
273 1572 457 1622 judicium
475 1571 632 1609 rationis
643 1584 732 1608 usus
749 1570 877 1607 liberae
892 1571 1110 1608 voluntatis.

115 1636 218 1669 Bona
237 1632 338 1669 enim
354 1631 576 1668 voluntasin
596 1630 722 1667 animo
738 1638 794 1667 est
814 1629 920 1679 origo
939 1630 1109 1667 omnium

114 1691 328 1737 bonorum,
357 1699 395 1728 et
429 1690 599 1728 omnium
621 1698 740 1726 mater
769 1689 966 1725 virtutum.
1006 1689 1064 1726 Sic
1089 1702 1110 1726 e

1185 330 1263 362 Deo
1281 328 1396 363 Patre
1408 334 1434 363 ².
1459 328 1497 364 Si
1514 328 1590 364 duo
1606 328 1683 364 haec
1700 330 1738 365 in
1758 343 1876 366 unum
1904 330 2068 379 perfecte
2087 343 2177 367 con-

1184 388 1387 433 senserint,
1405 401 1555 424 omnem
1572 389 1611 424 in
1629 401 1667 425 se
1687 390 1882 426 continent
1901 391 2081 427 virtutum
2098 391 2177 441 ple-

1181 446 1389 482 nitudinem
1412 448 1491 483 sine
1509 448 1601 484 vitio
1618 448 1915 494 intercurrente;
1933 450 2059 486 omnia
2081 463 2174 500 pos-

1182 512 1269 540 sunt
1285 505 1322 540 in
1342 505 1494 541 homine
1517 506 1628 541 etiam
1646 506 1866 554 languente,
1888 508 2014 543 omnia
2036 507 2176 545 habent

1181 571 1218 598 et
1251 563 1446 612 possident
1476 564 1514 599 in
1546 563 1700 600 homine
1730 566 1821 601 nihil
1853 566 2013 603 habente
2033 582 2039 602 :
2064 567 2172 614 dant,

1182 630 1381 667 mutuant,
1403 622 1623 668 conferunt,
1645 632 1804 672 prosunt
1819 624 1857 660 in
1876 624 2029 662 homine
2046 639 2171 662 secum

1182 682 1410 731 quiescente.
1429 681 1558 719 Gloria
1574 690 1610 717 et
1624 681 1763 718 divitiae
1780 683 1818 717 in
1839 684 2066 720 conscientia
2088 697 2174 721 san-

1179 741 1227 778 cti
1242 741 1315 777 viri
1326 741 1447 786 illius,
1467 753 1514 778 ex
1532 740 1715 777 fructibus
1731 740 1840 777 bonae
1855 742 2058 779 voluntatis
2074 743 2171 792 ejus.

1179 801 1284 838 Foris
1299 813 1390 837 vero
1405 813 1481 837 non
1493 812 1539 837 ex
1548 813 1624 837 uno
1637 801 1751 837 latere
1762 828 1771 845 ,
1791 801 1885 836 sicut
1899 809 2046 836 scutum
2063 802 2175 850 hujus

1179 861 1331 906 mundi,
1353 860 1418 898 sed
1438 860 1607 909 undique
1627 873 1712 896 eum
1727 859 1932 896 circumdat
1948 868 2092 897 scutum
2109 874 2175 897 ve-

1179 921 1299 958 ritatis
1308 921 1391 957 Dei.
1412 921 1577 957 Hilarem
1591 920 1690 956 enim
1702 933 1787 956 eum
1806 919 2058 969 etjucundum
2075 921 2176 958 intus

1180 993 1328 1030 semper
1343 980 1459 1016 efficit
1479 979 1579 1016 bona
1599 980 1776 1015 voluntas
1794 994 1801 1015 :
1820 979 1859 1015 in
1879 980 2057 1016 exteriori
2081 993 2174 1017 vero

1178 1040 1324 1076 actione
1341 1040 1479 1077 serium
1509 1047 1546 1076 et
1571 1051 1747 1089 gravem,
1782 1046 1902 1074 tutum
1933 1051 1974 1074 ac
2002 1051 2174 1075 securum

1180 1098 1304 1136 reddit
1334 1099 1484 1135 veritas.
1521 1098 1689 1147 Ideoque
1721 1109 1986 1148 supergressus
2011 1097 2175 1135 humana

1180 1157 1294 1194 homo
1313 1158 1393 1203 ille,
1413 1170 1562 1207 semper
1585 1157 1626 1192 in
1655 1169 1789 1193 sereno
1815 1164 1871 1193 est
1888 1171 1895 1192 :
1911 1157 2006 1193 sicut
2023 1157 2070 1193 de
2089 1170 2174 1194 aere

1178 1217 1244 1254 illo
1256 1217 1430 1254 homines
1450 1217 1575 1254 ferunt
1588 1245 1598 1263 ,
1612 1216 1677 1266 qui
1694 1229 1808 1266 super
1822 1215 1976 1265 globum
1994 1217 2092 1253 lunae
2106 1226 2172 1254 est.

1235 1278 1293 1314 10.
1316 1278 1520 1322 Voluntas,
1540 1277 1719 1313 naturalis
1741 1276 1894 1326 quidam
1911 1276 2025 1313 animi
2048 1290 2170 1327 appe-

1179 1336 1269 1373 titus
1286 1346 1363 1383 est,
1386 1337 1480 1373 alius
1496 1337 1536 1373 in
1552 1340 1671 1373 Deum
1688 1364 1697 1381 ,
1717 1344 1754 1372 et
1769 1336 1866 1372 circa
1881 1336 2061 1373 interiora
2082 1350 2148 1374 sua
2164 1353 2172 1374 ε

1177 1396 1274 1433 alius
1292 1397 1387 1433 circa
1413 1409 1550 1446 corpus
1564 1424 1573 1441 ‚
1597 1404 1634 1432 et
1659 1395 1755 1432 circa
1772 1395 1958 1431 exteriora
1977 1403 2015 1432 et
2030 1408 2171 1445 corpo-

1177 1456 1283 1493 ralia.
1306 1459 1394 1493 Haec
1422 1469 1506 1492 cum
1538 1468 1685 1492 sursum
1709 1454 1848 1500 tendit,
1874 1455 1968 1491 sicut
1996 1455 2092 1505 ignis
2123 1456 2170 1492 ad

1178 1516 1302 1552 locum
1324 1529 1430 1552 suum
1445 1531 1454 1561 3
1472 1516 1545 1551 hoc
1563 1523 1619 1551 est
1631 1543 1641 1560 ,
1663 1528 1748 1551 cum
1763 1514 1924 1551 sociatur
1941 1515 2089 1551 veritati
2104 1543 2113 1560 ‚
2133 1524 2170 1551 et

1177 1582 1354 1611 movetur
1375 1574 1420 1610 ad
1444 1573 1596 1618 altiora,
1617 1587 1723 1609 amor
1749 1582 1816 1610 est.
1843 1576 1936 1610 Cum
1958 1586 2049 1610 vero
2075 1587 2170 1623 pro-

1176 1641 1350 1670 movetur
1362 1661 1372 1678 ‚
1389 1642 1426 1670 et
1440 1634 1630 1670 lactatura
1645 1633 1758 1682 gratia
1772 1631 1802 1679 ¹³,
1821 1633 1971 1669 dilectio
1991 1641 2058 1670 est.
2079 1636 2170 1672 Cum

1175 1692 1445 1742 apprehendit,
1472 1705 1558 1728 cum
1583 1700 1703 1736 tenet,
1726 1705 1810 1728 cum
1841 1692 1992 1737 fruitur,
2014 1692 2172 1729 charitas

114 1764 298 1789 converso
319 1751 415 1787 mala
427 1751 602 1787 voluntas
624 1758 680 1786 est
707 1749 813 1799 origo
841 1749 1011 1785 omnium
1029 1762 1110 1786 ma-
1130 1748 1157 1783 C
1177 1760 1251 1796 est,
1279 1752 1404 1788 unitas
1437 1752 1589 1802 spiritus
1617 1760 1691 1797 est,
1711 1755 1813 1788 Deus
1840 1760 1918 1788 est:
1938 1755 2039 1788 Deus
2070 1752 2170 1788 enim

114 1811 237 1846 lorum
278 1819 316 1847 et
334 1810 524 1846 vitiorum.
565 1808 655 1845 Ideo
673 1816 797 1845 custos
838 1808 972 1844 animae
1006 1821 1105 1855 suae,

114 1869 224 1906 valde
241 1868 420 1905 sollicitus
438 1881 518 1905 esse
535 1866 648 1904 debet
677 1867 773 1904 circa
805 1867 1011 1903 custodiam
1037 1880 1108 1904 vo-

114 1929 269 1965 luntatis
286 1942 382 1973 suae,
403 1937 444 1964 ut
463 1928 671 1977 prudenter
686 1928 888 1977 intelligat,
911 1935 948 1962 et
970 1926 1107 1963 discer-

115 1996 180 2024 nat
195 1987 286 2036 quid
311 1987 347 2023 in
362 1995 479 2023 totum
500 1987 610 2032 velit,
630 1987 689 2022 vel
710 1986 914 2023 volendum
943 1985 1011 2023 sibi
1041 1987 1108 2032 sit,

115 2046 211 2082 sicut
227 2054 399 2083 estamor
411 2046 479 2082 Dei
496 2060 503 2080 :
524 2045 615 2094 quid
629 2054 786 2095 propter
804 2045 896 2082 illud
909 2073 918 2089 ,
939 2045 1033 2082 sicut
1055 2054 1110 2082 est

115 2118 221 2141 amor
249 2105 427 2154 proximi.
457 2108 508 2142 Ut
532 2105 632 2140 enim
660 2105 698 2140 in
726 2104 790 2140 illo
819 2112 896 2140 tuta
917 2104 964 2141 sit
986 2104 1109 2141 omnis

114 2164 345 2209 indiscretio,
358 2165 395 2200 in
408 2164 478 2200 hoc
494 2177 642 2213 semper
659 2164 864 2201 secundum
885 2163 1109 2200 obedientiae

114 2224 261 2272 regulas
289 2232 396 2260 cauta
420 2231 456 2260 et
489 2223 656 2273 prudens
691 2223 804 2260 debet
830 2235 910 2260 esse
941 2223 1105 2260 dilectio.

111 2285 155 2319 In
185 2282 384 2320 dilectione
421 2283 562 2332 quippe
590 2283 659 2320 Dei
689 2296 766 2320 non
789 2283 861 2319 alia
890 2283 1005 2328 ratio,
1032 2296 1108 2320 non

111 2343 183 2379 alia
199 2342 374 2380 discretio
390 2351 459 2388 est,
481 2342 552 2378 nisi
569 2350 610 2379 ut
627 2342 720 2380 sicut
737 2343 798 2378 ille
816 2356 899 2379 cum
917 2342 1110 2380 dilexisset

112 2414 205 2447 nos,
235 2402 275 2438 in
293 2402 404 2438 finem
433 2401 565 2438 dilexit
596 2414 687 2438 nos:
706 2402 780 2447 sic,
813 2402 843 2439 si
860 2401 939 2437 fieri
960 2409 1106 2451 potest,

111 2461 150 2498 in
174 2462 364 2498 infinitum
392 2461 590 2511 diligamus
612 2474 697 2498 eum
730 2474 824 2506 nos,
849 2461 945 2498 sicut
976 2460 1109 2498 beatus

112 2521 170 2557 vir
189 2521 253 2570 qui
276 2521 315 2557 in
342 2520 527 2557 mandatis
550 2520 632 2570 ejus
651 2521 756 2570 cupit
784 2520 896 2557 nimis
911 2526 933 2556 ¹.

164 2582 201 2618 9.
232 2580 304 2619 Sed
334 2594 419 2618 cum
454 2580 600 2617 nullum
638 2580 750 2616 finem
770 2608 779 2625 ,
814 2580 873 2616 vel
904 2581 1105 2617 terminum

111 2639 252 2677 habere
267 2639 403 2677 debeat
416 2640 568 2676 devotio
583 2640 763 2677 amantis:
784 2648 904 2676 tamen
926 2640 1108 2677 terminos

111 2712 218 2745 suos,
238 2700 330 2737 lines
357 2708 393 2736 et
415 2699 560 2748 regulas
584 2699 722 2736 habere
755 2698 867 2736 debet
883 2699 980 2735 actio
1012 2711 1107 2749 ope-

111 2760 239 2797 rantis.
266 2759 343 2798 Ubi
360 2772 408 2796 ne
431 2759 635 2808 aliquando
656 2758 808 2795 oberret
831 2759 946 2796 nimia
967 2760 1108 2795 voluu—

113 2826 188 2864 tas,
221 2830 371 2855 necesse
396 2827 452 2855 est
481 2818 584 2867 quod
616 2830 764 2868 semper
794 2818 890 2854 adsit
920 2818 1108 2855 mediante

111 2876 326 2914 obedientia
365 2877 582 2914 custodiens
615 2877 764 2914 veritas.
800 2877 899 2914 Nihil
932 2878 1031 2913 enim
1066 2878 1103 2913 in

113 2937 252 2974 bonum
272 2937 436 2974 hominis
459 2937 497 2973 in
516 2940 638 2974 Deum
662 2937 912 2987 proficientis,
942 2945 1015 2973 tam
1033 2936 1103 2974 sibi

110 2997 305 3044 convenit,
337 3009 449 3046 quam
466 2997 641 3033 voluntas
663 3005 699 3033 et
728 2997 873 3033 veritas.
911 2999 998 3032 Haec
1029 2996 1105 3033 duo

1175 1810 1334 1848 charitas
1358 1810 1450 1848 est3.
1468 1815 1510 1848 In
1532 1812 1589 1848 his
1605 1819 1732 1848 autem
1749 1824 1834 1847 cum
1850 1811 2171 1848 consummaverit

1174 1870 1306 1915 homo,
1332 1879 1421 1907 tunc
1449 1871 1626 1920 incipit&
1651 1871 1737 1919 quia
1761 1870 1863 1906 nulla
1890 1870 2026 1906 horum
2046 1870 2084 1906 in
2102 1870 2173 1906 hac

1174 1930 1250 1966 vita
1272 1930 1380 1979 plena
1395 1931 1575 1980 perfectio
1590 1939 1660 1967 est.
1681 1933 1773 1967 Cum
1792 1943 1882 1966 vero
1897 1930 2058 1966 declinat
2071 1930 2109 1966 in
2128 1942 2171 1966 ea

1176 2002 1259 2038 quae
1278 1990 1401 2026 carnis
1419 1998 1519 2035 sunt,
1537 1989 1835 2039 concupiscentia
1857 1989 1978 2025 carnis
1993 1998 2061 2026 est.
2079 1992 2170 2027 Cum

1175 2049 1212 2085 in
1239 2049 1490 2086 curiositatem
1524 2050 1647 2086 saeculi
1661 2078 1670 2094 ,
1704 2049 2007 2098 concupiscentia
2041 2049 2171 2085 oculo—

1175 2121 1258 2145 rum
1287 2117 1352 2145 est.
1384 2112 1475 2146 Cum
1502 2122 1594 2145 vero
1624 2109 1662 2144 in
1693 2107 1936 2144 ambitionem
1954 2108 2082 2157 gloriae
2109 2109 2169 2144 vel

1176 2169 1353 2213 honoris,
1376 2167 1553 2218 superbia
1574 2169 1660 2204 vitae
1683 2176 1750 2204 est.
1772 2167 1962 2215 Quamdiu
1988 2176 2112 2204 tamen
2131 2169 2169 2204 in

1175 2226 1551 2275 hujusmodiutilitati
1572 2240 1638 2264 seu
1653 2227 1862 2263 necessitati
1877 2235 2019 2263 naturae
2031 2227 2146 2263 servit
2160 2256 2169 2271 ,

1176 2294 1308 2323 natura
1327 2294 1404 2331 est,
1430 2287 1489 2323 vel
1507 2287 1696 2336 appetitus
1716 2285 1810 2334 ejus.
1835 2289 1927 2323 Cum
1946 2298 2038 2322 vero
2060 2286 2096 2321 in
2114 2298 2172 2322 su·

1175 2345 1319 2394 perssua
1335 2358 1374 2382 sc
1391 2346 1549 2395 exponit
1562 2346 1621 2382 vel
1637 2345 1748 2381 noxia
1760 2374 1769 2390 ,
1785 2345 1917 2381 vitium
1937 2353 2080 2380 naturae
2097 2353 2169 2390 est,

1175 2404 1234 2441 vel
1265 2404 1322 2441 sui
1351 2405 1480 2454 ipsius.
1502 2408 1671 2452 Quorum
1694 2405 1816 2454 primo
1836 2404 2005 2454 appetitu
2027 2404 2083 2440 vel
2111 2417 2174 2440 ac—

1175 2476 1300 2509 cessu,
1325 2463 1371 2500 de
1389 2465 1587 2514 temetipso
1609 2464 1677 2501 tibi
1695 2465 1765 2500 hoc
1792 2476 1925 2514 capere
1956 2463 2040 2499 licet
2059 2475 2172 2512 argu-

1123 2524 1157 2557 D
1175 2531 1355 2559 mentum.
1378 2526 1469 2560 Cum
1493 2524 1529 2559 in
1559 2524 1612 2560 eis
1638 2537 1721 2572 quae
1747 2523 1793 2559 ad
1819 2535 1957 2571 corpus
1980 2530 2171 2572 spectant,

1175 2581 1213 2617 in
1245 2580 1358 2618 rebus
1390 2583 1608 2619 necessariis
1635 2583 1810 2618 voluntas
1841 2582 1963 2631 primo
1989 2582 2173 2631 appetitui

1173 2640 1285 2676 finem
1309 2641 1415 2686 facit,
1439 2642 1615 2678 naturalis
1630 2642 1747 2678 animi
1768 2641 1959 2691 appetitus
1981 2650 2051 2678 est.
2079 2644 2172 2679 Cum

1173 2712 1264 2735 vero
1288 2700 1324 2736 in
1342 2701 1556 2750 appetendo
1579 2714 1728 2750 semper
1744 2701 1790 2737 ad
1813 2701 1989 2737 ulteriora
2013 2714 2173 2751 progre-

1173 2759 1296 2804 ditur,
1316 2760 1439 2809 ipsum
1465 2773 1503 2796 se
1521 2761 1672 2810 prodit,
1706 2761 1793 2809 quia
1807 2760 1883 2808 jam
1908 2773 1985 2797 non
2014 2769 2086 2797 tam
2105 2775 2172 2797 vo-

1174 2819 1298 2854 luntas
1331 2831 1442 2866 quam
1474 2819 1604 2855 vitium
1638 2820 1842 2856 voluntatis
1872 2828 1957 2865 est,
1988 2821 2143 2857 avaritia
2162 2850 2171 2866 ‚

1170 2878 1229 2914 vel
1251 2877 1438 2926 cupiditas
1455 2907 1463 2922 ,
1485 2879 1542 2914 vel
1564 2879 1705 2928 aliquid
1726 2878 1956 2927 hujusmodi.
1976 2880 2172 2917 Voluntati

1171 2937 1270 2973 enim
1300 2937 1337 2973 in
1375 2937 1593 2986 hujusmodi
1626 2940 1699 2975 cito
1731 2940 1817 2976 satis
1849 2948 1925 2985 est,
1958 2939 2056 2976 vitiis
2081 2952 2173 2977 vero

1171 2995 1252 3045 ejus
1270 3009 1463 3046 nunquam
1485 2998 1572 3034 satis
1594 3007 1661 3035 est.

161 3132 167 3147 ¹
189 3128 267 3158 l‘sal.
285 3139 350 3166 cxi,
373 3131 398 3158 1.
416 3147 459 3151 ——
479 3133 491 3150 ²
506 3127 622 3160 Matlh.
640 3139 738 3165 xvnr,
766 3132 815 3159 19.
835 3125 1110 3163 -—31Joan,1v,
1139 3133 1188 3159 16.
1213 3130 1282 3155 -4
1302 3131 1394 3161 Ercli.
1413 3143 1487 3168 viu,
1509 3137 1539 3162 ὓ.

157 3189 168 3201 ·“
188 3186 272 3216 Alias
291 3187 414 3218 additur
440 3187 554 3224 lurra,
586 3193 614 3218 vt
651 3187 743 3229 paulo
770 3194 835 3230 post
864 3188 1016 3218 omittitur
1044 3186 1172 3218 habitet.
1200 3189 1224 3225 ’ff'
1255 3207 1289 3210 ν
1316 3183 1330 3204 ¹⁸
1366 3190 1455 3224 thas.
1478 3194 1551 3221 (nm
1585 3203 1671 3223 rcw,

114 3251 129 3268 :r
149 3240 260 3281 (fmilia.
277 3241 301 3278 ἦ·

1708 3199 1740 3220 11!
1772 3197 2005 3232 Ιαι.·υ,ἰίι·ι.“ἰ.·’,
2042 3189 2168 3218 ΙιιιἸιῖίω
