2504 3928
342 185 404 220 171
1080 180 1368 215 GILLEBERTI
1401 180 1596 214 ABBATIS
2305 177 2375 215 172

335 273 420 297 nam
438 260 593 295 deceant
615 256 843 299 doctrinam,
869 267 952 302 quae
969 254 1105 302 regulis
1121 255 1320 291 concinant
1338 255 1368 272 ⁷¹⁰
1387 255 1432 291 de
1452 254 1580 291 inferis
1603 262 1670 290 est.
1698 257 1789 291 Nam
1811 255 1957 290 flamma
1977 267 2060 303 quae
2081 253 2275 290 desursum
2297 262 2374 300 est,

337 319 442 362 lidei;
461 317 537 366 jam
556 317 659 365 quasi
681 315 769 350 vitta
786 321 892 356 sunt,
917 321 953 349 ct
975 326 1050 349 non
1075 314 1196 350 solum
1219 315 1321 350 salu-
1344 317 1373 349 Α
1390 314 1524 364 pudica
1553 321 1629 357 est,
1651 313 1803 362 pacifica
1823 321 1897 359 est,
1927 312 2035 349 bonis
2063 313 2323 358 consentiens,
2340 320 2378 349 et

338 387 452 413 tarem
466 405 475 420 ‚
492 375 675 412 sedetiam
695 371 931 409 insolubilem
951 372 1193 409 disseminant
1206 373 1326 409 scien-

337 437 436 472 tiam.
458 434 555 482 Quid
579 433 678 469 enim
700 441 771 468 tam
790 431 859 468 sibi
877 432 1089 475 cohaereus,
1107 440 1179 468 tam
1197 440 1322 475 tenax,

338 504 411 531 tam
444 492 635 530 insolubili
675 499 894 527 contextum
927 490 1050 534 nodo,
1084 503 1195 539 quam
1230 490 1325 527 ratio

339 553 422 589 lidei
441 554 455 587 ?
476 552 576 588 'salia
597 551 733 587 Paulus
752 549 979 598 discipulum
1010 548 1235 586 informabat
1265 549 1324 585 di-

337 625 425 648 cens
444 626 450 646 :
474 612 630 646 Attemle
644 611 891 645 exhortationi
910 617 945 643 et
959 610 1140 643 doc-trime
1154 615 1177 644 ¹.
1199 608 1270 645 Sed
1290 616 1325 644 et

339 672 375 708 in
397 683 570 708 sermone
589 669 800 714 communi,
827 668 891 705 ubi
914 668 998 704 {idei
1024 681 1098 704 non
1122 676 1328 704 tractantur

343 730 543 779 mysteria,
564 730 674 766 etiam
709 729 760 764 sic
788 728 888 763 vittae
921 727 1106 763 coccineae
1137 725 1233 762 labia
1267 734 1328 762 tua

339 790 607 835 conferuntur,
632 789 660 825 si
682 788 792 824 fuerit
813 800 937 822 sermo
960 794 1045 822 tuus
1068 784 1195 822 subtili
1221 798 1328 820 men-

339 863 423 886 sura
441 849 650 892 districtus,
671 856 707 884 et
723 847 922 890 discretus,
943 853 979 880 et
995 857 1146 893 parcus,
1167 850 1204 879 et
1222 851 1328 891 grato

339 907 574 945 verecundiae
596 906 735 943 rubore
756 905 964 948 coloratus3
984 903 1014 938 si
1041 901 1169 939 Crucis
1192 901 1327 938 Christi

340 983 386 1006 eo
412 969 648 1016 frequenter,
668 978 745 1014 quo
775 963 935 1000 libenter
963 961 1192 997 mentionem
1219 973 1330 996 usur·

1391 372 1513 409 bonos
1533 372 1682 409 faciens.
1704 371 1870 409 Verbum
1890 372 1988 408 enim
2008 371 2116 407 dulce
2136 380 2173 408 et
2194 371 2379 421 multipli-

1391 441 1448 468 cat
1465 432 1604 468 amicos
1617 459 1626 475 ,
1649 440 1685 467 et
1702 431 1845 480 mitigat
1859 431 2046 468 inimicos.
2064 431 2176 478 Quasi
2191 431 2378 467 flammam

1391 491 1538 527 flamma
1566 491 1771 536 consumit,
1804 491 2019 527 inferiorem
2045 490 2240 539 superior,
2261 489 2379 526 infer-

1391 550 1511 586 nalem
1541 550 1700 586 coelestis
1718 563 1724 585 :
1743 549 1832 586 dum
1857 549 2005 598 sapiens
2023 556 2059 585 et
2080 561 2192 585 suave
2221 546 2380 584 verbum

1391 609 1508 645 vincit
1535 609 1761 658 malignum,
1786 617 1823 645 et
1854 608 1960 644 dulce
1983 607 2119 644 durum
2151 607 2307 644 emollit.
2334 609 2381 644 Et

1392 668 1476 704 ideo
1510 668 1602 704 dicit
1623 683 1631 704 :
1650 670 1750 703 ,Ἧι-ατ
1776 672 1874 704 vitta
1903 672 2073 702 coccinea
2107 666 2210 702 [abitt
2239 675 2324 711 lua,
2347 674 2384 702 ct

1393 731 1581 774 eloqm'um
1605 736 1705 762 tuum
1735 728 1849 762 dulce.
1880 730 1962 763 Non
1982 726 2080 762 enim
2103 725 2235 762 decent
2260 727 2383 775 Spon-

1394 799 1470 822 sam
1492 787 1561 823 nisi
1576 786 1689 823 verba
1706 786 1848 833 dulcia,
1864 785 1979 822 verba
1999 785 2136 822 amoris
2147 814 2157 831 ,
2170 783 2286 821 verba
2299 796 2383 833 quae

1395 844 1540 881 delicati
1572 846 1727 882 funiculi
1760 847 1838 881 vice
1875 845 2100 895 funguntur,
2141 843 2257 880 verba
2299 855 2384 892 quae

1396 907 1583 953 Sponsum
1601 905 1771 941 irretiant
1790 913 1827 940 et
1844 904 1991 940 trahant
2003 903 2164 940 vinculis
2183 901 2383 940 charitatis.

1396 964 1497 1001 Felix
1533 964 1680 1009 anima,
1713 976 1796 1012 quae
1827 962 2045 1012 hujusmodi
2081 962 2186 998 novit
2219 961 2385 998 dulcium

342 1038 417 1079 pet.
447 1032 477 1066 Ο
507 1027 615 1063 beata
644 1026 721 1062 haec
752 1023 866 1066 labia,
894 1022 1030 1059 Christi
1059 1029 1096 1056 et
1125 1020 1272 1066 osculo,
1294 1029 1332 1056 et
1349 1019 1377 1054 B
1397 1022 1599 1059 verborum
1618 1031 1766 1059 nectere
1778 1023 1888 1068 retia,
1905 1020 2044 1071 quibus
2055 1025 2181 1058 Jesum
2196 1021 2385 1070 illaqueet,

343 1089 509 1138 alloquio
529 1100 617 1123 vere
646 1085 779 1133 digna,
805 1082 899 1119 labia
922 1090 994 1117 tam
1013 1080 1176 1124 sincera,
1203 1087 1241 1116 et
1256 1087 1330 1115 tam

341 1149 540 1185 succensa!
559 1147 596 1182 in
619 1144 690 1180 lide
710 1144 870 1187 sincera,
884 1140 972 1177 etin
991 1151 1118 1175 amore
1136 1151 1327 1175 succensa.

341 1207 539 1246 Succensio
568 1206 636 1241 ista
661 1203 706 1239 dc
726 1201 866 1238 intimis
892 1199 990 1236 etde
1006 1198 1162 1235 summis
1185 1206 1258 1244 est,
1280 1199 1331 1235 nil

340 1267 483 1304 habens
503 1266 548 1302 de
568 1263 716 1301 intimis.

396 1328 430 1363 5.
443 1329 535 1362 Nam
553 1332 606 1360 est
618 1319 811 1358 succensio
823 1317 992 1367 quaedam
1007 1315 1052 1352 de
1067 1315 1196 1352 inferis
1206 1328 1334 1352 erum-

342 1398 446 1436 pens.
464 1382 626 1421 Jacobus
648 1381 698 1417 ait
713 1395 719 1416 ε
743 1383 884 1426 Lingua
896 1404 907 1419 ,
926 1377 1103 1411 modicum
1121 1373 1331 1419 membrum,

343 1445 552 1485 inflammat
578 1451 693 1477 rotam
710 1438 912 1476 nativitatis
926 1443 1082 1476 nostroe,
1099 1433 1331 1479 inflammata

342 1487 477 1551 ct-ipsa
499 1516 521 1537 a
541 1501 748 1550 gehenna&
776 1494 977 1544 Quomodo
1004 1501 1128 1543 potest
1150 1492 1244 1528 bene
1271 1492 1330 1528 in—

341 1564 531 1600 flammare
558 1561 685 1609 lingua
708 1566 781 1593 tam
808 1555 969 1604 pessime
998 1552 1251 1588 inflammata?
1267 1551 1331 1588 Vi-

343 1624 440 1659 tiatae
473 1619 674 1657 nativitatis
704 1615 853 1653 mobilis
874 1611 1089 1660 corruptela
1119 1624 1186 1660 per
1216 1624 1254 1647 se
1274 1610 1333 1647 ni-

343 1683 412 1718 mis
442 1688 586 1716 rotatur
607 1677 653 1713 ad
674 1675 811 1712 malum
825 1701 834 1718 ,
855 1681 891 1709 et
914 1670 1148 1707 volubilitate
1178 1669 1332 1719 propria

344 1742 462 1777 fertur
482 1740 519 1775 in
546 1748 712 1787 praeccps
732 1749 738 1770 :
760 1742 797 1770 et
816 1731 907 1781 quid
927 1742 1077 1766 necesse
1105 1737 1159 1766 est
1184 1729 1333 1765 inflam-

345 1812 447 1836 mare
470 1806 588 1834 rotam
608 1795 720 1839 hanc,
741 1805 823 1841 quae
842 1789 982 1826 firmari
1004 1801 1080 1824 non
1099 1796 1242 1837 potest,
1267 1788 1332 1824 sed
1355 1792 1381 1827 C

345 1871 413 1908 per
431 1870 469 1893 se
487 1857 604 1892 fertur
618 1854 654 1889 in
678 1852 842 1888 malum?
857 1849 1030 1897 Denique
1047 1847 1247 1896 diligenter
1266 1860 1334 1897 ap-

343 1918 507 1967 positum
526 1923 602 1951 est:
623 1915 694 1948 Cor
719 1912 876 1946 hominis
898 1913 936 1943 in
962 1910 1100 1942 malum
1133 1906 1180 1942 ab
1207 1909 1332 1942 adole-

343 1980 482 2011 scentia
501 1987 569 2008 sua
579 1971 603 2007 3.
624 1977 654 2007 Α
674 1971 797 2019 prima
817 1967 1010 2002 nativitate
1034 1966 1194 2014 impulsa
1219 1966 1338 2002 nescit

344 2047 496 2072 cursum
517 2031 711 2067 inflectere
728 2043 735 2063 :
754 2035 791 2063 et
808 2034 847 2061 tu
867 2025 966 2060 illam
990 2025 1116 2071 lingua
1135 2037 1251 2071 prava
1267 2025 1335 2062 im-

344 2094 452 2144 pellis
473 2090 633 2140 amplius
653 2095 690 2124 et
709 2086 915 2123 inflammas
929 2084 944 2118 Ρ
960 2083 1104 2130 Lingua
1124 2094 1240 2131 pras-a
1259 2083 1334 2118 ira-

344 2153 490 2190 cundiae
503 2159 539 2187 et
557 2145 823 2196 indignationis
840 2142 1054 2179 occasiones
1074 2141 1248 2189 requirit3
1274 2141 1334 2177 in-

341 2212 461 2262 jurias
480 2210 538 2245 vel
567 2208 675 2243 falsas
697 2204 865 2247 simulat,
900 2201 957 2237 vel
983 2212 1088 2235 veras
1108 2208 1330 2248 exaggerat,

345 2283 437 2320 quas
465 2267 647 2304 debuerat
672 2261 927 2299 dissimulare:
943 2259 988 2295 ad
1008 2259 1189 2295 offensam
1211 2259 1333 2294 officia

345 2331 455 2367 etiam
477 2329 766 2375 interpretatur,
787 2329 823 2356 et
843 2326 1018 2355 venenati
1036 2329 1219 2353 sermonis
1241 2329 1335 2353 scin-

345 2389 440 2425 tillas
457 2384 607 2422 adhibet
617 2382 662 2418 ad
677 2377 992 2417 commovendum
1011 2389 1075 2412 cor
1093 2388 1214 2411 suum.
1235 2374 1334 2421 Quid

343 2449 470 2496 lingua
501 2455 660 2492 nequam
683 2438 786 2476 cordi
811 2446 875 2472 tuo
903 2436 1012 2471 talem
1041 2433 1195 2470 adhibes
1222 2434 1332 2470 flam-

346 2519 443 2544 mam
471 2507 485 2540 ?
511 2501 676 2541 Sufficiat
704 2498 755 2534 illi
789 2496 937 2532 flamma
967 2506 1053 2538 sua,
1086 2492 1245 2528 sufficiat
1280 2493 1332 2528 illi

1395 1081 1519 1129 alliget
1548 1080 1714 1118 Verbum
1743 1081 1862 1117 Patris
1890 1081 2006 1117 animi
2039 1079 2254 1126 affectibus,
2285 1079 2387 1116 velut

1396 1140 1570 1177 affatibus
1589 1141 1778 1178 Christum
1805 1139 1994 1185 includat,
2017 1139 2200 1176 amatorio
2221 1138 2386 1175 detineat

1397 1212 1571 1236 sermone
1592 1207 1629 1236 et
1648 1199 1826 1244 delectet,
1844 1207 1884 1235 ut
1908 1198 1989 1248 ejus
2004 1198 2196 1247 eloquium
2217 1196 2326 1233 dulce
2340 1195 2390 1233 sit

1399 1258 1452 1304 ei,
1473 1259 1537 1307 qui
1556 1258 1669 1295 habet
1681 1258 1796 1295 verba
1813 1259 1900 1295 vitae
1915 1266 2082 1302 aeternae,
2100 1265 2136 1293 et
2155 1264 2211 1293 est
2220 1253 2387 1292 Verbum

1399 1326 1601 1362 aeternum,
1637 1318 1739 1367 quod
1775 1331 1859 1354 cum
1892 1321 2001 1354 Patre
2032 1324 2069 1353 et
2100 1316 2239 1365 Spiritu
2258 1322 2388 1351 sancto

1398 1376 1490 1412 vivit
1512 1385 1549 1412 et
1569 1385 1700 1425 regnat
1720 1380 1821 1413 Deus
1840 1389 1908 1426 per
1926 1375 2053 1412 omnia
2079 1374 2212 1411 saecula
2230 1374 2389 1411 saeculo-

1398 1447 1494 1470 rum.
1518 1438 1650 1471 Amen.

1395 1576 1418 1585 ιι
1425 1576 1448 1585 s·
1454 1577 1560 1586 vxxxsxn-
1567 1577 1876 1586 nsmzssx-smu-zusxtx
1882 1575 2135 1586 s==z=sssm===antss
2140 1574 2391 1586 vnvm==muut=w

1650 1712 1901 1768 SERMO
1945 1712 2133 1767 XXV.

1447 1851 1756 1895 Sicutfmgmenlum
1776 1850 1852 1882 mali
1862 1852 1994 1896 punici,
2014 1852 2059 1882 sic
2078 1863 2166 1882 trenae
2186 1857 2264 1887 tuce,
2283 1857 2341 1882 etc.

1704 1906 1823 1937 Cautic.
1845 1916 1912 1948 cap.
1929 1917 1976 1944 xv,
1993 1903 2032 1942 js.
2055 1876 2090 1937 35

1798 2028 2011 2042 40⁹0*—

1456 2141 1487 2175 l.
1517 2141 1637 2185 Quam
1655 2151 1787 2175 suaves
1801 2147 1906 2183 sunt,
1935 2147 2062 2188 putas,
2091 2151 2239 2188 sponsae
2261 2151 2387 2188 genae,

1398 2197 1615 2246 quaemandi
1625 2205 1793 2247 possunt,
1803 2210 1886 2246 quae
1894 2197 2053 2234 salubris
2064 2198 2204 2235 fructus
2216 2198 2391 2235 obtinent

1398 2256 1551 2304 gratiam
1571 2258 1586 2292 Ρ
1603 2259 1647 2292 Et
1670 2268 1798 2292 revera
1818 2257 1927 2292 etiam
1955 2257 2169 2306 corporales
2187 2270 2300 2306 genas
2321 2258 2391 2294 ali-

1398 2313 1503 2362 cujus
1520 2315 1569 2350 ita
1589 2323 1691 2363 grata
1707 2314 1834 2351 videas
1851 2323 2044 2352 venustate
2064 2316 2236 2362 refertas,
2253 2325 2295 2353 ut
2310 2316 2389 2366 ipsa

1399 2374 1564 2410 exterior
1576 2374 1916 2410 faciesintuentium
1930 2375 2078 2412 animos
2093 2376 2242 2412 reficere
2255 2376 2387 2425 possit,

1398 2440 1435 2468 et
1453 2433 1500 2469 de
1524 2433 1694 2469 interiori
1719 2446 1830 2482 quam
1851 2433 1992 2478 innuit,
2015 2433 2139 2471 cibare
2157 2435 2287 2483 gratia.
2309 2438 2386 2471 Ve-

1398 2501 1526 2530 nustas
1552 2493 1676 2529 vultus
1705 2501 1868 2529 mentem
1895 2494 2185 2543 interpretatur,
2207 2502 2244 2530 et
2262 2494 2386 2531 inter-

345 2561 658 2613 concupiscentiae
678 2557 790 2594 ardor
805 2553 984 2598 carnalis,
1003 2561 1039 2588 et
1054 2552 1214 2588 levitatis
1232 2553 1333 2588 calor
1354 2560 1385 2593 D
1402 2565 1471 2588 nos
1490 2552 1645 2589 affectus
1665 2552 1775 2589 facies
1795 2553 1972 2601 loquitur.
1995 2553 2107 2590 Vides
2123 2566 2235 2603 quam
2253 2566 2388 2590 conse-

348 2627 504 2666 innatae,
525 2619 663 2670 quibus
683 2629 748 2653 cor
771 2623 899 2658 tuum,
921 2625 962 2649 ac
983 2612 1012 2647 si
1032 2610 1210 2647 volubilis
1233 2619 1335 2656 rota,

350 2683 568 2733 impellitur.
594 2683 699 2716 Hanc
721 2674 787 2711 tibi
812 2673 997 2709 flammam
1025 2670 1198 2706 nativitas
1214 2671 1337 2723 prima

349 2741 519 2785 ingenuit
533 2768 542 2784 ‚
563 2737 627 2774 scd
651 2731 869 2772 renascendi
889 2730 1003 2779 gratia
1028 2729 1229 2777 restringit.
1249 2728 1334 2766 ,Noli

349 2782 470 2851 ignem
495 2799 570 2848 igni
592 2795 788 2838 adhibere,
805 2799 843 2827 et
866 2789 1178 2838 concupiscentiae
1198 2787 1335 2825 addere

348 2859 540 2896 malitiam.
562 2860 690 2903 Ignem
712 2853 811 2888 hunc
829 2863 940 2899 quem
961 2848 1123 2891 evomis,
1146 2847 1270 2883 hauris
1290 2847 1335 2883 de

349 2914 638 2968 gehenua.1nde
660 2910 806 2959 incipit,
826 2917 863 2944 et
886 2909 950 2944 illo
967 2907 1074 2956 rapit.
1096 2909 1260 2954 Lingua,
1283 2905 1339 2941 in-

347 2978 448 3027 quit,
475 2975 708 3020 inflammata
734 2983 756 3004 a
779 2970 962 3015 gehenna.
984 2967 1126 3015 Lingua
1146 2965 1224 3001 liaee
1242 2965 1338 3001 mala

349 3037 521 3073 coccinea
544 3041 619 3076 cst,
642 3030 704 3065 s‹·‹l
722 3029 811 3063 vitta
834 3040 908 3062 non
932 3035 998 3062 est.
1015 3029 1095 3062 Non
1111 3025 1211 3060 enim
1226 3024 1335 3072 ligat,

350 3096 414 3134 scd
432 3094 598 3142 dissipat.
621 3090 714 3125 Nlale
741 3086 952 3129 succendit,
973 3086 1059 3134 quia
1076 3083 1232 3121 succidit
1251 3084 1338 3119 uni-

349 3165 408 3200 ta,
429 3154 493 3203 qui
513 3150 654 3188 dissidii
679 3147 792 3183 verba
819 3145 990 3181 scintillat
1008 3159 1014 3179 z
1031 3153 1066 3179 ct
1088 3144 1235 3179 {lamma
1259 3143 1339 3178 talis

399 3283 519 3311 ¹1‘lnn
549 3289 592 3309 ix,
616 3278 663 3305 152.
692 3291 722 3294 Β
745 3278 754 3293 ²
774 3270 881 3302 Ja‹·ol›i
900 3281 949 3304 ιιι,
974 3284 988 3297 .ι
1006 3294 1011 3300 .
1031 3274 1059 3298 ὓ.

1402 2620 1561 2660 quenter
1581 2620 1665 2660 post
1685 2611 1863 2647 candidos
1884 2611 2012 2649 dentes
2032 2621 2069 2649 et
2088 2613 2262 2649 coccinea
2277 2612 2387 2660 labia,

1401 2684 1578 2719 genarum
1599 2670 1790 2706 inducitur
1807 2671 1960 2707 mentio.
1988 2674 2104 2709 Genae
2130 2671 2217 2708 satis
2240 2684 2388 2721 germa-

1400 2742 1457 2766 nae
1477 2737 1564 2765 sunt
1584 2728 1690 2766 labiis
1705 2758 1714 2774 ,
1734 2738 1770 2765 et
1788 2730 1878 2779 ipsis
1900 2730 2108 2767 tacentibus
2122 2730 2285 2780 quodam
2303 2730 2388 2767 visi-

1401 2787 1465 2823 bili
1496 2787 1612 2823 vcrbo
1643 2789 1774 2824 mentis
1808 2802 1942 2825 arcana
1971 2789 2243 2826 demonstrant.
2273 2791 2389 2826 Genae

1402 2848 1490 2897 ipsae
1509 2847 1612 2884 vocis
1643 2860 1750 2883 usum
1773 2847 1929 2892 habent;
1961 2856 1997 2884 et
2016 2848 2091 2885 oris
2118 2856 2182 2884 aut
2211 2847 2389 2897 supplent

1403 2907 1588 2952 officium,
1623 2914 1686 2941 aut
1716 2907 1876 2954 amplius
1904 2915 2102 2943 exornant.
2137 2907 2388 2954 Quantumvis

1404 2966 1514 3002 fucrit
1548 2964 1666 3001 dulcis
1700 2973 1736 3000 ct
1763 2965 1927 3001 fervidus
1959 2979 2100 3011 sermo,
2125 2978 2274 3002 omnem
2305 2964 2387 3014 ejus

1403 3024 1555 3074 gratiam
1574 3036 1711 3072 procax
1729 3023 1853 3059 vultus
1870 3032 2080 3072 exasperat,
2097 3032 2134 3059 ct
2154 3025 2302 3060 levitate
2320 3037 2387 3060 sua

1403 3083 1541 3132 eloquii
1566 3082 1781 3132 gravitatem
1803 3082 2001 3118 imminuit.
2025 3082 2114 3118 Ideo
2135 3082 2180 3118 de
2203 3082 2306 3131 genis
2327 3095 2387 3118 se-

1404 3142 1550 3190 quitur,
1572 3140 1672 3190 quod
1691 3154 1816 3178 earum
1835 3141 2002 3178 modesta
2019 3142 2211 3178 maturitas
2224 3140 2386 3178 coccinei

1139 3268 1343 3303 3Gt·n.v111,
1373 3272 1423 3298 21.
