2504 3928
297 222 372 258 915

918 224 1039 259 VlTlS
1067 226 1296 270 MYSTICA,
1326 225 1413 261 SEU
1444 223 1728 261 TRACTATUS

293 297 424 334 incutit
449 297 595 339 anim‹›;
618 305 657 332 ut
682 297 750 347 ipsi
771 298 898 334 omnIa
920 299 1096 335 exercitia
1118 300 1287 349 spiritua·
1302 300 1329 318 ⁴³

2261 229 2337 265 910

1339 300 1430 349 ⁸qua
1448 299 1627 348 scriptum
1651 308 1706 336 est
1730 314 1738 336 ε
1758 299 1919 336 Placebo
1936 301 2090 337 Domino
2110 305 2148 337 in
2166 310 2261 338 terra
2278 309 2338 339 vi-

292 356 338 391 lia
358 356 462 404 quasi
485 355 645 404 insipida
666 355 879 401 videantur,
897 366 934 393 ct
951 357 988 393 in
1006 371 1117 406 grave
1136 359 1285 394 taedium
1304 360 1331 392 Α
1353 365 1504 395 centium
1519 366 1545 394 7.
1563 358 1660 406 Quid
1681 358 1834 407 prodest
1850 360 1997 396 castitas
2011 359 2057 396 ab
2075 359 2136 396 illa
2157 369 2253 398 terra
2269 375 2338 398 ex-

292 423 574 451 couvertautur.
595 419 648 451 De
664 429 740 463 quo
763 415 873 451 taedio
894 416 983 452 dicit
1001 417 1178 461 Psahuus,
1197 420 1287 452 Dor—

292 479 432 509 micavit
448 477 576 509 anima
591 487 672 508 mea
686 488 772 522 pra·
788 477 901 510 tce-(lio
915 482 921 497 ¹
936 490 943 511 :
961 484 996 511 et
1011 475 1111 518 alibi,
1132 480 1286 511 Omnem

289 546 410 568 esc-(im
439 533 654 568 abomilmta
687 543 741 569 cst
766 538 895 569 (ιηῐιηα
923 549 1066 580 eorum,
1088 545 1122 571 et
1145 550 1285 584 oppro-

283 596 556 640 pinqmiverunt
578 606 688 640 usque
712 595 766 628 ml
785 603 913 642 portas
941 599 1100 630 moras&
1127 598 1285 631 Tantum

290 652 432 700 quippe
473 651 674 700 aliquando
714 652 892 700 affligitur
930 653 1000 689 hoc
1040 653 1130 689 vitio
1165 654 1286 690 anima

291 709 498 754 bonorum,
517 718 556 745 ut
579 710 688 745 etiam
713 723 862 746 omnem
883 724 1024 756 escam,
1043 711 1078 747 id
1099 720 1154 748 est
1175 726 1286 748 omne

290 769 482 817 spirituale
503 769 740 815 exercitium,
758 769 1010 816 abominetur,
1026 779 1066 806 ut
1084 784 1150 807 nec
1164 784 1284 816 orare,

291 840 360 864 nec
387 828 528 877 legere,
561 842 628 865 nec
660 829 848 875 meditari,
880 843 948 865 nec
978 844 1074 880 opus
1107 844 1284 867 manuum

292 886 404 923 libeat
430 901 616 926 exercere.
648 892 728 925 lmo
752 889 862 925 etiam
890 890 1198 939 appropinquant
1222 902 1285 925 us-

291 959 364 994 que
394 946 438 983 ad
467 956 593 996 portas
624 948 773 994 mortis,
803 948 839 984 id
868 956 941 993 est,
963 957 1002 984 ut
1029 949 1139 984 etiam
1171 949 1286 998 ipsius

291 1006 375 1041 vitae
397 1006 583 1043 fastidium
604 1006 783 1043 habentes
801 1016 920 1043 morte
938 1008 1035 1044 liniri
1055 1007 1282 1054 desiderent,

1352 418 1587 454 sulautibus?
1606 420 1688 453 Non
1708 426 1794 455 sunt
1819 419 1881 455 illa
1904 420 2072 468 profecto
2089 420 2182 465 lilia,
2202 419 2339 469 quibus

1352 479 1428 514 haec
1455 478 1664 527 proprietas
1687 477 1789 514 deest
1811 493 1818 514 :
1847 478 1948 515 unde
1976 492 2051 515 non
2081 479 2268 528 pertinent
2292 480 2339 516 ad

1352 537 1449 574 istud
1475 537 1783 586 perfectissimum
1809 538 1946 584 lilium,
1970 537 2172 587 benignum
2192 543 2338 586 Jesum,

1354 599 1416 646 qui
1439 597 1485 632 de
1510 610 1547 632 se
1567 596 1679 642 dicit,
1706 598 1868 644 lz'goslos
1891 602 2014 646 campi
2021 627 2030 644 ‚
2058 608 2092 634 et
2114 601 2228 634 lilium
2250 613 2340 634 con-

1351 660 1713 703 ‹·ullimn.Q11;esunt
1729 657 1788 692 illa
1803 657 1877 693 lilia
1891 657 1936 693 ad
1952 657 2071 706 ipsum
2090 658 2342 707 pertinentia?

1351 715 1459 751 Audi.
1487 718 1585 751 Sicut
1606 718 1724 751 lilium
1748 720 1844 751 inter
1859 721 2007 764 spinas,
2036 721 2086 751 sic
2107 722 2231 753 arnica
2257 731 2340 753 mea

1351 774 1595 821 incei·filias⁸.
1616 775 1822 812 Tractabile
1835 805 1844 822 ,
1860 785 1897 813 et
1910 777 1992 812 lene
2008 785 2063 812 est
2080 777 2197 813 lilium
2215 791 2222 813 ε
2241 790 2341 826 pun-

1351 842 1479 883 gentes
1504 842 1539 870 et
1566 834 1670 871 ‹lurae
1695 844 1782 871 sunt
1808 836 1935 884 spinae.
1967 839 2048 872 Non
2075 835 2196 885 perdit
2223 835 2341 872 lilium

1351 905 1453 928 suam
1473 892 1681 938 lenitatem,
1699 893 1784 929 lieet
1805 892 1967 942 perferat
1986 893 2177 942 spinarum
2196 893 2340 942 asperi-

1353 959 1478 987 tatem.
1507 954 1538 987 O
1563 964 1675 999 quam
1705 952 1809 987 malae
1836 952 1919 987 flliae
1941 965 2008 1001 per
2035 953 2341 988 communionem

1351 1010 1454 1055 lidci,
1470 1011 1587 1059 spinae
1608 1024 1675 1059 per
1692 1010 1978 1047 amaritudinem
2001 1009 2169 1047 morum!
2185 1014 2238 1047 Tu
2253 1024 2345 1060 ergo

293 1077 376 1099 cum
394 1074 522 1101 sancto
538 1065 610 1102 Job
628 1066 793 1102 dicentes
811 1081 818 1102 ε
843 1069 970 1102 deet
983 1071 1151 1102 animam
1167 1081 1286 1102 meam
1304 1069 1331 1101 B
1351 1070 1379 1106 si
1404 1070 1460 1105 vis
1475 1083 1554 1106 csse
1571 1071 1688 1106 lilium
1711 1082 1839 1106 verum
1851 1097 1860 1112 ‚
1884 1070 1913 1106 si
1934 1070 1988 1105 vis
2005 1083 2024 1106 a
2040 1082 2181 1118 sponso
2200 1069 2341 1106 dulcis—

292 1128 386 1160 ‘vitre
411 1125 544 1160 nn.·a,²3.
571 1127 665 1163 Huic
685 1126 788 1175 gravi
810 1126 899 1162 vitio
921 1127 1090 1162 medetur
1107 1127 1287 1175 jucundi—

291 1191 365 1228 tas,
392 1197 476 1233 quae
497 1199 564 1235 per
586 1186 745 1222 nitorem
768 1185 902 1221 radicis
923 1186 986 1221 lilii
1005 1185 1230 1235 designatur,
1251 1194 1288 1222 et

294 1244 472 1280 reformat
500 1258 640 1293 :egrum
679 1246 845 1281 animum
872 1253 909 1281 et
937 1244 1147 1292 abjectum,
1179 1253 1215 1281 et
1240 1245 1286 1281 ad

293 1302 573 1339 meditationem
604 1304 730 1347 incitat
753 1303 1004 1352 spiritualem,
1022 1311 1059 1339 et
1086 1303 1208 1338 reddit
1227 1303 1289 1340 de-

290 1361 467 1398 siderium
487 1362 696 1405 laborandi,
716 1362 863 1406 orandi,
884 1362 1051 1410 legendi;
1073 1370 1113 1397 ut
1130 1363 1290 1398 exsultet

294 1421 398 1468 quasi
416 1422 516 1470 gigas
534 1421 579 1457 ad
599 1421 821 1457 currendam
841 1421 958 1466 viam,
974 1429 1010 1456 et
1031 1434 1114 1456 cum
1133 1421 1291 1456 Psalmi-

293 1488 348 1515 sta
371 1480 469 1516 dicat
495 1495 503 1516 :
536 1482 644 1516 l'iam
674 1482 931 1516 mandatorimz
956 1489 1099 1515 tuorum
1122 1485 1286 1525 cucurri,

290 1552 371 1574 cum
393 1541 561 1575 dilatasti
581 1553 642 1575 cor
662 1553 781 1575 meum
803 1540 829 1576 ⁴.
856 1540 1029 1576 Curritur
1059 1539 1199 1588 quippe
1228 1539 1289 1575 via

293 1599 553 1636 mandatorum
574 1600 657 1646 Dei,
676 1613 759 1636 cum
781 1613 846 1636 cor
862 1599 1052 1645 dilatatur,
1068 1598 1106 1634 id
1123 1607 1195 1645 est,
1215 1599 1289 1648 spi-

292 1658 416 1694 rituali
433 1658 670 1707 jucunditate
690 1660 868 1708 aperitur.
890 1659 1035 1696 Dicitur
1055 1658 1154 1695 enim
1175 1666 1288 1694 natu-

293 1717 420 1754 raliter
438 1719 571 1755 timore
591 1728 627 1756 et
658 1720 806 1756 tristitia
832 1732 898 1755 cor
922 1718 1068 1762 claudi,
1091 1718 1289 1754 securitate

293 1790 384 1813 vero
411 1787 447 1814 et
469 1779 596 1815 laetitia
626 1779 776 1828 aperiri.
802 1782 1015 1826 Quantum,
1037 1787 1167 1827 putas,
1198 1791 1290 1814 con-

1351 1129 1445 1164 simo
1472 1128 1700 1174 collaudari3
1724 1137 1804 1164 esto
1834 1129 1950 1164 lilium
1980 1128 2076 1164 inter
2107 1129 2216 1172 lilias,
2246 1128 2345 1164 inter

1353 1185 1432 1221 illas
1449 1185 1591 1222 animas
1606 1198 1688 1235 quae
1707 1185 1874 1234 ejusdem
1895 1186 1997 1231 lidei,
2015 1185 2181 1234 ejusdem
2202 1186 2343 1236 profes-

1352 1244 1467 1280 sionis
1483 1253 1602 1281 tecum
1617 1253 1715 1281 sunt.
1738 1245 1809 1281 Sed
1829 1253 1864 1281 et
1885 1245 1913 1281 si
1932 1259 2077 1282 morum
2096 1245 2343 1281 amaritudine

1353 1312 1390 1338 et
1409 1303 1608 1339 verborum
1637 1305 1834 1353 asperitate
1861 1313 1895 1341 te
1921 1313 2116 1355 pungunt,
2144 1314 2223 1342 esto
2245 1305 2347 1342 inter

1354 1363 1444 1398 tales
1473 1363 1571 1399 mitis
1601 1372 1636 1399 et
1668 1364 1868 1400 tractabilis
1894 1379 1902 1400 :
1931 1378 2006 1400 non
2038 1365 2270 1414 exaspereris
2297 1364 2345 1401 ad

1353 1420 1550 1470 quodlibet
1562 1421 1733 1466 verbum,
1749 1422 1811 1458 sed
1824 1422 1918 1458 habe
1932 1423 2205 1468 sustinentiam,
2219 1431 2344 1460 utine-

1356 1480 1469 1516 rearis
1483 1488 1519 1515 et
1533 1488 1570 1516 tu
1591 1480 1720 1516 audire
1731 1509 1740 1525 ,
1758 1483 1857 1516 Sicut
1872 1483 1989 1516 lilium
2006 1485 2102 1518 inter
2112 1487 2257 1529 spineis,
2271 1491 2343 1518 etc.

1405 1540 1466 1575 68.
1489 1543 1563 1576 Nec
1581 1548 1703 1575 tamen
1722 1540 1799 1576 haec.
1813 1540 1987 1585 dicimus,
2001 1549 2041 1576 ut
2057 1541 2166 1577 tacite
2183 1548 2346 1576 transeat

1354 1599 1522 1635 omnium
1542 1599 1768 1647 perversitas
1781 1627 1790 1644 ‚
1808 1608 1844 1635 et
1864 1608 1904 1635 ut
1924 1613 2000 1636 non
2022 1600 2273 1650 corripiantur
2289 1600 2345 1636 in-

1354 1658 1489 1707 quieti,
1516 1659 1574 1694 vel
1596 1666 1637 1694 ut
1663 1658 1795 1694 tumidi
1820 1672 1897 1695 non
1919 1660 2242 1708 comprimantur3
2268 1659 2348 1695 imo

1354 1717 1417 1767 qui
1446 1716 1631 1766 ejusmodi
1655 1726 1761 1763 sunt,
1786 1718 2086 1767 reprehendendi
2106 1719 2281 1765 veniunt,
2305 1726 2346 1755 ut

1355 1789 1402 1813 ne
1428 1776 1620 1812 amittatur
1650 1776 1892 1813 tractabilitas
1920 1785 1992 1813 tuae
2019 1777 2170 1823 radicis,
2199 1777 2264 1827 qui
2289 1778 2347 1815 vis

292 1838 398 1873 venit
429 1838 507 1875 haec
536 1839 656 1875 virtus
689 1838 882 1874 hilaritatis
910 1836 1121 1887 virginibus
1151 1837 1286 1882 sacris,
1310 1840 1336 1876 C
1356 1848 1435 1872 esse
1463 1835 1591 1871 lilium.
1622 1835 1693 1872 Sed
1721 1836 1926 1872 secundum
1958 1837 2179 1885 Apostolum
2211 1850 2349 1885 argue,

291 1909 374 1945 quae
394 1897 571 1944 gaudium
595 1896 710 1946 hujus
732 1897 862 1934 mundi
883 1905 920 1933 et
940 1910 1090 1933 omnem
1112 1905 1287 1933 ornatum

291 1956 417 1991 saeculi
444 1965 752 2006 contempserunt
771 1964 931 2005 propter
950 1968 1113 1991 amorem
1136 1955 1289 1991 Domini

289 2015 346 2051 sui
363 2019 450 2051 Jesu
469 2016 622 2062 Christi,
641 2024 681 2052 ut
701 2015 801 2065 quod
817 2016 920 2052 deest
934 2015 1117 2061 exterius,
1134 2015 1290 2051 interius

289 2074 512 2124 impleatur?
538 2076 706 2114 Gaudete
734 2089 824 2124 ergo
855 2076 892 2112 in
922 2075 1089 2112 Domino
1121 2088 1288 2124 semper,

290 2134 375 2183 quia
406 2148 501 2171 vana
529 2135 663 2184 gaudia
693 2134 864 2184 ejecistis.
898 2138 1039 2172 Iterum
1065 2135 1167 2180 dico,
1197 2147 1291 2184 gau—

292 2193 395 2240 dete,
417 2195 503 2243 quia
527 2209 619 2231 vero
643 2195 778 2245 gaudio
804 2195 995 2231 adhaerere
1021 2194 1226 2240 meruistis,
1255 2202 1292 2230 et

289 2253 326 2289 in
357 2255 583 2304 cogitatione
608 2255 732 2292 cordis
761 2255 873 2291 vestri
905 2255 1098 2291 hilaritatis
1129 2254 1289 2291 nitorem

290 2325 439 2361 semper
469 2313 618 2349 habere.
651 2314 816 2350 Hilarem
849 2313 948 2349 enim
978 2313 1147 2349 (latorem
1173 2313 1291 2362 diligit

289 2372 408 2412 Deus,
431 2370 538 2407 dator
559 2371 756 2421 singularis
775 2379 811 2406 et
831 2384 928 2407 verae
946 2371 1154 2407 hilaritatis.

342 2429 403 2465 67.
426 2433 488 2465 Est
500 2438 536 2465 et
554 2429 756 2465 tractabilis
771 2429 877 2465 radix
894 2429 980 2473 lilii,
997 2442 1063 2477 per
1080 2442 1193 2477 quam
1212 2428 1288 2464 vir-

291 2496 406 2524 tutem
421 2489 715 2526 mansuetudinis
726 2487 1287 2538 intelligeredebemus.Scimus

291 2548 389 2583 enim
418 2562 529 2597 quam
554 2549 736 2598 plurimos
757 2561 837 2585 esse
857 2549 920 2597 qui
945 2548 1122 2584 eastitatis
1146 2549 1286 2584 virtute

294 2608 558 2655 praeeminent,
578 2608 641 2644 sed
661 2609 709 2644 ita
735 2608 806 2644 levi
827 2621 956 2653 eausa,
982 2607 1058 2643 imo
1084 2607 1162 2643 sine
1183 2607 1286 2643 omni
1307 2609 1337 2643 D

295 2679 404 2701 causa
433 2668 573 2702 moveri
605 2675 884 2703 consueverunt
912 2675 952 2702 ut
978 2675 1049 2702 tam
1079 2665 1147 2702 sibi
1175 2679 1286 2714 quam

295 2725 394 2768 aliis,
419 2726 455 2761 in
474 2739 569 2775 quos
589 2734 893 2771 commoventur,
915 2727 1003 2762 liant
1019 2726 1175 2761 nimium
1195 2738 1288 2761 one-

295 2785 392 2829 rosi,
417 2798 565 2835 semper
585 2785 849 2822 exacerbatum
869 2786 1034 2821 animum
1054 2793 1225 2833 gerentes
1242 2797 1288 2820 ex

296 2844 472 2881 omnibus
489 2859 572 2894 quae
589 2846 742 2894 capiunt
756 2846 836 2882 visu
853 2846 910 2882 vel
928 2845 1069 2881 auditu.
1087 2847 1170 2881 Non
1184 2844 1289 2880 decet

297 2904 367 2939 hoc
385 2905 566 2953 virginem
583 2905 736 2950 Christi,
756 2906 818 2954 qui
836 2905 925 2941 dicit
942 2913 979 2941 et
995 2904 1104 2940 docet
1118 2932 1127 2948 ,
1151 2907 1289 2939 Discite

297 2977 321 2997 a
344 2977 401 2997 me
423 2969 510 3011 quia
537 2967 630 2999 mitis
653 2978 732 2999 sum
757 2973 792 2999 r’t
813 2965 961 2999 humilis
983 2961 1118 2998 corde⁵
1138 2978 1145 2998 :
1164 2971 1198 2999 et
1224 2963 1288 3012 qui

298 3022 449 3058 mitibus
478 3023 662 3071 promittit
688 3023 978 3068 beatitudinem,
1002 3022 1150 3067 dicens,
1183 3025 1290 3057 Beati

297 3085 419 3127 mites,
439 3087 616 3129 quoniam
638 3087 710 3130 ipsi
725 3082 962 3130 pos-siflebnnt
989 3092 1124 3117 terram
1141 3080 1168 3118 ⁶.
1191 3082 1289 3129 Quid

297 3153 387 3190 ergo
405 3142 588 3178 immites?
606 3143 760 3178 Exsules
774 3150 884 3178 erunt
901 3143 938 3177 in
958 3150 1068 3177 terra.
1084 3145 1112 3178 Ε
1124 3143 1289 3190 qua?De

352 3275 358 3288 ¹
382 3269 460 3299 l‘sal.
481 3281 584 3299 cxviii
601 3293 607 3305 ,
629 3274 682 3300 28.
704 3289 741 3291 ὴ-
761 3276 771 3291 ⁷
792 3270 963 3307 Psalmi-1,
987 3272 1036 3299 18.
1062 3290 1066 3291 ⁷

1353 1894 1515 1939 obsecra,
1536 1899 1706 1942 increpa,
1723 1898 1818 1930 insta
1834 1904 2052 1943 opportune,
2071 1900 2290 1944 importune,
2309 1897 2348 1930 in

1355 1958 1455 1990 omni
1476 1956 1756 1990 mansuetudine
1779 1963 1815 1990 et
1827 1959 2012 2002 patientia
2028 1962 2043 1985 9
2065 1969 2072 1991 :
2094 1955 2200 2004 quasi
2222 1955 2344 2000 dicat,

1355 2017 1410 2050 Ita
1434 2013 1538 2050 sortis
1555 2026 1688 2051 exerce
1705 2015 1825 2051 zelum
1846 2014 2074 2064 disciplinae,
2098 2023 2139 2051 ut
2155 2015 2348 2052 lenitatem

1357 2087 1435 2111 non
1465 2073 1599 2123 perdas
1632 2074 1787 2111 interius
1820 2074 1858 2111 iu
1889 2083 2035 2121 mente,
2063 2083 2104 2111 ut
2132 2074 2350 2111 revocando

1358 2146 1598 2183 perversum,
1637 2141 1676 2169 tu
1703 2133 1782 2182 ipse
1818 2146 1970 2183 quoque
2001 2146 2076 2170 non
2105 2133 2345 2184 pervertaris.

1356 2197 1449 2230 Sunt
1462 2200 1585 2230 autem
1600 2192 1827 2242 quandoque
1840 2193 2021 2229 malorum
2039 2193 2129 2229 vitia
2141 2191 2344 2243 arguenda,

1355 2251 1582 2301 quandoque
1615 2251 1723 2288 tacite
1749 2251 1980 2296 sufferenda,
2009 2251 2214 2288 secundum
2242 2250 2347 2300 quod

1357 2310 1652 2359 uniuscujusque
1672 2338 1682 2355 ,
1708 2310 1773 2358 qui
1801 2311 1881 2346 talis
1917 2318 1992 2355 est,
2026 2310 2172 2347 utilitati
2207 2309 2347 2345 videris

1356 2369 1553 2419 expedire;
1582 2369 1669 2417 quia
1699 2381 1774 2404 non
1806 2381 1936 2405 omnes
1957 2369 2085 2417 regroti
2107 2381 2182 2405 uno
2210 2381 2345 2418 genere

1357 2429 1549 2465 medicinae
1568 2436 1759 2464 curantur.

1701 2537 1876 2576 CAPUT
1905 2536 1995 2574 XX.

1353 2638 1400 2666 Dc
1417 2642 1525 2666 trunco
1545 2635 1599 2667 lilii
1613 2660 1620 2673 ,
1642 2647 1694 2666 scu
1713 2635 1871 2677 proposito
1890 2634 1973 2665 bono
1984 2658 1991 2671 ,
2007 2633 2090 2675 quod
2106 2644 2123 2664 e
2139 2633 2241 2665 radice
2256 2633 2346 2665 boum

1665 2688 1856 2730 cogitationis
1885 2688 2031 2729 exsurgit.

1418 2787 1480 2822 (59.
1504 2786 1680 2835 Sequitur
1705 2786 1832 2822 videre
1861 2786 1907 2822 de
1935 2794 2066 2822 trunco
2091 2784 2179 2829 lilii,
2202 2785 2239 2821 in
2271 2799 2347 2834 quo

1356 2847 1425 2882 tria
1454 2846 1761 2891 considerantur,
1791 2845 2000 2890 rectitudo,
2031 2845 2230 2890 fortitudo,
2261 2846 2347 2882 lon-

1354 2905 1497 2955 gitudo.
1525 2909 1696 2941 Truncus
1724 2918 1812 2953 ergo
1841 2905 1907 2941 lilii
1928 2918 1949 2940 a
1968 2904 2092 2941 radice
2118 2904 2266 2949 exiens,
2291 2911 2347 2940 est

1355 2965 1590 3014 propositum
1618 2964 1760 3000 bouum
1786 2964 1913 3000 exiens
1934 2977 1951 3000 a
1980 2963 2080 3000 bona
2104 2963 2344 3011 cogitatione.

1355 3026 1446 3061 Cum
1465 3023 1563 3059 enim
1585 3022 1683 3059 bona
1701 3023 1941 3072 cogitaveris,
1959 3023 1988 3059 si
2006 3023 2267 3058 convalescant
2284 3022 2346 3059 illa

1355 3083 1391 3118 in
1411 3090 1445 3118 te
1462 3082 1557 3118 sieut
1577 3082 1681 3118 radix
1697 3083 1733 3118 in
1757 3091 1873 3128 terra,
1896 3083 2094 3118 necessitas
2112 3081 2225 3130 exigit
2241 3090 2282 3117 ut
2303 3096 2347 3118 ea

1355 3154 1437 3190 quae
1460 3141 1676 3190 cogitationi
1699 3141 1867 3190 placent,
1891 3153 2082 3189 proponas
2102 3139 2148 3176 ad
2171 3140 2345 3176 effectum

1119 3268 1131 3290 3
1150 3268 1211 3299 Job
1232 3280 1249 3298 x
1264 3292 1271 3305 ,
1303 3272 1328 3298 1.
1345 3287 1374 3289 w
1414 3269 1426 3294 4
1454 3270 1534 3300 l'sal.
1559 3280 1684 3307 cxviii,
1705 3273 1759 3299 32.
1782 3287 1817 3291 —
1837 3266 1850 3289 5
1868 3267 1980 3299 Matth.
2007 3279 2054 3306 ιι,
2081 3271 2134 3299 29.
2151 3288 2192 3291 -
2213 3265 2228 3288 ⁶
2247 3268 2291 3298 ld.
2313 3280 2343 3305 r,

300 3324 328 3351 si.
364 3341 367 3342 ν
404 3327 415 3351 7
440 3322 620 3359 l’sal.‹xn,
641 3327 670 3354 ¹).
688 3342 728 3345 -—
749 3323 761 3345 ⁸
783 3322 901 3354 (Iantic.
921 3334 965 3359 11,
990 3327 1017 3357 t,
1037 3326 1066 3353 2.
1086 3341 1123 3344 —
1141 3328 1156 3352 9
1174 3325 1202 3352 11
1218 3321 1300 3352 Tim.
1323 3333 1367 3358 iv,
1389 3325 1418 3351 2.
