2504 3928
358 195 396 207 ,-

329 195 392 231 1⁴¹1

1093 195 1383 231 GlLLtzBrjlt'rl
1414 196 1609 229 minuis

325 276 396 313 vir,
422 273 553 305 Oriens
581 281 711 303 nomen
729 270 783 302 illi
799 274 822 303 ¹.
852 267 985 305 Oriens
1011 268 1191 318 splendor
1218 270 1310 306 lucis
1327 269 1355 286 ⁰⁷
1375 269 1597 319 baptismate
1619 276 1630 297 7

2294 192 2363 228 148

1664 283 1670 304 :
1703 268 1855 316 angelus
1878 268 2052 317 appartu't
2079 267 2202 304 oranti
2214 266 2242 313 ⁸,
2263 268 2364 304 testis

326 338 471 366 wternae
489 327 668 371 femineo,
686 326 749 362 sed
771 325 940 373 virgineo
957 327 1211 365 circumdatur
1226 337 1311 365 ute·
1331 332 1357 364 Α
1377 337 1432 365 est
1456 326 1663 376 resurgenti
1675 334 1704 371 ⁹,
1727 335 1820 362 astat
1841 326 2055 362 ascendenti
2068 330 2238 374 ¹⁰.Quam
2252 327 2364 363 vehe—

328 402 393 434 ro,
419 396 454 423 et
483 399 593 422 carne
623 385 794 421 vestitur.
830 388 910 421 noc
941 394 995 422 est
1022 386 1113 422 illud
1147 401 1312 432 novum,

327 446 429 495 quod
451 446 528 494 ipsa
547 444 602 479 sui
625 444 790 479 novitate
818 443 931 480 nimia
961 445 1218 482 credulitatem
1249 445 1315 482 ob-

327 512 507 548 strueret,
525 503 553 538 si
571 516 646 538 non
667 510 762 538 esset
777 502 950 539 inauditis
967 504 1072 553 prius
1090 505 1204 555 signis
1225 505 1315 542 lides

327 563 461 599 elicita.
492 561 664 610 Denique
691 561 788 597 inter
822 569 875 597 tot
901 570 936 597 et
966 563 1249 612 prophetiarum
1280 573 1316 600 ct

328 621 588 672 prodigiorum
601 620 793 657 manifesta
808 621 1033 667 testimonia,
1051 623 1096 658 ad
1113 624 1314 660 novitatem

330 683 437 717 istam
469 679 562 716 adeo
589 679 838 728 quorumdam
869 693 998 716 sensus
1032 680 1249 731 obstupuit,
1276 690 1317 718 ut

329 740 419 776 dum
441 738 599 774 novitati
624 737 733 774 lidem
757 738 962 787 abrogant,
985 740 1097 789 signis
1121 741 1318 777 evidentis-

329 797 431 833 simis
458 809 532 832 non
554 796 839 833 accommodent
857 797 1124 835 credulitatem.
1142 800 1211 837 Sed
1229 798 1318 847 quid

330 870 396 893 vos
428 856 474 893 ad
505 855 772 904 egrediendum
806 856 922 892 invito
941 885 950 901 ,
982 858 1048 907 qui
1078 858 1178 907 ipsos
1207 859 1316 894 etiam

329 916 469 965 ubique
489 915 705 964 praevenitis
726 923 761 950 et
779 915 961 951 instruitis
982 917 1206 965 Apostolos?
1224 916 1317 953 Ubi-

329 988 404 1025 que
427 974 546 1011 seduli
565 974 652 1010 estis
679 974 724 1009 ad
753 973 997 1011 admiratores
1022 984 1058 1011 et
1077 976 1316 1012 annuntiato·

1379 396 1534 432 mentes,
1555 395 1676 435 putas,
1691 393 1874 422 amatores
1890 394 1977 422 sunt
1995 394 2067 421 tam
2085 386 2203 422 seduli
2220 398 2366 422 annun-

1381 447 1554 489 tiatores,
1582 454 1619 482 et
1649 444 1820 480 indefessi
1845 444 2118 481 admiratores?
2145 448 2214 482 Per
2234 458 2366 482 omnes

1380 505 1490 554 hujus
1514 504 1733 541 sacramenti
1758 503 1895 552 gradus
1920 504 2153 540 circumeunt
2177 505 2367 540 0111111110-

1380 566 1457 601 lant
1473 564 1630 600 hostiam
1650 563 1906 599 admirationis
1921 591 1930 607 ,
1951 562 2110 599 hostiam
2130 562 2367 599 vociferatio-

1382 625 1459 669 nis;
1485 631 1654 667 cantant,
1687 631 1723 658 et
1753 622 1938 671 psalmum
1967 621 2097 658 dicunt
2126 621 2301 657 Domino.
2323 624 2368 658 Et

1381 683 1503 719 omnis
1531 682 1607 717 ha’c
1632 681 1824 716 veneratio
1852 680 2082 716 extrinsecus
2106 678 2271 715 exhibita
2299 687 2368 724 est,

1383 743 1523 791 absque
1539 756 1581 778 ea
1598 754 1681 790 quae
1700 741 1923 777 intrinsecus
1939 741 2038 776 latet.
2054 743 2098 776 Et
2116 739 2143 775 si
2163 752 2303 775 novum
2320 739 2369 775 se-

1385 802 1434 838 cit
1450 801 1636 838 Dominus
1655 813 1769 849 super
1801 808 1959 843 terram,
1983 799 2097 835 coelos
2119 807 2240 834 tamen
2263 797 2370 834 novi-

1386 862 1469 897 tatis
1498 859 1609 908 hujus
1634 858 1730 894 odor
1752 859 1921 907 replevit.
1947 858 2099 895 Femina
2123 855 2371 893 circumdabit

1383 920 1504 956 virum
1520 948 1528 964 ‚
1553 918 1746 968 quomodo
1767 917 1974 953 circumdat
1993 930 2132 952 corona
2150 923 2275 964 caput.
2298 917 2369 951 Ca-

1383 986 1450 1027 put
1479 978 1577 1013 enim
1608 976 1779 1013 Eeclesiae
1802 975 2021 1012 Christus11.
2042 974 2237 1011 Gloriosus
2261 973 2371 1022 plane

332 1048 388 1071 res
413 1032 587 1070 novitatis
603 1033 719 1069 istius.
737 1034 900 1081 Angelus
914 1034 1202 1083 concipiendum
1221 1047 1318 1070 nun·
1338 1038 1364 1070 B
1385 1037 1420 1073 in
1439 1037 1501 1072 illo
1519 1035 1719 1085 splendore
1736 1034 1863 1083 gloriae
1876 1062 1885 1079 ,
1906 1043 1943 1069 et
1965 1041 2130 1083 paternae
2147 1033 2264 1081 ligura
2286 1031 2372 1068 sub-

332 1093 397 1129 tiat
416 1092 540 1129 Mariae
553 1097 564 1112 ²
583 1106 590 1127 ε
610 1100 737 1127 natum
757 1091 970 1140 pastoribus
988 1094 1139 1141 angelus
1159 1093 1321 1131 nuntiatz

331 1152 406 1188 imo
441 1159 477 1187 et
507 1151 596 1200 ipsis
624 1151 795 1199 Angelis,
825 1164 901 1186 non
934 1160 1076 1188 tantum
1111 1152 1323 1201 pastoribus

331 1211 484 1260 angelus
513 1210 703 1246 nuntiasse
725 1210 884 1247 videtur.
914 1214 1020 1248 Unus
1046 1212 1242 1260 praedicat,
1262 1213 1322 1248 alii

331 1269 578 1320 applaudunt.
600 1271 719 1304 Facta
739 1279 803 1313 mc,
823 1270 962 1318 inquit,
982 1284 1062 1306 cum
1077 1273 1209 1318 angelo
1227 1274 1322 1306 mul-

330 1331 446 1364 titudo
472 1331 626 1364 coelestis
654 1333 839 1364 exercitus
864 1332 1116 1373 lcitttlantium,
1138 1339 1171 1365 et
1198 1332 1319 1364 dietm-

331 1390 433 1433 tinm,
460 1390 586 1424 Gloria
616 1392 654 1422 in
679 1390 868 1422 altissimis
895 1387 1010 1423 Deo-3.
1035 1392 1141 1425 Unus
1168 1402 1318 1424 annun-

333 1447 418 1492 tiat,
440 1446 543 1495 quod
560 1446 620 1482 alii
640 1459 746 1495 teque
769 1455 955 1482 noverant
975 1461 982 1482 :
1007 1455 1044 1482 ct
1069 1455 1190 1483 tamen
1212 1448 1316 1496 quasi

329 1519 469 1542 novum
492 1514 528 1541 et
556 1518 686 1541 recens
713 1506 889 1550 audiunt,
916 1506 1019 1555 quod
1051 1506 1122 1542 illis
1150 1507 1317 1555 ignotum

327 1578 407 1601 esse
435 1577 510 1600 non
540 1572 699 1613 poterat.
737 1567 768 1601 O
796 1563 903 1600 beata
931 1565 1008 1600 haec
1042 1565 1209 1611 novitas,
1239 1579 1322 1614 (111εο

326 1623 495 1671 angelico
523 1622 701 1671 gaudium
728 1630 878 1672 praestat
904 1623 1073 1667 auditui3
1109 1632 1167 1667 et,
1200 1632 1240 1659 ut
1270 1624 1322 1659 510

327 1681 447 1718 dicam
464 1710 473 1725 ‚
496 1681 655 1717 delectat
683 1681 767 1716 illos
795 1680 844 1717 ab
879 1681 951 1717 alio
981 1681 1130 1726 audire,
1157 1690 1194 1717 et
1217 1683 1322 1730 quasi

331 1740 473 1777 discere
493 1740 595 1788 quod
615 1753 679 1776 eos
698 1738 744 1775 ab
763 1739 869 1775 initio
889 1739 969 1789 ipsa
988 1740 1131 1776 Veritas
1151 1740 1321 1776 edocuit!

329 1802 362 1838 O
382 1800 533 1836 humilis
552 1807 589 1835 et
609 1798 792 1834 indefessa
813 1798 984 1844 devotio,
1006 1806 1042 1835 et
1062 1799 1107 1835 ad
1122 1802 1241 1836 Deum
1255 1828 1264 1845 ,
1286 1808 1322 1836 et
1342 1799 1368 1835 C

327 1859 373 1895 ad
395 1859 554 1895 invicem
572 1861 579 1893 ἔ

383 1917 417 1953 2.
442 1920 505 1953 Est
526 1916 586 1952 hic
613 1915 775 1963 aliquid,
805 1914 908 1963 quod
930 1928 998 1951 nos
1021 1916 1164 1951 utinam
1191 1915 1322 1952 obser-

330 1988 481 2020 vemus,
496 1975 573 2011 imo
594 1982 631 2010 et
654 1987 858 2010 servemus.
882 1974 979 2022 Quid
1001 1974 1118 2010 illud?
1137 1979 1188 2012 Ut
1207 1988 1322 2024 ange-

332 2036 404 2072 lico
425 2033 600 2082 exemplo
619 2032 797 2068 humilem
821 2041 858 2068 et
877 2041 1059 2069 attentum
1087 2033 1322 2082 praebeamus

333 2093 504 2130 auditum
521 2093 644 2128 alieno
665 2091 848 2137 sermoni,
870 2093 979 2128 etiam
997 2093 1034 2128 in
1055 2093 1126 2128 illis
1141 2106 1225 2141 quae
1245 2106 1320 2128 non

334 2154 563 2201 ignoramus.
589 2154 670 2186 Non
695 2159 818 2186 tamen
839 2151 983 2188 alienus
1000 2160 1054 2187 est
1068 2180 1076 2195 ‚
1097 2152 1160 2199 qui
1179 2151 1224 2188 de
1243 2155 1322 2188 Deo

334 2220 389 2245 cst
401 2236 410 2252 ‚
434 2210 503 2243 nisi
524 2222 593 2242 nos
609 2222 630 2241 a
647 2212 725 2241 Deo
745 2209 888 2240 alienos
904 2210 1214 2254 reputaverimus.
1239 2212 1282 2242 Et
1295 2210 1323 2242 Sl

335 2269 478 2304 alienus
501 2274 574 2309 est,
597 2264 857 2300 auctoritatem
881 2264 932 2300 illi
953 2264 1083 2301 tribuit
1103 2265 1229 2301 divina
1247 2279 1325 2301 ina-

336 2327 439 2363 teria.
473 2328 568 2361 Nota
600 2322 785 2367 fastidire,
810 2332 871 2359 aut
899 2324 1124 2360 curiositatis
1152 2333 1228 2369 est,
1261 2331 1325 2359 aut

335 2383 580 2421 contumaciae
608 2382 768 2430 signum.
797 2382 964 2430 Angelici
993 2383 1166 2431 spiritus,
1187 2382 1325 2431 quibus

334 2459 354 2480 a
377 2442 564 2492 principio
593 2441 757 2476 innotuit
789 2449 1064 2477 sacramentum
1093 2442 1326 2477 Incarnatio-

335 2503 410 2546 nis,
433 2514 509 2537 non
537 2499 725 2536 abstinent
749 2499 796 2535 ab
818 2499 1066 2536 admiratione
1088 2500 1123 2535 111
1151 2501 1326 2536 novitatis

1389 1095 1533 1132 stantiae
1549 1110 1556 1131 ε
1575 1094 1638 1130 50(1
1659 1106 1772 1142 5111101·
1789 1092 1916 1128 addito
1938 1100 2074 1128 nostrae
2091 1090 2254 1140 quodam
2270 1090 2374 1126 velut

1388 1155 1472 1190 suco
1491 1163 1653 1199 naturae,
1672 1161 1709 1189 et
1727 1153 1855 1188 colore
1870 1151 2024 1188 inducto
2040 1180 2049 1196 ,
2071 1150 2160 1186 dum
2178 1149 2369 1193 sublucet,

1387 1214 1471 1263 plus
1491 1214 1613 1263 placet
1634 1228 1641 1249 :
1664 1226 1732 1249 nec
1762 1213 1834 1248 illis
1866 1219 2009 1247 tantum
2041 1210 2106 1259 qui
2137 1222 2242 1246 secus
2277 1209 2374 1245 ferre

1387 1286 1462 1309 non
1480 1281 1674 1322 poterant,
1696 1271 1760 1308 sed
1786 1271 1823 1307 in
1852 1271 1908 1306 his
1935 1270 2044 1306 etiam
2066 1267 2203 1318 quibus
2223 1281 2316 1317 pure
2335 1281 2373 1304 50

1387 1330 1566 1379 splendor
1589 1330 1649 1366 ille
1667 1328 1845 1365 refundit.

1436 1389 1471 1425 3.
1490 1393 1577 1425 Haec
1594 1397 1717 1424 autem
1738 1388 1822 1423 dico
1836 1416 1845 1432 ‚
1867 1386 1968 1435 quod
1995 1385 2161 1434 dignatio
2178 1384 2256 1420 haec
2272 1384 2373 1434 ipsa,

1383 1462 1455 1497 qua
1486 1448 1604 1484 voluit
1632 1447 1841 1490 incarnari,
1870 1444 2072 1494 quemdam
2101 1443 2251 1480 videtur
2276 1452 2376 1480 attu-

1385 1508 1470 1544 lisse
1504 1507 1678 1543 decorem
1717 1505 1889 1554 dignitati
1926 1503 2140 1552 majestatis.
2173 1502 2374 1549 Quomodo

1387 1567 1484 1603 enim
1511 1580 1586 1602 non
1619 1567 1701 1614 plus
1730 1563 1892 1614 placebit
1921 1563 2113 1599 humiliata
2143 1560 2374 1608 sublimitas,

1387 1626 1576 1662 exinanita
1607 1623 1855 1668 immensitas,
1884 1631 1920 1658 et
1947 1621 2376 1657 divinitasincarnata?

1387 1688 1460 1721 Ista
1478 1684 1654 1720 varietate
1675 1682 1765 1732 quid
1781 1681 2000 1731 pulchrius?
2019 1680 2242 1716 Varietatem
2263 1679 2377 1716 dico?

1388 1743 1632 1780 contrarietas
1644 1742 1806 1786 videtur,
1824 1754 1869 1777 eo
1885 1740 1930 1776 ad
1944 1739 2275 1788 contemplandum
2290 1739 2377 1788 pul—

1389 1803 1525 1848 chrior,
1542 1802 1643 1850 quod
1658 1802 1734 1837 haec
1747 1814 1826 1836 sese
1842 1799 2029 1835 contraria
2045 1811 2120 1835 non
2138 1798 2375 1847 impugnant,

1389 1861 1453 1899 sed
1473 1869 1686 1910 congruunt
1707 1859 1788 1895 sibi.
1814 1857 1995 1895 Mirabilis
2020 1858 2058 1893 in
2083 1870 2121 1893 50
2141 1857 2268 1893 divina
2287 1857 2377 1893 sim-

1390 1920 1558 1969 plicitas3
1581 1918 1645 1954 sed
1658 1946 1667 1963 ‚
1689 1926 1730 1954 ut
1754 1918 1805 1953 sic
1827 1917 1945 1953 dicam
1958 1945 1967 1961 ,
1985 1917 2104 1952 inulto
2123 1915 2200 1951 haec
2219 1928 2377 1965 compo-

1387 1978 1472 2015 sitio
1491 1977 1708 2022 mirabilior,
1730 1977 1818 2026 quia
1839 1976 1988 2012 novior.
2006 1979 2089 2012 Non
2111 1987 2263 2024 possum
2282 1974 2374 2011 mix-

1388 2046 1480 2074 turae
1513 2037 1623 2086 hujus
1657 2044 1773 2073 artem
1804 2035 1892 2071 satis
1924 2034 2072 2078 mirari,
2112 2041 2147 2069 et
2182 2041 2275 2082 puto
2308 2046 2378 2070 nec

1387 2096 1531 2144 Angeli.
1564 2099 1609 2132 Et
1637 2094 1788 2144 quidem
1820 2094 1892 2130 illis
1924 2092 2085 2129 mirandi
2118 2092 2212 2128 ratio
2241 2091 2374 2140 major,

1388 2154 1525 2203 quibus
1539 2154 1674 2189 divinae
1693 2161 1835 2188 naturae
1850 2165 1951 2188 mera
1967 2151 2183 2200 simplicitas
2198 2151 2378 2188 sincerius

1390 2212 1601 2245 innotescit.
1630 2212 1696 2245 llla
1729 2209 2074 2257 incomparabiliter
2107 2222 2209 2244 mera
2241 2218 2316 2254 est,
2341 2218 2379 2246 et

1391 2267 1474 2302 ideo
1498 2267 1697 2303 mixturam
1716 2267 1812 2302 hanc
1829 2265 2095 2302 mirabiliorem
2114 2266 2248 2302 reddit.
2267 2271 2380 2314 Quae-

1391 2338 1476 2360 nam
1509 2325 1587 2360 11ωο
1622 2325 1804 2369 mixtura,
1837 2338 1921 2360 cum
1960 2338 2028 2360 sua
2061 2325 2196 2373 cuique
2236 2334 2378 2362 naturae

1391 2391 1536 2419 constet
1552 2383 1768 2431 integritas?
1783 2387 1874 2420 Nam
1894 2396 1961 2419 1100
1977 2384 2154 2419 alterutra
2171 2384 2208 2420 in
2223 2385 2378 2422 alteram

1392 2443 1540 2485 transit,
1570 2456 1638 2478 nec
1669 2456 1713 2478 ex
1747 2443 1915 2491 utrisque
1946 2443 2052 2491 quasi
2081 2443 2190 2479 tertia
2215 2452 2252 2480 et
2281 2457 2378 2481 nova

1391 2501 1558 2549 quaedam
1594 2502 1775 2537 consistit.
1805 2506 1950 2538 Novum
1976 2510 2098 2537 tamen
2132 2510 2187 2538 est
2213 2502 2316 2550 qnod
2341 2503 2380 2541 in

335 2560 446 2608 hujus
462 2559 718 2604 exhibitione,
737 2567 773 2595 et
794 2559 946 2607 antiqua
968 2559 1133 2607 cognitio
1152 2572 1226 2595 non
1245 2572 1326 2594 mo-
1344 2564 1375 2597 D
1391 2572 1463 2594 una
1483 2573 1642 2608 persona
1663 2561 1907 2596 comeniunt.
1930 2561 2204 2609 Contemplatio
2221 2569 2380 2610 utraque

334 2620 382 2656 do
409 2619 551 2655 visione
581 2632 698 2663 nova,
720 2618 783 2654 sed
816 2631 917 2654 novo
944 2617 1079 2665 gaudet
1110 2626 1146 2653 et
1179 2618 1323 2654 lretatur

334 2678 475 2715 auditu.
491 2681 533 2714 In
556 2686 768 2725 temporum
788 2678 860 2713 11110
875 2689 1046 2725 egressus
1061 2684 1116 2712 est
1133 2676 1298 2713 Christus
1314 2705 1323 2720 ,

335 2737 419 2773 ideo
457 2736 702 2785 egrediuntur
735 2743 771 2771 et
804 2736 886 2784 ipsi.
924 2738 968 2771 Et
997 2748 1167 2783 egressus
1195 2734 1275 2783 ejus
1309 2750 1328 2771 a

333 2796 466 2832 diebus
495 2795 751 2831 aeternitatis⁴⁵.
783 2795 855 2831 Sed
884 2795 921 2830 in
951 2803 1163 2844 temporum
1189 2797 1262 2832 line
1285 2794 1331 2830 de

334 2863 441 2890 utero
467 2853 547 2902 ejus
570 2867 737 2903 egressus
757 2862 830 2898 est,
850 2867 934 2902 quse
955 2853 1200 2890 circumdedit
1221 2866 1327 2897 eum,

336 2914 494 2950 semina».
520 2913 609 2949 Ideo
637 2912 882 2960 egrediuntur
905 2912 1065 2948 coelestis
1096 2912 1179 2948 {iliae
1211 2912 1326 2956 Sion,

334 2972 572 3008 admiraturae
594 2972 629 3007 in
651 2972 902 3020 completione
923 2971 1024 3020 quod
1046 2984 1193 3020 semper
1210 2971 1330 3007 admi-

335 3039 423 3066 ratae
451 3038 539 3065 sunt
564 3030 600 3065 in
623 3030 912 3078 exspectatione.
942 3030 1105 3077 Angelus
1121 3030 1156 3065 in
1178 3042 1329 3065 annun-

334 3089 484 3125 tiatione
499 3087 525 3133 ⁵,
553 3088 706 3137 angelus
747 3087 781 3122 in
821 3087 1012 3123 nativitate
1030 3086 1068 3132 fl,
1104 3087 1256 3135 angelus
1291 3087 1327 3122 in

383 3227 390 3240 ¹
412 3219 502 3250 lach.
523 3231 553 3248 vi
569 3243 575 3254 ,
600 3222 650 3250 12.
668 3238 707 3241 —
727 3225 738 3239 ²
759 3222 876 3253 1,11(’.1,
899 3222 1008 3249 Tin-38.
1037 3237 1057 3240 ⁴*

335 3272 408 3303 7111.
428 3284 486 3310 111,
513 3276 565 3302 121.
585 3291 614 3294 ψ
645 3271 822 3307 Ν11111111,
850 3274 899 3301 23.
947 3290 958 3293 —
981 3271 1054 3301 old.
1077 3282 1166 3305 xxiv,
1191 3273 1217 3300 ’1.

1085 3217 1096 3239 3
1114 3217 1156 3248 ld.
1175 3230 1211 3254 11,
1229 3217 1648 3251 9-1’1.ᾈ«111111·11.ν,’2.β

1294 3276 1321 3289 ¹0
1341 3273 1408 3299 Avi.
1432 3282 1461 3307 ι,
1483 3273 1533 3299 111.

1390 2618 1560 2666 quaedam
1582 2627 1636 2654 est
1657 2619 1759 2654 velut
1778 2619 1869 2653 cella
1895 2618 2050 2653 vinaria.
2076 2621 2117 2654 111
2140 2619 2238 2654 illam
2260 2620 2380 2656 intro-

1394 2676 1494 2711 ducti
1524 2685 1610 2712 sunt
1644 2677 1799 2725 angelici
1832 2677 1985 2725 spiritus
2011 2677 2140 2713 cellam
2169 2686 2378 2717 nectaream

1398 2734 1598 2781 majestatis
1629 2744 1798 2779 aeternae,
1820 2735 1896 2771 imo
1919 2750 1939 2771 a
1965 2736 2192 2772 conditionis
2215 2737 2380 2773 511031111-

1398 2793 1448 2829 tio
1480 2794 1603 2842 positi.
1635 2797 1715 2829 Jam
1749 2807 1850 2830 nunc
1880 2795 1915 2830 in
1947 2803 2158 2844 temporum
2196 2795 2269 2831 line
2299 2795 2377 2832 haec

1397 2859 1523 2887 nostra
1553 2852 1589 2887 in
1624 2853 1731 2888 terris
1761 2853 1853 2889 cella
1875 2861 2036 2889 mustum
2065 2866 2204 2889 novum
2225 2861 2379 2890 eructat.

1396 2914 1426 2947 0
1450 2910 1708 2959 promptuaria
1746 2911 1876 2959 plena,
1900 2911 2156 2960 promptuaria
2188 2912 2380 2948 exundan-

1396 2969 1444 3004 tia
1482 2977 1518 3004 et
1554 2970 1761 3005 eructantia
1797 2984 1839 3005 ex
1879 2970 1948 3006 hoc
1986 2971 2022 3005 in
2059 2969 2180 3006 illud!
2220 2970 2376 3019 Egredi-

1394 3028 1510 3071 mini,
1536 3028 1618 3063 iiliae
1651 3029 1763 3073 Sion,
1793 3028 1838 3063 (10
1872 3029 1962 3064 cella
1993 3028 2069 3064 vini
2100 3029 2191 3064 meri
2226 3028 2272 3064 ad
2303 3029 2374 3065 hoc

1396 3095 1578 3131 mustum,
1600 3086 1702 3135 quod
1731 3087 1876 3123 miscuit
1898 3086 2078 3136 sapientia
2095 3087 2130 3122 in
2154 3095 2296 3122 cratere
2315 3100 2381 3123 no-

1703 3218 1805 3248 blm.
1828 3230 1863 3253 1,
1881 3221 2000 3248 20-38.
2029 3237 2057 3240 μ’
2077 3217 2092 3237 (’
2108 3217 2153 3248 111.
2173 3229 2210 3254 11,
2230 3220 2323 3249 9-14.
2349 3238 2363 3240 —

1616 3276 1640 3290 '¹
1662 3270 1773 3311 Ephes,
1792 3282 1822 3308 v,
1840 3274 1892 3300 5252.
