2504 3928
337 221 410 256 9453

949 224 1071 260 vrrts
1101 224 1329 269 MYSTICA,
1359 227 1448 262 SEU
1479 226 1760 262 TRACTATUS

338 298 511 345 piuescuti
532 310 545 332 x
559 298 605 332 ita
623 297 660 332 iu
678 296 904 345 conjugatis,
926 307 1082 348 propter
1097 313 1179 350 quse
1197 302 1320 338 vitan·
1334 302 1363 320 ⁴⁶

2303 226 2376 264 944

1368 301 1590 352 ‘'praeceptis
1621 302 1696 338 suis
1724 309 1760 338 et
1786 302 1979 351 promissis
2004 303 2244 352 praemiorum
2265 306 2379 343 coele-

341 355 386 391 da
415 356 604 403 virginalis
638 355 782 391 castitas
805 364 860 392 est
889 359 1111 407 appetenda.
1139 361 1222 397 Tria
1245 369 1329 397 sunt
1349 364 1373 394 Α
1395 361 1504 396 stium
1525 360 1746 404 audierunt,
1763 368 1798 396 et
1813 360 1989 409 loquente
2005 374 2144 412 sponso
2159 375 2248 409 suo,
2264 365 2298 401 ei
2313 378 2380 414 per

339 428 490 464 qnoque
514 415 712 451 commoda
741 416 874 453 suturae
900 418 1044 466 glori-v,
1068 430 1223 470 propter
1245 435 1328 471 quse

340 475 566 523 acquirenda
583 475 708 511 votiva
729 475 921 524 virginitas
938 485 992 514 est
1009 486 1044 514 et
1060 481 1326 516 conservanda.

341 535 536 570 Prmscntis
555 535 639 570 vitre
658 535 896 572 incommoda
909 536 985 573 duo
1002 538 1180 576 habemus
1195 554 1240 576 ex
1256 554 1330 576 nia-

339 593 551 638 ledit-tione,
573 607 656 643 quse
688 595 826 632 inllicta
854 596 921 632 suit
942 597 1072 646 primae
1095 600 1238 648 parenti
1259 613 1329 636 no-

339 661 425 689 strce
445 656 530 689 Eva·
548 662 633 703 post
651 655 980 703 transgressionem
997 658 1149 707 peccati.
1170 661 1329 709 Serpens

339 713 438 748 enim
485 713 603 749 tribus
640 714 963 752 maledictionibus
1004 716 1212 766 subjacuit,
1252 722 1328 755 Eva

339 771 504 815 duabus,
529 772 646 809 Adam
677 774 750 810 nni.
775 775 947 824 Serpeuti
980 776 1078 812 enim
1107 777 1245 815 dictum
1274 787 1329 814 est

340 842 360 865 a
382 830 545 866 Domino
564 846 570 866 :
588 834 709 879 Supra
725 840 852 880 pectus
869 843 968 868 tunm
981 836 1175 882 gradieris,
1194 845 1327 872 terram

340 891 507 924 cmnedes
519 918 528 932 ‚
549 899 584 925 et
597 893 733 926 nudior
744 892 970 928 conculcabit
987 903 1096 941 capnt
1115 904 1226 932 tuum.
1243 900 1328 932 livre

342 957 466 985 antem
491 949 585 985 dixit
606 953 706 986 Deus
729 965 736 986 z
759 955 804 986 In
826 953 1102 1000 ‹lolor·elmries‚
1124 964 1159 990 ct
1176 955 1242 991 sub
1253 970 1327 1004 lm-

340 1017 468 1044 !estatc
484 1013 557 1045 viri
573 1015 656 1045 eris.
676 1010 765 1047 Adae
782 1024 872 1048 vero
892 1013 942 1048 ait
960 1027 967 1048 :
991 1017 1034 1049 In
1049 1015 1182 1050 sudore
1201 1018 1328 1052 vultus

340 1071 574 1103 lm'cmm¹1l‹’s
588 1083 727 1116 panem
743 1079 842 1105 Ιιιιιηι
864 1077 886 1107 ¹.

398 1129 480 1164 105.
502 1128 782 1165 Maledictiones
810 1133 914 1176 Evae,
947 1138 982 1166 et
1005 1144 1072 1180 per
1102 1132 1218 1181 ipsam
1242 1146 1327 1169 om-

339 1185 442 1221 nium
472 1186 670 1223 mulierum
696 1196 920 1236 nuptarum,
942 1188 1024 1225 duae
1053 1199 1140 1226 sunt
1169 1191 1207 1227 in
1231 1205 1328 1241 prce-

338 1245 432 1281 senti
457 1259 666 1295 expressae,
690 1247 829 1283 scilicet
848 1248 949 1297 quod
972 1250 1007 1284 in
1029 1249 1160 1286 dolore
1177 1252 1327 1300 pariunt

339 1304 456 1348 lilios,
488 1314 524 1340 et
554 1305 624 1341 sul)
656 1315 839 1354 potestate
870 1308 1038 1344 virorum
1060 1318 1158 1345 sunt.
1181 1310 1271 1357 Quis
1290 1320 1327 1347 et

337 1372 500 1411 quantus
519 1365 564 1400 sit
585 1364 694 1400 dolor
711 1365 936 1413 parientium
960 1367 1178 1412 mulierum,
1203 1369 1328 1406 nullus

337 1422 531 1458 hominum
553 1424 672 1469 novit,
693 1424 762 1459 uisi
780 1437 863 1473 quae
880 1434 1044 1473 experta?
1061 1435 1158 1462 suut.
1174 1430 1216 1463 Iu
1234 1429 1328 1465 Scri-

335 1482 455 1531 pturis
486 1491 609 1518 autem
643 1482 784 1519 doloris
817 1483 930 1532 hujus
964 1485 1219 1522 testimonium
1251 1488 1328 1523 fre—

334 1550 495 1589 quenter
528 1542 764 1588 invenimus3
799 1543 888 1592 quia
919 1556 1003 1580 cum
1031 1545 1326 1594 magnitudinem

335 1598 492 1647 alicujus
508 1599 648 1636 doloris
668 1601 843 1638 volumus
859 1602 1071 1651 exprimere
1083 1632 1092 1649 ,
1107 1604 1227 1653 ipsum
1243 1618 1327 1642 mn·-

335 1658 416 1694 lieri
437 1660 661 1708 parturienti
681 1674 899 1711 comparare
921 1662 1097 1699 solemus.
1126 1667 1207 1701 Hoc
1226 1666 1324 1703 enim

335 1717 458 1766 ipsum
477 1719 661 1755 Dominus
677 1720 845 1756 omnium
859 1720 1033 1757 dolorum
1054 1723 1227 1771 cognitor
1241 1738 1324 1762 cum

336 1776 482 1813 videret
510 1777 714 1828 discipulos
735 1793 823 1816 suos
853 1780 899 1816 de
922 1789 1042 1817 morte
1074 1794 1139 1818 sua
1169 1783 1327 1822 nimium

1395 420 1645 456 obedientiam
1674 420 1974 469 responderunt;
2003 421 2110 469 cujus
2139 435 2246 459 amor
2269 423 2380 460 casti·

1397 480 1581 523 moniam,
1610 478 1717 527 cujus
1747 488 1865 516 tactus
1898 480 2142 527 munditiam,
2173 481 2280 531 cujus
2308 495 2380 519 nu-

1397 539 1482 587 ptiae
1506 538 1666 586 virgines
1689 538 1825 574 faciunt
1847 546 1882 575 et
1910 547 2144 575 conservant.
2166 543 2197 577 O
2216 553 2303 578 vere
2324 542 2380 578 se-

1396 597 1495 642 lim-s,
1513 610 1596 646 quse
1616 597 1677 633 tali
1698 597 1780 633 viro
1798 610 1874 634 non
1891 599 2013 634 solum
2034 599 2166 645 animi,
2185 599 2249 636 sed
2269 601 2380 636 etiam

1395 657 1564 706 corporis
1611 656 1830 693 munditiam
1875 662 2216 695 consecraverunt!
2267 659 2382 708 Cujus

1395 715 1621 751 connnercio
1643 715 1694 751 sie
1726 716 1762 751 in
1783 716 1908 752 animo
1933 716 2205 764 fecundantur,
2239 726 2279 754 ut
2304 731 2382 755 om-

1395 775 1497 810 nium
1521 774 1702 810 virtutum
1726 782 1861 811 matres
1883 776 2117 821 efficiantur,
2137 789 2295 826 quarum
2314 777 2380 814 filii

1395 835 1432 870 in
1450 834 1563 870 domo
1587 834 1726 870 coelesti
1747 835 1972 871 aeternaliter
1988 835 2176 881 habitant,
2193 844 2230 872 et
2253 849 2379 873 semen

1393 907 1550 943 opernm
1565 894 1728 944 ipsarum
1749 907 1874 931 coram
1895 907 2034 944 sponso
2054 908 2122 932 suo
2143 896 2180 932 in
2202 897 2380 934 saeculum

1393 955 1589 1004 dirigetur.

1449 1015 1532 1050 106.
1555 1013 1725 1051 Evadunt
1745 1015 1854 1051 etiam
1877 1014 2039 1062 virgines
2065 1014 2200 1051 Christi
2223 1014 2381 1052 maledi-

1346 1071 1373 1104 B
1394 1074 1555 1110 ctionem
1583 1073 1782 1110 secundam
1805 1077 1891 1110 Evae
1914 1074 2041 1110 matris
2069 1082 2225 1119 nostrae,
2246 1082 2284 1110 et
2314 1087 2383 1123 per

1394 1133 1510 1182 ipsam
1535 1133 1703 1169 omnium
1725 1133 1979 1169 maritatarum
1995 1162 2004 1178 ,
2022 1133 2163 1169 scilicet
2188 1133 2289 1182 quod
2311 1132 2382 1170 sub

1393 1192 1462 1228 viri
1477 1193 1642 1228 mortalis
1660 1200 1840 1242 potestate
1854 1206 1928 1228 non
1946 1200 2034 1229 sunt
2051 1193 2160 1228 :etin
2174 1192 2248 1229 hoc
2265 1205 2383 1242 quan-

1394 1259 1470 1287 turn
1488 1251 1629 1288 bonum
1646 1252 1834 1296 invenias,
1853 1260 2033 1301 qnantum
2052 1252 2189 1288 malum
2209 1252 2379 1301 effugias,

1393 1310 1608 1359 diligentius
1637 1312 1793 1347 intuere.
1830 1314 1950 1361 Super
1976 1324 2052 1360 quo
2084 1312 2187 1348 Pauli
2219 1311 2382 1361 apostoli

1393 1370 1614 1405 sententiam
1640 1370 1845 1406 audiamus.
1881 1373 1992 1419 Vll-go
2017 1384 2102 1418 quoe
2123 1375 2276 1419 innupta
2306 1379 2380 1415 est,

1393 1434 1530 1476 cogitat
1551 1442 1636 1475 qtae
1661 1437 1745 1463 sunt
1766 1433 1836 1464 Dei
1847 1458 1857 1474 ,
1885 1438 1920 1464 ut
1944 1435 1992 1465 sit
2014 1440 2142 1465 sancta
2171 1443 2322 1478 corpore
2348 1439 2383 1466 et

1393 1492 1540 1535 spirim.
1565 1489 1662 1534 Qnoe
1675 1497 1796 1523 aulem
1814 1498 1931 1536 impla
1951 1497 2004 1523 est
2014 1517 2024 1532 ,
2048 1494 2185 1536 cogitat
2200 1502 2285 1537 quoe
2298 1499 2386 1525 sunt

1393 1549 1543 1590 nitendi,
1566 1549 1745 1594 quomodo
1766 1549 1918 1595 placeat
1935 1552 2018 1583 viro
2040 1547 2067 1584 ⁴.
2091 1547 2189 1595 Quid
2216 1548 2382 1596 acquiri-

1392 1607 1476 1642 tur?
1492 1605 1672 1642 Evaditur
1689 1607 1826 1642 malum
1843 1619 1919 1643 non
1939 1606 2128 1642 modicum
2142 1635 2151 1652 ,
2168 1606 2383 1643 sollicitudo

1392 1665 1582 1701 mundana
1596 1694 1605 1711 ,
1621 1665 1813 1714 quomodo
1830 1666 1913 1702 viro
1929 1666 2086 1716 placeat,
2104 1669 2294 1713 Quantum
2315 1679 2383 1715 pn-

1392 1733 1446 1761 tas
1461 1725 1594 1762 animis
1612 1725 1856 1774 virginalibus
1877 1725 2090 1762 devotionis
2109 1726 2257 1775 augeri,
2279 1725 2382 1775 qnod

1393 1784 1510 1821 libere
1523 1812 1532 1829 ‚
1553 1784 1705 1833 quando
1726 1785 1859 1821 volunt
1876 1793 1913 1821 et
1932 1784 2084 1834 quando
2102 1784 2262 1830 debent,
2279 1785 2382 1821 nulla

335 1837 632 1882 contristandos,
657 1839 825 1888 ipsorum
848 1840 1033 1876 tristitiam
1056 1841 1221 1879 mulieris
1242 1857 1329 1894 par-
1352 1842 1378 1878 C
1398 1844 1624 1894 impediente
1636 1857 1724 1881 eura
1742 1853 1900 1894 possunt
1914 1843 2147 1881 orationibus
2163 1843 2383 1892 caeterisque

335 1897 508 1933 turientis
543 1898 701 1934 tristitiae
733 1900 853 1935 voluit
884 1913 1124 1949 comparare,
1161 1902 1289 1942 dicens
1317 1921 1325 1943 ε

335 1957 479 1991 ,ῚῙιιΙίυν
493 1969 572 1992 cum
593 1961 717 2005 parit,
740 1963 925 1994 tristitiam
955 1958 1085 2003 habet,
1110 1965 1199 2008 quia
1225 1969 1330 2001 venit

334 2017 424 2051 liora
444 2017 521 2061 ejus
542 2031 553 2050 :
573 2021 626 2052 ita
645 2026 680 2052 et
694 2031 759 2052 vos
775 2031 871 2053 nune
887 2020 1032 2066 quidem
1052 2023 1238 2057 tristitiam
1257 2024 1328 2059 lm-

333 2074 424 2110 betis
446 2081 471 2110 ².
497 2075 675 2112 Similiter
701 2084 737 2112 et
759 2075 890 2113 beatus
910 2077 1047 2113 Paulus
1067 2077 1175 2125 dicit,
1196 2081 1328 2119 volens

335 2133 534 2170 ostendere
552 2133 723 2171 dolorem
745 2149 875 2172 eorum
888 2165 896 2181 ,
916 2136 979 2185 qui
998 2136 1034 2172 in
1053 2139 1210 2175 extremi
1224 2139 1328 2188 judi-

335 2194 382 2230 cii
407 2194 466 2230 die
494 2194 667 2243 imparati
693 2195 956 2241 invenientur,
982 2197 1032 2233 ait
1055 2212 1062 2233 :
1094 2198 1183 2238 Cum
1204 2210 1327 2237 autem

335 2256 514 2297 dixerint,
538 2256 625 2290 Pac
645 2263 679 2289 et
701 2260 894 2299 securitas,
922 2265 1007 2291 tunc
1035 2263 1248 2305 repentinus
1265 2274 1328 2297 su-

332 2317 522 2361 perveniet
540 2317 591 2348 eis
613 2317 799 2358 interitus,
822 2321 918 2351 sicut
936 2319 1042 2352 dolor
1072 2322 1110 2352 ιή
1132 2328 1231 2354 utero
1252 2321 1325 2355 lta-

334 2372 443 2418 ὸοηιί,
463 2381 498 2406 et
515 2386 587 2407 ηοιι
603 2371 779 2421 effigient
800 2372 825 2408 ³.
846 2375 988 2423 Stepius
1008 2389 1160 2424 quoque
1177 2377 1212 2413 in
1232 2382 1326 2415 Pro-

335 2431 458 2481 phetis
485 2439 521 2467 et
554 2431 590 2467 in
620 2433 701 2468 aliis
729 2432 930 2482 Scripturis
959 2434 1005 2470 de
1043 2435 1155 2483 hujus
1185 2436 1326 2474 doloris

337 2490 595 2539 magnitudine
623 2492 868 2528 inveniuntur
902 2494 1018 2529 multa
1048 2496 1231 2544 exempla.
1253 2498 1325 2534 Sed

337 2551 425 2600 qnia
450 2550 620 2585 vivorum
644 2550 752 2599 plura
770 2560 976 2600 suppetunt
995 2553 1220 2599 testimonia,
1241 2569 1324 2605 quae

1394 1903 1649 1954 spiritualibus
1668 1904 1854 1940 exercitiis
1870 1905 2030 1940 vacare?
2058 1906 2223 1951 Quantas
2242 1901 2384 1938 habent

1394 1962 1622 2012 conjugatae,
1647 1963 1828 2012 religiosae
1855 1971 1893 1999 et
1923 1966 2003 1999 Deo
2032 1975 2166 1999 vacare
2186 1961 2382 2007 volentes,

1393 2023 1601 2069 molestias;
1617 2036 1699 2059 cum
1718 2036 1738 2059 a
1754 2022 1917 2072 propriis
1933 2022 2023 2059 viris
2036 2050 2045 2066 ,
2065 2021 2203 2071 quibus
2225 2033 2287 2058 eas
2304 2033 2384 2056 esse

1393 2081 1578 2131 subjectas
1604 2091 1772 2132 oportet,
1798 2082 2071 2132 prohibentur?
2093 2084 2157 2118 Est
2185 2081 2285 2117 enim
2311 2080 2384 2116 hoc

1395 2153 1569 2191 magnum
1588 2154 1686 2179 onus
1705 2140 1894 2190 conjugii,
1912 2154 1996 2178 cum
2019 2140 2194 2177 mulieres
2214 2139 2304 2176 viris
2325 2147 2384 2175 ta-

1393 2200 1491 2237 libus
1521 2202 1769 2250 copulantur,
1787 2201 1851 2250 qni
1877 2214 1897 2237 a
1918 2199 2028 2236 bonis
2053 2212 2180 2236 earum
2214 2197 2384 2235 moribus

1393 2269 1429 2297 et
1449 2259 1548 2296 bona
1570 2261 1854 2297 conversatione
1875 2260 2103 2296 discordent.
2125 2262 2291 2307 Quantas
2317 2271 2384 2306 pu·

1394 2327 1447 2355 tas
1480 2333 1559 2356 esse
1583 2319 1822 2368 conjugatas,
1845 2331 1928 2368 quae
1952 2318 2145 2367 suppliciis
2163 2317 2234 2353 hoc
2258 2328 2383 2352 emere

1395 2379 1557 2423 vellent,
1579 2378 1682 2427 quod
1713 2392 1734 2414 a
1767 2378 1949 2414 malorum
1988 2384 2172 2426 potestate
2196 2374 2382 2419 liberatae,

1392 2438 1551 2475 liberum
1583 2439 1746 2475 Domino
1769 2446 1923 2488 possent
1950 2437 2142 2473 servitium
2179 2435 2382 2473 exhibere?

1393 2497 1532 2534 Felices
1548 2511 1637 2547 ergo
1652 2498 1834 2547 virgines,
1853 2510 1937 2546 qnae
1954 2508 2133 2546 sponsum
2152 2507 2260 2532 suum
2277 2493 2383 2532 Chri-

1391 2565 1488 2593 stum
1515 2557 1761 2606 accipientes,
1780 2557 1832 2593 illi
1847 2570 1885 2593 se
1903 2557 1970 2592 soli
1989 2554 2254 2604 subjecerunt,
2274 2553 2382 2602 cujus

335 2609 429 2646 illud
449 2609 494 2644 ad
516 2609 785 2657 experientiam
818 2621 1097 2659 cognoverunt,
1119 2614 1268 2651 videtur
1285 2616 1320 2651 in
1341 2616 1519 2666 Djngum
1541 2630 1654 2654 suave
1679 2626 1733 2654 est
1758 2626 1794 2653 et
1823 2630 1918 2653 onus
1947 2617 2049 2660 leve3
2072 2615 2181 2663 eique
2207 2613 2276 2650 soli
2305 2621 2382 2650 tota

335 2669 391 2705 his
413 2681 486 2704 non
509 2667 646 2703 diutius
667 2669 958 2706 immorandum.
976 2671 1047 2707 Sed
1069 2671 1192 2709 felices
1209 2674 1325 2724 virgi-

334 2740 400 2764 nes
413 2756 422 2771 ,
439 2735 474 2762 et
490 2740 576 2762 vere
600 2727 821 2775 prudentes,
840 2741 923 2777 quae
943 2730 1054 2765 etiam
1070 2740 1205 2779 praeter
1222 2747 1326 2769 com-

335 2787 448 2824 moda
461 2787 677 2836 temporalia
689 2787 724 2823 in
736 2788 866 2837 spiritu
882 2789 1324 2840 Dominojungivicinius

335 2848 549 2895 elegerunt,
567 2847 778 2895 spirituales
806 2848 921 2892 setus,
944 2848 979 2884 id
998 2858 1053 2886 est
1070 2849 1169 2887 bona
1189 2865 1322 2902 opera,

336 2908 455 2943 multo
483 2907 636 2951 melius,
659 2906 812 2943 uberius
845 2917 881 2944 et
917 2910 1082 2946 securius
1120 2911 1322 2949 immortali

334 2979 473 3016 sponso
491 2979 558 3001 sno
584 2970 670 3002 Jesu
691 2980 766 3002 non
794 2968 947 3017 singulis
967 2982 1153 3006 annorum
1176 2973 1322 3022 spatiis,

335 3025 398 3062 sed
421 3024 551 3060 diebus
573 3025 725 3073 singulis
747 3036 1011 3074 procreantes:
1033 3038 1200 3066 amantes
1217 3044 1322 3077 eum,

335 3086 371 3121 in
393 3083 500 3132 cujus
521 3084 722 3120 thalamum
754 3086 1000 3122 castissimum
1028 3087 1123 3124 duce
1143 3089 1323 3138 pudicitia

335 3144 584 3188 intraverunt,
609 3144 665 3179 vel
685 3157 795 3192 quein
820 3146 945 3194 potius
968 3147 1002 3182 in
1025 3148 1080 3183 sui
1099 3148 1222 3184 cordis
1241 3149 1322 3186 tha-

333 3203 473 3238 lamum
505 3197 751 3252 receperunt,
783 3203 863 3252 ejus
884 3218 1012 3241 vocem
1043 3207 1255 3255 organicam
1285 3208 1322 3244 in

380 3334 385 3346 ¹
409 3329 487 3356 (Len.
511 3338 569 3364 ιιι,
593 3329 652 3365 1ἰ,
679 3331 881 3365 15,1s·,19.
905 3348 922 3351 --
966 3333 1183 3369 ²J0a11.xvr,
1206 3335 1260 3371 21,
1283 3337 1324 3364 522

1391 2685 1428 2713 et
1457 2677 1598 2725 integra
1621 2685 1745 2713 mente
1774 2677 1921 2726 placere
1946 2674 2178 2718 desiderant,
2201 2672 2266 2722 qui
2293 2683 2383 2708 sane

1391 2744 1445 2771 est
1476 2736 1664 2784 speciosus
1691 2736 1808 2772 forma
1838 2749 1913 2785 prae
1937 2735 2020 2771 filiis
2054 2733 2269 2776 hominum,
2304 2744 2380 2768 non

1391 2794 1602 2832 dividentes
1622 2803 1784 2832 mentem
1815 2808 1917 2831 suam
1934 2822 1943 2839 ,
1969 2794 2021 2830 ita
2046 2801 2088 2829 ut
2115 2804 2183 2828 nee
2204 2803 2249 2827 ex
2275 2798 2381 2840 parte

1390 2855 1564 2903 cupiant,
1587 2863 1622 2890 et
1649 2855 1814 2891 sollicita:
1845 2854 1918 2890 sint
1939 2854 2085 2903 placere
2116 2855 2219 2896 Deo,
2246 2863 2315 2886 nec
2334 2862 2381 2886 ex

1389 2922 1494 2962 parte
1512 2914 1658 2963 placere
1675 2914 1754 2950 viro
1770 2929 1777 2950 :
1797 2913 1861 2949 sed
1876 2926 1914 2950 se
1932 2921 2026 2949 totas
2041 2912 2203 2961 integras
2218 2909 2382 2946 reddunt

1389 2973 1440 3009 illi
1459 2987 1477 3009 a
1493 2986 1569 3021 quo
1586 2981 1811 3022 acceperunt
1827 2981 1867 3008 ut
1882 2980 2004 3008 essent
2017 3000 2026 3016 ,
2050 2980 2085 3007 et
2102 2976 2324 3018 receperunt
2341 2976 2381 3004 ut

1388 3031 1484 3068 bene
1505 3040 1650 3076 essent3
1675 3033 1795 3082 ipsum
1825 3043 1979 3068 munere
2002 3038 2179 3079 prrcterea
2199 3039 2379 3076 sponsum

1389 3105 1495 3127 suum
1509 3091 1670 3141 gratuito
1686 3099 1925 3140 acceperunt.
1941 3089 2039 3137 Quid
2058 3087 2198 3138 poteris
2213 3086 2380 3135 largitori

1390 3159 1454 3187 tuo
1472 3150 1583 3199 digne
1609 3150 1844 3200 rependere?
1872 3149 1981 3186 Dedit
2007 3156 2040 3184 te
2059 3147 2124 3183 tibi
2139 3175 2148 3191 ,
2171 3145 2323 3195 quando
2345 3153 2379 3181 te

1389 3210 1550 3256 creavit,
1568 3217 1609 3245 ut
1637 3221 1734 3246 esses
1752 3223 1759 3244 :
1779 3207 1943 3244 reddidit
1971 3215 2006 3243 te
2027 3205 2114 3251 tibi,
2136 3217 2220 3242 cum
2255 3216 2378 3240 recre-

1362 3353 1397 3357 -
1414 3331 1428 3355 3
1445 3337 1457 3365 1
1473 3334 1578 3366 Thess.
1598 3347 1629 3371 v,
1648 3337 1678 3365 3.
1696 3353 1736 3357 -—
1754 3334 1767 3360 ⁴⁷
1782 3337 1795 3365 1
1810 3335 1881 3365 (Tor.
1901 3343 1933 3370 x,
1949 3335 2001 3364 34.
