2418 3949
676 256 1778 397 MEDITATIO

280 558 361 626 IN
410 555 878 627 PASSIONEM
925 559 1026 625 ET
1082 557 1831 627 RESURRECTIONEM
1877 559 2189 627 DOMINI.

256 952 407 991 Prodiit
428 954 468 991 in
495 954 615 1004 priori
635 953 804 992 editione
831 968 877 993 ex
896 954 1024 993 codice
1045 954 1188 993 eruditi
1207 956 1280 994 viri
1301 955 1480 994 Leonorii
1496 957 1595 1009 Foy,
1614 958 1772 1009 insignis
1790 957 1954 995 ecelesiae
1976 957 2253 995 Bellovacensis

203 1019 395 1066 canonici,
420 1019 460 1056 in
483 1033 563 1070 quo
590 1020 689 1057 sicut
717 1028 756 1057 et
782 1021 824 1057 in
850 1019 1054 1059 Victorino
1084 1019 1292 1059 Parisiensi
1322 1029 1522 1059 auctorem
1552 1021 1710 1072 praefert
1739 1021 1774 1059 S.
1809 1021 2066 1059 Bernardum.
2091 1020 2252 1059 Carolus

204 1081 329 1132 Sacci,
359 1083 502 1122 Doctor
529 1083 755 1123 Parisiensis
790 1084 930 1122 saeculo
962 1084 1113 1124 decimo
1143 1087 1305 1136 quinto,
1335 1086 1532 1125 Bernardo
1563 1087 1703 1126 tribuit
1739 1086 1889 1125 librum
1922 1086 1970 1124 de
2001 1086 2181 1124 passione
2214 1094 2252 1123 et

202 1147 498 1188 Resurrectione
515 1149 696 1198 Domini,
718 1151 788 1201 qui
807 1163 886 1188 non
913 1149 1012 1189 alius
1031 1151 1080 1189 ab
1095 1152 1169 1190 isto
1188 1150 1345 1190 videtur
1364 1165 1457 1190 esse.
1481 1151 1721 1203 Quanquam
1741 1151 1847 1189 hunc
1870 1165 1948 1189 non
1967 1164 2046 1190 esse
2065 1149 2250 1188 Ber-nardi

203 1214 293 1252 satis
311 1216 460 1266 arguit,
482 1224 621 1267 praeter
639 1214 738 1265 alia,
761 1215 837 1255 stili
857 1214 1148 1254 dissimilitudo.

577 1559 752 1598 CAPUT
783 1560 814 1597 1.

306 1683 352 1712 De
372 1680 486 1714 Christi
502 1681 646 1723 ingressu·
657 1681 837 1723 triumphali
853 1680 883 1712 in
901 1681 1085 1713 Jerusalem.

257 1793 287 1829 l.
309 1796 398 1830 Noli
415 1794 554 1838 timere,
557 1793 648 1839 filia
669 1794 758 1829 Sion
778 1806 788 1827 :
809 1806 890 1829 ecce
903 1795 986 1829 Rex
998 1802 1076 1829 tuus
1093 1797 1197 1830 venit

197 1851 266 1888 tibi
300 1861 533 1895 mansuetus,
568 1861 604 1887 et
631 1853 762 1887 sedens
780 1865 892 1900 super
907 1855 1054 1901 pullum
1063 1854 1194 1899 filium

199 1911 403 1960 subjugalis
416 1918 439 1947 ¹.
451 1911 558 1957 Veni,
571 1911 732 1948 Domine
747 1914 850 1957 Jcsu,
867 1913 968 1957 veni,
981 1911 1189 1948 desiderate

197 1972 341 2007 cunetis
366 1970 560 2019 gentibus,
591 1971 678 2020 quia
704 1971 923 2008 dormitavit
950 1972 1074 2008 anima
1108 1984 1191 2007 mea

196 2043 274 2079 prae
296 2030 406 2066 taedio
427 2030 560 2066 mortis
583 2039 675 2075 tuae,
692 2039 730 2066 et
749 2031 847 2066 oculi
870 2031 942 2067 mci
962 2031 1190 2079 languerunt

196 2101 274 2138 prae
294 2089 423 2138 inopia
441 2089 593 2124 luminis
618 2089 682 2125 tui.
704 2092 839 2133 Orere,
860 2090 914 2125 sol
936 2088 1123 2135 amabilis,
1148 2097 1190 2124 ut

195 2156 303 2183 exeat
321 2147 437 2183 homo
458 2148 504 2183 ad
527 2160 624 2197 opus
645 2161 777 2193 suum,
801 2157 837 2184 et
860 2148 906 2184 ad
927 2149 1188 2198 operationem

195 2219 300 2243 suam
320 2219 440 2256 usque
460 2207 506 2243 ad
528 2220 723 2257 vesperam
738 2237 747 2253 ‚
768 2216 806 2244 et
835 2217 1016 2257 operetur
1036 2221 1112 2244 non
1136 2208 1189 2244 ci-

196 2265 286 2302 bum
307 2267 372 2315 qui
392 2267 501 2316 perit,
522 2267 587 2303 sed
604 2268 669 2316 qui
686 2276 883 2316 permanet
898 2268 936 2303 in
954 2268 1069 2303 vitam
1084 2275 1189 2304 aeter-

195 2338 295 2362 nam.
315 2327 401 2361 Noli
412 2328 653 2373 timere‚fili{1
672 2328 775 2364 Sion.
796 2328 943 2363 Timere
961 2327 1185 2376 pusillorum

1240 1553 1244 1569 ¹
1260 1553 1406 1603 pullum
1423 1553 1538 1589 filium
1554 1551 1771 1601 subjugalis.
1794 1554 1838 1587 Et
1853 1563 1936 1599 quae
1955 1559 2010 1587 est
2027 1550 2104 1587 liaec
2121 1552 2223 1588 asina
2238 1554 2251 1588 9

1217 1615 1347 1662 AIpsa
1365 1626 1448 1662 quae
1474 1625 1562 1649 earo
1587 1620 1761 1657 vocatur,
1790 1620 1827 1647 et
1854 1611 1988 1647 mulier
2004 1639 2012 1655 ,
2036 1619 2072 1646 et
2099 1611 2250 1661 virago,

1261 1674 1349 1722 quia
1366 1673 1411 1709 de
1426 1673 1508 1709 viro
1525 1680 1674 1721 sumpta
1688 1680 1753 1708 est.
1773 1675 1818 1708 Et
1832 1671 1916 1720 quis
1932 1678 1986 1706 est
2004 1671 2128 1719 pullus
2146 1671 2253 1719 ejus?

1261 1734 1447 1770 Masculus
1461 1734 1529 1769 vir.
1551 1736 1597 1769 Et
1612 1731 1806 1781 quomodo
1825 1731 1951 1780 pullus
1972 1729 2053 1778 ejus
2069 1733 2146 1765 est?
2161 1731 2255 1777 Quia

1261 1804 1338 1828 non
1354 1792 1459 1841 prius
1473 1791 1577 1840 quod
1593 1789 1799 1840 spirituale,
1814 1788 1878 1824 sed
1893 1788 1994 1837 quod
2009 1789 2168 1825 animale
2182 1797 2256 1834 est;

1261 1850 1398 1887 deinde
1428 1850 1465 1886 id
1499 1849 1602 1899 quod
1636 1848 1866 1898 spirituale2.
1901 1846 2011 1883 Sedet
2039 1847 2143 1895 prius
2175 1850 2253 1883 Rex

1262 1918 1479 1947 mansuetus
1500 1922 1613 1958 super
1629 1909 1790 1951 asinam,
1810 1914 1941 1955 postea
1960 1919 2073 1954 super
2090 1907 2246 1954 pullum.

1256 1971 1363 2008 Prius
1383 1984 1470 2007 caro
1489 1969 1685 2013 domatur,
1708 1958 1856 2015 ut'jugo
1877 1965 2012 2002 habilis
2027 1967 2073 2002 sit
2091 1981 2098 2002 :
2116 1967 2252 2003 deinde

1256 2031 1423 2067 nascitur
1449 2029 1595 2079 pullus,
1622 2037 1659 2064 et
1688 2026 1871 2070 nutritur,
1899 2034 1935 2062 et
1964 2024 2183 2071 roboratur,
2212 2034 2253 2061 ut

1256 2103 1439 2128 sessorem
1468 2102 1577 2126 suum
1605 2096 1760 2138 portare
1782 2087 1913 2136 possit.
1940 2089 1986 2121 Et
2011 2098 2126 2133 quare
2155 2086 2252 2122 filius

1256 2149 1488 2199 subjugalis?
1505 2148 1600 2195 Quia
1616 2146 1685 2183 sul)
1702 2147 1784 2184 viro
1800 2154 1855 2182 est
1870 2145 2018 2188 mulier,
2033 2153 2067 2180 et
2084 2145 2251 2181 mulieris

1257 2217 1370 2260 caput
1387 2217 1442 2245 cst
1457 2209 1526 2245 vir.
1543 2211 1589 2244 Et
1605 2215 1729 2243 tamen
1746 2214 1801 2241 est
1819 2205 1915 2240 lilius
1932 2203 2150 2251 subjugalis,
2162 2205 2250 2252 quia

1255 2281 1323 2319 per
1344 2268 1540 2304 mulierem
1561 2267 1638 2311 vir,
1659 2265 1724 2301 sed
1753 2265 1791 2300 in
1813 2264 1944 2299 dolore
1966 2264 2095 2312 pariet.
2118 2264 2252 2299 Sedent

1255 2341 1370 2377 super
1389 2336 1595 2375 utrumque
1612 2328 1694 2361 Rex
1710 2332 1937 2367 mansuetus,
1954 2323 2090 2358 faciens
2105 2336 2251 2371 pacem,

196 2393 263 2421 est.
281 2384 373 2421 Ideo
401 2385 523 2421 adhuc
543 2386 618 2422 filia
632 2414 641 2430 ‚
670 2386 758 2434 quia
781 2386 906 2432 times;
928 2386 965 2422 id
987 2394 1063 2431 est,
1092 2399 1191 2423 non-
1212 2386 1239 2419 B
1255 2400 1302 2423 ne
1319 2387 1398 2422 haec
1423 2385 1492 2423 sibi
1512 2385 1672 2421 invicem
1694 2383 1955 2420 adversentur.

196 2443 285 2481 dum
300 2445 505 2481 Jerusalem
520 2473 529 2491 ,
546 2444 610 2481 sed
631 2445 706 2481 lilia
726 2445 813 2482 Sion
825 2474 835 2491 ,
852 2445 889 2481 id
910 2454 988 2491 est,
1009 2446 1186 2495 speculae.

197 2507 296 2553 Ergo
316 2505 416 2542 disce
447 2506 645 2555 speculari.
676 2508 765 2543 Noli
793 2511 944 2551 timere,
967 2507 1056 2555 quia
1077 2507 1190 2543 timor

197 2565 347 2601 oculum
376 2564 512 2601 turbat.
538 2566 677 2602 Hilaris
706 2567 850 2616 pupilla
871 2566 993 2603 lucide
1017 2567 1187 2616 specula-

198 2631 269 2659 tur.
287 2624 395 2661 Fides
426 2625 569 2675 pupilla
597 2634 652 2661 est
680 2627 777 2662 oculi
800 2627 864 2662 tui.
892 2626 1094 2674 Quomodo
1114 2640 1188 2676 pu—

196 2683 285 2732 pilla
305 2684 404 2720 oculi
436 2684 675 2722 subtilissima
702 2694 781 2729 est,
805 2694 842 2722 et
868 2686 939 2722 nisi
963 2686 1123 2736 impigre
1146 2700 1188 2722 ac

197 2743 353 2779 sollicite
384 2743 618 2780 custodiatur
647 2758 666 2780 a
699 2744 911 2794 palpebris,
938 2745 1116 2781 levissimi
1147 2759 1189 2782 ac

197 2803 403 2839 tenuissimi
426 2803 591 2852 pulveris
613 2812 711 2841 tactu
728 2804 975 2840 confunditur
995 2818 1002 2839 ι
1023 2804 1074 2840 sic
1092 2804 1189 2841 acies

199 2861 297 2906 fidei,
319 2861 385 2897 nisi
402 2862 620 2911 pervigilem
642 2875 791 2912 semper
811 2862 946 2899 lrabeat
965 2861 1188 2909 custodiam,

198 2920 288 2956 nihil
312 2921 420 2957 citius
448 2920 706 2958 conturbatur.
735 2922 806 2958 Sed
835 2925 912 2958 noli
931 2927 1080 2966 timere,
1097 2923 1188 2968 filia

199 2981 286 3015 Sion
306 2993 316 3013 .·
337 2994 417 3015 ecee
437 2982 518 3016 Rex
543 2989 625 3016 tuus
646 2987 753 3017 venit
771 2981 850 3018 tibi.
876 2982 1005 3019 Oritur
1026 2981 1090 3017 tibi
1113 2982 1187 3027 sol,

198 3039 262 3088 qui
284 3047 318 3075 te
341 3047 378 3075 et
401 3040 587 3076 custodiat
606 3049 643 3076 et
663 3041 865 3087 illuminet,
891 3050 928 3077 et
952 3041 1135 3090 perducat
1155 3049 1189 3077 te

199 3098 262 3134 ubi
280 3100 403 3148 pulvis
422 3112 496 3135 non
517 3109 583 3136 est.
606 3104 711 3136 l'em't
726 3101 793 3137 libi
814 3111 1040 3137 nmnmems.
1061 3101 1189 3148 Qualis

1310 2446 1345 2482 2.
1370 2445 1481 2483 Venit
1497 2443 1578 2489 tibi,
1598 2451 1635 2479 et
1656 2451 1695 2479 tu
1712 2455 1788 2479 non
1806 2441 1912 2478 vadis
1931 2441 1979 2477 ei.
2000 2439 2186 2489 Egredere
2205 2441 2250 2476 (10

1257 2514 1355 2543 terra
1371 2505 1495 2541 carnis
1513 2512 1599 2548 tuae,
1616 2511 1651 2538 et
1677 2502 1723 2538 dc
1750 2501 1971 2549 cognatione
1996 2499 2131 2535 mentis
2160 2508 2246 2543 tuse,

1255 2565 1355 2602 etde
1376 2564 1508 2609 domo,
1536 2562 1573 2598 id
1593 2570 1650 2599 est
1675 2560 1877 2604 memoria,
1908 2559 2023 2608 patris
2055 2559 2119 2593 tui.
2144 2562 2251 2594 Pater

1257 2633 1343 2661 tuus
1362 2623 1627 2667 Amorrhaeus,
1647 2630 1684 2657 et
1709 2629 1827 2656 mater
1859 2628 1919 2655 tua
1940 2618 2098 2655 (lcthaea.
2130 2618 2248 2666 Hujus

1255 2684 1371 2734 patris
1391 2682 1612 2719 obliviscere
1626 2709 1635 2725 ,
1657 2688 1692 2715 et
1711 2688 1800 2715 tunc
1817 2678 2055 2726 concupiscet
2079 2680 2156 2712 Rex
2180 2678 2248 2713 ‹le-

1254 2755 1380 2779 corem
1413 2750 1531 2777 tuum.
1559 2743 1684 2776 Decor
1714 2750 1870 2785 magnus
1896 2744 1968 2781 est,
2002 2736 2030 2771 si
2060 2735 2182 2779 anilis,
2213 2746 2248 2772 et

1254 2802 1374 2845 vides,
1399 2809 1435 2836 et
1458 2800 1614 2835 inclinas
1636 2810 1766 2834 aurem
1788 2805 1900 2832 tuam.
1927 2794 2043 2831 Audis
2066 2808 2134 2843 per
2157 2794 2246 2831 (ὼρ-

1256 2861 1433 2898 dientiam
1446 2887 1455 2904 ,
1475 2858 1579 2894 vides
1598 2870 1665 2906 per
1682 2856 1986 2903 intelligentiam,
2006 2854 2162 2889 inclinas
2181 2869 2248 2890 au-

1257 2934 1336 2958 rem
1368 2929 1466 2955 tuam
1505 2931 1572 2967 per
1605 2916 1866 2952 humilitatem.
1900 2915 1964 2950 llic
2003 2913 2134 2957 decor,
2170 2914 2247 2950 liare

1256 2980 1378 3016 omnis
1405 2977 1522 3027 gloria
1552 2976 1598 3012 ab
1624 2976 1724 3011 intus
1752 2983 1807 3011 est
1833 2975 1868 3010 in
1900 2973 2055 3009 limbriis
2082 2974 2246 3018 aureis-³,

1256 3041 1355 3076 hunc
1368 3039 1540 3073 decorem
1558 3044 1661 3071 tuuni
1676 3039 1754 3071 Rex
1769 3042 1986 3070 mansuetus
2001 3034 2244 3081 mmcupiseit.

1256 3097 1443 3146 Egredere
1474 3108 1563 3143 ergo
1592 3094 1638 3129 ‹le
1666 3094 1945 3140 civitate;q{1i‹1
1974 3094 2071 3134 vidi,
2102 3092 2219 3139 inquit
2237 3120 2244 3131 ,

199 3157 277 3206 lpse
301 3166 369 3203 cst,
398 3158 506 3194 11110111
528 3167 562 3195 te
587 3173 667 3196 esse
694 3161 787 3197 vult.
811 3165 1028 3197 Mansuesce
1055 3159 1190 3208 jugum
1209 3159 1236 3192 G
1257 3161 1488 3204 iniquitatem
1526 3164 1561 3189 rt
1612 3155 1941 3189 contra‹uersam-m
1983 3156 2020 3186 in
2063 3155 2208 3185 civitam·
2226 3159 2245 3185 ¹.

199 3216 279 3266 ejus
293 3226 457 3266 portare,
474 3227 515 3255 ut
531 3220 659 3256 sedeat
675 3233 788 3269 super
804 3229 838 3256 te
857 3220 997 3256 asinam
1017 3232 1137 3263 suam,
1157 3227 1189 3254 et

252 3349 257 3362 ¹
279 3346 455 3377 .Ιι»;111.κ11,
479 3349 529 3376 ti».
610 3349 804 3383 ²1(30r.x=,
829 3349 875 3376 ¹111.

968 3345 1412 3382 11)»·,11.,κ1.11,11,1’),,1’1,
1444 3364 1455 3369 ·

1260 3217 1446 3267 Egrcdere
1474 3229 1557 3251 eum
1585 3215 1713 3264 pueris
1744 3213 1934 3257 Helua-is,
1963 3211 2026 3260 qui
2057 3220 2246 3247 transeunt

1495 3343 1687 3374 ·1Ι“,κ·11111.11’,
1714 3346 1762 3371 w*
