2418 3949
201 215 297 251 1153

195 289 306 336 bulo,
337 290 553 327 tentationis
582 289 758 326 indicium

193 417 307 445 ctum.
326 412 368 446 In
389 409 512 458 primo
531 407 714 458 prodigus
732 407 829 444 filius
847 408 942 444 fame
962 407 1178 453 tabescens,

193 467 241 503 ad
264 467 418 504 domum
440 467 546 517 panis
570 467 772 503 invitatur*
788 481 798 512 ;
814 465 878 502 ubi
902 479 979 502 non
1005 466 1182 514 similagi-

193 540 305 573 neus,
332 527 398 564 sed
420 527 691 564 subcinericius
719 527 924 571 invenitur,
956 535 994 563 ut
1021 527 1181 563 cinerem

192 599 278 622 eum
309 598 406 635 pane
434 585 654 631 manducet,
676 593 810 634 potum
840 598 949 621 suum
975 598 1059 621 cum
1091 586 1181 621 fletu

193 650 413 695 temperet2.
439 648 505 681 Est
522 645 623 682 enim
643 645 750 694 panis
769 644 1023 694 similagineus
1042 657 1179 693 purus,

193 704 375 749 mundus,
402 704 482 740 sine
509 704 652 749 cinere,
674 704 752 740 sine
782 703 991 749 fermento,
1003 703 1083 740 sine
1109 716 1179 753 pa-

192 763 260 800 leis
277 778 285 800 :
302 766 347 798 In
360 768 545 811 principio
560 771 643 798 erat
664 762 844 806 Verbum,
869 772 905 797 et
932 762 1085 798 Verbum
1102 771 1184 798 erat

189 824 295 870 apud
309 825 430 858 Deum
441 850 452 866 ,
475 830 512 857 et
530 825 630 857 Deus
650 830 730 856 erat
753 820 908 856 Verbum
921 821 948 856 3.

247 881 307 917 12.
334 879 406 918 Sed
429 880 476 916 ad
498 880 576 916 haec
597 880 680 929 quis
703 879 886 916 idoneus?
903 880 1013 917 Panis
1032 889 1087 917 est
1105 884 1181 918 An-

189 939 357 988 gelorum
386 953 394 975 :
425 952 588 988 quorum
623 940 789 988 palatum
827 939 875 976 ad
911 948 1060 988 gustum
1095 953 1179 976 uvae

187 997 332 1034 acerbae
355 1011 432 1034 non
456 997 674 1048 obstupuit,
697 998 780 1035 ideo
807 1000 938 1048 plene,
959 1008 997 1036 et
1017 999 1179 1049 perfecte

187 1065 361 1105 gustant,
390 1065 427 1093 et
451 1057 582 1093 vident
609 1058 788 1106 quoniam
817 1057 938 1095 dulcis
966 1066 1022 1095 est
1044 1058 1178 1094 Domi-
1198 1054 1226 1088 Β

187 1128 271 1153 nus.
291 1116 364 1153 Sed
381 1125 421 1152 ut
437 1129 571 1166 panem
588 1116 819 1165 Angelorum
842 1116 1085 1153 manducaret
1106 1116 1180 1153 ho-

188 1187 270 1221 mo,
303 1176 485 1224 susceptis
517 1175 633 1225 paleis
660 1183 798 1212 nostrae
825 1176 1079 1225 paupertatis,
1097 1189 1179 1213 sus-

187 1234 305 1283 ceptis
329 1234 520 1272 cineribus
547 1243 686 1271 nostrae
715 1234 973 1279 mortalitatis,
1001 1244 1178 1284 suscepto

185 1292 371 1329 fermento
394 1301 531 1329 nostrae
555 1293 802 1340 infirmitatis,
822 1294 927 1343 panis
947 1294 1177 1343 Angelorum

185 1352 302 1389 factus
329 1361 386 1390 est
416 1353 551 1399 homo,
573 1366 731 1404 magnus
757 1354 875 1390 factus
898 1362 954 1390 est
973 1355 1174 1403 parvulus3

184 1410 308 1458 dives,
337 1413 592 1462 pauperculus
623 1427 631 1448 ε
662 1421 704 1448 ut
731 1420 771 1448 tu
803 1425 960 1460 magnus
989 1413 1026 1448 in
1060 1413 1178 1449 oculis

184 1471 278 1517 tuis,
295 1471 503 1508 humilitate
523 1473 588 1508 fias
606 1472 805 1521 parvulus3
826 1471 930 1508 dives
947 1471 1153 1521 cupiditate
1165 1501 1174 1518 ,

185 1530 402 1567 facultatum
419 1530 630 1580 abjectione
646 1532 711 1567 fias
726 1531 1000 1581 pauperculus;
1020 1544 1089 1568 nec
1111 1531 1175 1568 ubi

183 1589 430 1638 spiritualiter
446 1590 624 1635 nasceris,
642 1590 766 1626 locum
789 1588 926 1626 habeas
947 1590 983 1625 in
1007 1589 1178 1627 diverso-

185 1649 260 1695 rio,
288 1649 378 1685 dum
407 1662 483 1686 non
511 1659 583 1686 tuae
606 1649 817 1694 voluntati,
835 1657 900 1685 tuo
925 1650 1073 1695 sensui,
1105 1658 1178 1686 tuae

184 1708 366 1753 scientiae,
393 1716 466 1745 tuae
489 1708 706 1754 industriae,
727 1707 791 1745 sed
815 1708 938 1744 alieno
958 1707 1103 1756 judicio
1123 1709 1177 1744 in-

183 1766 327 1803 niteris.
357 1770 462 1804 Tunc
480 1768 645 1804 cinerem
673 1780 758 1803 cum
783 1780 881 1816 pane
906 1767 1173 1814 manducabis,

964 216 1027 249 DE
1054 215 1167 250 JESU
1198 214 1395 249 DUODEN
1403 216 1462 249 31.

795 303 802 324 τ
833 289 1005 326 educatio
1035 289 1114 339 ejus
1143 290 1179 325 in
1192 288 1236 306 ³⁸¹
1252 290 1530 326 ascendendum
1548 300 1602 327 est
1617 292 1888 340 Jerosolymam
1902 322 1911 338 ‚
1932 293 1998 329 sed
2018 293 2130 329 modo
2149 307 2236 329 con—

193 349 398 394 Nazareth,
418 357 585 386 nostrum
613 349 799 398 exprimat
824 349 860 384 in
888 349 1026 386 virtute
1049 349 1179 398 profe—
1196 351 1226 384 A

2138 217 2230 251 1154

1245 361 1339 397 gruo
1352 376 1361 392 ‚
1386 358 1423 385 et
1443 358 1612 399 tempore
1631 359 1861 400 opportuno.

1300 408 1357 444 13.
1387 410 1478 445 Cum
1507 410 1607 445 enim
1640 410 1758 447 factus
1785 420 1881 448 esset
1907 415 2016 449 Jesus
2047 425 2234 449 annorum

1248 465 1446 502 duodecim
1459 496 1468 512 ‚
1485 468 1651 504 ascendit
1665 470 1884 506 Jerusalem.
1903 470 2017 506 Plane
2031 470 2236 507 secundum

1247 525 1346 574 leges
1364 526 1580 575 allegoricas
1592 556 1601 572 ‚
1621 527 1786 564 Christus
1809 528 1854 564 de
1872 530 2052 565 Nazareth
2072 529 2240 566 ascendit

1244 585 1450 620 Jerusalem
1473 599 1480 620 :
1503 587 1655 634 quando
1677 588 1804 623 relicta
1823 591 2040 637 Synagoga‚
2062 589 2237 625 Ecclesiae

1245 642 1422 680 Gentium
1445 645 1679 692 praesentiam
1699 658 1774 682 suae
1797 647 1946 695 pietatis
1962 647 2143 683 exhibuit.
2166 651 2239 684 Me-

1246 701 1318 737 rito
1347 709 1435 737 tunc
1465 702 1678 740 duodennis
1705 713 1803 749 erat,
1822 705 1910 754 quia
1930 706 1994 754 qui
2022 706 2140 754 legem
2161 718 2237 741 non

1244 768 1400 796 venerat
1419 762 1565 798 solvere
1578 791 1587 807 ,
1606 763 1670 799 sed
1690 763 1915 813 adimplere,
1933 764 2127 800 denarium
2146 765 2238 813 legis

1245 817 1393 855 binario
1424 829 1579 856 auxerat
1603 823 1826 870 evangelicae
1856 823 2095 871 perfectionis
2117 838 2124 858 ε
2144 837 2236 860 ver-—

1245 875 1335 912 bum
1351 876 1609 915 abbreviatum
1623 909 1632 925 ,
1646 880 1711 916 sed
1725 894 2004 926 consummans,
2016 891 2051 917 et
2065 896 2238 918 eonsum-

1245 945 1386 972 matum
1412 937 1549 974 faciens
1569 951 1683 987 super
1700 947 1854 985 terram,
1876 949 1913 976 et
1937 944 2073 990 Legem
2093 950 2128 977 et
2148 945 2239 977 Pro·

1246 995 1376 1044 phetas
1391 996 1570 1046 bipartito
1582 998 1772 1035 eharitatis
1785 1008 1976 1048 praecepto
1991 1001 2234 1037 concludens.

1303 1057 1359 1093 14.
1378 1059 1573 1093 Remansit
1587 1058 1714 1106 itaque
1725 1072 1821 1106 [mer
1836 1061 1941 1094 lesus
1956 1064 1992 1094 iu
2008 1063 2215 1096 Jerusalem
2229 1089 2238 1105 ‚

1246 1124 1280 1150 et
1299 1128 1372 1150 non
1399 1126 1644 1164 cognoverunt
1657 1127 1832 1164 parentes
1854 1123 1948 1163 ejus.
1976 1121 2039 1154 Est
2062 1118 2183 1154 adhuc
2202 1120 2238 1155 in

1244 1175 1408 1212 Ecclesia
1443 1175 1609 1212 Christus
1628 1190 1635 1211 :
1651 1184 1687 1212 et
1719 1176 1841 1212 Judaei
1855 1204 1864 1220 ,
1898 1185 2072 1225 parentes
2102 1178 2242 1213 scilieet

1243 1234 1323 1284 ejus
1342 1235 1548 1272 secundum
1570 1248 1720 1272 earnem
1736 1264 1745 1281 ,
1763 1237 1950 1285 ignorant.
1972 1239 2034 1273 Est
2056 1237 2178 1273 adhuc
2201 1239 2239 1274 in

1242 1297 1406 1344 AEgypto
1435 1295 1598 1344 Joseph,
1623 1303 1660 1331 et
1688 1296 1814 1344 lingua
1833 1297 2054 1345 ,Egyptiaea
2082 1309 2158 1332 non
2181 1296 2241 1345 ju—

1243 1354 1347 1390 daica
1367 1354 1505 1391 dicitur
1523 1355 1695 1391 Salvator
1717 1354 1870 1400 mundi,
1888 1364 1925 1391 et
1942 1356 2025 1404 ipso
2052 1357 2240 1393 frumenta

1242 1414 1436 1462 sapientiae
1464 1427 1540 1450 suae
1562 1414 1769 1463 AEgyptiis‚
1790 1414 1827 1450 id
1849 1423 1916 1460 est,
1935 1415 2120 1451 Gentibus
2140 1416 2237 1452 divi—

1242 1472 1373 1518 dente,
1392 1473 1522 1509 fratres
1538 1472 1620 1522 ejus
1633 1474 1733 1509 inter
1748 1473 1980 1511 Chananaeos
1993 1502 2001 1517 ,
2018 1474 2235 1511 immundos

1242 1531 1417 1568 videlicet
1450 1533 1622 1581 spiritus,
1657 1532 1763 1568 verbi
1794 1533 1862 1569 Dei
1901 1533 1996 1569 fame
2030 1532 2238 1570 tabescunt.

1243 1593 1516 1626 Eaei51i111ames
1527 1619 1537 1634 ,
1575 1592 1720 1640 inquit,
1753 1605 1836 1627 eum
1873 1604 1950 1626 esse
1986 1596 2023 1626 in
2057 1598 2238 1629 commata.

1242 1649 1339 1697 Quid
1360 1657 1416 1685 est
1431 1650 1525 1685 hoc?
1543 1650 1696 1695 Adhuc,
1715 1664 1737 1686 O
1752 1650 1871 1687 Judaei
1884 1679 1892 1695 ‚
1913 1651 2100 1687 Christum
2121 1652 2156 1687 in
2178 1665 2239 1688 ve-

1242 1717 1320 1745 stro
1347 1710 1526 1745 comitatu
1551 1710 1799 1758 praesutnitis;
1816 1724 1900 1746 cum
1924 1710 2001 1759 jam
2030 1711 2236 1748 secundum

1241 1768 1440 1804 Jeremiam
1478 1776 1644 1804 vestrum
1659 1796 1668 1812 ,
1700 1769 1894 1818 reliquerit
1924 1769 2079 1805 domum
2112 1784 2236 1813 suam,

180 1825 335 1874 quando
355 1825 494 1863 cibabit
518 1834 553 1863 te
570 1826 753 1863 Dominus
775 1838 873 1875 pane
898 1826 1147 1874 lacrymarum
1161 1855 1170 1871 ,
1193 1827 1220 1863 C
1240 1826 1423 1863 dimiserit
1440 1826 1694 1863 haereditatem
1716 1840 1820 1864 suam
1834 1857 1843 1873 ,
1862 1829 2040 1876 quoniam
2068 1829 2161 1865 facta
2183 1839 2236 1865 est

180 1890 218 1918 et
237 1891 369 1932 potum
391 1883 495 1920 dabit
509 1885 547 1920 in
566 1884 740 1933 lacrymis
761 1884 807 1920 in‘
823 1886 1033 1920 mensura&
1055 1885 1114 1921 Sic
1136 1893 1175 1921 tu

180 1944 342 1979 nasceris
363 1944 401 1980 in
423 1944 592 1989 Christo,
616 1944 668 1980 sic
690 1944 728 1979 in
751 1951 786 1980 te
805 1943 972 1980 nascitur
992 1944 1172 1981 Christus.

179 2001 369 2038 Turbatur
381 2002 571 2049 Herodes,
585 2003 726 2040 scilicet
741 2002 931 2049 diabolus,
947 2003 1050 2052 quod
1064 2017 1172 2040 suum

179 2059 347 2098 Christus
374 2062 511 2099 invasit
541 2062 742 2112 imperium
766 2076 773 2098 ε
795 2075 864 2098 nec
893 2062 1009 2111 aequis
1041 2063 1175 2112 aspicit

178 2120 312 2167 oculis,
342 2134 450 2158 suum
479 2121 712 2158 domicilium
736 2122 774 2157 in
802 2121 938 2159 Christi
967 2121 1171 2171 hospitium

178 2188 463 2218 commutatum.
481 2180 611 2218 Vibrat
632 2180 818 2230 gladium,
837 2180 958 2217 tendit
973 2194 1117 2227 arcum,
1136 2190 1173 2218 et

177 2238 216 2275 in
236 2252 282 2276 eo
306 2249 413 2290 parat
434 2253 520 2277 vasa
543 2241 696 2287 mortis,
717 2250 757 2277 ut
783 2241 931 2290 sagittet
951 2241 986 2277 in
1009 2240 1171 2277 obscuro

178 2306 323 2334 rectum
354 2299 481 2336 corde.
511 2299 724 2336 Inflammat
751 2313 900 2336 carnem
936 2299 1171 2337 naturalibus

176 2356 396 2404 incentivis,
426 2357 553 2395 turbat
588 2367 751 2395 mentem
787 2358 1077 2407 cogitationibus
1102 2372 1167 2395 no-

176 2417 265 2464 xiis,
291 2426 328 2454 et
357 2419 603 2468 parvulorum
629 2419 812 2467 cogitatus
841 2419 958 2467 priori
986 2418 1169 2455 suavitate

174 2476 375 2520 lactentes,
395 2478 614 2514 multiformi
636 2478 843 2514 tentatione
863 2477 1043 2514 confodit.
1064 2482 1169 2514 Tunc

173 2536 325 2572 videtur
352 2536 417 2573 tibi
443 2537 612 2574 Christus
637 2537 820 2583 defuisse,
846 2538 967 2574 donec
992 2538 1164 2583 Herode,

1241 1886 1439 1923 haereditas
1459 1885 1540 1934 ejus
1563 1887 1669 1935 quasi
1689 1887 1868 1937 spelunca
1886 1888 2012 1924 lcaenae
2025 1887 2067 1923 5?
2093 1889 2236 1936 Quibus

1241 1946 1387 1983 indiciis
1401 1975 1411 1992 ,
1430 1945 1568 1995 quibus
1588 1948 1794 1995 mysteriis,
1814 1948 1952 1996 quibus
1973 1951 2235 1994 sacramentis,

1240 2005 1278 2042 in
1298 2014 1425 2042 vestro
1445 2014 1501 2042 est
1519 2007 1726 2042 comitatu?
1745 2006 1818 2044 L'bi
1843 2008 2046 2057 templum,
2067 2007 2131 2044 ubi
2145 2007 2236 2057 juge

1241 2065 1462 2102 sacrificium
1476 2094 1485 2111 ,
1506 2065 1570 2101 ubi
1591 2065 1863 2109 sacerdotium,
1885 2066 1949 2102 ubi
1975 2067 2090 2103 altare
2120 2067 2234 2111 illud,

1239 2125 1340 2174 quod
1356 2126 1478 2161 solunt
1495 2124 1605 2162 vobis
1620 2126 1656 2161 in
1672 2126 1750 2162 sola
1764 2126 2001 2174 Jerosolyma
2015 2139 2234 2163 eoncessum

1238 2186 1318 2221 est?
1350 2184 1425 2222 [bi
1457 2184 1552 2232 ignis
1582 2185 1644 2220 itte
1679 2193 1886 2234 perpetuus
1900 2213 1908 2227 ,
1940 2199 2017 2234 quo
2048 2187 2234 2222 exstincto

1237 2245 1364 2281 omnia
1390 2244 1532 2293 pariter
1560 2244 1883 2280 holocaustomata
1914 2245 2128 2293 perierunt,
2151 2258 2234 2293 quae

1237 2316 1312 2339 non
1335 2310 1493 2352 possunt
1512 2302 1636 2338 alieno
1655 2302 1739 2350 igne
1759 2304 1956 2338 consumi?
1975 2306 2071 2351 Ergo
2091 2312 2155 2338 aut
2173 2303 2233 2339 ni-

1235 2362 1287 2398 hil
1313 2363 1447 2397 horum
1476 2360 1725 2397 habetiszaut
1754 2362 1784 2397 si
1811 2362 1906 2397 forte
1937 2374 2004 2397 vos
2026 2375 2067 2397 ea
2095 2361 2233 2398 hahere

1235 2421 1482 2470 praesumitis,
1505 2434 1579 2456 non
1599 2420 1806 2456 secundum
1826 2421 1892 2456 Dei
1915 2430 2145 2470 paeceptum
2170 2422 2231 2458 ha—

1234 2481 1349 2525 betis,
1368 2494 1410 2516 ae
1434 2480 1595 2530 proinde
1621 2493 1688 2516 nce
1713 2480 1901 2516 Christum
1927 2480 2085 2517 hahetis.
2110 2485 2156 2518 ln-
2175 2482 2231 2517 his

1233 2541 1333 2576 enim
1365 2539 1542 2576 omnihus
1569 2539 1775 2575 secundum
1806 2539 2026 2588 prophetica
2054 2542 2230 2588 mysteria

174 2608 251 2631 non
273 2596 345 2633 tuis
361 2596 524 2642 viribus,
544 2597 608 2633 sed
622 2598 738 2645 gratia
760 2597 897 2634 divinae
918 2598 1166 2634 miserationis
1186 2603 1216 2636 D
1235 2601 1421 2636 Christum
1456 2598 1658 2648 aliquando
1687 2598 1879 2634 habebatis
1901 2614 1908 2634 z
1931 2599 1994 2634 scd
2025 2609 2230 2648 apparente

175 2656 380 2701 exstincto,
407 2669 492 2692 cum
518 2657 692 2704 ampliori
727 2656 995 2704 tranquillitate
1019 2655 1164 2700 redeat,

176 2723 357 2764 tuumque
368 2715 404 2751 in
419 2716 596 2752 Nazareth
610 2716 846 2765 praestoletur
856 2728 1064 2751 occursum.
1080 2719 1167 2751 Post

175 2775 417 2811 tentationem
441 2789 601 2823 namque
619 2787 768 2810 necesse
785 2782 840 2809 est
857 2782 897 2809 ut
915 2773 960 2808 ad
982 2774 1163 2809 virtutum

174 2832 295 2869 studia
310 2861 320 2878 ‚
337 2835 621 2883 spiritualiaque
638 2833 815 2869 exercitia
829 2832 962 2868 mentis
976 2833 1165 2868 alacritate

175 2894 403 2930 conscendas
423 2894 528 2943 quasi
548 2893 593 2930 ad
617 2892 820 2937 Nazareth,
840 2892 875 2928 id
899 2901 973 2936 cst,
998 2892 1127 2928 liorem
1153 2906 1159 2927 :

174 2950 262 2998 quia
281 2951 375 2986 sicut
391 2954 460 2990 flos
480 2966 556 2989 non
582 2953 733 3002 quidem
760 2952 902 2988 fructus
927 2960 1003 2996 cst,
1024 2951 1088 2988 scd
1118 2965 1163 2987 ex

173 3022 219 3044 eo
248 3009 391 3047 fructus
419 3013 662 3060 producitur;
683 3013 731 3048 ita
760 3012 936 3048 excrcitia
965 3012 1064 3055 haer,
1087 3025 1162 3047 non

173 3067 325 3116 quidem
365 3082 469 3118 purae
504 3072 662 3107 virtutes
696 3079 802 3115 sunt,
835 3072 1006 3120 quamvis
1037 3085 1080 3107 cx
1112 3073 1164 3107 cis

173 3139 270 3164 vcrae
302 3128 476 3175 virtutes,
498 3133 576 3166 Deo
612 3139 793 3180 operante
824 3139 1034 3167 nascautur.
1074 3131 1164 3166 lutto

970 3256 1087 3288 ἱ,Ιυηιι
1116 3270 1145 3290 ι,
1169 3262 1193 3288 1.

224 3256 397 3289 “Ι,ιι(“..υ·,
422 3259 481 3289 Ιϋ,
507 3259 556 3288 17.
598 3277 604 3278 ff
638 3263 646 3276 '
670 3259 818 3292 l‘sal.‹t‚
841 3262 888 3287 to,

176 3319 196 3335 tt
212 3330 218 3342 ,
243 3310 281 3337 34
297 3330 304 3343 ,
331 3311 384 3337 dl).

303 3379 390 3401 TUM.
424 3380 455 3402 V.

1231 2672 1276 2694 eo
1292 2672 1403 2706 quem
1422 2657 1746 2706 praenuntiabant,
1763 2658 1838 2705 ipsa
1858 2659 2067 2706 pra‘uttntia
2084 2659 2229 2696 sublata

1231 2726 1332 2761 sunt,
1351 2717 1396 2752 de
1413 2716 1551 2764 quihus
1568 2717 1702 2752 frustra
1721 2724 1803 2764 post
1819 2716 1899 2763 ejus
1914 2717 2117 2753 adventum
2135 2733 2228 2767 prze-

1232 2776 1445 2813 stum-batis.
1467 2780 1498 2810 ()
1527 2776 1617 2810 mira
1642 2776 1885 2824 perversitas!
1906 2790 1928 2809 o
1951 2777 2040 2812 mira
2062 2779 2225 2814 cam‘itas!

1233 2840 1319 2872 llice
1340 2835 1465 2870 omnia
1487 2847 1561 2869 non
1581 2834 1815 2869 attendentes
1836 2835 1953 2870 ,luda-i
1969 2865 1977 2875 ,
1998 2836 2120 2872 adhuc
2139 2851 2223 2874 vum

1229 2909 1308 2931 esse
1325 2895 1360 2930 iu
1380 2908 1447 2929 suo
1464 2894 1647 2929 :estimant
1663 2894 1838 2929 comitatu
1851 2923 1859 2934 ,
1875 2903 1907 2929 rt
1929 2896 2121 2943 requirunt
2139 2911 2223 2933 vum

1230 2956 1327 2990 inu-1·
1350 2962 1530 3000 cognatos
1553 2961 1585 2986 vt
1611 2962 1732 2988 notos.
1760 2959 1878 3000 Quem
1901 2955 2087 3002 (μω-11113,
2108 2971 2130 2990 o
2155 2960 2222 2992 ,Ιιι-

1230 3014 1324 3049 daei?
1353 3026 1463 3061 quem
1497 3013 1686 3060 ‹pta-ritis?
1715 3017 1794 3047 ,lam
1833 3013 1924 3061 lapis
1960 3013 2144 3049 abscissos
2178 3016 2224 3050 ‹t‹=

1231 3081 1357 3108 monto
1386 3072 1466 3107 sinc
1497 3070 1691 3114 manibus,
1723 3072 1933 3107 nniversam
1965 3073 2135 3121 implevit
2169 3075 2223 3110 fa<

1231 3131 1322 3167 rictu
1357 3129 1500 3175 terr-1¹⁶,
1529 3139 1564 3165 ct
1597 3131 1719 3166 adhuc
1749 3132 1939 3179 quseritis?
1963 3136 2054 3167 tit-rc
2085 3133 2224 3181 tibique

1246 3277 1249 3279 -
1279 3258 1382 3288 ll'sal.
1401 3269 1521 3290 taxis,
1546 3262 1562 3284 οἳ
1660 3256 1670 3272 “’“
1697 3260 1798 3287 Jrrrtn
1837 3269 1904 3290 xit,
1929 3260 1956 3288 ff,
1983 3262 2010 3287 S.
2101 3256 2115 3277 ‘³
2143 3262 2206 3287 thu·
