2504 3928
375 205 443 238 ,ΨΥ
1140 205 1427 238 (libidini-:trit
1461 204 1656 237 ,xnlit't‘ts

421 280 456 314 ἐξ.
486 283 522 314 tii
544 286 578 312 ut
602 286 832 312 reu-rhomu-
850 276 894 311 ad
919 277 1175 325 propositum;
1195 281 1352 316 multum
1370 281 1388 295 '⁴

2339 205 2414 242 328

1391 280 1409 295 '¹'
1425 282 1552 316 multo.
1572 284 1794 316 {Naturarum
1811 280 1970 316 duarum
1991 280 2231 326 alterutram,
2254 288 2412 318 autcum

364 338 532 372 excitata·
560 345 593 370 et
631 336 803 370 animata·
837 344 921 370 sunt
959 349 1003 370 ex
1035 338 1286 373 collocutione
1323 348 1359 374 et
1377 344 1402 376 Α
1424 342 1531 375 Patre
1562 338 1692 382 hahet,
1722 347 1785 374 aut
1805 352 1888 374 cuni
1909 343 2023 375 Matre
2042 353 2292 375 communem.
2312 343 2413 377 Con-

367 394 599 442 adjuratione
634 407 780 442 sponsa·
808 394 890 429 filiae
911 396 1133 430 Jerusalem.
1161 397 1361 443 Quomodo

367 467 442 488 non
463 453 677 488 animentur
699 452 744 488 ad
771 452 980 501 rogandum
1007 453 1053 488 de
1083 455 1361 503 pulchritudine

369 513 504 560 ipsius,
533 525 602 560 pro
623 511 729 559 eujus
749 525 876 547 amore
898 525 1073 560 sponsam
1099 514 1358 562 languentem,

369 581 402 607 et
442 572 515 606 l'ere
550 571 796 606 exanimatam
836 571 996 606 vident?
1031 573 1294 621 Deprehensus
1324 573 1359 609 in

368 644 504 679 sponsa
527 632 682 678 languor
707 630 867 674 amoris,
887 631 923 665 in
948 630 1042 666 hanc
1070 632 1148 667 illas
1168 632 1359 681 quaerendi

369 690 621 725 curiositatem
646 690 842 738 protraxit.
864 690 1039 725 Yidentes
1060 692 1210 727 enimin
1224 705 1360 740 sponsa

367 762 532 784 amorem
547 762 625 783 esse
640 749 896 783 wlwnwniem
910 777 918 793 ,
936 762 1064 785 causas
1078 758 1114 785 et
1133 751 1360 787 irritamenta

369 809 458 843 tanti
484 809 638 843 affl-ctus
657 807 886 843 arbitrantur
904 808 939 843 in
967 821 1120 856 sponso.
1147 809 1358 846 Affectuose

365 867 671 915 ‹·1ua·runt‹pialis
687 866 780 901 sitin
797 880 936 914 sponso
949 856 1204 916 pulchritudo,
1223 868 1357 916 dequo

366 939 439 961 non
472 934 626 974 possunt
652 939 727 961 non
750 939 977 974 pra‘snmere
1006 927 1095 974 quin
1125 926 1356 963 admirabili-

367 993 422 1020 ter
439 985 594 1032 pulcher
618 985 684 1027 sit,
707 993 743 1019 et
761 998 906 1032 sponsa¹
927 985 1219 1034 pulcritudinem
1235 987 1270 1022 in
1292 999 1355 1022 ar-

1421 398 1567 446 jnnetio
1589 398 1654 433 ista
1669 397 1822 446 propria
1838 406 1892 433 est
1910 398 1991 447 ipsi.
2011 399 2218 435 Personalis
2235 398 2316 447 ejus
2329 413 2414 449 pro-

1427 457 1565 505 prietas
1585 456 1836 492 communiter
1856 457 2116 493 consideratur
2145 458 2182 493 in
2202 458 2280 493 istis
2295 486 2304 503 ,
2327 459 2415 508 quia

1428 516 1657 563 integraliter
1674 515 1931 552 conficiturex
1957 516 2046 552 istis.
2068 519 2222 553 Constat
2247 517 2346 553 enim
2368 531 2414 555 ex

1427 574 1571 610 ‹luahus
1589 574 1750 619 naturis;
1765 574 1828 610 sed
1851 574 2092 610 nihilominus
2107 583 2250 611 constat
2270 576 2306 611 in
2327 576 2416 614 dua-

1425 632 1496 669 bus
1516 634 1610 668 illis:
1629 647 1673 669 ex
1700 633 1910 681 conjunctis
1929 642 2094 678 constat,
2131 642 2167 670 et
2196 634 2232 669 in
2260 635 2415 683 singulis

1426 700 1582 728 constat.
1605 695 1654 727 lix
1673 691 1903 740 conjunctis,
1925 700 1962 728 et
1985 705 2060 728 non
2082 693 2118 728 in
2135 693 2311 741 singulis,
2328 707 2415 730 con-

1425 759 1495 786 stat
1513 751 1751 800 proprietatis
1768 749 1848 798 ejus
1863 751 2072 799 integritas,
2089 764 2157 800 per
2174 765 2284 800 quam
2305 753 2413 788 simul

1426 808 1535 844 distat
1550 817 1587 844 et
1603 822 1622 844 a
1639 812 1764 853 Patre,
1782 816 1815 843 et
1834 822 1852 844 a
1874 812 2004 844 Matre.
2027 812 2110 845 Non
2123 810 2221 845 enim
2245 810 2281 846 in
2303 811 2415 846 alter-

1423 875 1527 911 utro,
1559 867 1622 903 sed
1645 867 1679 903 in
1707 867 1891 916 copulatis
1915 867 2024 903 distat
2054 867 2101 903 ah
2124 868 2305 916 uti-oque,
2333 876 2370 904 et
2393 882 2413 905 a

1422 926 1592 975 quolibet
1620 927 1684 974 qui
1712 939 1786 962 non
1807 934 1861 962 est
1889 926 1981 975 ipse.
2015 930 2057 963 In
2080 927 2258 975 singulis,
2280 935 2317 963 et
2336 941 2412 964 non

1423 985 1459 1020 in
1479 985 1680 1034 copulatis,
1711 985 1880 1021 consistit
1901 985 2079 1022 naturalis
2106 985 2189 1034 ejus
2204 986 2414 1022 essentiali-

364 1052 584 1089 gnmentnm
604 1052 799 1079 assumunt
822 1044 1065 1092 pulcherrimi
1083 1046 1222 1093 sponsi.
1247 1048 1352 1091 Qua·
1374 1044 1400 1077 B
1423 1053 1477 1081 tas
1505 1043 1712 1080 secundum
1735 1044 1824 1092 qnid
1851 1057 1858 1079 :
1886 1052 1923 1079 et
1956 1044 2175 1092 simpliciter
2207 1052 2244 1080 et
2275 1057 2341 1094 per
2375 1057 2413 1081 se

367 1105 411 1135 lis
431 1111 484 1136 est
511 1104 661 1137 ‹mc-ctus
695 1111 778 1137 tuus
802 1115 850 1137 αι·
876 1105 1029 1148 (Ιιῖσειο,
1061 1117 1082 1137 0
1103 1104 1354 1151 pulcherrima

365 1163 558 1196 mulierum
573 1163 593 1196 ,ν’
610 1161 864 1197 l‘ulclwrrima
886 1162 1085 1198 mulierum
1104 1163 1264 1199 Ecclesia
1282 1171 1352 1208 est,

361 1230 444 1265 quse
456 1218 685 1266 singularum
699 1219 907 1254 animarum
924 1220 1167 1268 pulchritudo
1185 1229 1252 1256 est.
1271 1221 1357 1258 Pul-

360 1277 544 1312 cherrima
564 1285 638 1322 est,
663 1277 698 1313 in
715 1291 787 1326 qua
803 1278 925 1313 omnis
945 1278 1185 1326 pulchritudo
1209 1287 1286 1323 est,
1315 1287 1352 1315 et

360 1335 576 1371 deformitas
605 1348 680 1371 non
701 1336 808 1371 inest.
842 1336 1013 1384 Denique
1039 1344 1163 1384 etqua
1180 1349 1224 1372 cx
1246 1345 1352 1385 parte

359 1393 406 1429 de
426 1394 588 1430 Ecclesia
611 1402 716 1440 sunt,
734 1394 920 1430 deformes
943 1406 1018 1429 non
1037 1403 1137 1431 sunt.
1155 1395 1190 1431 Si
1214 1394 1352 1443 quibus

358 1452 507 1488 videtur
548 1453 667 1489 inesse
705 1453 947 1499 deformitas,
985 1453 1053 1489 etsi
1087 1452 1275 1502 aliquibus
1306 1453 1352 1490 de

359 1511 536 1548 membris
571 1511 654 1560 ejus
674 1512 720 1548 ad
755 1512 886 1548 horam
914 1511 1144 1561 respergitur
1175 1512 1354 1548 deformis

357 1571 501 1606 macula
515 1598 525 1616 ‚
549 1584 624 1607 non
645 1580 767 1607 tamen
791 1572 999 1621 imputatur
1014 1570 1103 1606 dum
1126 1584 1202 1607 non
1217 1571 1373 1621 immo-V

356 1637 471 1665 ratur.
494 1632 665 1667 Fortasse
681 1631 765 1680 plus
795 1631 930 1680 accipit
950 1630 1242 1680 pulchritudinis
1270 1639 1355 1680 post

363 1689 546 1724 maculam
565 1689 730 1734 detersa,
752 1703 863 1738 quam
887 1689 1136 1725 deformitatis
1164 1690 1353 1725 contraxit

361 1746 488 1783 suhito
519 1761 699 1797 respersa.
732 1751 832 1785 Bene
859 1749 985 1797 itaque
1014 1749 1285 1796 pulcherrima,
1318 1756 1355 1785 et

1422 1107 1521 1139 Deus
1541 1111 1612 1149 est,
1634 1103 1729 1139 sieut
1749 1111 1785 1138 et
1812 1107 1940 1148 Pater;
1964 1111 2000 1139 et
2021 1103 2240 1152 simpliciter
2255 1131 2265 1148 ,
2287 1112 2323 1140 et
2345 1116 2414 1153 per

1420 1175 1458 1198 se
1479 1163 1615 1207 homo,
1653 1162 1748 1198 sicut
1768 1170 1804 1197 et
1834 1164 1965 1198 Mater.
1996 1165 2079 1198 Non
2107 1169 2162 1197 est
2181 1174 2227 1197 ex
2250 1170 2358 1211 parte
2377 1171 2414 1199 et

1421 1221 1628 1258 seeundum
1659 1220 1748 1269 quid
1772 1224 1895 1265 Deus,
1930 1233 1997 1256 nec
2017 1229 2072 1256 est
2093 1234 2139 1256 ex
2163 1229 2268 1270 parte
2299 1229 2336 1258 et
2354 1234 2413 1258 se-

1418 1279 1582 1316 eundum
1608 1279 1699 1328 quid
1719 1279 1832 1315 homo
1853 1292 1861 1314 :
1884 1279 1968 1315 ideo
1993 1287 2091 1315 totus
2111 1278 2233 1315 dictus
2255 1287 2310 1315 est
2335 1282 2413 1316 De-

1417 1352 1482 1383 us,
1503 1348 1539 1375 et
1567 1347 1666 1375 totus
1697 1338 1817 1375 dictus
1836 1347 1891 1375 est
1921 1337 2056 1375 homo:
2079 1351 2155 1375 non
2173 1347 2291 1375 totum
2309 1338 2413 1388 quod

1418 1398 1534 1448 ipsius
1564 1407 1638 1443 est,
1661 1397 1724 1434 sed
1754 1397 1855 1446 quod
1885 1398 1964 1446 ipse
1993 1406 2093 1434 totus
2114 1412 2120 1434 z
2142 1411 2210 1434 nec
2239 1399 2344 1447 quasi
2373 1398 2411 1434 in

1420 1456 1523 1492 omni
1552 1464 1657 1505 parte
1677 1456 1724 1491 sit
1744 1459 1870 1501 Deus,
1892 1464 1929 1492 et
1948 1469 1985 1492 m
2007 1457 2109 1492 omni
2140 1464 2244 1505 parte
2273 1456 2413 1502 homo;

1420 1515 1484 1552 sed
1509 1516 1596 1564 quia
1616 1528 1692 1551 non
1721 1523 1777 1551 est
1801 1527 1872 1564 pro
1892 1523 1998 1564 parte
2018 1518 2137 1560 Deus,
2160 1523 2197 1551 et
2216 1527 2286 1564 pro
2307 1522 2412 1564 parte

1420 1574 1547 1611 homo.
1576 1574 1687 1621 Quod
1711 1587 1800 1622 ergo
1821 1573 1957 1609 dicitur
1983 1581 2083 1610 totus
2104 1577 2224 1618 Deus,
2246 1581 2284 1609 et
2313 1581 2411 1609 totus

1419 1633 1553 1679 hom03
1575 1633 1690 1682 magis
1709 1640 1831 1681 partes
1851 1632 2017 1668 excludit
2040 1645 2153 1681 quam
2176 1632 2333 1681 colligit,
2351 1645 2411 1668 es-

1420 1692 1613 1729 sentialem
1636 1691 1912 1740 simplicitatem
1944 1691 1982 1726 in
2012 1699 2169 1740 utraque
2203 1699 2335 1727 natura
2355 1691 2412 1727 in-

1420 1751 1560 1787 ducens
1578 1766 1585 1787 :
1603 1764 1679 1787 non
1693 1750 1795 1799 quod
1813 1758 1968 1798 utraque
1988 1750 2146 1786 essentia
2165 1749 2323 1798 simplex
2342 1750 2408 1794 sit,

357 1819 508 1843 omnem
527 1808 848 1856 pulchritudinem
867 1808 1020 1853 habens,
1037 1816 1073 1844 et
1089 1809 1191 1844 omni
1207 1809 1356 1845 foedita-
1376 1810 1403 1846 C
1424 1809 1488 1846 sed
1508 1810 1610 1858 quod
1628 1810 1706 1859 ipse
1730 1809 1947 1857 simpliciter
1976 1817 2032 1845 est
2053 1816 2221 1857 utraque.
2254 1811 2413 1857 Propter

359 1873 394 1900 te
415 1879 557 1902 carens.
593 1866 664 1903 Sed
698 1875 735 1902 et
768 1867 892 1902 multae
920 1867 1047 1903 fideles
1078 1875 1114 1903 et
1141 1868 1352 1916 spirituales

356 1924 489 1960 animae
513 1925 549 1960 in
570 1937 615 1960 eo
642 1925 908 1974 pulcherrimae
930 1934 1040 1972 sunt,
1070 1926 1171 1974 quod
1203 1934 1265 1962 aut
1285 1939 1353 1975 per

357 1990 523 2017 sanctam
545 1983 870 2019 conversationem
891 1984 1074 2020 maculam
1101 1997 1175 2021 non
1209 1984 1353 2021 admit—

358 2048 466 2086 tunt;
486 2049 549 2076 aut
573 2053 641 2089 per
657 2041 853 2077 sollicitam
871 2050 908 2078 et
927 2043 1109 2078 sinceram
1140 2043 1353 2079 confessio-

359 2110 444 2133 nem
473 2097 633 2135 subinde
659 2099 818 2135 diluunt.
836 2100 1093 2137 Pulcherrima
1110 2110 1165 2138 est
1187 2102 1351 2150 quodam

358 2157 492 2199 modo,
529 2170 605 2192 non
641 2171 772 2194 omnes
804 2158 894 2194 alias
927 2159 1114 2195 excellens
1128 2187 1137 2203 ,
1179 2159 1242 2195 sed
1277 2173 1352 2196 non

358 2215 555 2251 excedens.
573 2216 685 2262 Quasi
707 2229 880 2252 excessus
899 2229 975 2252 non
998 2225 1053 2253 est
1066 2245 1076 2263 ,
1097 2217 1161 2253 ubi
1181 2218 1274 2254 citus
1291 2231 1352 2253 re-

360 2285 508 2321 gressus
525 2282 592 2310 est.
615 2274 871 2310 Pulcherrima
896 2288 984 2323 ergo
1012 2284 1088 2320 est,
1121 2275 1295 2311 decorem
1317 2285 1353 2312 et

363 2331 637 2366 confessionem
683 2331 843 2367 induens
858 2359 867 2375 ‚
910 2333 1044 2368 amicta
1084 2333 1225 2368 lumine
1258 2333 1353 2370 sicut

363 2389 602 2425 vestimento.
641 2389 894 2424 Pulcherrima
929 2397 1009 2434 est,
1031 2403 1114 2438 quae
1139 2390 1196 2425 vel
1228 2391 1350 2439 ipsum

362 2448 487 2483 lumen
519 2456 592 2493 est,
624 2448 680 2483 vel
705 2448 837 2483 amicta
867 2448 1031 2484 lumine:
1055 2461 1123 2497 per
1153 2449 1354 2484 confessio-

360 2519 445 2542 nem
477 2507 610 2542 amicta
639 2506 800 2552 lumine,
831 2519 899 2555 per
925 2506 1249 2543 conversationem
1273 2507 1354 2542 exi-

359 2565 493 2600 stendo
513 2566 638 2601 lumen
658 2565 791 2614 ipsum.

413 2624 449 2659 st.
479 2625 610 2669 Qualis
631 2633 685 2659 est
706 2626 860 2659 dilectus
881 2633 960 2659 mus
980 2637 1029 2658 ea:
1051 2625 1182 2659 dilecto
1195 2651 1204 2667 ,
1229 2638 1249 2658 ο
1262 2626 1352 2671 pul-

363 2683 547 2717 cherrima
569 2685 758 2717 mulierum
783 2685 805 2719 Ρ
829 2685 950 2730 qualis
983 2692 1036 2718 cst
1055 2685 1206 2718 dilectus
1241 2685 1354 2719 tuas?

362 2745 443 2777 Non
467 2749 575 2777 vacat
595 2742 713 2777 inulto
735 2742 869 2777 affeetu
891 2742 968 2778 haee
990 2742 1256 2790 ingeminatiO,
1285 2755 1353 2779 nec

366 2800 543 2847 mysterio
566 2808 682 2836 vacat.
706 2800 815 2847 Quod
838 2801 866 2836 si
887 2801 935 2837 ita
955 2800 1125 2847 dixisset,
1154 2801 1281 2848 Qualis
1300 2810 1355 2837 est

363 2858 517 2894 dilectus
539 2867 623 2894 tuus
648 2872 693 2893 ex
714 2859 874 2895 dilecta?
896 2860 990 2896 sient
1011 2859 1121 2905 dicit,
1145 2863 1278 2906 Qualis
1303 2870 1354 2896 est

363 2918 513 2951 dilectas
531 2926 610 2951 tum·
630 2930 678 2951 ex
698 2919 861 2955 Allecto?
890 2931 1001 2955 nemo
1030 2918 1235 2967 ambigeret
1262 2919 1351 2967 quin

364 2975 524 3010 alterum
546 2975 781 3011 referendum
796 2985 891 3012 esset
908 2977 952 3013 ad
975 2990 1054 3013 eam
1072 2977 1351 3026 generationem

361 3045 443 3081 qua*
460 3042 513 3068 cst
531 3046 576 3069 ex
594 3037 722 3078 l’atrc;
745 3035 901 3070 alterum
916 3063 925 3080 ,
953 3035 999 3071 ad
1019 3048 1098 3071 eam
1124 3048 1206 3084 quae
1225 3044 1280 3072 est
1305 3050 1351 3072 ex

361 3096 491 3129 Matre.
513 3096 552 3129 In
575 3102 732 3141 utraque
753 3095 852 3130 enim
873 3095 1052 3132 mirabilis
1070 3103 1126 3131 est
1148 3104 1183 3131 et
1210 3109 1350 3133 concn-

360 3151 538 3199 piscihilis
560 3152 689 3196 nimis,
715 3152 777 3188 sed
795 3166 840 3189 cx
855 3153 1121 3201 conjunctione
1142 3153 1349 3191 mirabilior

409 3282 414 3295 ¹
437 3275 568 3316 l'lulipp,
586 3287 628 3308 ιι,
653 3279 667 3305 7

1417 1868 1520 1917 quod
1554 1877 1591 1904 et
1609 1867 1739 1904 habitu
1770 1867 1946 1903 inventus
1975 1867 2095 1903 dictus
2114 1875 2170 1904 est
2193 1875 2234 1903 ut
2254 1866 2368 1904 horno
2386 1874 2411 1914 ';

1417 1927 1504 1976 quia
1523 1940 1607 1963 cum
1632 1939 1708 1963 non
1731 1926 1777 1963 sit
1793 1926 2048 1962 connaturalis
2073 1925 2259 1962 divinitati
2279 1925 2411 1962 huma-

1419 1986 1534 2031 nitas,
1556 1999 1625 2035 per
1645 1985 1922 2035 susceptionem
1944 1993 2067 2020 tamen
2086 1984 2124 2020 in
2145 1997 2307 2034 persona
2319 1987 2408 2021 Jesu

1418 2045 1522 2093 quasi
1546 2044 1674 2081 habitu
1692 2044 1856 2094 quodam
1877 2051 1932 2080 est
1952 2043 2116 2079 vestiens
2131 2051 2169 2079 et
2188 2043 2410 2092 cooperiens

1418 2116 1510 2139 eam.
1533 2107 1614 2140 Non
1645 2112 1699 2139 est
1726 2103 1861 2139 divinae
1898 2110 2042 2139 naturae
2076 2102 2239 2138 humana
2277 2110 2409 2138 natura

1418 2161 1672 2197 connaturalis
1685 2188 1694 2205 ,
1718 2160 1781 2197 sed
1807 2168 1949 2196 tantum
1972 2172 2144 2210 personae
2163 2159 2280 2209 ipsius
2299 2163 2386 2197 Jesu
2399 2188 2410 2207 ,

1418 2231 1502 2266 quae
1519 2218 1690 2254 humanae
1718 2226 1861 2254 naturae
1887 2217 2040 2266 propria
2063 2225 2171 2262 sunt,
2191 2218 2411 2254 naturaliter

1418 2276 1556 2312 insunt.
1579 2277 1636 2314 Sic
1656 2277 1761 2312 estin
1789 2284 1922 2312 natura
1938 2276 2118 2321 hominis,
2139 2276 2241 2324 quod
2262 2285 2411 2313 natura-

1418 2333 1503 2369 liter
1531 2342 1585 2369 est
1616 2334 1750 2380 homo,
1779 2348 1891 2371 verus
1920 2334 2059 2380 homo,
2092 2342 2129 2370 et
2156 2347 2246 2371 vere
2266 2335 2407 2372 homo:

1417 2403 1528 2427 verus
1543 2393 1656 2428 homo
1677 2401 1833 2442 propter
1852 2393 2045 2429 veritatem
2066 2393 2199 2429 animae
2215 2401 2252 2429 et
2271 2392 2410 2430 huma-

1419 2462 1475 2485 nae
1500 2451 1646 2486 carnis:
1667 2464 1752 2487 vere
1773 2451 1888 2487 homo
1902 2479 1911 2496 ‚
1934 2451 2022 2499 quia
2050 2463 2140 2486 vere
2169 2459 2344 2488 constans
2363 2465 2407 2489 ex

1420 2509 1542 2544 anima
1563 2509 1726 2545 hnmana
1752 2517 1788 2545 et
1818 2522 1950 2553 carne;
1974 2522 2020 2544 ex
2040 2509 2138 2545 veris
2157 2518 2353 2556 constans,
2372 2518 2409 2547 et

1373 2571 1404 2604 D
1421 2580 1508 2603 vere
1540 2577 1738 2613 constans,
1770 2581 1844 2604 non
1869 2576 2013 2603 tantum
2041 2581 2150 2605 veras
2176 2567 2338 2616 habens,
2372 2578 2409 2606 et

1419 2638 1507 2661 vere
1528 2625 1669 2662 hahens
1688 2635 1812 2676 partes
1833 2627 2092 2672 humanitatis,
2109 2627 2172 2663 sed
2189 2640 2277 2665 vere
2295 2629 2406 2666 etiam

1419 2683 1580 2719 existens
1603 2697 1648 2719 ex
1666 2684 1768 2732 ipsis.
1797 2684 1993 2720 Naturales
2015 2682 2178 2728 habens,
2209 2693 2246 2720 et
2262 2693 2407 2722 natura-

1419 2742 1502 2777 liter
1523 2742 1681 2788 hahens,
1703 2743 1799 2778 sicut
1821 2742 2040 2778 naturaliter
2058 2746 2178 2787 Deus,
2204 2743 2255 2779 sic
2283 2751 2319 2779 et
2339 2756 2406 2779 na—

1421 2802 1602 2845 turaliter,
1618 2810 1653 2836 et
1673 2815 1747 2837 non
1766 2810 1908 2838 tantum
1921 2801 2049 2837 habitu
2067 2802 2193 2837 homo.
2211 2805 2301 2839 Jure
2317 2814 2405 2851 ergo

1420 2861 1513 2896 sicut
1536 2860 1571 2895 in
1598 2861 1754 2897 veritate
1774 2860 1910 2896 ‹lix-ina:
1931 2860 2069 2896 dicitur
2093 2867 2239 2896 exstare
2264 2868 2406 2896 naturae

1417 2923 1543 2963 Jesus,
1574 2919 1662 2955 seda
1685 2920 1721 2955 in
1744 2920 1900 2956 veritate
1929 2920 2100 2956 humanae
2120 2927 2261 2956 naturae
2284 2919 2405 2955 credi-

1420 2986 1500 3023 tur,
1524 2986 1700 3026 ntrasque
1733 2986 1884 3013 naturas
1919 2977 2081 3023 habens,
2110 2986 2146 3013 et
2169 2977 2399 3013 naturaliter.

1470 3039 1505 3073 ὁ.
1530 3037 1619 3073 Ideo
1654 3036 1737 3072 liliae
1767 3036 1972 3072 Jerusalem
2003 3036 2176 3072 distinete
2209 3043 2402 3084 quaerunt,

1416 3096 1537 3145 qualis
1564 3096 1610 3132 sit
1631 3094 1838 3131 secundum
1867 3103 2066 3144 utramque
2097 3095 2400 3145 generationem,

1415 3155 1461 3191 de
1486 3155 1601 3203 ipsius
1618 3162 1791 3203 optantes
1808 3162 1940 3190 natura
1959 3153 2097 3190 doceri.
2126 3155 2256 3200 Qualis
2272 3163 2324 3188 est
2342 3153 2401 3188 di-

1468 3283 1472 3293 “
1493 3282 1630 3308 Fortasse
1645 3303 1651 3313 ,
1672 3278 1723 3308 sic.
