2504 3928
335 209 400 244 771
975 209 1258 244 TlMtlTA'rt'S
1290 209 1351 243 Ι)Ι·”,
1381 207 1565 242 omnm-¹.
1596 209 1733 241 t‘t'rfti.

331 294 462 320 venter
493 297 565 318 uon
603 282 716 330 gignit
755 290 902 317 tenuem
941 296 1087 318 sensum
1122 289 1148 318 ¹¹.

2301 209 2374 244 772

1191 283 1491 332 Fugiat³⁷“l‘atet
1522 294 1682 330 natuque
1708 281 1809 330 quod
1838 281 1936 317 nulla
1966 295 2024 318 ars
2055 282 2209 320 discitur
2235 283 2375 333 absque

330 344 545 379 clu-letalem
579 351 752 389 tanquam
777 354 976 378 vencnum.
1000 343 1036 378 Si
1061 343 1253 391 religiosus
1284 353 1319 379 et
1342 349 1367 380 Λ
1391 341 1579 388 magistro·
1608 340 1642 376 Si
1671 339 1769 374 enim
1794 339 1985 384 animalia,
2013 348 2049 375 υἱ
2077 341 2184 386 l'erae,
2206 350 2242 377 ct
2266 355 2373 385 avc5,

330 403 479 451 sapiens
510 402 586 436 xult
610 414 711 443 csse,
744 413 937 448 nunquam
966 401 1094 436 vinum
1129 401 1318 446 redoleat,

1041 463 1119 495 lloc
1150 474 1224 496 non
1265 470 1319 497 est

334 537 345 548 ›-
369 520 536 554 osculum
567 519 777 567 porrigere,
799 518 862 554 sed
885 519 1012 555 vinum
1040 519 1243 568 propinare
1259 526 1282 556 ¹.
1306 537 1318 550 »ι

331 475 375 496 ne
407 461 529 496 andiu
564 459 653 495 illud
692 459 906 508 philosophi
942 474 949 495 z
987 479 1000 491 ι(

331 586 437 616 Amet
473 586 684 613 sam-tarum
713 578 991 627 scripturarum
1026 578 1239 623 scientiam,
1274 592 1318 614 ne

330 652 434 675 mens
452 637 545 685 ejus,
565 637 620 672 x'el
637 637 780 672 lascivis
798 637 1088 685 cogitationibus
1103 646 1238 686 pateat.
1255 642 1318 674 lle-

329 708 410 734 atus
440 697 502 746 qui
528 696 674 732 «livinus
701 697 912 745 Scripturas
939 698 1079 745 legens,
1100 696 1212 733 verba
1234 710 1320 732 vcr-

333 757 374 792 tit
402 757 438 792 iu
468 769 595 804 opera.
631 756 683 791 Sit
703 755 893 791 abstinens
921 756 1079 801 irarum,
1100 765 1135 792 et
1162 757 1322 804 fugitans

333 817 476 857 litium,
506 823 544 850 ut
572 814 681 850 bonis
708 816 852 864 pollere
883 815 1050 851 moribus
1079 815 1150 851 hoe
1184 815 1322 851 indicio

329 873 600 922 comprobetur
622 888 629 909 z
649 874 775 922 sieque.
805 887 842 909 se
870 873 1061 918 exhibeat,
1094 883 1131 909 ut
1158 875 1322 911 seniores

333 934 428 969 inter
447 946 542 981 quos
563 932 722 977 habitat,
738 933 826 969 dum
845 933 1079 969 admirantur
1091 934 1226 978 vitam,
1245 948 1319 969 non

330 994 499 1028 sinantur
542 992 733 1041 despicere
769 1001 930 1028 zetatem.
975 993 1026 1028 Sit
1060 993 1155 1028 inter
1193 992 1322 1028 fratres

1386 408 1419 435 et
1450 412 1538 448 apes
1571 398 1684 434 duces
1717 397 1873 442 habent,
1905 406 1942 433 ct
1972 399 2162 448 principes
2197 413 2283 435 suos
2315 413 2374 435 se-

1386 467 1574 507 quantui-3
1603 465 1744 505 quanto
1773 457 1886 504 magis
1914 457 2085 493 homines
2114 458 2192 494 sinc
2221 458 2376 494 doctore

1386 527 1421 554 et
1453 526 1597 553 rectore
1622 529 1702 552 esse
1733 529 1807 551 non
1835 518 2015 564 possunt?
2042 517 2134 553 Inde
2168 517 2375 554 cavendum

1387 586 1437 612 est
1466 590 1511 612 ne
1539 575 1854 612 adolescentimcs
1878 582 1913 610 et
1937 575 2082 624 parvuli
2104 575 2182 611 sine
2202 575 2297 612 duce
2317 576 2376 612 in-

1386 636 1604 685 grediantur
1622 635 1717 670 viani
1739 648 1850 683 quam
1870 647 2061 683 nunquam
2086 635 2239 683 ingressi
2261 643 2370 680 sunt,

1387 705 1422 732 et.
1453 697 1488 732 in
1521 704 1663 745 partem
1695 695 1846 730 alteram
1875 694 2105 730 declinantes
2134 707 2280 732 errores
2311 708 2377 744 pa-

1389 756 1545 799 tiantur,
1584 755 1612 790 si
1644 755 1700 789 vel
1743 754 1848 802 plus,
1885 754 1944 789 vel
1979 754 2102 789 minus
2141 753 2377 790 ambulantes

1387 829 1498 864 quam
1523 828 1672 850 necesse
1693 822 1766 857 cst,
1792 822 1855 850 aut
1873 822 2066 850 currentes
2084 814 2268 850 lassentur
2282 843 2291 859 ,
2313 822 2378 850 aut

1390 887 1531 909 moram
1551 874 1724 909 facientes
1742 872 1995 908 obdormiant.
2016 873 2240 922 Plerumque
2254 882 2290 908 ct
2305 873 2378 909 vir-

1389 932 1529 968 tutibus
1542 945 1667 982 pares,
1683 931 1848 980 dispares
1865 930 2056 976 mnitibus,
2073 932 2130 967 sui
2145 931 2379 967 delectantur

1388 993 1544 1041 copula,
1575 991 1669 1028 sicut
1697 990 1978 1026 delectabantur
1994 995 2124 1027 Petrus
2141 999 2175 1026 et
2201 995 2377 1027 Joannes.

333 1052 539 1100 coaequales
563 1064 649 1087 suos
673 1052 815 1100 primus
839 1051 873 1087 in
902 1064 1039 1099 opere,
1072 1060 1261 1087 extremus
1291 1052 1325 1087 in
1346 1053 1369 1085 B
1391 1054 1481 1087 Nun
1506 1051 1780 1086 adolescentem
1807 1050 1963 1099 legimus
1984 1053 2166 1086 Joannem
2190 1049 2205 1071 ¹¹
2225 1065 2231 1085 :
2251 1063 2380 1099 quam-

331 1111 463 1146 ordine
487 1125 493 1145 :
517 1118 552 1145 et
570 1110 617 1146 ita
634 1110 788 1157 siugulis
805 1109 1007 1145 virtutibus
1025 1111 1157 1154 instet,
1179 1119 1216 1145 nt
1240 1111 1323 1146 nul-

333 1171 355 1205 li
380 1183 511 1205 corum
531 1169 716 1205 sccundus
733 1169 954 1205 inveniatur.

689 1301 864 1338 CAPUT
894 1302 966 1338 111.

333 1413 583 1445 Adolescentium
596 1423 665 1442 cmn
681 1411 806 1441 senibus
820 1411 1085 1441 conversationem
1100 1410 1137 1441 ad
1152 1410 1324 1452 profectum

666 1463 785 1493 xirtutis
810 1462 995 1493 conducere.

392 1582 446 1617 10.
470 1581 636 1617 Delectat
656 1594 713 1616 me
732 1580 853 1616 adhuc
877 1581 911 1616 in
943 1579 1111 1629 partibus
1136 1579 1323 1616 demorari

336 1640 592 1685 verecundia‘3
625 1641 712 1689 quia
745 1640 791 1676 ad
825 1653 888 1676 eos
917 1640 1072 1688 loquor,
1107 1640 1169 1687 qui
1202 1639 1324 1676 adhuc

337 1701 434 1735 bona
453 1698 533 1748 ejus
558 1713 603 1735 ex
624 1699 834 1747 semetipsis
857 1712 932 1734 non
953 1707 1243 1747 recognoscunt,
1262 1707 1324 1735 aut

337 1759 470 1795 damna
502 1759 685 1794 nesciunt.
714 1758 815 1794 Ordo
844 1758 994 1806 quidem
1026 1758 1110 1793 vita*
1142 1758 1325 1794 tenendus

1390 1112 1448 1147 vis
1477 1111 1568 1147 nulli
1595 1110 1783 1145 seniorum
1816 1110 1851 1145 in
1880 1110 2017 1145 virtute
2047 1110 2157 1145 suerit
2177 1109 2377 1146 secundus.

1391 1173 1475 1206 Erat
1507 1170 1605 1205 enim
1637 1170 1673 1205 in
1700 1183 1745 1205 eo
1772 1177 1942 1205 senectus
1971 1168 2196 1205 venerabilis
2219 1181 2380 1213 morum,

1391 1238 1427 1265 et
1453 1242 1542 1265 cana
1573 1228 1770 1278 prudentia
1798 1228 1980 1263 virtutum
2000 1228 2183 1263 omnium.
2204 1231 2379 1276 Magnum

1393 1288 1494 1323 enim
1526 1287 1637 1336 hujus
1665 1287 1750 1322 vitae
1778 1287 1951 1322 solatium
1974 1294 2049 1332 est,
2084 1295 2126 1321 ut
2155 1285 2292 1322 habeas
2322 1286 2381 1321 cui

1391 1354 1520 1395 pectus
1542 1354 1645 1381 tuum
1669 1346 1813 1394 aperias
1836 1359 1842 1380 :
1866 1358 1950 1380 cum
1980 1358 2056 1393 quo
2075 1358 2208 1381 arcana
2230 1345 2382 1394 partici-

1392 1417 1482 1452 pes:
1507 1404 1565 1439 cui
1587 1404 1798 1439 committas
1815 1412 1955 1439 secreta
1978 1403 2102 1439 cordis
2121 1404 2196 1447 tui,
2221 1412 2261 1439 ut:
2282 1416 2382 1439 ames

1390 1471 1427 1499 et
1456 1463 1622 1512 sequaris
1653 1475 1737 1498 eum
1768 1463 1861 1510 :qui
1893 1461 1959 1497 tibi
1991 1470 2145 1510 paterna
2178 1463 2315 1511 pietate
2343 1463 2379 1498 in

1392 1522 1560 1557 tristibus
1585 1521 1856 1570 compatiatur,
1885 1521 1922 1556 in
1954 1521 2280 1569 persecutionibus
2312 1521 2380 1557 ad-

1392 1581 1579 1626 hortetur,
1601 1589 1637 1616 et
1659 1581 1696 1616 in
1718 1579 1908 1629 prosperiS
1930 1579 2150 1629 gratuletur.
2177 1580 2279 1617 Felix
2302 1580 2382 1616 talis

1386 1640 1546 1679 societas
1560 1668 1568 1684 ‚
1599 1639 1758 1687 talisque
1778 1638 1940 1674 amicitia
1953 1667 1962 1683 ‚
1985 1651 2058 1686 qua
2078 1637 2168 1673 nihil
2192 1646 2247 1674 est
2268 1639 2304 1674 in
2323 1651 2382 1674 re-

1391 1699 1461 1735 bus
1486 1698 1658 1734 humanis
1684 1697 1888 1747 pulchrius.
1919 1701 2128 1733 Tencamus
2156 1709 2246 1746 ergo
2273 1710 2381 1733 vere—

1392 1758 1565 1794 cundiam
1582 1786 1591 1801 ,
1617 1757 1674 1792 vel
1698 1768 1777 1792 eam
1799 1769 1882 1804 quae
1901 1755 1947 1791 ad
1970 1755 2084 1791 totius
2102 1755 2186 1791 vitae
2207 1764 2381 1792 ornatum

335 1827 400 1854 est.
420 1822 464 1854 Et
480 1832 498 1853 a
517 1817 742 1853 verecundia
760 1818 880 1865 prima
895 1817 1066 1865 quaedam
1084 1816 1326 1853 fundamenta
1346 1817 1372 1851 C
1394 1830 1463 1853 nos
1482 1817 1619 1852 attollit
1638 1815 1872 1851 modestiam.

337 1877 551 1912 ducantur:
582 1890 665 1924 quse
694 1876 792 1911 socia
821 1889 862 1910 ac
893 1875 1082 1910 familiaris
1110 1883 1163 1910 cst
1185 1875 1326 1912 mentis

337 1935 564 1984 placiditati,
585 1935 813 1984 proterviam
837 1935 1002 1982 fugiens,
1019 1933 1065 1969 ab
1086 1934 1187 1969 omni
1207 1934 1326 1970 aliena

337 1995 449 2039 luxu,
480 1993 721 2030 sobrietatem
754 1993 894 2041 diligit,
931 1993 1164 2029 honestatem
1201 1993 1324 2037 fovet,

337 2054 516 2089 decorum
548 2054 597 2089 nil
626 2053 793 2101 requirit.
825 2056 1009 2100 Sequatur
1034 2052 1328 2087 conversationis

336 2113 486 2157 electio,
513 2121 553 2147 ut
575 2111 801 2160 adjugantur
822 2110 1095 2160 probatissimis
1115 2109 1329 2159 quibusque

337 2170 562 2207 senioribus.
585 2174 676 2207 Nam
701 2179 741 2205 ut
761 2169 958 2218 aequalium
981 2182 1068 2205 usus
1089 2168 1256 2213 dulcior,
1279 2169 1329 2204 ita

340 2242 470 2265 senum
502 2229 615 2264 tutior
646 2237 722 2272 cst,
758 2228 821 2276 qui
856 2228 1068 2276 magisterio
1098 2227 1261 2275 quodam
1295 2236 1331 2263 ct

341 2288 455 2324 ductu
485 2288 570 2323 vitae
595 2287 766 2323 colorant
794 2299 917 2322 mores
947 2286 1264 2332 adolescentium,
1295 2295 1330 2322 et

340 2348 443 2383 velut
469 2346 610 2381 murice
637 2344 832 2394 probitatis
861 2345 1045 2380 inliciunt.
1074 2349 1215 2394 {Nempe
1238 2346 1266 2381 si
1294 2346 1330 2381 hi

342 2405 404 2454 qui
433 2413 519 2440 sunt
544 2405 662 2451 ignari
688 2405 877 2448 locorum,
904 2417 987 2439 cum
1024 2403 1224 2439 solertibus
1255 2405 1331 2440 via-

341 2478 424 2500 rum
447 2464 515 2499 iter
533 2462 671 2499 adoriri
694 2463 873 2510 gestiunt,
895 2470 1037 2510 quanto
1060 2463 1175 2511 magis
1196 2463 1328 2498 adole-

340 2530 484 2558 scentes
517 2534 600 2557 eum
632 2520 783 2556 senibus
815 2519 953 2556 debent
982 2533 1120 2556 novum
1156 2521 1226 2557 iter
1259 2521 1329 2557 sibi

1450 1876 1507 1910 11.
1528 1878 1663 1922 Magna
1689 1881 1811 1909 autem
1833 1881 1888 1908 est
1906 1871 2086 1909 modestia
2109 1871 2300 1908 individua
2321 1885 2386 1909 ve·

1393 1933 1580 1970 reeundiae
1597 1933 1695 1968 socia
1713 1946 1719 1967 :
1738 1944 1821 1980 quae
1835 1945 1919 1967 cum
1937 1931 1984 1967 sit
1998 1931 2053 1968 sui
2067 1930 2163 1979 juris
2181 1932 2385 1978 remissior,

1393 1994 1484 2030 nihil
1507 2004 1712 2042 usurpans,
1734 1991 1826 2027 nihil
1844 1991 2061 2032 vindicans,
2080 1998 2117 2026 et
2136 1990 2384 2039 quodammo-

1394 2053 1443 2089 do
1462 2053 1558 2088 intra
1585 2051 1684 2088 vires
1703 2064 1787 2087 suas
1812 2050 2058 2095 contractior,
2083 2049 2188 2086 dives
2206 2058 2262 2086 est
2286 2050 2385 2099 apud

1395 2116 1529 2149 Deum.
1549 2110 1772 2148 Verecunda
1795 2108 2000 2152 modestia,
2019 2116 2056 2144 et
2077 2107 2248 2145 modesta
2275 2121 2385 2144 vere-

1396 2171 1531 2207 cundia
1566 2178 1621 2206 est
1654 2184 1662 2205 :
1703 2182 1786 2217 quae
1818 2168 1911 2204 nulli
1947 2167 2100 2203 insidias
2138 2167 2386 2212 machinatur,

1396 2230 1481 2265 laesa
1501 2242 1577 2264 non
1595 2228 1790 2273 irascitur;
1812 2236 1848 2263 et
1867 2234 2022 2263 cunctos
2039 2226 2257 2276 simpliciter
2274 2226 2386 2275 respi-

1397 2288 1519 2330 ciens,
1553 2287 1599 2323 de
1634 2287 1738 2322 nullo
1767 2286 1958 2322 sinistrum
1989 2285 2131 2334 aliquid
2161 2285 2385 2333 suspicatur.

1396 2351 1502 2383 Hanc
1529 2354 1742 2389 teneamus,
1768 2345 1888 2393 pueri,
1917 2344 2012 2379 banc
2040 2344 2237 2393 diligamus
2261 2358 2268 2379 :
2292 2352 2328 2379 et
2348 2352 2387 2379 ut

1397 2417 1476 2440 eam
1496 2417 1644 2452 semper
1661 2402 1800 2438 habere
1820 2403 2005 2451 possimus
2019 2429 2028 2446 ,
2052 2401 2226 2451 fugienda
2245 2410 2300 2438 est
2318 2416 2386 2438 no-

1399 2463 1453 2499 bis
1476 2462 1704 2498 familiaritas
1724 2470 1760 2498 ct
1778 2460 2032 2497 confabulatio
2051 2474 2182 2497 eorum
2197 2490 2206 2506 ,
2227 2461 2291 2510 qui
2311 2470 2387 2498 tur-

1398 2523 1495 2572 piter
1510 2530 1546 2558 et
1560 2521 1834 2570 indisciplinate
1850 2521 1996 2557 vivunt.
2015 2521 2160 2556 Talium
2178 2528 2304 2556 autem
2326 2521 2386 2556 in-

341 2580 515 2629 aggredi,
547 2593 623 2628 quo
645 2579 767 2615 minus
788 2592 914 2614 errare
935 2579 1098 2627 possint,
1127 2588 1163 2615 et
1192 2594 1213 2616 a
1241 2594 1331 2616 vcro
1349 2584 1380 2616 D
1399 2582 1522 2617 linitus
1548 2590 1603 2617 cst
1628 2594 1818 2616 numerus.
1846 2579 1968 2616 Habet
1993 2592 2080 2615 sane
2103 2591 2191 2615 suos
2210 2580 2388 2628 scopulos

344 2638 493 2674 tramite
528 2637 674 2673 virtutis
713 2635 937 2672 deflectere?
975 2637 1073 2673 Nihil
1110 2638 1210 2673 enim
1246 2639 1331 2687 pul-

342 2697 490 2742 chrius,
514 2709 624 2744 quam
651 2708 715 2730 eos
743 2703 779 2730 et
802 2694 996 2742 magistros
1022 2695 1109 2730 vitae
1137 2695 1274 2732 babere
1295 2705 1331 2733 et

344 2764 466 2791 testes.
496 2753 654 2790 Pulchra
685 2753 810 2800 itaque
838 2753 972 2801 copula
1000 2753 1191 2790 seniorum
1220 2763 1331 2803 atque

344 2813 650 2850 adolescentium.
697 2811 769 2848 Alii
816 2811 1053 2858 testimonio,
1095 2812 1156 2848 alii
1199 2814 1330 2849 solatio

344 2881 432 2908 sunt
465 2886 472 2906 :
507 2871 567 2906 alii
599 2869 862 2914 delectationi,
898 2870 958 2905 alii
996 2870 1144 2907 honori.
1180 2873 1332 2920 Legitur

343 2931 446 2980 quod
479 2928 666 2966 Barnabas
700 2932 865 2964 Marcum
899 2930 1098 2979 assumpsit
1130 2936 1161 2975 ²3
1197 2932 1332 2968 Paulus

344 2990 455 3025 Silam
482 2989 508 3032 3,
535 2996 572 3023 et
597 2987 834 3024 Timotheum
854 2989 883 3033 ³⁸,
904 2997 941 3024 et
960 2989 1083 3024 Titum
1104 2988 1133 3034 ⁵,
1151 2998 1191 3026 ut
1213 2991 1333 3028 senio-

343 3060 402 3083 res
430 3046 585 3082 consilio
613 3046 887 3094 prtevalerent,
911 3046 1083 3094 juniores
1111 3048 1329 3086 ministeria

1397 2640 1646 2685 verecundia,
1675 2653 1751 2676 non
1778 2653 1873 2688 quos
1905 2639 1983 2688 ipsa
2006 2638 2172 2682 invehit,
2200 2638 2264 2675 sed
2291 2652 2388 2688 quos

1398 2714 1494 2749 saepe.
1529 2699 1686 2735 incurrit
1703 2727 1712 2744 ,
1751 2699 1778 2734 si
1815 2698 2146 2747 intemperantium
2177 2698 2387 2735 incidamus

1398 2759 1606 2802 consortia,
1625 2759 1688 2806 qui
1707 2758 1777 2794 sub
1796 2758 1919 2807 specie
1933 2757 2180 2806 jucunditatis
2199 2769 2386 2793 venenum

1398 2817 1604 2853 infundunt
1636 2817 1758 2853 bonis.
1792 2817 1838 2853 lli
1868 2819 1896 2853 si
1926 2817 2062 2853 assidui
2092 2825 2198 2861 sunt,
2227 2817 2387 2853 maxime

1398 2876 1434 2912 in
1456 2876 1651 2919 convivio,
1677 2876 1786 2921 ludo,
1806 2876 1903 2920 risu,
1922 2889 1962 2911 ac
1975 2874 2082 2924 joco,
2103 2883 2286 2911 enervant
2301 2887 2386 2924 gra-

1398 2935 1550 2970 vitatem
1581 2934 1680 2970 illam
1709 2934 1875 2978 virilem,
1896 2942 1933 2970 et
1951 2934 2097 2970 animos
2117 2933 2279 2982 pueriles
2300 2945 2387 2968 cor-

1399 3001 1598 3042 rumpunt,
1620 3001 1730 3041 atque
1749 2993 1825 3029 suis
1840 2993 1945 3029 malis
1960 2993 2223 3029 assuefaciunt.
2242 2993 2386 3028 Cavea-

1399 3065 1481 3089 mus
1505 3052 1631 3101 itaque
1652 3065 1697 3087 ne
1715 3052 1802 3088 dum
1823 3052 1988 3088 relaxare
2006 3052 2171 3087 animum
2189 3051 2364 3087 volumus
2377 3078 2386 3095 ,

394 3185 400 3199 ¹
422 3178 512 3219 Apud
526 3179 653 3208 llieron.
675 3178 764 3218 epist.
786 3182 802 3208 ’λ
817 3179 853 3208 ad
875 3181 984 3220 N'epot.
1000 3190 1067 3220 cap.
1095 3183 1145 3211 14.
1161 3199 1201 3203 -—
1221 3187 1231 3202 ²
1251 3186 1319 3213 Act.
1335 3195 1388 3221 xv,
1406 3186 1460 3214 37.
1478 3204 1503 3207 ——
1543 3183 1765 3214 ³1l›id.4o—
1790 3183 1951 3219 *idam-1,
1972 3187 2003 3213 3.
2019 3201 2061 3206 ν-
2074 3181 2087 3203 ⁵
2102 3183 2206 3213 Galat.
2224 3192 2245 3211 ιι
2260 3205 2266 3214 .
2290 3185 2316 3212 1.

388 3243 398 3252 ··
416 3236 562 3267 I’roxcrb.
585 3239 762 3266 (Bra-cortun
791 3243 865 3266 teste
887 3238 1099 3278 iheronymo,
1126 3239 1214 3280 epist.
1242 3244 1258 3270 ἶ).
1284 3242 1321 3271 ad
1346 3245 1455 3283 N'epot.
1473 3254 1540 3285 cap.
1565 3245 1612 3273 it.
1637 3261 1679 3264 —-
1696 3235 1710 3257 ¹'
1725 3245 1819 3273 Juxta
1842 3242 1970 3273 inultos.
1997 3244 2095 3272 Marc.
2118 3252 2176 3271 xiv
2191 3265 2199 3278 ,
2235 3243 2287 3271 51.
2311 3238 2387 3270 Vide

339 3290 502 3329 tlirysost.
528 3290 555 3318 in
577 3289 655 3318 l‘sal.
681 3292 738 3321 til:
760 3289 901 3319 ,tantu-m.
923 3290 952 3318 in
974 3291 1050 3320 l’sal.
1072 3294 1278 3331 3n;(·.1‹·g01·.
1300 3295 1409 3324 Moral.
1425 3295 1477 3325 lib.
1501 3297 1550 3331 lsi,
1577 3305 1644 3335 cap.
1666 3297 1726 3330 23;
1753 3297 1860 3324 Barou.
1883 3300 1909 3323 et
1927 3294 2013 3323 alios.
