2504 3928
305 200 393 235 1211

297 277 466 313 nedictus
491 275 533 309 sit
563 275 627 308 istc
645 280 800 312 amator,
818 285 836 306 a
861 285 937 319 quo
963 272 996 307 in
1021 272 1203 308 mandatis
1224 271 1312 308 lia-'²

1110 197 1172 233 OG
1182 198 1278 231 tenu
1308 197 1467 231 sumto
1497 197 1525 228 Υ

1319 271 1483 319 ''regiua
1505 271 1706 315 virtutum,
1735 271 1780 307 ad
1809 272 1945 308 nullius
1974 273 2054 309 vitii
2080 283 2190 322 pavet
2210 288 2343 312 occur—

2248 199 2344 236 121¹)

298 338 444 374 lwuius,
465 342 500 369 ut
522 346 588 368 nos
610 332 768 367 iuxicciu
797 330 1013 378 diligamus,
1040 332 1133 367 sicut
1161 332 1289 368 dilexit
1310 331 1337 363 Α
1353 344 1453 372 sum,
1475 330 1598 365 dotata
1629 330 1820 377 sanguinis
1846 330 1980 367 Christi
1999 345 2134 375 ccnsu,
2158 333 2194 368 in
2224 334 2344 370 frontc

301 409 380 431 uos.

357 455 382 488 i.
399 451 467 486 Scd
485 451 638 486 fortasse
654 448 740 483 dicit
757 448 889 496 aliquis
909 462 915 482 :
936 451 990 484 De
1006 448 1072 484 hac
1087 449 1289 485 dilectione

298 512 451 551 xacillo;
479 518 514 544 ct
543 507 736 557 quomodo
762 506 971 555 diligendus
996 508 1042 543 sit
1067 508 1285 557 proximus,

296 572 418 607 miuus
439 568 598 618 perfecte·
615 567 794 613 intelligo.
812 566 906 602 Mori
926 566 1077 615 quidem
1095 579 1170 602 non
1195 579 1287 616 pos—

296 644 376 667 sum
408 643 476 679 pro
504 628 634 671 fratrc,
651 627 743 662 sicut
765 626 932 663 Christus
959 626 1143 662 Dominus
1168 627 1289 662 voluit

296 690 388 726 mori
418 702 487 737 pro
515 695 642 722 nostra
667 686 794 721 salutc.
815 685 870 721 Ad
894 698 1004 734 qucm
1027 699 1095 734 ego
1116 687 1289 736 superius

294 751 369 786 dixi
382 779 389 792 ‚
408 746 509 797 quod
534 746 647 781 dictio
662 750 753 780 sicut
771 758 844 780 non
862 753 917 780 est
941 746 1155 794 expressiva
1173 758 1289 794 quan-

297 809 427 850 titatis,
461 806 524 842 scd
551 805 750 854 qualitatis.
785 805 818 841 Si
852 817 927 840 non
953 812 1060 853 potcs
1082 818 1187 853 :eque
1207 818 1289 840 am-

297 869 426 905 bulare
461 879 544 902 cum
580 864 746 905 Christo,
779 864 908 900 saltem
946 877 965 899 a
999 864 1109 912 longe
1144 864 1289 900 imitare

296 927 449 976 vestigia
473 925 564 973 cjus.
592 925 628 961 Si
656 937 730 960 non
760 924 861 960 vales
891 923 1044 971 diligere
1075 924 1288 972 proximum

298 997 401 1023 tuum
431 986 514 1034 plus
530 997 642 1032 quam
671 992 706 1019 te
731 983 870 1033 ipsum,
888 983 990 1032 quod
1012 983 1179 1020 Christus
1205 983 1290 1019 fecit

1355 390 1530 425 vexillum
1561 388 1730 438 bajulans
1761 390 1898 435 crucis,
1929 399 2084 428 cunctos
2111 392 2345 431 adversarios

1354 450 1389 484 in
1421 450 1542 496 fugam
1562 448 1768 493 convertit3
1788 461 1856 484 nec
1878 458 1933 485 cst
1958 450 2022 498 qui
2042 451 2157 500 possit
2177 453 2346 489 resistere

1354 508 1498 544 viribus
1516 507 1607 556 cjus.
1629 508 1723 545 lluic
1752 507 1801 544 nil
1829 509 1913 545 mali
1931 510 2097 547 accidere
2117 519 2260 560 potest,
2280 512 2343 548 sed

1354 580 1502 616 semper
1529 575 1565 602 ct
1593 566 1733 616 ubique
1765 576 1890 603 manet
1912 581 2054 604 secura.
2087 573 2174 605 lla¹c
2201 579 2256 606 est
2285 571 2344 606 illa

1354 640 1454 662 arma
1471 635 1507 662 et
1524 635 1669 662 scutum
1683 654 1692 671 ,
1721 639 1804 676 quae
1833 635 1938 675 rogat
1965 628 2148 678 propheta
2168 629 2205 665 in
2225 638 2344 665 certa-

1356 698 1437 722 mcn
1474 685 1616 734 positus
1646 685 1849 721 Dominum
1880 687 2065 736 accipere,
2097 701 2180 724 cum
2213 689 2301 724 dicit
2337 705 2343 725 ι

1355 745 1604 791 Α])])ι·ιἸι(Ἧ(Ισ
1626 756 1732 778 arma
1751 751 1785 778 et
1803 752 1941 779 scutum
1952 771 1963 787 ,
1992 753 2026 779 et
2044 758 2199 793 assurge
2218 750 2254 780 ιή
2271 748 2343 781 ml·-

1345 808 1523 849 sutorium
1556 804 1644 837 'mhi
1663 809 1686 838 ¹.
1718 805 1794 839 Isto
1816 811 1922 840 scuto
1942 816 1981 840 se
2010 804 2196 853 gaudebat
2216 813 2345 854 protc-

1354 871 1453 899 ctum
1477 863 1587 898 fuisse
1613 863 1709 898 idem
1739 863 1939 913 propheta,
1961 877 2044 900 cum
2063 864 2211 901 dicebat
2233 879 2241 900 :
2265 867 2344 900 Do-

1355 927 1471 966 mine,
1501 931 1538 956 ut
1564 931 1662 957 scuto
1689 921 1796 957 lumoe
1827 925 2028 958 voluntatis
2057 932 2133 958 tuce
2162 930 2346 959 coronasti

1355 994 1419 1016 nos
1436 987 1459 1017 ⁷.
1481 981 1715 1029 Quicumque
1745 980 1808 1016 tali
1837 981 1971 1030 clypeo
2000 989 2192 1029 protectus
2212 983 2344 1027 fuerit,

297 1045 495 1084 moriendo
533 1057 603 1093 pro
631 1044 748 1079 salute
780 1043 924 1091 gencris
954 1043 1127 1088 humani;
1159 1043 1286 1078 saltem
1309 1041 1335 1075 B
1353 1040 1514 1076 hostium
1532 1054 1670 1077 cuncos
1686 1040 1896 1090 penetrabit
1912 1053 2076 1077 securus.
2093 1044 2166 1077 Ista
2183 1050 2237 1077 est
2254 1042 2347 1091 lapis

295 1107 407 1156 dilige
424 1118 508 1142 eum
533 1112 708 1151 tanquam
729 1111 761 1138 tc
784 1102 929 1152 ipsum,
954 1102 1023 1138 hoc
1039 1101 1207 1138 faciendo
1235 1102 1288 1138 illi

294 1166 395 1215 quod
424 1163 471 1200 ab
496 1176 541 1199 co
571 1161 635 1198 tibi
662 1162 716 1198 vis
738 1162 829 1198 lieri.
855 1162 925 1199 Sed
947 1162 1046 1198 dices
1069 1163 1161 1198 forte
1185 1177 1191 1198 :
1213 1166 1288 1199 Nec

295 1226 366 1260 hoc
392 1235 564 1272 possum,
587 1234 669 1256 cum
694 1221 728 1256 id
758 1234 830 1256 non
854 1221 1080 1270 imperandi,
1108 1221 1171 1257 scd
1192 1235 1286 1256 con-

295 1283 443 1321 sulendi
464 1281 576 1317 modo
592 1280 730 1316 dictum
759 1280 818 1315 sit.
839 1280 873 1316 Si
900 1280 971 1315 hoc
987 1280 1191 1316 observare
1213 1293 1287 1316 non

297 1351 421 1392 potes,
452 1339 538 1376 vide
561 1352 606 1375 ue
630 1338 737 1374 facias
756 1339 881 1383 alteri,
907 1339 1008 1387 quod
1032 1338 1098 1374 tibi
1128 1352 1203 1374 non
1233 1339 1290 1374 vis

296 1402 387 1437 ficri.
413 1400 471 1437 Sic·
495 1407 617 1435 autem
648 1397 859 1447 diligendus
879 1406 935 1433 est
955 1397 1168 1446 proximus,
1191 1405 1231 1433 ut
1251 1396 1289 1432 in

295 1462 359 1497 illo
380 1471 527 1507 semper
543 1457 720 1505 diligatur
739 1460 852 1492 Deus.
872 1456 908 1491 Si
926 1456 977 1492 sic
1005 1455 1127 1504 diligis
1154 1456 1289 1505 proxi-

297 1532 419 1563 mum,
450 1515 646 1565 complesti
680 1515 912 1551 mandatum.
951 1515 1010 1550 Sic
1042 1515 1140 1551 enim
1179 1513 1291 1550 debet

295 1578 395 1626 diligi
431 1575 645 1625 proximus,
680 1582 721 1609 ut
751 1575 888 1610 amoris
925 1586 1035 1609 causa
1066 1574 1113 1610 sit
1143 1586 1290 1623 semper

295 1642 414 1681 Deus,
446 1647 522 1671 non
553 1642 677 1669 autem
712 1633 921 1682 proximus
953 1634 988 1671 Si
1022 1633 1121 1669 enim
1144 1641 1289 1670 tantum

296 1704 452 1746 propter
477 1706 514 1730 se
535 1692 656 1741 ipsum
686 1691 866 1742 diligitur,
883 1691 961 1741 jam
984 1705 1058 1728 non
1077 1692 1148 1728 erit
1166 1692 1290 1728 chari·

298 1765 371 1800 tas,
400 1753 463 1789 sed
492 1764 598 1788 amor
618 1751 763 1787 medius
792 1766 799 1787 :
831 1751 887 1787 vel
909 1751 1023 1798 forte,
1043 1752 1146 1800 quod
1165 1751 1286 1797 absit,

1352 1101 1630 1145 adamantinus,
1653 1101 1716 1149 qui
1747 1100 1865 1149 frangi
1893 1113 1969 1137 non
1998 1107 2139 1149 potest,
2159 1109 2196 1136 et
2212 1110 2346 1137 cuncta

1354 1159 1559 1208 frangentia
1589 1160 1734 1207 frangit.
1763 1163 1836 1196 Ista
1862 1168 1916 1195 est
1949 1160 2054 1195 fortis
2074 1168 2258 1205 armatus,
2280 1162 2344 1209 qui

1353 1220 1543 1255 inimicum
1559 1233 1624 1256 sua
1638 1220 1777 1256 virtute
1793 1221 2013 1269 prosternit,
2028 1228 2063 1255 et
2079 1220 2220 1256 hostem
2236 1233 2345 1256 suum

1353 1278 1622 1326 nequissimum
1657 1291 1740 1314 cum
1773 1279 1875 1315 omni
1906 1279 2072 1315 exercitu
2102 1292 2189 1324 suo,
2222 1279 2346 1329 gladio

1354 1344 1513 1383 utraque
1546 1345 1652 1385 parte
1685 1345 1795 1373 acuto
1828 1338 1978 1386 perimit
2009 1346 2045 1373 et
2078 1337 2226 1374 occidit.
2259 1342 2345 1375 Ha‘c

1354 1396 1471 1431 amica
1489 1395 1598 1443 Regis
1620 1396 1773 1440 zeterni3
1804 1409 1879 1431 non
1902 1397 2007 1432 timet
2031 1397 2170 1433 intrare
2191 1397 2236 1433 ad
2258 1411 2343 1434 eum

1355 1453 1599 1490 confidenter.
1619 1457 1763 1490 Intrare
1786 1453 1962 1490 lectulum
1980 1455 2209 1500 Salomonis,
2227 1464 2262 1491 et
2284 1470 2345 1492 rc-

1355 1512 1548 1561 quiesccre
1563 1512 1800 1562 dedignatur,
1819 1513 1886 1549 nisi
1904 1526 2016 1563 super
2030 1522 2182 1562 pectore
2197 1514 2343 1550 Christi.

1407 1572 1444 1607 (3.
1480 1572 1517 1609 Si
1548 1572 1645 1608 inter
1676 1585 1766 1617 nos,
1802 1572 1950 1618 fratres,
1984 1571 2241 1609 dominabitur
2270 1573 2348 1610 haec

1355 1631 1483 1681 regina
1515 1631 1718 1677 virtutum,
1753 1632 1924 1681 profecto
1956 1640 2185 1680 cognoscent
2216 1646 2348 1669 omncs

1354 1691 1478 1740 pusilli
1496 1699 1532 1727 et
1555 1691 1678 1741 magni
1693 1691 1795 1740 quod
1815 1704 1902 1727 vere
1917 1692 2056 1728 erimus
2077 1692 2248 1742 discipuli
2269 1696 2345 1729 Do-

1355 1750 1458 1786 mini.
1486 1750 1558 1798 Qui
1587 1763 1661 1786 non
1690 1749 1804 1786 habet
1831 1750 2069 1796 charitatem,
2096 1749 2173 1799 jam
2195 1764 2270 1787 non
2290 1761 2346 1788 est

294 1827 400 1851 amor
415 1811 621 1862 pessimus;
640 1811 754 1859 etqui
776 1811 836 1847 tali
855 1824 983 1847 amore
999 1820 1197 1856 caecantur,
1219 1812 1288 1848 nisi
1307 1815 1334 1850 C
1353 1809 1434 1859 ejus
1449 1811 1514 1859 qui
1534 1810 1637 1846 dedit
1654 1809 1868 1846 mandatum
1887 1809 2087 1846 charitatis.
2107 1811 2274 1847 Charitas
2290 1820 2345 1847 est

294 1872 558 1924 poenituerint,
593 1870 726 1908 Christi
755 1883 883 1906 amore
911 1871 1137 1907 aeternaliter
1157 1871 1288 1921 priva-

295 1934 449 1970 buntur.

348 1995 381 2029 5.
403 1996 478 2029 Nos
498 2003 604 2041 ergo,
628 1990 777 2034 fratres,
800 1990 864 2039 qui
883 2003 904 2026 a
921 1990 1068 2028 Christo
1087 1990 1288 2028 Christiani

297 2064 473 2087 vocamur
503 2058 539 2085 et
571 2062 719 2093 sumus,
754 2049 887 2098 spretis
918 2048 1096 2085 omnibus
1133 2049 1289 2086 terrenis

295 2110 517 2147 transitoriis
542 2117 654 2158 atque
671 2108 818 2145 caducis
841 2121 924 2144 cum
952 2109 1038 2145 totis
1058 2107 1289 2144 amatoribus

293 2172 418 2214 caecis,
441 2170 491 2206 illi
521 2169 589 2206 soli
616 2168 807 2205 adhaerere
827 2169 1037 2217 cupientes,
1066 2169 1104 2204 in
1127 2169 1288 2205 fraterna

292 2230 472 2266 charitate
494 2227 707 2271 fundemur,
739 2236 779 2263 ut
803 2228 901 2263 illius
929 2241 1140 2263 mereamur
1160 2228 1288 2264 vocari

294 2298 330 2325 ct
362 2302 442 2325 esse
463 2287 655 2336 discipuli,
686 2287 749 2334 qui
780 2287 969 2336 Apostolis
988 2287 1083 2331 suis,
1115 2295 1152 2322 ct
1179 2287 1289 2324 nobis

295 2362 361 2398 per
389 2349 492 2397 ipsos
519 2346 710 2383 mandavit
735 2346 888 2382 dicens:
916 2349 959 2381 Ῑη
982 2347 1048 2381 hoc
1074 2357 1290 2393 cognoscent

295 2421 419 2442 υιηηω·
448 2410 534 2452 qnia
566 2409 637 2439 ttici
666 2410 748 2439 (titis
777 2407 969 2453 discipuli,
1000 2411 1032 2439 si
1058 2407 1286 2441 dilectionem

296 2466 493 2501 habueritis
509 2466 738 2499 adinvicem.
757 2466 798 2500 In
821 2464 892 2499 hoc
909 2464 1007 2499 enim
1024 2463 1288 2500 discernuntur

295 2526 358 2562 filii
380 2525 471 2560 lucis
491 2538 510 2559 a
533 2523 615 2559 liliis
637 2521 896 2567 tenebrarum,
919 2523 1092 2572 discipuli
1112 2523 1245 2559 Christi
1267 2536 1286 2559 a

1353 1869 1504 1907 dilectio
1525 1870 1592 1906 Dei
1616 1878 1652 1905 et
1669 1869 1830 1919 proximi
1850 1884 1857 1905 :
1880 1877 1915 1905 et
1933 1869 1997 1918 qui
2016 1882 2091 1905 non
2112 1869 2234 1918 diligit
2251 1884 2344 1919 pro-

1354 1928 1519 1973 ximum,
1545 1937 1715 1978 superest
1734 1936 1775 1964 ut
1795 1941 1870 1964 non
1898 1928 2026 1978 diligat
2047 1931 2188 1973 Deum;
2219 1937 2256 1965 et
2280 1930 2344 1978 qui

1354 2001 1431 2024 non
1457 1989 1596 2037 diligit,
1617 1987 1708 2024 odit.
1733 1991 1832 2036 Ergo
1848 1988 1912 2037 qui
1932 1988 2012 2024 odit
2040 1988 2189 2024 fratrem
2208 2001 2316 2025 suum
2333 2017 2344 2033 ,

1355 2047 1434 2083 odit
1450 2048 1639 2084 charitatis
1653 2056 1858 2084 auctorem.
1876 2051 1951 2084 Nos
1965 2060 2066 2097 ergo,
2085 2048 2232 2094 fratres,
2251 2062 2347 2097 quos

1353 2119 1460 2143 amor
1501 2106 1636 2144 Christi
1670 2106 1910 2156 congregavit
1941 2107 1978 2142 in
2020 2119 2157 2151 unum,
2188 2119 2234 2143 ex
2267 2115 2346 2143 toto

1353 2167 1466 2203 corde
1494 2175 1531 2203 et
1559 2179 1605 2203 ex
1636 2175 1713 2202 tota
1746 2174 1872 2203 mente
1905 2166 2104 2216 diligamus
2140 2167 2342 2203 Dominum

1353 2227 1561 2272 Christum,
1582 2235 1619 2263 et
1638 2226 1853 2276 proximum
1883 2235 2051 2263 nostrum
2075 2235 2249 2275 tanquam
2277 2240 2346 2263 nos

1353 2286 1476 2335 ipsos3
1503 2294 1539 2322 et
1560 2299 1629 2335 pro
1654 2286 1752 2321 illius
1771 2298 1899 2322 amore
1928 2299 2003 2321 non
2032 2286 2152 2322 solum
2180 2285 2342 2331 amicos,

1353 2345 1417 2381 sed
1445 2345 1554 2381 etiam
1583 2344 1754 2380 inimicos
1775 2357 1850 2380 non
1880 2353 2022 2380 tantum
2052 2358 2126 2380 non
2151 2345 2342 2390 odientes,

1353 2403 1539 2439 sedetiam
1555 2403 1764 2452 diligentes.
1784 2406 1869 2438 lla-c
1883 2411 1938 2439 cst
1955 2403 2079 2438 schola
2098 2403 2250 2448 Christi,
2267 2403 2343 2440 haec

1351 2470 1405 2498 cst
1418 2462 1588 2498 doctrina
1602 2462 1761 2511 Spiritus
1776 2461 1905 2497 sancti.
1922 2462 1959 2498 Si
1974 2462 2057 2510 quis
2072 2461 2118 2497 de
2133 2461 2201 2497 hac
2217 2461 2343 2499 schola

1351 2521 1502 2565 exierit,
1521 2529 1558 2557 ct
1578 2522 1614 2557 in
1638 2521 1705 2556 hac
1733 2520 1903 2556 doctrina
1924 2533 2000 2556 non
2021 2522 2340 2570 perseveraverit3

293 2583 483 2633 discipulis
501 2581 659 2626 diaboli,
678 2582 707 2617 si
724 2582 904 2630 gremium
922 2582 1110 2618 charitatis
1127 2582 1285 2618 invicem
1305 2585 1336 2618 D
1355 2581 1442 2617 mihi
1463 2581 1622 2625 credite,
1646 2581 1795 2625 fratres,
1818 2580 1855 2615 in
1887 2588 2066 2616 aeternum
2097 2579 2245 2629 peribit.
2274 2581 2343 2617 Di-

293 2642 395 2679 etad
425 2654 557 2677 omncs
585 2639 806 2675 extendunt.
832 2643 943 2675 Extra
969 2640 1092 2676 sinum
1121 2642 1283 2685 amoris,

295 2702 438 2737 nullum
470 2700 567 2735 valet
598 2699 810 2748 relinquere
831 2699 1000 2735 charitas.
1022 2700 1158 2737 Omnia
1177 2713 1285 2735 com-

292 2761 479 2811 plectitur,
500 2767 536 2794 ct
553 2758 721 2794 continet
747 2759 940 2804 universa,
963 2767 1075 2807 atque
1094 2772 1132 2795 se
1157 2767 1286 2809 erogat

292 2821 436 2857 cunctis
453 2829 705 2855 communem.
722 2818 887 2856 Charitas
903 2827 957 2855 est
973 2819 1117 2855 affectio
1133 2819 1283 2864 mentis,

294 2879 456 2917 brachiis
488 2878 626 2914 amoris
652 2877 837 2913 Christum
865 2878 1085 2927 astringens.
1120 2878 1286 2915 Charitas

293 2952 399 2976 anior
434 2939 656 2981 immensus,
697 2937 833 2972 coz-lum
876 2945 1089 2986 terramque
1117 2937 1286 2987 comple-

291 3008 395 3034 ctens
417 3012 423 3032 :
447 2996 605 3031 charitas
623 2995 847 3031 invincibilis
864 3010 983 3041 amor,
1005 2997 1067 3045 qui
1090 3010 1282 3046 nunquam

295 3057 403 3093 minis
434 3055 491 3090 vel
519 3054 713 3103 suppliciis
732 3054 864 3091 ccderc
885 3055 1002 3091 novit.
1023 3056 1190 3092 Charitas
1221 3056 1283 3092 in-

291 3114 508 3152 dissolubile
529 3114 719 3149 vinculum
742 3115 878 3150 amoris
908 3123 943 3150 et
975 3115 1075 3164 pacis
1099 3130 1105 3150 :
1129 3116 1286 3153 charitas

293 3185 346 3211 cst
366 3182 605 3222 contemptus
626 3173 754 3209 mundi
791 3182 826 3209 ct
857 3187 963 3209 amor
986 3175 1050 3210 Dei
1075 3190 1080 3210 :
1101 3175 1258 3211 charitas
1273 3203 1283 3219 ,

352 3309 356 3321 ¹
386 3301 592 3332 Psatxxxn,
614 3304 641 3330 9..
661 3319 697 3322 «ν
718 3300 822 3330 ⁷1‘sal.
843 3311 872 3335 v,
898 3305 945 3330 ΙῙῈ.

1351 2639 1504 2688 scipulis
1534 2647 1656 2674 autem
1684 2637 1837 2683 Christi,
1869 2637 2098 2674 amatoribus
2126 2638 2340 2684 charitatis,

1351 2698 1502 2735 dabitur
1518 2698 1596 2747 ipsa
1615 2696 1815 2734 multitudo
1834 2696 2058 2743 dulcedinis,
2076 2697 2215 2734 divitiae
2231 2706 2342 2734 aeter—

1351 2771 1408 2795 nae
1429 2757 1690 2801 beatitudinis,
1711 2756 1844 2805 gaudia
1864 2764 2011 2792 aeternae
2039 2756 2238 2802 felicitatis,
2257 2769 2341 2805 quae

1351 2818 1486 2867 gaudia
1504 2818 1582 2867 ipse
1605 2816 1714 2852 nobis
1744 2815 1867 2866 largiri
1899 2815 2086 2864 dignetur,
2108 2816 2172 2864 qui
2201 2815 2238 2852 in
2258 2816 2342 2852 Tri-

1352 2879 1467 2914 nitate
1487 2878 1651 2928 perfecta
1679 2884 1809 2926 regnat
1827 2884 1863 2912 et
1883 2875 1975 2911 vivit
2002 2879 2102 2912 Deus
2124 2874 2342 2912 benedictus

1351 2951 1419 2988 per
1435 2937 1560 2973 omnia
1577 2937 1709 2973 saecula
1729 2936 1965 2973 saeculorum.
1982 2939 2115 2972 Amen.
