2418 3949
155 270 251 306 1265
800 270 866 304 DE
895 268 1066 305 VERBIS
1093 268 1271 304 DOMINI
1299 268 1349 302 IN
1378 266 1544 303 COENA.
2098 268 2199 305 1266

149 346 352 394 quiriinus,
373 359 447 395 qua
467 343 584 394 magis
607 352 643 381 te
658 343 812 393 diligere
832 344 1047 382 debeamus.
1073 340 1196 380 Dic⁶⁴'
1212 341 1389 388 delectat3
1415 355 1491 379 non
1508 351 1662 379 enervat
1676 342 1741 380 sed
1758 342 1913 380 roborat
1936 358 1944 380 :
1971 352 2105 381 cuncta
2131 354 2206 382 ter-

148 404 258 442 nobis
276 405 341 454 qui
368 419 427 450 es,
450 413 486 441 et
509 403 600 453 quid
626 403 742 440 fecisti
767 402 893 450 nobis,
910 403 1013 440 unde
1033 401 1142 439 nobis
1159 403 1190 438 A
1209 414 1298 437 rena
1325 400 1548 448 subsannat,
1577 402 1656 439 sola
1683 403 1845 440 coelestia
1872 412 1998 453 captat
2027 419 2035 441 z
2067 405 2204 442 Christi

148 471 184 499 te
211 463 365 513 diligere
390 462 611 514 praecepisti.
629 463 697 498 Dic
725 461 854 509 nobis,
881 465 962 512 Ego
981 477 1059 498 sum
1077 467 1142 511 qui
1207 460 1382 496 mandata
1411 462 1586 510 requirit,
1615 471 1650 498 et
1673 475 1717 499 ea
1745 476 1816 512 pro
1841 463 1986 500 viribus
2003 463 2204 501 observare

146 536 224 558 sum
243 530 265 559 ¹.
283 526 363 571 Ego
383 537 462 559 sum
480 523 604 570 Alplza
628 531 662 557 et
685 524 842 571 Omega,
862 526 1085 571 principium
1107 531 1143 558 et
1207 519 1421 565 contendit,
1462 529 1499 556 et
1537 521 1583 557 de
1623 520 1887 559 observatione
1923 532 2201 573 praeceptorum

134 582 231 628 finis
246 588 272 628 ²,
293 594 424 618 creans
441 581 577 617 coelum
598 588 635 617 et
651 588 806 624 terram,
827 594 912 618 aera
938 589 975 617 et
1001 580 1138 626 maria,
1206 591 1335 628 gressu
1361 580 1455 616 felici
1477 581 1700 630 provehitur
1723 582 1769 618 ad
1795 584 2076 632 perceptionem
2106 596 2201 632 gau-

146 649 183 677 et
200 642 325 677 omnia
340 654 424 690 quae
443 641 480 676 in
499 640 551 677 eis
566 648 671 684 sunt,
693 640 813 676 factor
831 649 867 677 et
882 649 1028 677 creator
1046 653 1142 677 cun-
1205 638 1377 684 diorum,
1397 648 1439 675 ut
1461 653 1545 676 cum
1567 641 1630 677 illo
1651 641 1728 691 jam
1757 643 1919 691 perfecte
1934 642 2112 692 gaudeat,
2131 657 2201 693 pro

144 709 310 747 ctorum,
330 705 411 738 Rex
428 714 576 750 regum,
593 709 631 736 et
647 700 832 737 Dominus
848 700 1135 737 dominantium.
1206 697 1314 747 cujus
1339 699 1525 736 desiderio
1548 701 1585 736 in
1606 701 1674 737 hac
1693 701 1789 738 valle
1817 702 2064 751 lacrymarum
2093 703 2201 752 posi-

143 760 370 798 Audivimus
387 769 424 798 et
443 761 559 809 gavisi
575 773 723 805 sumus,
742 768 779 796 et
798 760 888 796 certi
902 773 1030 797 sumus
1047 773 1140 809 quo·
1206 765 1284 802 tus,
1317 765 1390 793 tam
1422 771 1547 795 amare
1578 760 1795 809 frequenter
1827 759 2051 810 suspirabat.
2089 761 2200 799 Lnde

143 820 242 856 niam
265 829 304 857 tu
326 834 364 857 es
384 824 486 857 Deus
506 833 575 869 per
601 819 728 855 omnia
752 820 885 856 saecula
902 819 1134 856 benedictus.
1205 825 1305 853 recte
1326 818 1496 866 sequitur
1514 833 1522 854 :

142 878 215 916 Sed
241 879 383 926 adhuc,
408 879 510 929 quod
536 892 606 929 pro
630 878 740 915 nobis
768 879 906 925 fecisti,
933 879 1140 928 implorant
1257 878 1292 913 5.
1321 879 1414 912 Hoec
1439 880 1578 913 locutus
1594 892 1673 914 sum
1690 878 1811 924 vobis,
1831 882 2059 928 ingaudium
2078 894 2198 916 meum

141 938 302 987 gemitus
327 939 464 984 nostri,
492 939 691 987 requirunt
716 939 890 988 lacrymae
919 938 1138 988 peccatricis
1203 939 1242 970 in
1265 935 1371 972 vobis
1391 941 1458 980 sit,
1486 946 1522 972 et
1539 939 1715 987 gaudium
1733 947 1892 974 vestrum
1914 942 2124 987 impleatur.
2145 945 2199 976 Ac

141 997 275 1033 animae
290 1010 393 1035 meae.
410 997 509 1034 Illud
525 1011 608 1034 cum
627 998 752 1034 recolo
767 997 869 1047 quod
885 997 1015 1034 feceris
1029 996 1135 1042 mihi,
1203 995 1232 1031 si
1251 995 1392 1032 diceret
1409 1011 1417 1032 :
1436 996 1527 1033 Ideo
1553 997 1732 1046 praecipio
1756 996 1883 1043 vobis,
1911 1006 1948 1034 et
1973 1011 2111 1034 moneo
2131 1011 2200 1036 vos

141 1063 179 1094 et
197 1055 298 1104 quod
316 1056 466 1093 fecerim
490 1055 556 1092 tibi
567 1083 577 1102 ‚
604 1056 748 1093 viscera
764 1069 846 1092 mea
859 1056 959 1092 inter
976 1068 1015 1092 se
1030 1054 1138 1093 colli-
1202 1066 1284 1090 mea
1297 1054 1498 1091 observare
1512 1064 1718 1105 praecepta,
1732 1065 1769 1092 et
1783 1069 1934 1093 manere
1948 1057 1984 1092 in
2000 1057 2200 1094 dilectione

141 1114 297 1160 duntur,
321 1115 475 1165 spiritus
501 1116 771 1160 contremiscit,
789 1116 913 1152 anima
929 1114 1135 1151 conturba-
1153 1112 1181 1146 Β
1203 1126 1302 1160 mea,
1320 1122 1361 1150 ut
1377 1114 1553 1163 gaudium
1573 1128 1697 1151 meum
1712 1115 1751 1151 in
1767 1114 1874 1152 vobis
1889 1116 1952 1161 sit,
1969 1125 2007 1152 et
2021 1116 2199 1165 gaudium

140 1182 214 1219 tur,
232 1175 412 1211 vulneror
426 1183 463 1211 et
479 1174 677 1212 confodior
692 1174 886 1211 doloribus
902 1174 1040 1210 multis.
1059 1177 1136 1211 Nec
1200 1181 1367 1209 vestrum
1384 1173 1430 1209 de
1446 1185 1505 1209 me
1521 1173 1783 1223 adimpleatur,
1800 1183 1842 1210 ut
1856 1174 2014 1211 habeam
2031 1175 2076 1211 dc
2091 1175 2200 1212 vobis

139 1234 290 1270 mirum.
309 1233 510 1283 Perpendo
540 1233 632 1283 quid
662 1234 791 1270 fecerit
821 1246 952 1270 servus
970 1233 1135 1270 Domino
1200 1245 1269 1282 per
1286 1240 1452 1269 mutuam
1470 1233 1708 1279 charitatem,
1729 1246 1840 1282 quam
1859 1233 1948 1269 mihi
1966 1234 2197 1284 impenditis,

137 1304 206 1335 suo
223 1307 231 1328 :
249 1300 286 1329 et
300 1301 458 1342 quantas
473 1301 511 1329 et
525 1294 654 1342 quales
672 1293 786 1330 luerit
801 1293 988 1329 Dominus
1005 1306 1135 1342 poenas
1199 1292 1301 1328 unde
1317 1292 1458 1342 possim
1475 1293 1658 1342 gaudere,
1675 1301 1712 1329 et
1729 1293 1821 1330 illud
1839 1293 2016 1342 gaudium
2042 1294 2144 1343 quod
2161 1295 2198 1331 in

137 1364 209 1401 pro
228 1365 349 1389 servo.
368 1352 606 1390 Conscientia
629 1352 720 1389 mihi
741 1353 842 1389 testis
869 1360 944 1396 est,
971 1353 1134 1390 Domine
1200 1351 1452 1388 retributione
1470 1353 1713 1402 praemiorum
1732 1353 1840 1390 electi
1855 1362 1943 1390 sunt
1959 1355 2198 1403 percepturi,

136 1414 244 1457 Jesu,
265 1411 356 1461 quid
377 1412 526 1448 fecerim
553 1412 641 1458 tibi3
664 1420 701 1448 et
727 1425 819 1448 crux
837 1420 900 1448 tua
920 1412 1010 1448 mihi
1030 1413 1136 1449 testi-
1200 1412 1398 1461 percipere
1424 1421 1461 1448 et
1489 1413 1681 1462 possidere
1709 1413 1870 1462 possitis.
1885 1413 1951 1449 Vel
1978 1414 2086 1450 aliter
2110 1429 2118 1450 :
2153 1416 2201 1450 L'c

137 1471 306 1508 monium
321 1470 514 1520 perhibet,
529 1470 617 1521 quid
633 1479 673 1508 tu
688 1471 819 1507 feceris
832 1470 933 1506 mihi.
950 1474 1005 1507 Tu
1019 1474 1134 1517 Deus,
1199 1473 1378 1520 gaudiam
1395 1485 1514 1507 meum
1530 1477 1579 1507 sit
1593 1476 1629 1508 in
1647 1472 1774 1516 volsis,
1795 1482 1830 1507 et
1840 1475 2022 1521 gaudimn
2041 1483 2199 1510 vestrum

136 1537 174 1565 et
200 1543 269 1578 ego
295 1530 437 1567 homo:
459 1539 496 1567 et
513 1539 634 1567 tamen
655 1543 724 1580 pro
746 1543 804 1566 me
826 1538 865 1566 tu
889 1533 991 1566 Deus
1017 1530 1136 1567 factus
1201 1532 1412 1578 impleatur.
1435 1531 1566 1568 Omnis
1589 1531 1688 1567 enim
1714 1531 1778 1580 qui
1801 1531 1988 1568 Christum
2008 1532 2054 1568 de
2070 1533 2200 1569 intima

136 1601 175 1625 es
202 1589 329 1625 homo.
357 1593 413 1626 Tu
443 1598 589 1626 creator
620 1597 656 1625 et
686 1602 755 1638 ego
782 1597 953 1625 creatura
975 1603 982 1625 :
1005 1597 1043 1626 tu
1064 1602 1134 1638 pro
1200 1590 1325 1626 cordis
1349 1590 1513 1627 medulla
1544 1604 1638 1640 pure
1670 1599 1707 1627 et
1737 1590 1879 1627 illibate
1910 1600 1947 1628 et
1976 1591 2200 1629 inconcusse

135 1661 196 1685 mc
216 1648 391 1699 dignatus
411 1662 450 1686 es
467 1649 545 1685 lieri
562 1657 744 1685 creatura.
765 1652 820 1685 Tu
837 1649 1042 1694 Dominus,
1066 1661 1135 1685 nos
1199 1649 1299 1685 intra
1315 1650 1437 1686 sinum
1460 1649 1668 1696 charitatis,
1687 1649 1850 1687 brachiis
1870 1651 2008 1686 amoris
2027 1652 2198 1700 complc-

135 1708 234 1744 servi
262 1722 270 1744 :
301 1716 339 1744 et
365 1720 435 1757 pro
460 1708 576 1744 servis
597 1707 770 1757 dignatus
799 1720 837 1743 es
869 1707 949 1743 fieri
979 1720 1131 1754 servus,
1199 1709 1314 1745 ctitur
1337 1717 1374 1744 et
1400 1709 1612 1754 connectit,
1637 1717 1755 1745 totum
1777 1708 1858 1758 ejus
1885 1710 2062 1759 gaudium
2081 1724 2200 1761 repu-

134 1767 358 1816 peregrinus
373 1780 443 1816 pro
460 1766 688 1816 peregrinis,
707 1780 776 1816 pro
797 1766 991 1804 exsulibus
1006 1767 1129 1813 exsul,
1201 1767 1294 1805 tabit
1320 1768 1358 1804 in
1389 1782 1512 1806 suum.
1536 1773 1617 1805 Imo
1645 1769 1805 1818 amplius
1829 1769 1967 1818 gaudet
1989 1770 2034 1807 de
2062 1772 2199 1820 gaudio

135 1838 206 1875 pro
223 1825 453 1875 pauperibus
471 1838 630 1874 pauper,
655 1839 725 1875 pro
743 1825 949 1862 humilibus
965 1825 1130 1872 humilis,
1199 1827 1302 1876 quod
1325 1827 1492 1865 Christus
1514 1828 1657 1878 accepit
1679 1842 1699 1864 a
1727 1832 1835 1866 Patre
1865 1830 2119 1878 resurgendo,
2153 1831 2200 1867 ad

134 1898 205 1935 pro
229 1885 450 1922 mortalibus
475 1899 551 1922 non
570 1894 712 1922 tantum
728 1886 917 1930 mortalis,
943 1885 1008 1922 sed
1031 1899 1134 1922 mor—
1153 1884 1179 1920 C
1199 1888 1314 1924 coelos
1347 1888 1606 1933 ascendendo,
1636 1888 1673 1924 in
1707 1888 1861 1926 dextera
1895 1888 1976 1937 ejus
2008 1889 2197 1935 sedendo,

135 1952 331 1991 tuus‚non
349 1945 614 1994 qualicumque
633 1954 772 1989 morte,
797 1945 861 1981 sed
888 1945 981 1982 dura
998 1946 1132 1991 nimis,
1201 1959 1312 1996 quam
1349 1947 1394 1983 de
1425 1947 1489 1983 illo
1519 1947 1657 1996 gaudio
1684 1947 1785 1996 quod
1822 1948 1860 1984 in
1891 1948 1950 1984 die
1980 1948 2112 1997 judicii
2145 1959 2201 1986 est

135 2017 260 2041 amara
275 2005 388 2042 nimis
404 2013 440 2041 et
460 2004 693 2054 turpissima,
711 2012 833 2041 morte
847 2005 987 2041 scilicet
1001 2006 1133 2042 crucis.
1200 2014 1448 2056 percepturus
1465 2019 1486 2043 a
1500 2007 1659 2044 Christo.
1677 2007 1809 2055 Igitur,
1828 2007 1959 2044 fratres
1976 2008 2197 2054 charissimi,

134 2066 222 2100 Haec
240 2077 356 2114 opera
373 2072 456 2110 tua,
486 2068 600 2100 Deus.
630 2066 717 2099 Haee
743 2077 858 2113 opera
878 2064 1077 2100 considero
1098 2073 1136 2101 et
1201 2074 1347 2102 maneat
1366 2067 1405 2102 in
1428 2065 1537 2103 vobis
1566 2066 1742 2115 gaudium
1767 2066 1922 2112 Christi,
1944 2067 2021 2103 sive
2041 2069 2086 2104 sit
2107 2069 2199 2104 acti-

134 2123 386 2160 contremisco
411 2138 418 2159 :
449 2123 486 2159 in
513 2122 570 2159 his
599 2131 633 2159 te
658 2123 938 2159 misericordem
966 2136 1045 2160 esse
1069 2137 1135 2160 co-
1198 2138 1309 2170 vum,
1341 2126 1419 2162 sive
1453 2126 1664 2175 passivum;
1697 2126 1774 2162 sive
1804 2126 1851 2162 sit
1881 2126 2087 2175 diligentis,
2120 2129 2199 2164 sive

134 2194 290 2231 gnosco,
308 2191 344 2220 et
360 2182 557 2226 revivisco,
577 2190 614 2218 et
631 2190 789 2231 propter
812 2182 883 2217 hoc
910 2183 947 2218 in
974 2191 1009 2219 te
1035 2196 1132 2219 con-
1200 2184 1326 2221 dilecti
1347 2199 1355 2221 :
1377 2185 1414 2221 id
1434 2194 1507 2231 est,
1528 2186 1606 2222 sive
1637 2186 1684 2222 sit
1712 2185 1888 2235 gaudium
1923 2200 1999 2235 quo
2029 2186 2198 2223 Christus

134 2241 231 2287 fid0;
254 2241 300 2278 de
329 2250 364 2278 te
388 2241 554 2286 conlido,
584 2249 619 2277 te
640 2254 739 2286 auio,
769 2249 805 2278 te
829 2241 958 2290 diligo,
985 2250 1019 2278 te
1048 2243 1134 2280 totis
1199 2243 1336 2293 gaudet
1353 2245 1399 2281 de
1417 2243 1546 2291 nobis,
1567 2245 1646 2281 sive
1666 2245 1713 2281 sit
1731 2245 1908 2294 gaudium
1928 2259 2004 2295 quo
2025 2260 2090 2282 nos
2107 2260 2199 2296 gau-

133 2301 340 2338 visceribus
357 2301 596 2351 concupisco.
1200 2304 1332 2341 demus
1364 2304 1410 2341 de
1441 2305 1599 2342 Christo.
1621 2305 1759 2343 Christi
1790 2304 2036 2342 observemus
2057 2320 2200 2356 praecc-

188 2360 223 2396 4.
254 2365 343 2398 Haec
367 2374 502 2410 opera,
522 2361 654 2396 fratres
676 2360 767 2406 mei,
794 2368 881 2396 sunt
904 2373 1013 2397 causa
1035 2361 1132 2397 dile-
1198 2372 1282 2413 pta,
1304 2373 1345 2400 ut
1361 2364 1440 2414 ipse
1457 2364 1619 2414 gaudere.
1643 2365 1762 2414 possit
1783 2364 1830 2402 de
1856 2364 1985 2410 nobis,
2007 2374 2044 2401 et
2064 2379 2132 2402 nos
2153 2365 2199 2402 de

133 2420 267 2456 ctionis
290 2420 437 2458 Christi.
462 2420 733 2469 Unusquisque
749 2428 916 2456 vestrum
935 2420 1080 2466 videat,
1102 2421 1131 2457 si
1198 2423 1280 2472 ipso
1294 2423 1455 2471 gaudere
1469 2424 1666 2473 possimus.
1681 2427 1830 2460 Maneat
1843 2425 1879 2460 in
1897 2423 2007 2460 nobis
2021 2425 2198 2473 gaudium

132 2480 339 2516 Dominum
361 2483 487 2516 Jesum
509 2479 663 2528 diligere
684 2478 831 2515 debeat.
850 2479 947 2527 Quid
971 2493 1041 2529 pro
1063 2493 1132 2516 no—
1197 2481 1443 2519 beatitudinis
1464 2482 1566 2532 ejus,
1592 2496 1668 2519 non
1690 2484 1810 2520 solum
1832 2497 1905 2533 qua
1926 2483 2012 2520 beat
2031 2485 2088 2520 vel
2108 2484 2199 2520 bea·

132 2537 190 2575 bis
218 2539 339 2576 facere
359 2539 509 2584 debuit,
532 2548 569 2576 et
596 2552 673 2575 non
699 2540 812 2575 fecit?
840 2540 1034 2588 quomodo
1063 2553 1133 2576 nos
1201 2543 1314 2579 tilicat
1333 2542 1380 2579 de
1401 2556 1438 2579 sc
1461 2544 1544 2592 ipso
1564 2543 1788 2593 gaudentes,
1810 2543 1874 2579 sed
1895 2543 2006 2579 etiam
2028 2557 2101 2592 qua
2121 2544 2200 2581 cla-

134 2598 220 2646 plus
235 2611 360 2635 amare
386 2599 528 2648 potuit,
547 2607 584 2635 ct
611 2612 687 2635 non
706 2599 872 2635 amavit?
892 2599 1073 2648 Majorem
1093 2600 1131 2635 in
1200 2601 1365 2638 rilicatus
1385 2611 1441 2638 est
1461 2616 1480 2639 a
1502 2606 1633 2647 Patre;
1659 2611 1699 2638 ut
1719 2616 1788 2639 nos
1805 2616 1890 2638 cum
1908 2603 1971 2638 illo
1988 2603 2023 2638 in
2046 2605 2199 2639 :eterui-

134 2656 244 2694 nobis
261 2657 499 2694 dilectionem
521 2671 597 2693 non
625 2658 752 2706 potuit
769 2657 906 2693 habere
931 2671 1043 2705 quam
1065 2658 1134 2694 ha-
1150 2659 1182 2692 D
1202 2669 1274 2697 tate
1292 2674 1503 2697 mercamur
1523 2675 1698 2711 regnare,
1718 2675 1787 2711 per
1801 2661 1975 2697 cumdem
1995 2663 2198 2699 Dominum

134 2715 234 2763 buit,
255 2717 343 2766 quia
360 2717 522 2754 animam
549 2730 652 2753 suam
682 2717 720 2752 in
750 2725 909 2752 mortem
929 2730 1000 2765 pro
1025 2716 1135 2753 nobis
1200 2722 1326 2754 Jesum
1346 2719 1555 2764 Christum,
1579 2720 1643 2768 qui
1661 2733 1745 2755 cuin
1767 2723 1874 2755 Patre
1894 2727 1930 2755 et
1951 2720 2088 2769 Spiritu
2110 2735 2199 2757 sau—

135 2776 273 2825 posuit.
296 2780 381 2825 Ipsa
396 2775 502 2814 beata
517 2775 662 2813 Veritas
679 2775 780 2812 testis
795 2783 868 2820 cst,
886 2774 987 2823 quod
1009 2776 1133 2818 majo-
1200 2784 1260 2812 cto
1281 2777 1374 2813 vivit
1403 2786 1439 2813 ct
1462 2787 1593 2826 regnat
1618 2782 1719 2815 Deus
1741 2778 1962 2815 benedictus
1982 2793 2050 2828 per
2072 2781 2198 2816 omnia

135 2848 210 2870 rem
232 2835 449 2870 charitatem
475 2848 581 2870 nemo
611 2834 738 2877 habet,
762 2848 872 2881 quam
901 2843 940 2869 ue
966 2839 1133 2870 unimam
1200 2836 1334 2872 saecula
1355 2836 1592 2873 saeculorum.
1615 2842 1748 2873 Amen.

134 2907 241 2929 suam
250 2903 371 2942 ponat
387 2898 468 2941 quis
479 2907 550 2941 pro
567 2898 698 2929 andeis
714 2899 799 2928 suia:
817 2896 899 2929 Non
918 2906 1007 2942 ergo
1026 2893 1133 2930 nobis

135 2953 308 2998 vilescat,
331 2953 464 2989 fratres
485 2953 576 2997 mci,
613 2953 691 3002 ipsa
713 2952 864 2989 dilectio
886 2953 1042 2996 Christi,
1071 2953 1136 3002 qui
1543 2967 1726 3008 SERMO
1755 2969 1861 3008 XIV·

136 3011 268 3047 dilexit
295 3025 382 3057 nos,
415 3021 452 3048 et
479 3013 569 3048 lavit
596 3025 663 3048 nos
692 3026 711 3048 a
741 3012 902 3062 pcccatis
932 3012 1070 3048 nostris
1097 3013 1136 3048 in

136 3071 315 3120 sanguine
333 3084 414 3107 suo.
440 3074 522 3108 Non
551 3070 659 3107 vobis
682 3072 852 3116 vilescat,
881 3071 1013 3107 fratres
1038 3071 1134 3118 mei,
1449 3084 1485 3111 lu
1503 3092 1583 3112 γης,
1606 3085 1642 3112 12
1658 3092 1727 3124 cap.
1747 3093 1788 3112 xv
1806 3082 1947 3114 Joanuis.

138 3143 214 3166 non
250 3129 356 3167 vobis
384 3139 589 3167 amarescat
619 3131 699 3180 ipsc
739 3144 844 3166 amor
871 3130 1025 3176 Christi,
1058 3131 1137 3180 ipsa

138 3190 297 3226 charitas
313 3190 459 3227 Christi.
477 3194 594 3226 Amor
610 3190 745 3226 Christi
765 3198 865 3226 totus
882 3189 1019 3235 dulcis,
1039 3198 1137 3226 totus
1262 3192 1293 3227 l.
1318 3194 1409 3228 Cuiu
1431 3191 1477 3229 de
1497 3193 1752 3243 Rcdciuptore
1772 3203 1902 3230 nostro
1924 3195 2048 3243 liu-gua
2073 3205 2197 3231 nostra

138 3249 385 3297 delectabilis,
401 3263 509 3286 suuni
527 3262 782 3300 possessorem
802 3263 877 3285 non
897 3249 1055 3296 cruciat,
1072 3248 1136 3286 scd
1203 3250 1313 3287 silere
1339 3263 1414 3287 nou
1438 3251 1591 3299 debeat,
1613 3262 1648 3290 ct
1676 3267 1723 3290 nc
1743 3255 1817 3290 cito
1842 3255 1888 3290 sit
1914 3253 2130 3291 adsumi-uin
2153 3255 2199 3292 dc

191 3382 197 3397 ¹
218 3376 317 3407 Exod.
336 3387 398 3415 ιιι,
425 3379 474 3408 lli.
492 3395 533 3399 -
556 3382 567 3398 ²
587 3379 687 3419 Apoc.
709 3387 799 3414 xxii,
823 3379 872 3407 113.
