2418 3949
125 145 196 181 641

121 234 278 271 regnare
305 230 372 258 est.
399 222 497 258 Audi
524 221 714 258 hominem
737 221 783 258 de
803 222 958 272 propria
977 222 1106 270 utique

748 147 1155 183 DECLAMATIONES
1184 147 1250 181 EX
1280 146 1554 181 BERNARDO.

1116 219 1165 238 ⁵⁰⁸
1179 233 1260 256 rum
1285 220 1350 268 qui
1371 221 1466 256 forte
1487 220 1613 256 omnia
1638 219 1850 267 relinquere
1874 218 1941 254 visi
1963 224 2072 260 sunt,
2096 215 2169 251 mi-

2101 137 2176 173 (542

119 282 350 332 experientia
368 281 630 332 perhibentem
646 281 754 318 fidele
771 281 1025 318 testimonium
1043 293 1109 316 ve·
1127 285 1159 318 A
1176 279 1275 315 nime
1297 287 1419 314 tamen
1440 278 1657 327 centuplum
1679 285 1921 327 acceperunt3
1939 288 2015 312 non
2037 282 2168 311 contra

119 342 218 378 ritati
235 357 243 378 :
259 345 304 378 In
317 347 399 387 via,
420 342 554 390 inquit,
573 346 860 377 testimoniorum
881 350 1022 377 tuorum
1040 341 1110 374 de·-

118 405 271 438 tectatas
286 415 378 444 suin,
395 407 488 437 sicat
505 406 542 436 in
557 400 723 436 omnibus
736 403 870 436 divitiis
885 406 907 436 ¹.
925 398 1024 447 Quid
1040 398 1110 434 crit

118 461 155 497 in
174 463 312 512 patria,
328 462 357 498 si
376 469 478 498 tanta
494 469 549 497 est
566 461 675 510 copia
693 460 950 496 delectationis
966 459 1003 495 in
1023 458 1110 494 via?

119 521 178 558 Sic
207 530 243 558 et
266 522 489 571 Apostolus,
511 533 587 556 non
608 520 646 555 in
667 532 732 568 spe
753 519 895 564 solum,
914 517 1106 555 sedetiam

117 581 157 617 in
176 580 416 617 tribulatione
432 580 560 615 docuit
573 579 725 628 gloriari
737 584 762 614 ².
781 578 848 614 Ille
864 577 1013 626 quidem
1032 577 1103 621 sic,

118 641 169 677 ait
189 641 328 678 amicus
352 639 465 687 hujus
488 640 632 684 saeculi,
649 638 812 674 auctoris
837 637 963 674 saeculi
981 637 1106 672 inimi-

117 713 203 746 cus,
228 701 292 736 ille
315 698 467 748 quidem
495 698 546 734 sic
569 712 577 733 ε
604 710 673 745 ego
695 697 790 733 forte
812 709 888 733 non
912 697 973 733 ita.
1000 695 1105 732 Deli-

116 768 219 796 catus
238 772 319 795 sum
335 787 344 804 ‚
367 758 480 793 homo
498 765 674 806 peccator
697 770 778 792 sum
790 786 799 802 ,
818 769 885 792 nec
902 755 1105 792 subsistere

114 817 153 852 in
183 825 287 853 tauto
318 815 448 852 labore
479 817 558 852 sine
586 815 704 864 gratia
736 816 874 862 multa,
896 829 964 852 nec
987 815 1105 864 ipsam

113 875 269 924 gratiam
311 874 418 910 valeo
455 873 678 922 promereri.
716 874 830 920 Quasi
864 887 956 910 vero
989 873 1106 923 gratia

114 947 191 970 non
212 935 260 971 sit
277 934 393 982 gratia
407 962 416 979 ,
437 933 501 969 sed
521 945 680 982 operum
699 946 842 969 merces
863 947 871 969 :
899 934 1005 982 quasi
1027 946 1103 969 non

1175 350 1262 382 nos,
1285 337 1349 374 sed
1369 346 1502 374 contra
1521 346 1556 374 te
1579 346 1654 381 est,
1675 338 1740 385 qui
1764 337 1890 373 dixisti
1913 351 1921 372 ε
1948 338 2079 372 Omnis
2101 338 2166 381 qai

1175 400 1358 444 reliquerit
1370 407 1515 444 patrem
1528 424 1540 440 ,
1555 405 1626 433 etc..
1647 399 1854 443 centuplum
1876 399 2044 442 accipiet.
2066 392 2165 441 Quid

1176 463 1301 491 tamen
1330 455 1516 491 dicimus?
1543 461 1600 492 An
1633 468 1677 491 ex
1707 454 1865 502 collegio
1891 452 2163 502 discipulorum

1174 513 1371 563 reprobari
1411 515 1494 563 quis
1529 523 1674 563 potest,
1708 514 1778 549 nisi
1816 513 1959 549 loculos
1997 511 2165 547 habens?

1172 576 1266 610 Sunt
1283 574 1381 610 enim
1406 573 1519 609 loculi
1542 586 1618 609 non
1644 573 1758 608 modo
1779 572 1965 621 pecuniae,
1988 571 2051 607 sed
2074 583 2164 619 pro-

1171 633 1262 682 priae
1282 633 1498 669 voluntatis.
1520 636 1716 668 Scrutetur
1736 631 1895 680 proinde
1921 631 1998 666 vias
2022 643 2106 666 suas
2126 638 2164 665 et

1171 693 1292 730 studia
1307 706 1393 737 sua,
1413 693 1478 741 qui
1494 692 1715 741 promissam
1733 691 1898 739 centupli
1916 690 2071 738 gratiam
2091 689 2162 725 sibi

1170 751 1298 788 deesse
1317 759 1491 788 causatur
1510 766 1516 787 ε
1537 764 1605 787 nee
1623 750 1779 786 dubium
1800 750 1890 798 quin
1913 750 2079 784 iuveniat
2097 762 2163 784 an-

1169 812 1296 860 gulum
1309 840 1318 856 ‚
1336 819 1374 847 et
1392 810 1640 846 diversorium
1654 839 1663 854 ‚
1687 809 2044 856 reclinatoriumque
2057 837 2065 852 ‚
2086 820 2163 843 non

1170 870 1322 920 quidem
1348 871 1431 907 Filii
1456 870 1640 915 hominis,
1661 869 1725 906 sed
1752 878 1816 905 aut
1844 869 1990 904 foveam
2019 867 2164 915 vulpis,

1171 938 1234 967 aut
1262 930 1427 966 volucris
1461 929 1606 965 nidum.
1639 929 1755 982 Magis
1784 936 1908 965 autem
1944 926 2164 976 perfectius,

112 1005 244 1030 omnes
260 993 519 1042 peccaverint,
536 1000 691 1029 autnon
714 1005 845 1029 omnes
865 1001 998 1041 egeant
1014 1005 1101 1041 gra·
1121 995 1149 1028 B
1171 990 1329 1027 obsecro
1343 1019 1352 1036 ‚
1384 990 1572 1038 relinquat
1599 989 1744 1033 omnia,
1769 996 1805 1023 et
1833 988 1955 1023 solum
1985 994 2166 1034 sequatur

113 1053 164 1089 tia
191 1052 273 1089 Dei.
298 1053 493 1097 AEstimas‚
519 1065 541 1087 o
568 1051 704 1097 homo,
739 1052 826 1101 quia
854 1065 1104 1101 personarum

112 1112 281 1162 acceptio
309 1112 357 1148 sit
379 1111 481 1161 apud
507 1115 647 1157 Deum;
673 1120 710 1147 et
730 1124 805 1148 non
826 1124 958 1148 omnes
978 1111 1105 1147 omnia

113 1170 367 1219 relinquentes
391 1178 465 1206 tam
485 1169 638 1219 copiose
659 1170 898 1206 consoletur?
917 1170 1002 1207 Noli
1022 1183 1102 1207 esse

113 1229 345 1275 incredulus,
366 1229 560 1278 acquiesce
579 1229 639 1266 vel
657 1229 812 1266 Veritati
825 1258 834 1275 ‚
852 1229 898 1266 de
918 1229 1026 1278 eujus
1048 1238 1102 1266 te-

110 1288 288 1325 stimonio
310 1289 404 1325 nulli
429 1289 515 1325 licet
543 1287 716 1324 dubitare
740 1288 839 1325 [ideli
861 1303 868 1325 :
890 1291 943 1324 Et
967 1294 1099 1334 omnis,

109 1347 256 1397 inquit,
282 1353 348 1397 qtti
367 1352 554 1396 reliquerit
575 1357 734 1397 patrem,
759 1358 824 1384 aut
848 1358 1017 1394 matrem,
1041 1359 1104 1385 aut

109 1409 272 1452 domum,
297 1416 359 1443 aut
386 1421 494 1456 agros
517 1416 673 1455 propter
698 1421 830 1442 nornen
859 1420 991 1451 meum,
1013 1421 1102 1442 cen-

109 1468 252 1514 tuplum
287 1464 484 1514 accipiet3.
520 1466 718 1502 Neminem
750 1466 917 1503 Christus
949 1467 1100 1516 excipit.

109 1525 236 1562 Miseri
258 1525 372 1575 igitur
398 1525 463 1574 qui
489 1525 639 1570 dicunt,
662 1529 802 1562 Praeter
831 1538 919 1571 nos;
947 1526 1011 1575 qui
1033 1540 1103 1562 >ex—

110 1585 269 1622 cludunt
310 1586 549 1634 semetipsos,
578 1593 615 1621 et
645 1585 838 1634 excipiunt
871 1598 890 1621 a
917 1585 1103 1621 beneficio

109 1645 285 1695 generali.
312 1645 497 1682 Nimirum
525 1644 698 1693 indignos
726 1658 764 1681 se
788 1644 961 1693 judicant
983 1646 1102 1681 multo

109 1705 226 1754 magis
259 1704 344 1740 vitae
374 1712 549 1749 aeternae,
586 1704 652 1752 qui
687 1717 755 1740 nec
788 1704 911 1753 ipsum
950 1704 1103 1753 quidem

1171 1049 1382 1094 Christum,
1399 1047 1545 1097 jactans
1566 1047 1767 1095 cogitatum
1789 1059 1898 1082 suum
1918 1046 1958 1081 in
1980 1058 2045 1090 eo,
2067 1057 2165 1080 enu-

1171 1109 1340 1147 triendus
1361 1107 1407 1144 ab
1423 1121 1468 1144 eo
1481 1136 1490 1154 ,
1509 1115 1546 1143 et
1565 1106 1784 1155 centuplum
1806 1106 1884 1141 sine
1901 1103 2017 1140 dubio
2034 1116 2165 1153 perce-

1169 1178 1314 1220 pturus.
1330 1173 1458 1217 Neque
1476 1167 1576 1204 enim
1595 1174 1718 1216 potest
1734 1165 1827 1201 solvi
1847 1163 2041 1212 Scriptura
2055 1190 2064 1207 ,
2082 1175 2167 1210 quae

1168 1237 1241 1266 tam
1279 1236 1381 1264 certa
1415 1226 1574 1263 veritate
1603 1224 1788 1270 subnixa,
1810 1221 1988 1259 omnibus
2016 1220 2054 1256 id
2085 1220 2165 1257 sine

1167 1287 1392 1337 exceptione
1413 1286 1612 1336 promittit.
1641 1284 1739 1321 Nihil
1766 1282 1837 1320 sibi
1864 1282 2047 1325 retineat,
2070 1278 2165 1316 nihil

1169 1348 1264 1392 suis,
1296 1360 1342 1383 ne
1372 1346 1560 1382 modicum
1591 1344 1814 1380 fermentum
1849 1350 1967 1378 totam
2006 1352 2164 1376 massam

1169 1404 1430 1454 corrumpatfi.
1459 1408 1554 1442 Sunt
1578 1403 1698 1447 enim,
1721 1402 1786 1451 qui
1813 1401 1884 1438 sibi
1910 1400 2073 1436 retinent
2098 1398 2166 1434 ali-

1168 1467 1282 1517 quid,
1316 1466 1526 1503 Dominicae
1561 1465 1665 1500 vocis
1695 1462 1821 1508 obliti,
1852 1461 1918 1510 qui
1951 1472 2028 1495 non
2060 1471 2165 1494 suam

1171 1528 1272 1564 venit
1303 1527 1424 1562 facere
1457 1525 1692 1561 voluntatem
1724 1538 1731 1559 :
1759 1530 1796 1558 et
1821 1522 1858 1557 in
1890 1519 1981 1569 ipsis
2011 1530 2164 1567 quoque

1170 1595 1385 1623 sanctorum
1412 1584 1577 1632 collegiis
1602 1581 1758 1632 proprio
1783 1588 1848 1616 aut
1871 1577 2079 1621 desiderio,
2100 1584 2165 1611 aut

1171 1646 1325 1681 sortasse
1348 1643 1505 1680 consilio
1524 1640 1779 1691 importunius
1799 1638 2047 1681 adhaerentes,
2068 1635 2165 1671 scio-

1170 1705 1226 1741 los
1252 1717 1331 1741 sese
1359 1702 1522 1746 faciunt,
1549 1701 1594 1737 de
1615 1714 1652 1736 se
1673 1699 1744 1736 sibi
1771 1696 1911 1746 aliquid
1940 1696 2166 1739 retinentes,

107 1763 327 1812 centuplum
359 1771 522 1813 sperant.
551 1763 623 1799 Sed
653 1763 740 1812 quia
771 1766 872 1799 Deus
905 1777 1018 1799 verax
1046 1772 1101 1800 est
1120 1768 1147 1803 C
1167 1777 1262 1814 quos
1280 1763 1430 1813 penitus
1446 1761 1667 1810 abnegasse,
1686 1767 1723 1796 et
1739 1758 1876 1794 divinae
1891 1754 2164 1805 providentice‚

107 1821 173 1870 qui
210 1823 418 1871 promittit,
448 1822 561 1858 homo
593 1822 720 1871 itaque
756 1821 917 1858 mendax
948 1831 1004 1859 est
1038 1823 1103 1872 qui

106 1879 253 1917 diffidit.

153 2011 236 2039 LIV.
252 2027 295 2031 —
312 2008 419 2041 Deliis
438 2010 491 2051 qui
510 2010 654 2041 videntur
668 2011 771 2041 omnia
793 2011 954 2053 reliquisse
967 2036 974 2050 ,
997 2022 1053 2043 nec.

441 2064 620 2106 centuplum
640 2064 766 2096 hahent.

160 2177 221 2213 65.
242 2179 294 2212 Et
310 2183 428 2214 omnis
446 2183 508 2227 qai
528 2181 715 2227 reliquerit
733 2189 901 2228 patrem,
923 2190 991 2217 aut
1013 2195 1098 2217 nm-

103 2243 215 2281 trem,
246 2246 310 2272 mtt
340 2240 506 2282 domum,
542 2248 609 2273 aut
643 2253 751 2287 agros
777 2248 931 2288 propter
966 2254 1099 2277 nomen

105 2307 244 2338 mettin,
271 2300 479 2345 centuplum
506 2303 688 2346 accipiet,
714 2309 751 2335 et
770 2304 888 2335 vitam
915 2309 1096 2337 oetertmm

99 2354 317 2401 possidebit.
338 2357 460 2393 Facile
476 2370 545 2407 ego
567 2367 737 2407 poteram
758 2359 1095 2396 contradictionem

102 2415 284 2451 sustinere
301 2415 531 2465 linguarum,
551 2417 580 2454 si
598 2417 635 2453 id
656 2418 832 2467 loquerer
849 2432 894 2454 ex
914 2431 972 2454 me
992 2419 1093 2468 ipso;

102 2474 285 2524 siquidem
310 2488 386 2512 non
408 2477 567 2526 percipit
589 2478 747 2513 carnalis
769 2478 882 2513 homo
902 2491 985 2526 quae
1006 2487 1095 2515 sunt

1169 1838 1211 1861 ac
1238 1822 1461 1859 obedientiae
1482 1829 1653 1871 patrum,
1678 1817 1844 1854 consiliis
1871 1828 2023 1864 quoque
2051 1814 2162 1862 spiri-

1170 1884 1326 1921 tualium
1356 1882 1525 1918 virorum
1556 1878 1765 1916 debuerant
1793 1875 2036 1911 commisisse.
2070 1876 2165 1909 Sunt

1169 1945 1234 1993 qui
1257 1941 1484 1993 propinquis
1510 1940 1674 1976 retinent
1699 1945 1736 1974 et
1761 1935 1912 1979 amicis,
1936 1932 2040 1982 quod
2066 1931 2163 1980 abji-

1171 2005 1276 2040 ciunt
1306 2016 1327 2038 a
1358 2000 1598 2050 semetipsis,
1634 2011 1703 2047 pro
1738 2008 1870 2031 corum
1912 1992 2165 2042 prosperitate

1166 2062 1362 2112 praesenti‚
1384 2060 1486 2096 inani
1505 2070 1658 2108 prorsus
1674 2065 1710 2092 et
1728 2054 1895 2091 saeculari
1913 2051 2164 2089 sollicitudine

1166 2130 1389 2165 aesttiante53
1409 2118 1579 2156 crudeles
1594 2118 1723 2166 plane,
1737 2115 1802 2164 qui
1820 2125 2057 2161 nequaquam
2076 2124 2164 2161 pro-

1166 2182 1286 2218 ximos
1303 2180 1458 2228 diligant
1479 2187 1656 2226 tanquam
1678 2188 1716 2212 se
1735 2189 1742 2210 :
1761 2173 1932 2210 crudeles
1948 2200 1957 2216 ‚
1982 2172 2135 2220 inquam
2150 2199 2160 2215 ,

1165 2244 1223 2279 vel
1245 2243 1281 2278 in
1303 2254 1363 2285 se,
1386 2241 1444 2276 vel
1467 2240 1503 2275 in
1531 2250 1641 2282 suos;
1669 2237 1768 2281 imo,
1797 2233 1901 2283 quod
1930 2232 2055 2268 verius
2081 2240 2156 2276 est,

1165 2301 1201 2337 in
1236 2309 1428 2348 utrosque.
1463 2301 1582 2335 Nemo
1612 2308 1702 2344 ergo
1721 2324 1730 2341 ,
1762 2306 1847 2330 cum
1879 2305 1917 2328 se
1948 2290 2050 2326 videt
2082 2303 2158 2326 non

1163 2360 1292 2396 omnia
1312 2358 1526 2408 reliquisse,
1547 2355 1769 2404 centuplum
1788 2365 1863 2389 nou
1881 2350 2068 2400 accepisse
2092 2350 2159 2385 mi-

1162 2429 1276 2456 YCUH'.

103 2534 256 2583 spiritus
277 2535 363 2580 Dei,
392 2535 455 2571 sed
483 2537 639 2573 stultitia
665 2537 719 2572 illi
746 2537 922 2572 videntur
932 2538 957 2572 ⁴.
983 2540 1091 2574 Nunc
1112 2544 1143 2577 D
1161 2552 1226 2579 LV.
1242 2567 1284 2570 -
1302 2546 1394 2588 Quod
1410 2545 1527 2577 coelesti
1541 2543 1753 2575 consolatione
1767 2552 1798 2572 se
1815 2540 1939 2582 privant
1952 2564 1959 2573 ,
1976 2539 2027 2580 qui
2045 2539 2160 2569 resilire

102 2601 226 2630 autem
245 2594 324 2644 ipse
341 2594 377 2630 id
395 2595 576 2644 loquitur,
594 2596 701 2644 cujus
718 2596 851 2641 verba,
870 2597 980 2633 etiam
1000 2599 1095 2634 coelo

101 2660 139 2689 et
169 2661 265 2690 terra
296 2655 598 2700 transeuntibus,
627 2669 704 2692 non
735 2655 989 2693 transilmnt5.
1023 2658 1094 2695 Sed

101 2711 244 2756 audivi,
266 2713 317 2748 ait
344 2713 458 2749 homo
487 2714 551 2762 qui
576 2714 799 2762 perditionis
825 2728 900 2752 suae
926 2718 1094 2753 occasio-

103 2783 212 2815 nem,
243 2779 301 2815 et,
332 2780 372 2807 ut
403 2772 516 2820 vulgo
550 2772 706 2817 dicitur,
744 2774 922 2811 festucam
957 2777 1093 2824 quaerit

103 2828 203 2864 unde
224 2828 292 2865 sibi
313 2839 419 2866 eruat
435 2832 587 2867 oculum
608 2847 615 2867 :
634 2832 781 2878 audivi,
800 2833 940 2882 inquit,
961 2835 1006 2871 de
1027 2836 1091 2871 illo

102 2895 139 2922 et
158 2887 222 2923 illo
249 2888 312 2936 qui
340 2889 570 2938 reliquerant
593 2891 742 2937 omnia,
767 2901 804 2928 et
831 2892 876 2928 ad
907 2894 1091 2930 vomitum

102 2954 190 2981 sunt
216 2947 378 2992 reversi;
401 2948 593 2996 quomodo
622 2950 673 2985 illi
701 2961 929 3001 acceperunt
957 2962 1093 2988 centu-

103 3004 233 3052 plum?
252 3007 439 3054 Exsurge,
463 3007 641 3053 Domine,
658 3007 786 3055 judica
806 3022 954 3046 causam
978 3018 1090 3045 tuam.

103 3066 147 3099 Et
166 3064 322 3100 istorum
348 3078 484 3115 nempe
509 3067 712 3112 calumnia,
735 3077 772 3104 et
798 3082 970 3105 murmur
991 3070 1093 3118 ipso-

1460 2599 1558 2641 parati
1575 2603 1646 2628 sunt
1665 2596 1704 2627 ad
1721 2602 1855 2626 terrena.

1213 2717 1273 2753 66.
1297 2714 1464 2752 Pretiosa
1487 2711 1671 2760 siquidem
1701 2708 1827 2745 diviua
1851 2707 2060 2743 consolatio
2081 2715 2157 2752 est,

1160 2789 1228 2812 nec
1263 2774 1419 2811 omnino
1454 2771 1632 2808 tribuitur
1660 2767 1946 2806 admittentibus
1982 2767 2154 2802 alienam.

1159 2834 1291 2871 Infelix
1314 2841 1374 2876 tu,
1399 2834 1515 2874 Esau,
1537 2830 1600 2877 qui
1629 2828 1752 2864 dixisti
1776 2841 1783 2862 z
1807 2827 1902 2861 Num
1927 2839 2040 2860 mmm
2065 2834 2153 2860 tan-

1157 2904 1231 2929 tum
1253 2892 1540 2927 b‹·11‹·‹l1‹·tim1em
1567 2887 1680 2923 habi-s
1694 2915 1703 2930 ,
1722 2887 1884 2934 patch?
1906 2888 2056 2932 Quanto
2081 2896 2153 2919 iue-

1159 2954 1229 2989 lius
1266 2951 1409 2987 diceres
1447 2962 1530 2984 cum
1570 2947 1754 2997 propheta
1789 2960 1796 2981 ε
1838 2946 1958 2979 suam
1998 2948 2094 2992 petii
2131 2957 2154 2978 a

1159 3014 1318 3047 Domino
1340 3037 1348 3051 ,
1391 3009 1488 3043 Ιιιιηε
1532 3011 1720 3055 requiram
1742 3003 1787 3040 ⁸?
1826 3003 2008 3051 Indignus
2055 3002 2152 3038 cuim

1160 3068 1424 3105 benedictione
1460 3065 1600 3102 coelesti
1639 3063 1902 3106 convincitur,
1934 3062 1998 3109 qui
2037 3059 2154 3095 dubio

154 3201 160 3214 ¹
184 3195 262 3226 psal.
277 3206 400 3234 cxviii,
426 3200 476 3229 lli.
491 3217 530 3221 —-
555 3204 566 3219 ²
582 3202 674 3231 Rom.
695 3211 726 3235 v=
747 3203 776 3235 2,
802 3203 834 3230 3.
857 3220 897 3223 -
916 3199 928 3221 ³
944 3200 1058 3232 Mauh.
1079 3212 1137 3230 xix
1152 3225 1158 3235 ,
1178 3203 1231 3230 ¹20.
1250 3199 1356 3229 --41
1380 3200 1450 3228 Cor.
1471 3209 1516 3236 ιι,
1538 3200 1587 3228 tt.
1608 3215 1647 3219 -
1668 3195 1680 3217 '³
1703 3199 1772 3226 Luc.
1794 3206 1848 3224 xxi
1863 3218 1869 3229 ,
1894 3197 1948 3224 ξῐζὶ.
1968 3211 2008 3216 —-
2024 3192 2037 3209 '⁷'
2055 3195 2063 3222 Ι
2081 3194 2152 3222 (Tor.

104 3251 241 3282 v,ss.--—-
264 3254 275 3274 Ἴ
296 3250 376 3280 Gen.
392 3253 580 3287 xxv¹1,38.
613 3272 619 3273 ff
659 3250 884 3290 “vs-itum,
915 3256 940 3284 ἰ.

236 3318 310 3340 Tou
358 3319 390 3342 v,
1930 3304 1971 3338 -η
