2504 3928
348 178 415 212 371

350 266 486 295 uuare;
515 252 643 287 docuit
675 260 711 286 ct
748 251 833 287 lecit
855 279 863 293 ,
895 252 989 288 sieut
1021 252 1201 301 scriptum
1231 262 1286 290 est

1124 179 1414 214 GILLEBERTI
1445 180 1642 214 AnssA'l'is

2314 180 2388 216 372

1321 268 1328 289 z
1361 252 1518 302 ''³111agis
1555 262 1680 290 autem
1721 266 1786 290 sua
1827 254 1907 290 aliis
1938 254 2155 304 impingere.
2206 256 2388 292 Acerrimi

350 314 467 359 (h’pie
491 313 595 346 lesus
612 309 746 357 jin-eree
776 319 809 345 ct
839 312 968 346 docere
987 318 1010 347 ¹.
1043 312 1132 347 Cum
1166 313 1266 348 enim
1295 317 1333 347 in
1355 316 1383 348 A
1404 322 1688 363 corrogatores,
1718 313 1923 361 parcissimi
1958 322 2196 363 erogatores,
2226 323 2267 350 ut
2303 328 2390 351 vere

341 369 467 416 joe-nm
497 373 564 404 Dei
586 379 695 411 essct,
720 374 954 417 semeIJ'psum
979 374 1200 414 eaeinanivit,
1225 380 1261 408 et
1278 372 1333 407 fa-

349 438 430 466 ctus
445 438 499 464 cst
518 429 611 464 sicut
629 429 751 465 czetcri
770 429 979 466 bominum.
996 430 1062 466 Ille
1077 430 1267 467 inclinavit
1287 431 1335 467 al-

351 488 548 524 titudinem
572 501 696 533 suam,
717 497 754 524 et
771 497 808 525 tu
831 490 968 526 attollis
986 491 1109 526 tuam?
1132 490 1229 537 Quid
1246 503 1336 537 ergo

351 547 386 582 in
406 546 513 582 vinca
535 546 697 582 sabama
724 548 966 597 intelligitur,
994 548 1063 584 nisi
1092 548 1186 585 ebrii
1210 561 1339 585 sensus

349 606 487 652 animi,
525 619 655 642 sensus
693 620 731 643 se
768 607 942 644 attollens
969 607 1148 644 adversus
1189 620 1338 644 sensum

351 665 436 710 Dei,
454 679 604 702 sensum
629 665 675 702 de
697 680 772 715 quo
793 667 881 703 dicit
904 668 1128 716 Apostolus,
1152 670 1228 703 Hoc
1255 681 1341 702 sen-

348 729 412 759 tite
439 729 474 758 in
506 724 605 760 vobio
621 754 631 769 ,
659 727 758 772 quod
781 734 816 759 et
841 730 878 760 in
910 726 1052 761 Christo
1072 727 1156 761 lesu
1171 754 1181 770 ,
1208 733 1277 762 etc.
1297 732 1309 747 ²
1332 740 1339 761 ε

345 791 382 818 et
420 784 528 828 item,
568 786 648 819 Non
691 788 771 820 nltn
801 789 1009 833 sapientes,
1046 786 1114 819 sed
1145 784 1342 820 humilibus

349 847 611 878 ι-οιι.ι·ι>ιιιι“ι,ἰιιι·.ι·
634 842 673 879 ³?
703 843 800 879 Audi
833 857 982 880 sensum
1015 844 1086 880 alta
1112 844 1341 893 sapientem,

351 910 389 936 ct
417 915 455 937 se
476 902 738 947 extollentem,
755 911 791 938 ct
811 903 914 951 quasi
949 903 1092 938 sumum
1112 915 1341 938 evanescen-

353 970 425 997 tem
445 962 481 997 in
503 962 729 1011 cogitatione
758 975 822 998 sua
843 977 850 998 ε
882 961 1045 998 Visitabo
1060 990 1070 1005 ,
1099 964 1189 997 (licit
1211 964 1341 996 Domi-

1401 371 1436 407 in
1464 373 1516 408 eis
1539 372 1584 408 de
1605 373 1664 409 Cis
1684 373 1769 409 Saul
1803 381 1913 409 natus
1942 372 2124 409 videatur.
2149 374 2208 412 Cis
2230 387 2393 423 namque

1402 436 1526 468 Durus
1543 460 1551 476 ‚
1585 433 1670 470 Saul
1699 440 1822 468 autem
1845 433 1998 477 Petitio,
2021 432 2056 469 id
2077 441 2131 469 est
2145 461 2154 478 ,
2173 433 2219 469 (lc
2239 433 2392 470 avaritia

1404 491 1560 527 aviditas
1575 521 1584 536 ,
1601 491 1646 527 de
1663 491 1843 540 parcitate
1859 491 2092 542 improbitas.
2110 496 2234 528 Durus
2257 500 2393 529 ventus

1405 551 1550 599 aquilo,
1573 550 1619 586 ab
1654 563 1698 586 eo
1733 551 1936 599 congelatae
1971 560 2058 587 sunt
2095 564 2200 600 aquae
2233 565 2240 587 :
2270 551 2394 588 suavis

1405 617 1541 653 auster,
1559 609 1604 645 ad
1625 608 1730 656 cujus
1750 609 1875 644 ilatum
1898 610 2160 645 misericordiae
2175 617 2214 645 et
2227 610 2391 646 charita-

1408 668 1452 703 tis
1473 668 1593 704 lluunt
1613 677 1792 704 aromata.
1814 672 1937 705 Durus
1959 678 2064 718 pater
2075 670 2154 714 Cis,
2176 669 2299 706 suavis
2319 670 2394 715 ille,

1407 727 1454 763 de
1477 741 1553 776 quo
1581 731 1688 763 Jesus
1719 727 1886 764 Christus
1912 742 1918 763 :
1954 730 2000 763 Ut
2023 733 2122 774 sitis,
2154 729 2395 778 inquit‚filii

1409 789 1532 822 I’atms
1553 791 1684 829 vestri,
1716 792 1779 834 qui
1801 791 1891 822 oriri
1903 786 2001 834 sarit
2024 790 2137 823 solem
2161 801 2262 824 snum
2288 801 2398 836 super

1409 845 1519 881 bonos
1545 855 1580 881 et
1597 849 1712 881 matos
1729 853 1756 882 9.

1461 908 1496 942 (j.
1529 910 1648 953 Quam
1692 905 1887 942 dissimiles
1916 919 2040 942 rerum
2082 905 2326 942 aestimatores
2359 906 2395 942 in

1408 965 1623 1001 coemendis
1640 965 1727 1001 etin
1751 965 1997 1014 transigendis
2021 978 2096 1001 non
2119 965 2396 1015 operibus‚sed

351 1035 437 1065 nus,
456 1020 739 1069 ,vuswrsructmn
761 1022 947 1070 magnifici
965 1023 1081 1056 cordis
1101 1025 1195 1069 regis
1214 1024 1339 1065 Assur,
1360 1027 1387 1060 B
1409 1024 1620 1062 mercibus!
1661 1038 1773 1074 quam
1809 1033 1938 1073 argute
1971 1025 2016 1061 de
2053 1025 2129 1061 oris
2161 1025 2217 1061 sui
2251 1025 2397 1061 sacculo

349 1090 385 1116 (Ἰ
400 1094 512 1128 super
529 1083 760 1116 altitudinem
783 1083 967 1116 oculorum
980 1086 1069 1126 (jus.
1089 1083 1196 1115 Dixit
1212 1085 1308 1115 enim
1331 1094 1341 1114 .·

350 1141 394 1174 ln
404 1138 626 1186 jortitmline
642 1153 773 1175 'nanus
795 1153 891 1174 mete
904 1140 982 1187 ji’ci
996 1168 1005 1184 ‚
1034 1149 1070 1175 et
1087 1144 1123 1174 in
1146 1143 1341 1186 snpientia

352 1212 434 1233 men
453 1201 618 1234 intelle-ci
637 1199 663 1234 4.
695 1202 737 1235 Et
767 1198 854 1234 alibi
879 1212 885 1234 :
910 1200 1039 1234 Nonne
1059 1199 1138 1234 leoec
1155 1208 1206 1234 est
1224 1198 1344 1246 Baby-

351 1263 412 1293 lon
441 1261 504 1294 illa
533 1273 692 1307 magna,
727 1272 839 1306 quum
862 1272 927 1307 ego
949 1257 1079 1305 seci5?

405 1320 438 1354 5.
470 1319 615 1354 Audisti
648 1331 818 1361 sensum,
853 1318 1091 1366 magnificum
1123 1331 1273 1354 sensum
1306 1330 1344 1353 se

351 1378 616 1422 extollentem;
641 1377 847 1413 intellixisti
865 1377 955 1425 quid
976 1377 1022 1413 sit
1041 1377 1151 1412 vinea
1166 1376 1321 1413 Sabama
1334 1404 1344 1421 ,

353 1437 462 1472 vinea
489 1450 572 1485 quse
604 1436 745 1472 utinam
773 1435 918 1471 deserta
939 1436 1006 1481 sit,
1026 1443 1064 1471 ct
1097 1448 1173 1471 non
1204 1435 1250 1471 sit
1280 1435 1345 1483 qui

354 1496 501 1532 excolat
522 1509 616 1532 eam.
642 1495 738 1531 Audi
770 1507 868 1530 nunc
896 1495 1146 1543 Apostolum3
1167 1493 1254 1531 audi
1275 1494 1346 1530 do-

362 1555 530 1599 minum,
556 1563 592 1590 ct
615 1554 809 1590 doctorem
839 1553 1007 1603 gentium
1033 1568 1040 1589 :
1073 1557 1224 1590 Domini
1244 1554 1344 1590 enim

349 1619 510 1661 gentium
534 1615 752 1649 avc-iderunt
770 1614 933 1662 flagella
966 1617 1056 1658 ejus.
1090 1613 1213 1658 Audi,
1244 1626 1345 1662 quo-

359 1673 472 1709 modo
492 1674 571 1722 ipse
597 1673 745 1710 excidat
765 1672 910 1721 flagella
939 1671 1106 1708 Sabamae
1131 1687 1138 1707 :
1163 1674 1251 1708 Noli
1286 1674 1346 1706 at-

353 1742 427 1767 tnm
448 1746 593 1780 sapere,
615 1734 686 1768 sect
712 1737 796 1768 time
809 1731 836 1767 ⁶.
872 1733 1046 1779 Proecipe
1078 1731 1243 1767 divitibus
1273 1746 1345 1767 non

352 1791 506 1839 superbe
538 1806 670 1840 sapere
695 1798 721 1827 7,

357 1862 467 1895 runt,
497 1851 660 1887 radicem
684 1851 938 1899 nequiverunt
961 1863 969 1885 z
994 1849 1216 1885 exciderunt
1247 1849 1351 1898 quod

356 1911 570 1955 eminebat,
603 1924 679 1947 non
698 1918 905 1960 potuerunt
932 1908 1035 1959 quod
1064 1908 1212 1946 latebat.
1232 1909 1352 1946 Radix

359 1972 436 2020 ipsa
460 1972 666 2021 cupiditas,
696 1971 881 2019 flagellum
910 1970 1087 2006 honoret
1106 1969 1314 2006 sublimitas
1340 1983 1347 2004 z

356 2031 662 2080 coucupiscentia
677 2030 781 2079 quasi
806 2029 931 2075 radix,
949 2042 1048 2065 curae
1065 2029 1171 2078 quasi
1194 2029 1348 2077 flagella.

358 2090 521 2126 Adverte
539 2103 649 2139 quam
668 2090 858 2138 signanter
884 2089 1062 2138 loquitur.
1082 2092 1158 2125 Nos
1174 2089 1210 2124 in
1235 2088 1351 2125 subli-

360 2149 551 2185 mitatibus
589 2149 741 2185 delicias
769 2147 998 2185 arbitramur
1033 2162 1040 2183 ε
1067 2148 1254 2197 Propheta
1281 2148 1350 2184 ssa-

358 2209 452 2255 gella
480 2217 599 2244 vocat.
634 2209 838 2257 Flagellant
874 2221 961 2244 vere
985 2217 1021 2244 ct
1053 2208 1247 2244 excoriant
1273 2208 1350 2244 ani-

361 2280 482 2313 mum,
516 2276 553 2303 et
586 2268 805 2304 exulcerant
843 2275 1014 2303 tenerum
1042 2276 1078 2303 et
1104 2268 1288 2304 intentum
1312 2267 1347 2303 in

360 2327 507 2363 Christo
522 2327 710 2362 affectum.
727 2326 860 2362 Infelix
880 2327 1013 2375 plane,
1042 2326 1105 2375 qui
1131 2326 1168 2362 in
1186 2326 1350 2362 exterio-

363 2383 465 2420 ribus
491 2384 586 2420 adeo
615 2384 802 2430 induruit,
825 2393 866 2420 ut
892 2398 967 2420 non
999 2385 1134 2421 sentiat
1165 2385 1244 2421 haec
1271 2398 1350 2421 esse

363 2443 526 2492 flagella,
550 2444 614 2480 sed
634 2445 780 2493 gaudia.
813 2446 1113 2492 l⁴'lngell‹wcrunt
1131 2458 1204 2490 me,
1227 2453 1261 2479 ec
1277 2458 1350 2479 non

360 2508 459 2538 sensi
483 2503 509 2539 ⁸.
530 2507 682 2539 Deserta
708 2502 817 2549 sucta
847 2513 899 2539 est
924 2508 1036 2539 vinea
1059 2503 1236 2539 sabama.
1257 2507 1351 2539 Vere

1408 1084 1571 1133 duplicia
1598 1086 1832 1134 proferentes
1864 1084 2056 1134 pondera!
2097 1085 2171 1120 nati
2203 1093 2240 1120 et
2276 1084 2399 1120 edocti

1409 1144 1610 1188 videntur,
1650 1157 1723 1180 non
1753 1144 1854 1193 apud
1882 1144 2170 1188 monachatum,
2207 1143 2270 1180 sed
2300 1142 2399 1192 apud

1411 1212 1614 1239 mercatum
1632 1218 1639 1239 :
1664 1203 1699 1238 in
1724 1203 1794 1239 hoc
1814 1216 1925 1240 sensu
1942 1203 2154 1249 abundant,
2173 1204 2260 1239 satis
2278 1203 2401 1239 tenui-

1411 1271 1465 1298 ter
1500 1271 1536 1299 et
1564 1263 1711 1299 exiliter
1742 1271 1778 1299 et
1807 1264 1902 1300 sicce
1935 1264 1981 1299 de
2013 1263 2162 1300 Christo
2199 1263 2398 1312 sapientes.

1410 1324 1570 1370 Propter
1586 1321 1688 1370 quod
1707 1323 1914 1371 propheta:
1940 1323 2143 1358 Brachium
2171 1325 2324 1358 Domini
2343 1325 2401 1356 cui

1411 1383 1612 1415 revelatum
1639 1390 1693 1415 est
1729 1390 1763 1416 et
1784 1384 1950 1416 ascendit
1971 1386 2080 1429 quasi
2109 1383 2310 1429 virgultum
2337 1393 2401 1415 co-

1412 1452 1491 1474 ram
1509 1452 1570 1482 eO,
1591 1448 1626 1474 ct
1643 1444 1752 1487 quasi
1773 1442 1884 1474 radix
1903 1442 1949 1475 (le
1969 1449 2067 1475 terra
2086 1445 2227 1475 sitienti
2247 1447 2287 1475 ¹⁰.
2303 1439 2401 1476 Nihil

1412 1497 1578 1534 validum
1596 1526 1606 1543 ,
1647 1499 1737 1534 nihil
1759 1497 1918 1535 sublime
1932 1527 1941 1544 ‚
1960 1498 2024 1535 sed
2050 1499 2240 1535 infirmum
2261 1507 2298 1534 et
2329 1498 2402 1534 liu-

1413 1558 1522 1602 mile,
1547 1566 1583 1594 et
1606 1566 1742 1606 praeter
1772 1558 1950 1608 simplicis
1972 1558 2132 1595 radicem
2160 1557 2264 1601 fidei,
2282 1557 2402 1594 subli—

1413 1617 1541 1653 mioris
1557 1625 1593 1652 et
1611 1616 1747 1653 divinae
1768 1617 1830 1653 vix
1849 1618 1988 1666 aliquid
2012 1618 2238 1666 attingentes
2258 1617 2404 1666 sapien-

1414 1675 1484 1711 tiae.
1510 1676 1645 1712 Paulus
1669 1675 1776 1720 dicit,
1797 1676 2075 1722 Fructificnntes
2092 1685 2127 1711 et
2145 1684 2343 1711 crescentes
2363 1678 2401 1710 in

1412 1739 1570 1769 scientia
1588 1737 1657 1769 Dei
1679 1740 1702 1755 ¹¹
1724 1749 1732 1770 ε
1754 1734 1814 1770 isti
1834 1747 1853 1770 e
1875 1742 2025 1779 contra,
2043 1734 2196 1783 propria
2214 1747 2290 1769 non
2311 1746 2403 1769 con—

758 1790 917 1839 Flagella
935 1817 944 1833 ,
982 1791 1105 1839 inquit
1125 1818 1135 1836 ,
1170 1791 1348 1840 praeeide-
1366 1796 1393 1832 C
1414 1794 1505 1829 tenti
1527 1793 1692 1838 inscitia,
1725 1802 1973 1829 contemnunt
1998 1794 2156 1829 aliorum
2187 1793 2401 1838 scientiam,

1417 1862 1453 1890 et
1476 1853 1593 1889 invidi
1618 1854 1882 1898 aestimatores,
1908 1853 2100 1902 sapientiae
2122 1852 2243 1889 studia
2263 1851 2403 1888 stolidi-

1418 1920 1530 1948 tatem
1549 1912 1867 1960 intei·1.›1·etant11r,
1895 1910 2060 1947 sobriam
2082 1909 2325 1947 subtilitatem
2346 1909 2405 1944 in-

1417 1971 1529 2007 saniae
1552 1971 1610 2007 vel
1632 1970 1822 2018 jactantiae
1848 1970 2046 2018 denigrant
2071 1977 2182 2014 nota,
2205 1975 2406 2019 operantes

1419 2031 1488 2080 ipsi
1525 2030 1649 2067 cibum
1686 2030 1750 2079 qui
1788 2030 1905 2079 perit,
1940 2042 2016 2065 non
2048 2029 2112 2078 qui
2144 2036 2338 2079 permanet
2367 2028 2405 2063 in

1417 2090 1530 2126 vitam
1557 2099 1755 2135 aeternam3
1784 2103 1825 2126 ac
1855 2089 1884 2126 si
1918 2088 2069 2138 quando
2099 2088 2145 2125 de
2167 2101 2257 2137 agro
2279 2100 2407 2124 rever-

1418 2156 1544 2185 tantur
1577 2148 1755 2194 domum,
1786 2148 2030 2197 indignantur
2065 2147 2110 2184 ad
2143 2146 2405 2196 symphoniam

1415 2215 1451 2243 et
1473 2207 1648 2252 chorum,
1670 2215 1706 2243 et
1725 2206 1888 2255 junioris
1913 2208 2035 2244 fratris
2058 2207 2103 2243 ad
2126 2206 2262 2256 gaudia
2291 2219 2407 2255 grun-

1417 2267 1527 2303 niunt
1546 2273 1587 2303 ¹².
1610 2270 1735 2303 Bonus
1756 2265 1887 2314 junior
1909 2267 1990 2312 ille,
2010 2266 2056 2302 de
2085 2279 2161 2315 quo
2188 2265 2278 2301 dicit
2303 2269 2408 2314 Apo-

1415 2326 1533 2362 stolus
1557 2339 1563 2360 :
1588 2327 1735 2360 Incluite
1759 2339 1889 2360 novum
1916 2326 2098 2360 hominem
2126 2329 2188 2373 qui
2208 2327 2406 2360 secundum

1416 2387 1534 2419 Deum
1556 2393 1697 2419 creatus
1713 2393 1766 2419 est
1784 2381 1824 2420 ¹3.
1848 2387 1973 2420 Bonus
1988 2383 2133 2433 junior,
2157 2383 2203 2420 de
2222 2397 2299 2433 quo
2319 2384 2407 2420 item

1417 2444 1469 2480 ait
1502 2458 1508 2479 :
1537 2446 1577 2479 Si
1605 2458 1681 2492 qun
1704 2446 1740 2480 in
1771 2445 1910 2480 Christo
1933 2458 2026 2480 nova
2056 2453 2250 2488 creatura,
2279 2453 2407 2479 vetera

1418 2508 1666 2549 transierunt,
1694 2513 1728 2539 et
1744 2502 1854 2550 sacta
1879 2513 1964 2539 sant
1987 2508 2111 2538 omnia
2142 2516 2235 2538 nova
2254 2503 2296 2538 ¹³.
2327 2505 2409 2539 Im-

361 2562 508 2599 deserta
529 2577 548 2599 a
571 2562 740 2612 patribus
757 2563 912 2607 nostris,
933 2564 997 2611 qui
1017 2563 1232 2599 nescierunt
1261 2575 1351 2611 pos-
1373 2565 1402 2598 D
1422 2563 1586 2612 prudens
1603 2563 1664 2600 ille
1681 2563 1820 2608 senior,
1837 2563 1901 2611 qui
1916 2562 2082 2599 laborem
2101 2563 2225 2607 novit,
2244 2561 2407 2598 laetitiam

360 2623 562 2668 sessiones,
600 2623 664 2659 sed
696 2623 871 2671 pictatem
900 2623 1093 2667 excolere;
1128 2635 1204 2658 non
1242 2621 1354 2658 rebus

362 2683 578 2728 intendere,
599 2682 662 2719 sed
693 2682 924 2731 r‹·ligioni.0
953 2685 1139 2731 tempora!
1159 2696 1180 2717 0
1210 2684 1352 2717 mores!

362 2743 475 2779 Modo
497 2744 720 2779 sercoinues
762 2742 892 2778 mundi
930 2742 966 2778 in
999 2756 1037 2778 se
1067 2754 1218 2778 sensum
1240 2754 1353 2777 exco-

364 2803 463 2847 lunt,
482 2802 610 2838 mundi
628 2802 738 2850 liujus
754 2802 928 2851 spiritum
955 2801 1095 2838 habere
1111 2814 1149 2837 se
1167 2800 1352 2849 gaudent,

363 2862 582 2910 sapientiam
607 2860 718 2909 liujus
736 2861 863 2896 mundi
879 2890 888 2907 ,
910 2875 993 2910 quae
1013 2860 1167 2897 stultitia
1181 2868 1236 2896 est
1252 2858 1353 2908 apud

366 2925 604 2969 l)eum‚qua:
629 2921 697 2969 legi
727 2920 795 2955 Dei
835 2921 972 2966 nescit,
1001 2920 1078 2955 imo
1115 2919 1245 2968 nequit
1275 2931 1354 2954 esse

362 2979 542 3026 subju-cta.
574 2983 653 3015 Non
690 2979 788 3014 enim
829 2986 954 3028 potest
989 2978 1175 3027 cupiditas
1212 2977 1353 3014 servire

363 3038 553 3083 charitati,
588 3051 661 3073 non
693 3038 798 3073 novit
834 3038 994 3073 aliorum
1030 3051 1146 3074 onera
1174 3045 1351 3086 portare;

1421 2635 1496 2657 non
1518 2622 1635 2658 novit.
1664 2626 1754 2658 Jure
1779 2623 1923 2667 senior,
1949 2622 2012 2670 qui
2045 2623 2082 2658 in
2109 2629 2294 2657 vetustate
2324 2633 2406 2670 per-

1420 2681 1549 2726 durat,
1570 2690 1606 2718 et
1636 2694 1719 2730 quae
1739 2681 1878 2718 veteris
1899 2689 1984 2717 sunt
2010 2680 2173 2717 bominis
2193 2687 2323 2724 curat,
2344 2680 2407 2728 qui

1419 2741 1540 2777 carnis
1557 2741 1631 2789 agit
1650 2754 1776 2777 euram
1788 2769 1797 2785 ,
1814 2741 1881 2776 etsi
1899 2753 1974 2776 non
1992 2741 2029 2776 in
2047 2739 2207 2784 deliciis,
2228 2746 2350 2774 tamen
2372 2739 2408 2774 in

1420 2800 1612 2836 desideriis
1629 2815 1635 2836 :
1653 2801 1690 2836 in
1707 2799 1901 2836 desideriis
1919 2800 2069 2848 copiose
2085 2797 2323 2848 possidendi,
2341 2798 2410 2834 etsi

1421 2872 1496 2895 non
1518 2860 1810 2908 intemperanter
1828 2859 1970 2895 utendi.
1997 2861 2070 2905 Qui
2090 2861 2241 2902 volunt,
2266 2858 2407 2906 inquit,

1421 2931 1496 2954 non
1520 2918 1688 2963 delicati,
1708 2920 1775 2953 sect
1792 2919 2039 2965 divHesfieri,
2065 2919 2231 2953 incidunt
2253 2922 2290 2953 in
2310 2919 2410 2951 (lesi-

1420 2979 1522 3013 deria
1541 2980 1671 3022 multa,
1691 2980 1841 3012 inutilia
1860 2987 1893 3012 et
1909 2982 2037 3012 nociva
2052 2977 2093 3013 ¹⁵.
2105 2976 2240 3014 Inutile
2254 2984 2290 3012 et
2307 2975 2410 3012 noci-

1420 3049 1508 3073 vum
1521 3036 1747 3073 desiderium
1759 3065 1768 3082 ,
1785 3035 1848 3072 ubi
1860 3036 1928 3072 etsi
1945 3036 2145 3072 necessitas
2162 3044 2217 3072 est
2232 3035 2269 3071 in
2284 3047 2408 3080 causa,

422 3190 427 3202 ¹
447 3187 514 3213 Act.
535 3195 560 3217 ι,
583 3187 607 3213 1.
623 3200 665 3204 -
684 3189 694 3202 ⁷
721 3182 852 3223 l'liilipp.
876 3193 896 3211 ιι
912 3207 918 3217 ,
942 3188 974 3218 Γ»,
994 3185 1025 3219 7,
1048 3187 1076 3212 Ξ».
1095 3200 1134 3204 -—
1155 3180 1273 3213 31z0m.
1291 3193 1348 3219 xii,
1372 3185 1421 3212 is».
1437 3202 1477 3204 *j
1497 3181 1510 3207 *⁴
1534 3182 1601 3213 lsai.
1626 3194 1662 3217 x.
1686 3186 1721 3212 12
1737 3206 1744 3218 ‚
1772 3187 1820 3212 13.
1843 3200 1881 3204 —-
1905 3179 1917 3202 5
1936 3184 2075 3216 I)au.1v,
2101 3178 2348 3211 27.—‘³1t0·n.
2365 3190 2410 3214 xi,

372 3242 423 3265 wo.
459 3256 462 3257 ν
514 3239 554 3266 71
576 3235 656 3266 lim.
675 3246 723 3269 vi.
749 3237 799 3265 17.
822 3254 834 3255 ⁷⁷

372 3296 397 3308 '¹
419 3293 487 3318 1,ιιι·,
511 3292 753 3327 2x‚fft.*1-.‘i'2⁴——›

887 3235 899 3253 ’⁴
917 3238 1005 3266 l’rox,
1029 3245 1124 3271 xxiii,
1142 3238 1196 3264 sti).
1221 3251 1264 3257 —
1287 3241 1301 3262 ff*
1323 3234 1434 3265 Mattli.
1454 3246 1483 3271 v,
1508 3237 1554 3265 ‘05-
1579 3254 1587 3256 -
1611 3254 1618 3255 ff

1649 3235 1759 3264 wisan.
1781 3245 1846 3269 ι.ιιι,
1870 3237 1903 3268 1,
1929 3238 1957 3264 ¹2.
1982 3253 2010 3255 υ
2054 3239 2077 3253 ¹⁰
2105 3234 2220 3263 (Ioloss.
2245 3245 2254 3262 ι
2271 3257 2277 3268 ,
2305 3235 2353 3263 10.
2372 3250 2410 3253 -ὴ

780 3287 1068 3329 ¹³1·71·l1‹·>.1v,7,'·.
1091 3305 1126 3309 φ
1151 3288 1305 3316 'hliuma
1330 3298 1358 3321 ν,
1389 3289 1437 3316 17.
1468 3306 1486 3308 -
1517 3285 1543 3306 '⁵
1565 3289 1605 3317 [Ἰ
1620 3287 1669 3315 im.
1689 3297 1738 3321 vi,
1756 3290 1784 3315 ἵ).
