2418 3949
101 137 169 174 461
648 142 881 178 EPISTOLA
909 143 974 177 AD
1007 139 1222 177 FRATRES
1249 142 1313 176 DE
1342 142 1618 177 MONTE—DEI.
2074 138 2149 173 462

100 217 190 251 Nam
208 215 245 251 in
266 227 416 264 poenam
434 216 592 266 peccati,
615 225 652 253 et
672 218 926 255 testimonium
947 218 1089 254 amissae
1100 215 1148 234 ²²³
1159 228 1265 253 mens
1293 217 1351 252 vel
1379 218 1537 253 animus.
1566 217 1684 254 Menti
1709 229 1800 253 vero
1833 217 1890 253 vel
1920 215 2068 260 animo,
2090 213 2150 250 cui

98 272 287 322 dignitatis
313 275 514 321 naturalis,
545 275 709 325 positum
734 285 789 313 est
816 278 851 313 in
881 277 1027 326 signum
1054 277 1088 312 ei
1109 279 1138 312 A
1156 284 1288 311 caetera
1316 288 1403 324 pars
1427 276 1591 312 hominis
1616 275 1779 325 regenda
1808 275 1958 312 subdita
1984 283 2060 319 est,
2080 286 2147 309 nec

98 331 293 369 arbitrium
305 361 314 378 ‚
329 334 392 370 sed
413 335 616 384 captivum.
633 335 743 383 Quod
760 337 869 372 etiam
893 344 978 372 ante
997 348 1089 372 con-

98 391 308 428 versionem
326 401 363 429 et
376 392 636 430 liberationem
654 395 874 439 voluntatis,
893 407 1087 443 nunquam

97 451 257 498 perdere
278 460 403 502 potest
418 466 465 489 ex
480 461 559 489 toto
578 455 655 490 ulla
670 454 865 490 aversione
884 455 999 503 ipsius
1018 466 1088 490 vo-

96 510 262 548 luntatis.
279 515 319 549 In
334 526 410 562 quo
427 509 537 549 etiam
555 527 639 550 cum
655 526 700 550 eo
714 513 882 550 abutitur
896 514 932 549 in
945 513 1087 561 eligen-

95 569 144 606 do
164 572 301 608 malum
318 585 388 621 pro
403 571 523 618 bono,
539 573 634 609 sicut
646 573 786 609 dictum
802 581 869 618 est,
887 572 1020 608 melior
1034 580 1088 608 est

94 638 131 666 et
152 630 301 680 dignior
319 632 423 668 omni
442 645 627 681 corporea
648 642 836 678 creatura,
853 641 891 668 et
910 632 947 668 in
972 645 1029 678 se,
1051 639 1088 668 et

94 688 131 723 in
152 695 257 725 arte³
280 690 468 726 creatricis
487 691 667 727 veritatis.
688 691 886 728 Liberatur
904 704 995 728 vero
1016 705 1087 728 vo-

93 749 236 793 luntas,
259 748 412 798 quando
432 749 593 786 efficitur
612 750 772 787 charitas
790 766 797 787 :
820 765 904 787 cum
929 751 1088 788 charitas

92 807 159 844 Dei
175 807 401 846 diffunditur
417 809 454 845 in
473 809 653 846 cordibus
673 810 809 846 nostris
823 823 891 860 per
905 811 1086 860 Spiritum

92 874 280 914 sanctum,
294 868 360 917 qui
380 868 491 905 datur
507 868 619 905 nobis
631 875 653 905 ¹.
669 873 716 906 Et
733 883 835 906 nunc
851 883 939 907 vere
959 879 1014 906 est
1031 883 1089 906 ra-

92 927 164 973 tio,
185 927 257 963 hoc
276 936 333 964 est
354 928 504 965 habitus
531 929 667 965 mentis
692 942 761 979 per
790 930 915 966 omnia
945 943 1088 967 conve-

1155 334 1305 384 dignius
1324 343 1380 371 est
1402 335 1542 383 aliquid
1562 335 1608 370 ad
1628 335 1895 384 quaerendum,
1914 347 1984 370 nec
2001 332 2148 370 dulcius

1153 394 1199 430 ad
1211 393 1573 439 inveniendum,nec
1589 394 1716 430 utilius
1727 394 1773 430 ad
1789 393 2021 438 habendum,
2033 405 2145 441 quam

1153 453 1256 502 quod
1273 453 1394 488 solum
1409 452 1526 501 ipsam
1544 460 1705 488 mentem
1723 453 1997 501 supereminet,
2013 452 2077 501 qui
2093 459 2148 487 est

1154 512 1256 548 solus
1274 515 1389 548 Deus.
1413 515 1489 547 Nec
1515 511 1627 559 longe
1655 519 1710 546 est
1739 510 1786 547 ab
1815 523 2045 560 unoquoque
2075 523 2148 546 no·

1153 578 1293 617 strum,
1316 570 1404 619 quia
1422 570 1460 606 in
1481 570 1563 618 ipso
1584 570 1770 615 vivimus,
1790 583 2007 616 movemur,
2029 578 2065 606 et
2085 582 2147 606 su-

1153 628 1271 667 mus³.
1294 633 1340 666 Et
1359 642 1435 664 non
1457 628 1552 664 sicut
1573 628 1610 664 in
1636 641 1722 664 aere
1741 629 1835 675 isto,
1855 631 1907 664 sic
1928 629 1964 664 in
1983 629 2148 665 Domino

1152 692 1234 726 Deo
1251 696 1401 732 nostr03
1422 686 1485 722 sed
1500 686 1537 722 in
1556 686 1638 735 ipso
1657 686 1817 722 vivimus
1834 699 1903 735 per
1919 687 2030 723 fidem
2045 716 2054 733 ‚
2070 700 2149 723 mo-

1151 761 1287 785 vemur
1315 755 1352 784 et
1375 758 1647 796 promovemur
1671 758 1740 794 per
1759 758 1887 795 spem,
1911 746 2060 794 figimur
2082 759 2149 795 per

1153 820 1334 845 amorem.
1358 805 1416 843 Ab
1432 805 1514 855 ipso
1532 805 1632 841 enim
1647 812 1685 840 et
1699 804 1744 840 ad
1763 805 1886 854 ipsum
1905 804 2078 840 conditus
2095 812 2151 841 est

1153 866 1346 903 rationalis
1375 865 1522 901 animus
1535 892 1544 909 ,
1574 872 1615 900 ut
1649 863 1695 900 ad
1725 863 1848 913 ipsum
1873 863 1921 900 sit
1951 864 2150 899 conversio

1153 926 1252 976 ejus,
1270 934 1313 962 ut
1328 925 1376 961 sit
1395 925 1476 974 ipse
1495 923 1638 959 bonum
1660 921 1755 971 ejus.
1778 923 1850 958 Hic
1871 930 1995 958 autem
2018 935 2062 958 ex
2084 922 2150 957 illo

91 986 198 1022 niens
211 987 373 1023 veritati.
397 989 489 1025 Cum
511 988 610 1024 enim
632 987 788 1024 liberata
805 989 1000 1025 voluntate
1016 1002 1085 1039 per
1104 986 1131 1020 B
1151 986 1255 1022 bono
1270 984 1411 1028 bonus,
1430 983 1476 1020 ad
1493 982 1693 1031 imaginem
1708 990 1745 1018 et
1765 981 2047 1018 Sifflilstssdinem
2069 980 2150 1029 ejus

91 1043 312 1081 liberantem
340 1046 516 1095 gratiam,
539 1046 691 1095 spiritus
722 1046 779 1095 agi
810 1047 941 1096 incipit
968 1046 1085 1083 libera

91 1103 255 1149 ratione,
277 1112 367 1141 tunc
398 1117 487 1141 suus
516 1113 589 1149 est,
618 1104 690 1141 hoc
719 1113 775 1141 est
800 1118 838 1141 se
864 1106 946 1155 ipso
969 1106 1086 1142 libere

90 1170 199 1199 utens
218 1163 398 1209 efficitur,
419 1171 458 1200 et
477 1164 517 1199 fit
537 1164 704 1210 animus,
725 1172 762 1200 et
782 1163 905 1201 bonus
925 1165 1084 1202 animus.

90 1222 268 1268 Animus,
285 1222 459 1272 inquam,
473 1223 511 1259 in
529 1231 713 1272 quantum
732 1223 827 1261 bene
843 1224 1031 1270 animans,
1051 1233 1089 1262 et

91 1282 288 1331 perliciens
308 1282 444 1318 animal
461 1295 569 1318 suum
588 1283 852 1332 supplemento
873 1284 1000 1320 liberae
1019 1297 1084 1320 ra—

90 1340 212 1378 tionis.
244 1344 370 1378 Bonus
395 1349 543 1387 autem,
572 1341 610 1377 in
639 1350 823 1390 quantum
846 1341 924 1391 jam
954 1355 1083 1380 amans

89 1399 232 1436 bonum
259 1413 389 1446 suum,
411 1413 488 1449 quo
516 1399 641 1437 bonus
666 1401 728 1446 fit,
751 1409 788 1437 et
807 1400 886 1437 sine
909 1414 985 1450 quo
1014 1415 1084 1438 nec

90 1458 231 1506 bonus,
249 1473 318 1497 nec
333 1461 479 1497 animus
491 1473 570 1496 esse
587 1461 722 1510 potuit.
741 1461 799 1496 Fit
818 1469 942 1497 autem
961 1461 1084 1498 bonus

90 1519 237 1556 animus
257 1527 294 1556 et
314 1520 525 1565 rationalis,
548 1519 705 1568 diligens
733 1520 936 1556 Dominum
963 1524 1084 1557 Deum

90 1590 198 1614 suum
219 1578 258 1614 in
285 1586 365 1615 toto
387 1578 501 1615 corde
525 1591 614 1624 suo,
637 1586 674 1614 et
692 1579 729 1614 in
754 1586 831 1615 tota
853 1579 976 1615 anima
997 1593 1083 1625 sua,

90 1644 126 1672 et
140 1636 178 1672 in
196 1644 274 1673 tota
291 1646 417 1674 mente
432 1650 515 1682 sua,
532 1638 619 1674 etin
636 1637 814 1674 omnibus
830 1637 973 1675 viribus
988 1639 1085 1685 suis,

89 1703 125 1731 et
142 1696 290 1733 nonnisi
316 1697 354 1733 in
378 1697 460 1746 ipso
482 1696 676 1746 seipsum,
694 1705 730 1733 et
743 1697 958 1746 proximum
977 1711 1087 1734 suum

1151 1044 1326 1082 conditus
1339 1051 1394 1080 est
1408 1058 1415 1079 :
1429 1051 1470 1079 ut
1487 1041 1667 1091 quamdiu
1679 1041 1740 1077 hic
1760 1041 1915 1086 vivitur,
1930 1053 2042 1089 quam
2061 1054 2150 1090 pro-

1152 1104 1238 1154 pius
1251 1111 1397 1153 potest,
1412 1101 1565 1138 accedat
1581 1100 1627 1136 ad
1643 1112 1729 1136 eum
1747 1098 1992 1136 similitudine
2004 1127 2013 1143 ,
2035 1112 2055 1134 a
2074 1112 2151 1147 quo

1155 1164 1233 1200 sola
1252 1161 1442 1198 receditur
1463 1157 1790 1204 dissimilitudine3
1806 1166 1847 1194 ut
1865 1158 1913 1194 sit
1928 1158 1958 1194 is
1977 1166 2127 1194 sanctus
2141 1186 2150 1202 ,

1154 1222 1251 1260 sicut
1271 1222 1334 1257 ille
1358 1228 1508 1257 sanctus
1528 1227 1601 1264 est,
1621 1219 1659 1254 in
1681 1218 1809 1254 futuro
1829 1217 1978 1253 futurus
1999 1216 2151 1261 beatus,

1152 1282 1251 1319 sicut
1264 1281 1325 1318 ille
1337 1279 1470 1316 beatus
1481 1287 1550 1315 est.
1567 1278 1740 1327 Denique
1752 1277 1824 1314 hoc
1838 1278 1959 1314 solum
1975 1290 2151 1326 magnum

1149 1350 1186 1378 et
1205 1341 1348 1378 bonum
1366 1348 1438 1385 est,
1454 1351 1539 1375 cum
1557 1351 1716 1387 magnus
1733 1345 1771 1373 et
1786 1337 1910 1374 bonus
1930 1337 2075 1374 animus
2094 1350 2152 1374 su-

1150 1400 1278 1450 spicit,
1305 1399 1463 1434 miratur
1483 1405 1521 1433 et
1540 1396 1690 1432 affectat
1712 1395 1815 1444 quod
1833 1408 1948 1445 supra
1971 1408 2056 1432 eum
2074 1404 2150 1442 est,

1151 1469 1187 1497 et
1199 1460 1389 1496 adhaerere
1405 1457 1554 1493 festinat
1567 1455 1803 1492 similitudini
1817 1468 1893 1491 suae
1910 1455 2046 1491 devota
2063 1455 2152 1492 ima-

1151 1533 1211 1569 go.
1230 1523 1314 1569 Ipse
1340 1517 1440 1553 enim
1466 1516 1591 1564 imago
1609 1515 1679 1552 Dei
1699 1523 1765 1551 est.
1788 1518 1835 1551 Et
1860 1528 1929 1564 per
1949 1515 2021 1551 hoe
2048 1516 2150 1564 quod

1153 1579 1275 1627 imago
1294 1576 1363 1614 Dei
1383 1584 1456 1621 est,
1475 1573 1710 1623 intelligibile
1730 1574 1763 1610 ei
1783 1574 1843 1619 fit,
1864 1582 1901 1610 et
1920 1587 1957 1610 se
1985 1586 2095 1624 posse
2116 1583 2153 1610 et

1153 1637 1292 1674 debere
1311 1636 1496 1672 inhaerere
1509 1634 1542 1669 ei
1559 1632 1666 1681 cujus
1682 1633 1806 1681 imago
1827 1641 1894 1669 est.
1915 1632 2008 1669 Ideo
2026 1634 2093 1670 etsi
2114 1634 2152 1669 in

1156 1697 1264 1734 terris
1282 1695 1376 1745 regit
1392 1706 1532 1744 corpus
1551 1692 1620 1729 sibi
1636 1693 1878 1729 commissum
1892 1721 1901 1738 ‚
1922 1692 2077 1728 meliore
2097 1701 2152 1729 ta-

89 1755 186 1792 sicut
206 1768 244 1792 se
264 1756 400 1806 ipsum.
426 1757 484 1794 Fit
503 1765 629 1792 autem
647 1755 771 1793 bonus
791 1757 940 1794 animus
964 1761 1084 1794 Deum
1104 1757 1131 1794 C
1153 1769 1238 1794 men
1268 1763 1374 1806 parte
1403 1754 1480 1799 sui,
1499 1753 1642 1789 scilicet
1669 1751 1871 1797 memoria,
1887 1751 2151 1800 intelligentia,

91 1814 248 1861 timens,
281 1824 318 1852 et
346 1816 520 1852 mandata
547 1815 628 1864 eJus
659 1815 864 1853 observans
894 1831 901 1852 :
930 1817 1002 1853 hoc
1031 1826 1086 1854 est

88 1874 189 1910 enim
214 1875 337 1910 omnis
360 1874 476 1911 homo
488 1880 513 1910 ².
536 1875 647 1911 Ratio
672 1888 764 1911 vero
790 1876 842 1911 sic
869 1875 1047 1912 delinitur
1066 1890 1086 1913 a

89 1933 374 1980 definientibus,
395 1935 453 1970 vel
472 1933 699 1971 describitur
714 1947 735 1970 a
751 1934 1052 1972 describentibus
1077 1951 1084 1972 :

89 1998 275 2042 Aspectus
295 1994 410 2030 animi
426 2001 502 2039 est,
516 2006 592 2043 quo
612 2007 680 2043 per
700 2007 738 2030 se
760 1994 905 2043 ipsum,
924 2007 1001 2030 non
1021 2007 1087 2044 per

89 2065 249 2102 corpus,
270 2066 401 2089 verum
419 2053 588 2089 intuetur
605 2067 613 2089 :
634 2061 698 2089 aut
718 2053 796 2103 ipsa
814 2054 893 2089 veri
915 2062 1085 2090 contem-

90 2112 226 2161 platio,
249 2121 314 2148 aut
339 2112 462 2162 ipsum
490 2125 621 2149 verum
650 2112 754 2161 quod
785 2113 1082 2160 contemplatur,

89 2178 152 2206 aut
174 2170 250 2207 vita
271 2171 478 2216 rationalis,
499 2171 557 2206 vel
580 2171 760 2207 rationale
779 2170 1024 2219 obsequium,
1046 2171 1083 2206 in

88 2241 164 2276 quo
189 2229 449 2265 conformatur
468 2228 617 2265 veritati
647 2229 922 2278 contemplatae.
951 2229 1083 2266 Ratio—

88 2287 226 2323 cinatio
240 2300 331 2324 vero
345 2296 400 2324 est
416 2288 572 2324 rationis
589 2288 801 2337 inquisitio,
818 2288 888 2324 lioc
904 2296 959 2324 est
976 2302 1084 2338 aspe—

89 2354 169 2383 ctus
184 2346 262 2396 ejus
283 2347 400 2384 motio
414 2359 483 2397 per
498 2361 540 2384 ea
557 2360 641 2397 quae
659 2347 873 2397 aspicienda
891 2357 992 2385 suut.
1010 2353 1082 2386 Ra-

90 2405 282 2442 tiocinatio
303 2407 456 2456 quaerit,
472 2407 567 2444 ratio
589 2408 745 2443 invenit.
769 2411 952 2456 Aspectus
973 2408 1031 2445 liic
1047 2409 1084 2445 in

90 2478 166 2501 rem
187 2465 349 2515 aliquam
371 2466 565 2516 conjectus
582 2480 665 2503 cum
687 2480 768 2504 eam
788 2467 914 2514 videt,
931 2468 1083 2504 scientia

1153 1824 1189 1853 et
1199 1827 1328 1852 amore
1343 1813 1395 1850 ibi
1409 1825 1559 1861 semper
1570 1810 1787 1847 conversari
1799 1818 1916 1855 amat,
1928 1809 2030 1846 unde
2045 1810 2152 1859 quid-

1152 1875 1242 1924 quid
1259 1882 1335 1918 est,
1355 1871 1540 1922 quidquid
1556 1869 1670 1906 habet
1683 1897 1692 1914 ,
1712 1882 1750 1906 se
1767 1869 1874 1905 novit
1893 1869 2098 1918 accepisse,
2117 1877 2153 1905 et

1152 1934 1217 1970 ubi
1238 1934 1275 1970 in
1303 1940 1530 1982 perpetuum
1560 1943 1598 1966 se
1618 1941 1860 1974 mansurum,
1882 1936 2019 1964 etcum
2041 1928 2152 1978 plena

1154 1994 1221 2031 Dei
1245 1993 1390 2030 visione
1420 1991 1569 2041 plenam
1590 1990 1656 2026 Dei
1680 1988 1963 2025 similitudinem
1994 1987 2154 2037 adeptu-

1153 2066 1252 2097 rum,
1275 2059 1459 2101 quantum
1483 2050 1521 2085 in
1543 2049 1614 2084 hoc
1639 2047 1784 2083 homini
1813 2046 2044 2096 sperandum
2072 2056 2150 2092 est,

1152 2124 1304 2161 sperare
1331 2111 1365 2146 ei
1391 2110 1496 2152 licet,
1524 2110 1554 2143 si
1581 2106 1691 2143 bonae
1711 2106 1791 2155 spei
1812 2106 1925 2142 vitam
1948 2119 2052 2142 suam
2074 2119 2150 2142 non

1151 2171 1315 2219 negligat
1343 2168 1595 2206 conformare.
1628 2167 1722 2202 Illuc
1754 2177 1844 2213 ergo
1874 2173 2036 2214 spectat,
2065 2165 2152 2201 inde

1150 2231 1313 2281 pendet,
1334 2231 1420 2279 plus
1451 2241 1536 2264 cum
1566 2225 1786 2262 bominibus
1815 2237 2078 2269 commorans,
2112 2233 2151 2260 ut

1150 2291 1314 2327 vivificet
1333 2302 1398 2325 eos
1421 2288 1497 2324 vita
1525 2287 1594 2323 Dei
1616 2285 1661 2322 ad
1684 2284 1887 2334 quaerenda
1907 2293 1943 2320 et
1969 2284 2151 2334 capienda

1151 2351 1298 2396 divina,
1319 2362 1431 2398 quam
1454 2356 1496 2384 ut
1515 2346 1656 2383 animet
1673 2345 1748 2381 vita
1769 2345 1838 2380 ista
1855 2344 2005 2379 mortali
2020 2352 2057 2380 et
2078 2344 2151 2379 hu-

1151 2423 1274 2446 mana.
1291 2409 1393 2447 Sicut
1409 2408 1508 2444 enim
1528 2418 1668 2455 corpus
1684 2404 1786 2454 quod
1808 2403 1969 2448 animat,
1993 2404 2153 2439 naturali

1151 2478 1248 2506 statu
1267 2482 1336 2506 suo
1356 2468 1513 2516 erigitur
1527 2467 1565 2502 iu
1588 2465 1722 2501 coelum
1736 2493 1745 2509 ,
1762 2463 1865 2512 quod
1887 2471 2020 2499 natura
2040 2471 2076 2499 et
2093 2463 2152 2498 lo-

89 2533 163 2570 est3
196 2538 280 2561 cum
317 2539 394 2562 non
423 2524 561 2572 valeth,
582 2527 791 2575 ignorantia
825 2535 880 2563 est
908 2527 1083 2564 hominis.
1101 2535 1134 2569 D
1152 2542 1216 2574 co,
1233 2537 1270 2565 et
1286 2528 1466 2576 dignitate
1480 2555 1489 2571 ,
1504 2534 1541 2562 et
1556 2526 1636 2561 loca
1648 2524 1774 2559 onmia
1789 2531 1826 2558 et
1841 2535 2002 2571 corpora
2021 2535 2151 2571 super-

91 2586 178 2620 Haec
200 2597 289 2633 ergo
311 2585 407 2621 ratio
427 2594 501 2629 est,
523 2594 560 2622 et
580 2586 870 2623 instrumentum
894 2600 962 2636 per
981 2587 1084 2636 quod

91 2650 283 2692 operatur,
306 2651 342 2680 et
365 2657 462 2694 opus
484 2644 586 2693 quod
607 2653 799 2693 operatur.
831 2648 920 2681 Haec
941 2658 1090 2695 semper

90 2703 256 2739 exerceri
273 2711 374 2739 amat
390 2704 426 2740 in
450 2717 495 2740 eo
515 2703 617 2752 quod
636 2703 725 2740 utile
746 2712 852 2740 estet
870 2704 1089 2751 honestum,

90 2761 271 2798 exercitio
298 2763 520 2812 proficiens,
540 2763 683 2800 desidia
703 2776 794 2799 vero
825 2764 862 2799 in
890 2766 1089 2814 semetipsa

92 2833 336 2858 marcescens.

143 2881 178 2916 5.
205 2880 358 2917 Nullum
380 2894 471 2917 vero
492 2881 641 2930 dignius
664 2891 701 2918 et
722 2883 848 2919 utilius
864 2883 1084 2919 exercitium

91 2947 145 2975 est
164 2939 306 2976 homini
327 2953 407 2976 eam
429 2940 583 2977 habenti
597 2970 605 2986 ,
626 2954 737 2991 quam
758 2942 794 2977 in
811 2955 856 2978 eo
878 2942 981 2991 quod
1004 2955 1084 2977 me-

93 2999 162 3035 lius
177 2998 309 3045 habet,
328 3008 365 3036 et
385 3000 421 3036 in
441 3013 517 3049 quo
532 3001 676 3038 caeteris
695 3001 920 3037 animalibus
933 3030 942 3046 ,
959 3010 994 3036 et
1012 3014 1085 3037 στε-

93 3058 182 3094 teris
218 3057 388 3108 partibus
423 3060 498 3096 suis
531 3062 773 3110 praeeminet,
807 3074 891 3109 qum
921 3069 976 3096 est
1006 3061 1084 3110 ipsa

142 3192 149 3205 ¹
172 3187 262 3215 Rom.
282 3196 313 3221 v,
338 3190 367 3216 ξ).
388 3204 426 3208 --
452 3193 463 3207 ²
482 3188 580 3218 necle.
597 3199 659 3222 xii,
684 3192 734 3218 tsi.
752 3208 768 3212 -
789 3208 792 3210 -

140 3246 150 3257 '⁵
174 3243 272 3279 Alias,
293 3254 371 3273 arce.
387 3263 426 3266 -v
448 3246 462 3265 b
481 3246 563 3276 Alias
579 3270 584 3279 .
608 3245 703 3276 ‘ridi-l.
725 3247 748 3283 ἱ

1152 2590 1291 2625 eminet
1316 2603 1323 2624 :
1348 2588 1398 2623 sic
1418 2585 1622 2635 spiritualis
1642 2585 1720 2633 ipse
1742 2590 1898 2625 natura,
1926 2582 1971 2617 ad
1999 2595 2041 2617 ea
2067 2595 2151 2630 quae

1155 2649 1192 2685 in
1214 2645 1473 2697 spiritualibus
1491 2643 1738 2693 prrecminent
1751 2671 1759 2687 ,
1781 2642 1853 2677 hoc
1869 2649 1923 2677 est
1941 2641 1990 2677 ad
2005 2645 2124 2677 Deum
2141 2670 2149 2685 ‚

1155 2716 1192 2743 et
1207 2707 1334 2742 divina
1350 2705 1493 2752 erigere
1511 2715 1660 2750 semper
1677 2708 1776 2736 amat
1792 2700 2056 2748 semetipsum,
2075 2712 2149 2735 nou

1155 2765 1318 2815 superbe
1345 2762 1548 2813 sapiendo,
1569 2759 1632 2796 scd
1654 2760 1714 2808 pie
1737 2758 1918 2801 amando,
1948 2757 2094 2801 sobrie,
2118 2766 2154 2794 et

1151 2823 1251 2873 juste
1266 2852 1275 2868 ,
1296 2832 1331 2859 et
1348 2823 1409 2872 pie
1424 2819 1588 2857 vivendo
1607 2833 1614 2854 ε
1632 2818 1697 2867 qui
1718 2825 1860 2867 quanto
1875 2817 1986 2852 altius
2006 2824 2060 2851 est
2077 2830 2153 2866 quo

1154 2884 1308 2927 nititur,
1335 2890 1440 2918 tanto
1473 2878 1693 2916 fortioribus
1725 2876 1993 2913 exercitiorum
2020 2875 2153 2912 studiis

1152 2941 1385 2979 exercendus
1414 2948 1487 2984 est,
1507 2947 1543 2974 ct
1569 2951 1653 2986 qua».
1678 2949 1764 2972 eum
1791 2949 1867 2970 nou
1901 2934 2150 2983 perfundant.

1152 3002 1215 3039 sed
1239 3002 1445 3050 intingant,
1468 2999 1596 3046 sicque.
1615 2996 1779 3032 alliciant
1801 3003 1839 3030 ut
1861 2995 2070 3043 perliciaut.

1205 3065 1239 3097 (ἰ.
1260 3060 1388 3098 Studia
1408 3072 1499 3095 vero
1520 3058 1598 3093 lia‘c
1615 3056 1685 3092 etsi
1704 3055 1838 3091 litteris
1858 3053 2063 3101 aliquando
2084 3053 2150 3088 ad-

814 3186 826 3209 3
843 3192 911 3219 Act.
935 3200 1015 3220 xvii.
1042 3191 1095 3225 '³2
1117 3192 1169 3218 78.
