2504 3928
387 238 459 271 2³:35)

1000 245 1121 280 vl'l‘ls
1152 244 1376 287 Mx’S'l‘uzt,
1408 248 1494 281 stit
1529 248 1810 282 'stt-tC'rA't‘tfs

388 326 432 346 ue
451 315 666 363 simplicitas
686 324 813 352 nostra
832 315 878 352 ab
896 319 1006 354 astuti
1026 321 1212 370 serpentis
1229 322 1368 358 fallacia
1385 322 1428 340 “⁵⁴
1447 342 1459 354 υ

2349 252 2425 288 936

1495 323 1624 359 mundi
1646 332 1678 359 et
1702 337 1851 359 omnem
1873 332 2046 360 ornatum
2075 326 2198 362 saeculi
2216 328 2426 377 contempsi

385 373 573 420 rapiatur,
592 374 656 423 qui
687 375 909 424 plerumque
938 379 1032 414 mala
1063 379 1194 424 bonis,
1222 390 1257 417 et
1287 382 1374 417 salsa
1394 385 1420 417 A
1446 401 1457 413 υ
1493 392 1648 432 propter
1668 396 1833 419 amorem
1859 384 2008 420 Domini
2033 385 2151 420 nostri
2194 389 2281 422 Jesu
2316 387 2426 423 Chri-

387 432 496 474 veris,
518 446 675 470 erronea
694 435 802 471 rectis·
823 436 1028 474 admiscere
1049 441 1256 476 consuevit.

680 565 854 604 CAl‘tff'r
883 567 1073 608 xxxin.

388 676 435 703 De
458 678 702 720 contemplandis
731 680 762 711 in
782 681 866 719 lilio,
890 682 919 712 id
945 690 989 714 est
1015 683 1125 715 decore
1150 692 1178 716 et
1199 687 1376 718 excellentia

737 745 816 766 vcra*
833 735 1023 777 virginitatis.

461 849 524 885 93.
558 854 638 887 Jam
671 865 771 890 nunc
804 854 850 890 ad
883 857 1211 906 contemplandum
1246 859 1375 894 florem

390 905 510 955 ipsum
545 910 609 947 lilii
638 912 845 951 veniamus.
881 915 996 959 Vide,
1032 930 1055 951 o
1080 916 1186 965 virgo
1217 918 1373 963 Christi,

386 975 523 1013 quanta
541 969 816 1018 pulchritudine
836 974 1074 1022 praeemineat
1095 983 1179 1011 tuus
1196 975 1262 1011 iste
1281 976 1347 1012 flos
1363 1005 1372 1022 ,

388 1033 492 1062 tuum
515 1028 643 1065 florem
674 1030 895 1080 designans,
926 1046 1002 1082 prae
1035 1034 1178 1071 caeteris
1209 1035 1371 1072 floribus.

1448 460 1461 472 υ
1496 442 1589 486 sti³;
1614 460 1627 474 υ
1655 442 1718 490 qui
1753 442 1816 478 tibi
1846 444 1955 479 etiam
1986 444 2022 479 in
2051 445 2226 493 praesenti
2253 445 2329 481 vita
2355 445 2425 482 de—

1443 515 1565 537 eorem
1597 501 1699 537 dedit
1726 502 1828 537 ‹nnni
1851 503 2040 539 mundano
2068 503 2202 539 decore
2229 504 2427 553 majorem,

1445 561 1560 596 lilium
1584 560 1805 609 integritatis
1826 569 1896 597 tuae
1914 561 1983 598 sibi
2004 563 2282 610 conservando,
2302 572 2337 600 et
2357 563 2428 601 sibi

1443 633 1517 669 pra·
1545 620 1684 655 own-ris
1713 619 2054 668 pulchritudinibus
2080 621 2257 658 virtutum
2285 622 2428 672 specia-

1444 679 1526 714 liter
1545 678 1770 722 dedicandO,
1797 687 1832 714 et
1862 680 2012 728 speciali
2038 680 2236 717 dilectione
2265 681 2427 718 adstrin—

1443 738 1576 787 gendO.
1600 737 1750 775 Videbis
1771 738 1978 775 luculenter
1996 739 2066 775 hoc
2097 739 2131 776 in
2152 740 2303 776 Cantico
2321 753 2427 776 amo—

1444 799 1512 842 ris,
1545 797 1609 834 nbi
1639 798 1781 835 czeteris
1809 798 1962 835 lloribus
1997 812 2092 848 pene
2122 800 2268 837 omissis
2297 800 2427 836 florem

1445 866 1548 893 tuum
1583 857 1718 907 srepius
1751 859 1937 903 nominat,
1970 872 2107 895 nomen
2128 860 2191 895 lilii
2211 860 2346 909 saepius
2366 861 2424 896 in-

1442 916 1635 952 culcando.
1663 919 1761 952 Sicut
1788 920 1904 953 lilium
1936 923 2032 954 [uter
2049 923 2202 967 spinas,
2227 924 2278 954 sse
2304 924 2427 956 amica

1442 989 1523 1010 mea
1544 976 1771 1022 inter-filiasl
1794 992 1800 1013 :
1819 985 1854 1012 et
1877 977 1962 1013 item
1975 1005 1984 1022 ,
2006 980 2166 1013 Dilectus
2184 992 2284 1013 meus
2304 991 2428 1014 ascen-

1442 1037 1497 1070 dit
1527 1038 1579 1070 ad
1604 1039 1766 1071 areolam
1799 1045 2030 1081 aromatum,
2068 1045 2107 1072 ιιι
2137 1038 2214 1071 lilia
2243 1039 2428 1085 colligat:

385 1085 477 1121 Vide
495 1098 670 1135 quantam
689 1103 763 1139 prae
781 1090 957 1128 ominbus
975 1091 1129 1129 floribus
1149 1093 1213 1141 qui
1233 1102 1318 1130 sunt
1335 1094 1373 1130 in
1395 1091 1422 1124 Β
1441 1103 1476 1131 et
1499 1108 1645 1139 rursus,
1681 1098 1843 1131 Dilectus
1864 1109 1964 1131 meus
1988 1097 2100 1140 mim,
2126 1104 2161 1130 et
2179 1109 2245 1144 ego
2267 1097 2343 1140 illi,
2364 1101 2430 1143 qui

385 1152 500 1192 terra,
521 1149 675 1196 gratiam
706 1149 873 1187 obtineat
903 1152 1112 1200 specialem.
1141 1152 1234 1189 Vide
1253 1165 1375 1201 quan-

386 1210 457 1239 tam
478 1204 525 1240 ab
544 1206 625 1256 ipso
642 1211 786 1258 Sponso
807 1217 872 1245 tuo
890 1209 1036 1246 laudem
1056 1223 1131 1259 prae
1149 1212 1291 1248 cunctis
1310 1212 1376 1248 sso-

387 1261 490 1299 ribus
509 1275 707 1303 mereatur.
732 1269 988 1312 Considerate,
1012 1269 1154 1317 inquit,
1176 1272 1258 1305 lilia
1279 1275 1374 1317 agri,

383 1326 566 1367 quomodo
597 1335 770 1361 crescunt.
797 1330 916 1362 Amen
945 1329 1029 1362 (lico
1049 1326 1176 1371 vobis,
1199 1333 1373 1376 qnoniam

386 1393 452 1415 nec
480 1383 655 1419 Salomon
678 1388 714 1420 in
744 1390 844 1420 omm'
863 1389 987 1433 gloria
1007 1400 1075 1421 sua
1108 1397 1298 1434 cooperias
1320 1397 1373 1423 est

377 1443 470 1474 sicut
499 1455 608 1477 unum
629 1456 677 1478 ιη·
696 1448 773 1479 istis
787 1451 812 1480 ¹.
844 1448 942 1493 Lege
973 1445 1086 1494 igitur
1105 1473 1114 1491 ,
1140 1459 1162 1481 o
1185 1446 1290 1495 virgo
1304 1474 1314 1491 ,
1337 1454 1373 1482 et

378 1498 548 1548 perlege,
574 1509 610 1536 et
639 1502 773 1551 saepius
801 1503 923 1553 relege
949 1503 1021 1539 hoc
1049 1503 1208 1540 verbum
1236 1505 1371 1553 Sponsi

379 1556 455 1601 tui,
486 1566 522 1594 et
551 1559 714 1611 intellige
742 1569 923 1610 quantum
946 1562 983 1598 in
1005 1562 1116 1612 hujus
1143 1563 1244 1600 floris
1264 1576 1369 1599 com-

379 1616 619 1655 mendatione
647 1628 747 1656 tuam
780 1621 937 1671 gloriam
970 1622 1258 1659 commendavit.
1281 1626 1372 1660 Om-

378 1688 462 1711 nem
484 1678 613 1714 mundi
630 1679 784 1728 gloriam
807 1681 1100 1730 sapientissimus
1122 1682 1182 1718 ille
1202 1682 1370 1718 omnium

377 1743 523 1772 creator
536 1745 572 1773 et
588 1738 760 1774 conditor
777 1739 889 1775 unico
907 1739 1061 1776 flosculo
1077 1748 1141 1777 tuo
1157 1741 1368 1791 cooperuit3

379 1806 448 1830 nec
467 1796 621 1845 gloriam
642 1798 796 1835 flosculo
809 1827 819 1844 ,
839 1799 904 1836 sed
922 1799 1021 1835 hunc
1050 1799 1247 1836 flosculum
1267 1800 1369 1836 omni

1434 1159 1606 1202 pascitur
1625 1160 1720 1190 inter
1749 1158 1830 1190 lilia
1851 1153 1877 1191 ⁵.
1907 1154 2108 1192 Laudabile
2138 1154 2279 1200 lilium,
2312 1155 2430 1191 amica

1441 1213 1591 1261 sponsi;
1610 1212 1769 1249 amabile
1786 1213 1903 1249 lilium
1919 1241 1928 1257 ,
1948 1213 2049 1261 quod
2070 1212 2258 1262 colligitur
2274 1225 2295 1248 a
2311 1225 2429 1262 spon-

1442 1284 1496 1307 so.
1518 1274 1600 1307 Non
1629 1272 1727 1308 enim
1746 1300 1755 1316 ‚
1784 1280 1824 1308 ut
1843 1272 1986 1308 aestimo
2002 1301 2011 1317 ,
2043 1273 2243 1322 colligitur,
2273 1280 2314 1307 ut
2332 1273 2430 1308 ultra

1441 1339 1671 1367 marcescat:
1701 1330 1766 1367 sed
1792 1339 1832 1366 ut
1862 1330 1898 1366 in
1928 1331 2033 1366 altari
2064 1343 2179 1367 aureo
2210 1331 2427 1376 collocetur,

1440 1389 1541 1437 quod
1564 1397 1614 1425 est
1634 1397 1719 1425 ante
1739 1390 1866 1426 oculos
1886 1390 2058 1435 Domini,
2081 1390 2118 1426 id
2136 1398 2213 1435 est,
2248 1398 2287 1426 ut
2311 1391 2429 1426 collo-

1438 1455 1541 1483 cetur
1564 1447 1602 1482 in
1623 1448 1762 1484 coelesti
1789 1449 2024 1494 sanctuario,
2044 1457 2086 1485 ut
2105 1450 2152 1486 sit
2172 1450 2292 1499 ipsum
2310 1449 2429 1485 lilium

1437 1505 1483 1541 ad
1502 1514 1764 1542 ornamentum
1796 1507 1954 1543 aliorum
1972 1515 2200 1543 sanctorum.
2219 1508 2427 1544 Delicatum

1438 1565 1605 1614 profecto
1634 1566 1750 1602 lilium
1769 1593 1778 1612 ,
1806 1566 1844 1602 in
1862 1579 1937 1615 qno
1957 1575 2128 1616 pascatur
2146 1580 2304 1617 sponsus
2323 1581 2330 1603 ε
2351 1580 2426 1604 non

1438 1624 1540 1672 quod
1561 1625 1598 1661 in
1627 1625 1700 1661 hoc
1726 1625 1805 1661 solo
1836 1625 2060 1671 delectetur3
2083 1626 2146 1663 sed
2170 1626 2210 1662 in
2230 1626 2301 1663 hoc
2331 1639 2426 1676 qua-

1437 1683 1520 1719 dam
1542 1685 1691 1734 speciali
1719 1685 1966 1734 p1·aer0gativa
1982 1685 2192 1722 dilectionis
2208 1714 2217 1731 ,
2245 1686 2329 1735 plus
2347 1686 2428 1723 aliis

1438 1742 1653 1780 delectatur.
1676 1748 1750 1781 Nec
1773 1745 1974 1781 immerito.
1997 1746 2147 1794 Duplex
2164 1745 2264 1782 enim
2282 1745 2425 1782 bonum

1437 1801 1473 1837 in
1496 1803 1702 1853 virginibus
1720 1832 1730 1849 ,
1749 1804 1851 1853 quod
1873 1805 1909 1840 in
1930 1805 2009 1841 aliis
2038 1804 2171 1841 sanctis
2202 1817 2277 1840 non
2309 1806 2425 1855 virgi-

378 1853 505 1901 gloriae
523 1856 696 1904 praetulit.
719 1860 761 1894 In
783 1858 982 1895 Salomone
999 1858 1122 1905 enim,
1154 1859 1200 1895 de
1220 1873 1296 1908 quo
1317 1860 1372 1896 le-
1389 1865 1415 1900 C
1438 1862 1548 1899 nibus
1576 1863 1734 1912 simplex
1768 1871 1835 1899 est.
1872 1865 1963 1899 Cum
2001 1864 2100 1900 enim
2140 1871 2217 1899 tota
2259 1864 2424 1900 Ecclesia

376 1912 477 1960 gitur
495 1915 597 1962 quod
626 1917 882 1966 magnificatus
911 1926 966 1954 est
986 1931 1098 1968 super
1115 1931 1245 1955 omnes
1264 1932 1370 1969 reges

377 1972 562 2010 universae
595 1983 702 2012 terrae
734 1977 770 2013 in
792 1977 931 2014 divitiis
962 1986 998 2014 et
1019 1978 1206 2025 honore²,
1239 1992 1369 2015 omnes

377 2037 507 2073 mundi
525 2039 659 2088 glorias
675 2040 788 2077 debes
807 2041 1024 2091 intelligere.
1044 2045 1086 2078 In
1103 2042 1196 2078 flore
1214 2043 1280 2079 lilii
1299 2043 1366 2089 tui,

377 2096 442 2144 qui
475 2105 595 2145 tuam,
630 2101 876 2151 omniumque
895 2102 1084 2152 virginum
1106 2103 1240 2139 Christi
1270 2103 1368 2153 figu—

375 2168 452 2191 ram
478 2158 593 2206 gerit,
619 2160 840 2210 virginitatis
867 2162 1022 2211 gloriam
1045 2163 1309 2212 contemplare.
1331 2163 1367 2200 Si

378 2228 467 2265 ergo
484 2224 627 2254 tantuin
644 2221 929 2257 commendatur
952 2220 999 2257 ab
1021 2221 1101 2271 ipsa
1119 2221 1280 2258 Vei-itate
1297 2222 1366 2258 de-

376 2286 441 2309 cor
459 2274 525 2311 lilii
549 2278 622 2322 tui,
641 2286 681 2314 ut
700 2279 732 2314 ei
749 2278 850 2327 J'uste
869 2279 1088 2328 subjiciatur
1110 2280 1232 2316 omnis
1251 2281 1368 2330 gloria

374 2332 602 2379 Salomonis,
636 2349 746 2384 quem
780 2351 855 2373 non
888 2338 1044 2374 dubium
1075 2347 1129 2374 est
1163 2339 1367 2375 secundum

378 2392 672 2439 magnitudinem
692 2396 818 2444 gloriae
836 2409 911 2432 suae
933 2397 1043 2433 fuisse
1063 2398 1254 2446 magnifice
1275 2411 1365 2434 coo-

377 2457 544 2497 pertum,
564 2462 744 2501 <plantum
763 2463 870 2503 putas
885 2456 1225 2492 commendandum
1244 2457 1366 2505 ipsum

377 2520 456 2544 esse
489 2517 560 2545 tuae
598 2512 820 2562 virginitatis
862 2514 977 2550 lilium
1012 2514 1295 2564 incorruptum,
1329 2524 1366 2552 et

378 2567 478 2604 nulla
508 2569 544 2605 in
581 2580 803 2621 perpetuum
843 2574 986 2610 macula
1020 2575 1337 2624 corrtunpendum
1354 2605 1364 2622 ‚

1435 1923 1540 1972 virgo
1569 1923 1615 1959 sit
1641 1923 1679 1958 in
1712 1923 1858 1965 anima,
1896 1923 2035 1959 nullam
2070 1921 2213 1959 habens
2244 1924 2424 1960 maculam

1435 1995 1558 2031 neque
1580 1995 1708 2033 rugam
1726 2011 1734 2027 ,
1754 1983 1791 2018 in
1814 1982 1885 2018 fide
1903 2010 1912 2028 ,
1945 1990 1981 2019 et
2000 1995 2086 2032 spe,
2109 1990 2147 2019 et
2165 1982 2343 2019 charitate
2362 1983 2422 2019 in-

1435 2050 1634 2092 corrupta,
1669 2050 1823 2092 propter
1855 2042 1956 2091 quod
1991 2050 2028 2078 et
2060 2042 2167 2091 virgo
2199 2042 2422 2092 appellatur,

1435 2109 1600 2137 meretur
1622 2110 1657 2138 et
1675 2115 1695 2138 a
1714 2115 1851 2151 sponso
1874 2101 2014 2138 laudari
2038 2115 2044 2137 :
2069 2110 2206 2151 quanta
2226 2101 2334 2138 laude
2354 2115 2425 2151 pu—

1437 2168 1490 2196 tas
1510 2173 1589 2197 esse
1609 2161 1721 2211 digna
1737 2161 1811 2197 lilia
1829 2169 1953 2197 nostra
1969 2189 1979 2206 ,
2002 2174 2084 2209 quae
2104 2160 2162 2197 hic
2181 2159 2321 2197 habent
2350 2168 2423 2196 tam

1434 2219 1470 2255 in
1493 2232 1649 2269 corpore
1664 2248 1673 2264 ,
1694 2233 1804 2268 quam
1823 2220 1859 2255 in
1877 2219 1999 2255 anima
2015 2247 2024 2264 ‚
2044 2219 2146 2268 quod
2167 2227 2243 2255 tota
2260 2219 2423 2256 Ecclesia

1434 2277 1547 2314 habet
1580 2287 1722 2315 tantum
1752 2278 1789 2314 in
1821 2279 1967 2314 anima?
1995 2279 2107 2326 Quasi
2140 2278 2238 2315 enim
2270 2278 2422 2327 quidem

1433 2337 1547 2386 adeps
1566 2346 1601 2373 et
1630 2337 1790 2373 medulla
1819 2337 1990 2374 Ecclesia·
2016 2345 2102 2373 sunt
2130 2336 2293 2385 virgines
2309 2336 2421 2373 Chri-

1435 2396 1478 2432 sti
1512 2411 1518 2431 :
1548 2405 1584 2432 et
1613 2396 1772 2445 quadam
1805 2396 1982 2446 singulari
2013 2395 2231 2432 excellentia
2261 2395 2420 2431 aliorum

1435 2454 1570 2490 florum
1605 2457 1733 2504 sponsi
1771 2454 2007 2505 amplexibus
2042 2454 2259 2491 familiarius
2297 2454 2419 2491 inhae-

1434 2523 1568 2551 rentes.

1484 2574 1547 2610 95.
1587 2577 1666 2610 Hoc
1699 2582 1819 2610 autem
1857 2582 1911 2610 est
1944 2572 2152 2623 virginibus
2183 2584 2420 2621 summopere

376 2626 481 2674 cujus
501 2629 558 2665 vel
580 2629 712 2667 umbra
729 2640 765 2668 et
792 2633 906 2681 ligura
925 2641 1067 2669 tantum
1088 2634 1223 2670 meruit
1242 2635 1364 2671 hono-
1380 2639 1413 2672 D
1431 2633 1763 2678 considerandum,
1782 2633 1843 2682 qui
1863 2633 1927 2669 lilii
1945 2632 2224 2682 pulchritudine
2236 2631 2420 2668 delectan-

376 2686 475 2722 rari?
492 2687 528 2725 Si
545 2701 656 2726 omne
676 2691 951 2740 operimentum
973 2692 1095 2729 omnis
1116 2694 1242 2741 gloriae
1262 2695 1365 2731 Salo-

376 2747 498 2783 monis
516 2760 590 2784 non
610 2758 730 2799 potest
747 2751 875 2787 decori
896 2751 1007 2788 unius
1036 2753 1234 2789 materialis
1261 2754 1364 2790 lilioli

375 2807 606 2854 comparari,
636 2809 720 2857 quis
747 2809 860 2846 decor
890 2809 1170 2860 comparabitur
1193 2820 1264 2848 tuce
1296 2813 1365 2849 sso-

375 2865 471 2900 renti
492 2866 719 2915 virginitati,
741 2882 824 2917 quae
845 2877 900 2906 est
922 2877 1025 2905 tuum
1045 2869 1160 2906 lilium
1182 2883 1311 2907 verum
1330 2880 1365 2907 et

373 2924 561 2971 speciale?
580 2927 729 2972 Nullus,
750 2927 902 2976 inquam
928 2943 934 2965 :
956 2929 1042 2977 quia
1061 2929 1262 2966 claritatem
1280 2931 1364 2966 alti-

376 2982 513 3020 tudinis
536 2986 587 3020 tni
610 2985 754 3022 decoris
777 2988 900 3024 nullus
919 2996 1041 3037 potest
1062 2988 1174 3025 decor
1195 2997 1363 3026 terrenus

376 3044 655 3089 transcendere,
676 3046 762 3094 qnia
783 3061 848 3081 ner
870 3049 1044 3082 Salomon
1068 3052 1104 3083 iu
1125 3053 1226 3083 ornus
1240 3052 1362 3097 gloria

373 3115 442 3136 sua
461 3114 647 3151 conpertus
659 3105 738 3152 suit
767 3109 858 3141 sicut
878 3120 987 3142 mmm
1012 3121 1060 3142 ruz·
1081 3112 1170 3144 istm.

426 3163 486 3198 Osi.
519 3164 601 3199 Noli
632 3177 720 3214 ergo
746 3164 932 3202 subtristis
961 3176 1125 3212 cantare,
1155 3186 1167 3199 u
1192 3171 1360 3216 Regnum

1433 2699 1507 2736 tur,
1537 2692 1636 2740 quod
1663 2692 1730 2728 llos
1755 2692 1819 2727 lilii
1848 2700 1921 2727 tam
1948 2691 2104 2728 interius
2128 2703 2239 2740 quam
2257 2690 2420 2727 exterius

1431 2749 1537 2787 albus
1557 2760 1621 2787 est.
1641 2751 1737 2799 Quid
1755 2751 1852 2787 enim
1870 2764 1937 2800 per
1957 2750 2177 2787 exteriorem
2194 2758 2337 2800 partem
2355 2749 2419 2785 sso-

1431 2811 1479 2846 ris
1495 2810 1639 2856 albam,
1661 2810 1730 2847 nisi
1753 2810 1936 2846 munditia
1955 2809 2143 2859 corporis;
2165 2815 2227 2844 aut
2243 2807 2334 2857 quid
2350 2819 2418 2857 per

1430 2869 1643 2905 interiorem
1660 2897 1669 2914 ,
1700 2869 1771 2905 nisi
1793 2869 1927 2905 mentis
1943 2868 2134 2918 virginalis
2155 2867 2295 2918 puritas
2317 2867 2416 2915 ligu-

1430 2931 1560 2965 ratur?
1591 2933 1714 2978 Turpe
1756 2937 1877 2973 esset,
1916 2928 1989 2963 imo
2035 2940 2111 2963 non
2146 2934 2242 2963 esset
2270 2926 2414 2971 lilium,

1429 2988 1529 3038 qnod
1552 2989 1607 3023 vel
1641 2988 1827 3023 interioris
1853 2987 1909 3023 vel
1935 2987 2129 3023 exterioris
2154 2985 2328 3022 candoris
2359 2985 2416 3021 sui

1428 3048 1586 3098 puritate
1616 3055 1756 3083 careret
1776 3061 1782 3081 :
1806 3046 1856 3082 ita
1874 3058 2025 3095 quoque
2050 3044 2168 3094 turpis
2197 3052 2252 3081 est
2279 3044 2385 3094 virgo
2401 3071 2411 3090 ,

1430 3108 1503 3143 imo
1522 3120 1595 3142 non
1623 3114 1677 3142 est
1702 3106 1830 3155 virg0,
1857 3118 1940 3153 qum
1963 3117 2036 3140 non
2064 3102 2175 3139 habet
2197 3111 2412 3151 utramque,

1428 3166 1567 3203 scilicet
1596 3165 1728 3201 mentis
1749 3173 1785 3200 et
1807 3164 1976 3213 eorporis
1998 3163 2215 3199 castitatem.
2242 3162 2317 3198 Ubi
2338 3174 2412 3198 non

420 3298 428 3313 ¹
450 3295 523 3324 Luc.
540 3303 602 3329 xit,
619 3295 671 3322 27.
693 3311 730 3315 -
752 3299 762 3314 ²
785 3297 830 3324 111
854 3296 928 3333 l’teg.
944 3305 964 3323 x
979 3317 985 3329 ‚
1007 3300 1034 3324 et
1051 3297 1076 3324 ll
1103 3295 1200 3325 I‘aral.
1221 3305 1265 3325 ix.
1284 3312 1323 3316 —
1346 3292 1358 3316 3
1376 3297 1470 3335 Resp.
1486 3293 1516 3323 in
1530 3291 1592 3324 Off.
1610 3291 1692 3322 Ecel.
1713 3290 1751 3321 de
1765 3293 1816 3321 SS.
1833 3289 2023 3330 Virginibus.
2040 3307 2081 3310 ——
2101 3287 2243 3320 4Cantic.
2262 3298 2285 3317 n
2300 3311 2308 3326 ‚
2327 3290 2355 3318 2.
2368 3305 2410 3310 -

372 3343 534 3379 ⁵111.v1,
568 3348 603 3381 1,
636 3348 663 3374 2.
