2504 3928
318 161 391 196 2³13

322 239 614 271 „cstilnmnorum
641 238 780 264 morum
807 231 896 261 sicut
917 228 1006 260 odor
1025 227 1151 264 elucris.
1179 232 1210 265 Ο
1242 242 1299 264 1110

1102 153 1388 188 CILLEBERTI
1418 155 1444 187 Λ
1453 154 1613 187 BBATIS

2280 152 2350 189 244

1372 237 1524 278 pectore
1559 238 1631 264 tam
1663 227 1858 277 llorigero,
1889 236 1928 263 ut
1949 228 2059 263 liorto
2086 233 2351 278 comparetur!

321 294 482 335 felicem,
505 292 535 327 si
556 290 611 326 vel
635 301 770 330 uuum,
792 286 848 321 vel
870 286 1027 322 alterum
1046 287 1083 323 iu
1108 301 1165 323 1110
1194 289 1305 324 vesti—
1323 288 1352 320 Α
1370 288 1477 323 Nulla
1499 288 1534 323 iu
1560 300 1604 323 eo
1630 286 1734 323 radix
1771 286 2029 322 amaritudinis
2052 299 2198 323 sursum
2216 287 2355 337 germi-

320 359 511 394 meutum,
530 350 712 395 integrum
736 344 865 380 reddat
887 344 1004 380 tliuris
1031 345 1206 391 odorem,
1238 359 1305 382 nec

321 412 442 458 aliqua
471 407 698 444 admixtione
728 403 925 453 peregrina
951 407 1191 452 corruptmu!
1215 408 1304 440 Nam

323 470 369 505 ad
390 470 484 504 lianc
505 477 741 508 mensuram,
766 471 805 498 ut
833 463 958 498 ouiuia
978 461 1060 511 ejus
1090 463 1309 499 indumenta

325 529 427 564 velut
467 526 576 562 thura
620 524 835 567 redoleant,
882 522 1068 558 neminem
1114 523 1310 559 accessisse

324 595 438 636 puto,
458 585 522 633 qui
541 584 699 620 necdum
722 583 758 618 in
779 595 999 631 sponsarum
1017 590 1155 617 sortem
1178 583 1311 618 meruit

324 644 449 682 ascisci
470 657 489 679 a
515 643 676 679 Domino
702 645 790 678 ,lesu
811 653 1033 689 sponsarum
1059 653 1213 689 sponso.

326 775 1313 790 ιιιιιιιιιιιιιιιιιιιιιιιιιιιιιιιιιιιιιιιιιιιιιιιιιιιιιιιιιιιιιιιιιιιι

552 903 802 959 SERMO
845 903 1088 957 XXXV.

435 1049 552 1076 Hortus
570 1042 736 1074 conclusus
753 1054 800 1078 vs,
820 1053 909 1071 soror
925 1052 989 1071 mvn
1005 1052 1136 1084 sponsa,
1154 1047 1210 1071 etc.

619 1095 738 1127 (lanne.
760 1106 828 1136 cap.
846 1107 871 1124 ix
883 1119 890 1131 ,
912 1093 926 1128 vi
941 1119 947 1124 .
971 1097 1023 1124 12.

746 1220 903 1233 ⁴000«oe
922 1225 930 1227 A

386 1348 417 1383 l.
449 1349 583 1381 Hortus
605 1345 790 1378 conclusus
817 1355 878 1385 cs,
907 1355 1010 1376 soror
1043 1355 1125 1376 mea
1151 1355 1288 1388 spatam
1307 1356 1318 1375 :

329 1407 452 1441 hortus
469 1406 675 1444 conclusus,
687 1400 776 1448 sons
791 1406 970 1447 signatas:
992 1401 1116 1437 Primo
1132 1414 1177 1436 ex
1193 1400 1318 1436 verbis

329 1464 406 1500 suis
425 1461 626 1499 laudatoris
640 1460 751 1508 liujus
770 1460 944 1495 affectum
960 1467 1125 1508 pensate.
1141 1457 1317 1495 Oblecta-

330 1531 388 1559 tus
418 1522 586 1564 videtur,
623 1519 688 1568 qui
720 1531 795 1554 non
828 1526 883 1554 est
911 1526 1113 1553 contentus
1150 1517 1318 1553 laudasse

328 1581 454 1618 semel.
476 1584 521 1616 Et
541 1587 722 1628 quantum
747 1585 865 1622 esset,
888 1577 917 1612 si
941 1577 997 1612 vel
1028 1576 1248 1624 simpliciter
1280 1584 1317 1611 et

330 1640 409 1676 sine
427 1637 650 1687 repetitione
671 1635 751 1684 ejus
771 1648 883 1684 quam
914 1635 1140 1683 alloquitur,
1168 1635 1320 1683 eloque-

333 1707 436 1735 retur
464 1696 682 1746 praeconia?
706 1697 814 1730 Nunc
838 1702 962 1729 autem
989 1701 1025 1729 et
1055 1694 1246 1741 exquisitis
1275 1694 1322 1730 ad

1372 360 1484 390 naus,
1506 360 1571 395 per
1591 358 1702 395 quam
1732 345 1831 381 llorti
1850 344 1962 392 liujus
1982 346 2233 394 impediantur
2258 347 2353 382 deli-

1371 406 1448 441 ciae.
1467 405 1597 442 Omnis
1616 404 1795 453 plantatio
1816 417 1926 452 quam
1949 417 2024 440 nou
2053 405 2234 454 plantavit
2249 409 2358 442 Pater

1376 458 1478 500 meins
1505 464 1681 507 coelestis,
1707 476 1783 498 non
1816 463 2028 498 invenietur
2046 463 2082 498 in
2104 477 2160 499 eo.
2187 464 2358 512 Denique

1376 523 1454 572 ipse
1475 523 1656 571 plantavit
1677 523 1777 558 liunc
1797 521 1946 557 liortum
1969 522 2190 570 voluptatis,
2205 523 2359 559 utsolus

1379 591 1556 630 operetur
1585 590 1621 617 et
1653 580 1837 617 custodiat
1864 580 1982 616 illum.
2014 580 2174 616 Gemino
2206 580 2359 628 quidem

1379 648 1557 688 operatur
1574 640 1708 685 modo,
1737 639 1908 687 plantans
1927 646 1963 674 et
1995 650 2168 687 purgans.
2190 639 2358 684 Plantat,

1380 707 1420 733 ut
1442 699 1487 733 sit
1508 711 1619 733 omne
1642 697 1675 733 ei
1704 710 1830 733 semen
1853 709 1981 732 verum
2002 710 2009 732 :
2032 705 2166 745 purgat
2185 709 2295 741 vero,
2320 705 2361 733 ut

1380 756 1539 791 fructum
1563 756 1645 804 plus
1663 756 1807 792 afferat.
1826 758 1870 791 Et
1886 755 2075 803 plantatur
2093 762 2132 789 ut
2154 767 2278 790 semen
2298 768 2361 791 ve-

1379 829 1460 852 rum
1481 816 1546 861 sit,
1579 824 1614 850 et
1647 822 1828 864 purgatur
1855 822 1896 849 ut
1922 814 2168 862 semiplenum
2199 827 2274 850 non
2304 815 2361 850 sit.

1378 874 1476 921 Quid
1511 874 1677 923 proderit.
1701 873 1881 922 plantatio
1906 873 1999 908 facta
2020 872 2065 908 ad
2092 872 2305 918 veritatem,
2333 874 2363 910 si

1379 934 1552 982 purgatio
1591 933 1686 968 desit
1720 932 1766 968 ad
1801 931 2041 967 ubertatem?
2070 931 2167 967 Nihil
2197 933 2364 968 conferet

1336 995 1362 1028 Β
1384 993 1527 1027 cultura
1555 991 1711 1040 diligens
1737 991 1966 1039 disciplinae,
1994 990 2023 1025 si
2055 989 2225 1025 custodia
2253 989 2360 1026 desit.

1381 1054 1521 1086 Neutro
1551 1050 1766 1085 destituitur
1800 1049 1864 1098 qui
1893 1048 2117 1084 assimilatur
2153 1048 2288 1095 horto,
2329 1058 2365 1086 et

1383 1109 1492 1144 liorto
1506 1109 1694 1144 concluso.

1437 1167 1472 1203 2.
1495 1170 1627 1201 Hortus
1643 1169 1830 1201 conclusus
1850 1195 1859 1212 ‚
1882 1180 1983 1201 soror
2001 1179 2084 1201 mea
2102 1179 2252 1214 sponsa.
2272 1167 2368 1203 Male

1384 1226 1556 1270 bortum,
1580 1226 1616 1260 in
1635 1239 1710 1273 quo
1733 1225 1875 1273 positus
1895 1233 1993 1269 erat,
2022 1224 2225 1260 custodivit
2249 1226 2367 1262 Adam

1385 1293 1513 1320 contra
1540 1283 1723 1320 lubricum
1750 1284 1973 1319 fraudulenti
2003 1283 2189 1332 serpentis
2221 1284 2368 1331 ingres-

1383 1355 1478 1378 sum.
1503 1342 1698 1378 jucundus
1721 1342 1870 1390 quidem
1898 1342 1958 1377 ille
1977 1343 2228 1390 corporalium
2256 1356 2367 1391 para-

1383 1401 1484 1437 disus
1513 1402 1698 1449 lignorum
1730 1415 1737 1435 :
1771 1400 1835 1436 sed
1866 1413 1934 1448 ego
1963 1401 2080 1436 multo
2109 1401 2299 1437 meliorem
2330 1402 2367 1437 in

1383 1459 1463 1508 ejus
1476 1460 1601 1495 auimo
1626 1460 1835 1507 plantatum
1856 1459 2036 1507 intelligo.
2063 1459 2162 1495 Niliil
2189 1459 2370 1496 obfuisset

1383 1519 1421 1554 in
1447 1519 1550 1554 illum
1578 1518 1811 1567 corporalem
1839 1518 2029 1566 irrupisse,
2047 1518 2075 1553 si
2100 1530 2175 1553 non
2200 1518 2371 1567 irrepsis—

1383 1586 1438 1613 set
1464 1578 1499 1613 in
1530 1578 1653 1613 istum.
1682 1577 1875 1613 Admissus
1899 1585 1954 1612 est
1975 1575 2153 1622 coluber,
2187 1585 2224 1613 et
2248 1578 2370 1614 statim

1384 1636 1464 1684 ejus
1493 1636 1678 1684 persensit
1706 1648 1864 1671 venena.
1896 1635 1968 1681 Qui
2000 1635 2099 1671 enim
2129 1635 2282 1684 dissipat
2309 1649 2372 1672 se-

1387 1707 1494 1743 pem,
1517 1693 1704 1729 mordebit
1727 1706 1813 1728 eum
1833 1692 1988 1728 coluber
2006 1699 2031 1730 ².
2069 1696 2172 1729 Bona
2203 1694 2371 1730 custodia

332 1757 431 1793 illam
471 1755 589 1791 utitur
626 1752 892 1788 blandimentis
909 1780 918 1797 ,
956 1760 993 1787 et
1026 1751 1322 1799 congratulando
1345 1760 1372 1796 C
1389 1765 1516 1801 sepes,
1537 1765 1620 1800 quae
1642 1751 1741 1787 culta
1768 1750 1814 1786 ab
1837 1750 1983 1787 incultis
2003 1759 2166 1800 separat,
2189 1760 2225 1787 et
2250 1761 2374 1788 servat

332 1817 414 1866 ipsa
429 1813 678 1862 congeminat.
705 1811 868 1859 Quidni?
885 1824 997 1859 quam
1028 1810 1065 1845 in
1093 1810 1323 1846 matrimonii

333 1875 469 1922 delegit
485 1873 662 1921 gratiam,
679 1884 755 1906 non
771 1869 852 1918 ejus
866 1869 1016 1905 dotibus
1030 1869 1177 1904 eximiis
1191 1882 1324 1917 aggau-

333 1933 463 1969 debit?
480 1935 561 1968 Non
581 1938 730 1980 poterat
753 1929 792 1964 in
813 1937 887 1964 tam
904 1927 1022 1963 dulcis
1042 1927 1326 1964 necessitudinis

329 1991 417 2039 jura
447 1989 516 2025 nisi
536 1988 648 2036 digna
667 1987 771 2036 eligi,
795 1999 863 2022 nec
879 1985 957 2034 jam
978 1986 1094 2021 electa
1116 1986 1239 2034 tepide
1267 1986 1326 2022 di-

338 2050 414 2098 ligi.
442 2047 633 2096 Numquid
655 2059 730 2082 non
750 2058 899 2094 aequum
921 2052 976 2080 est
995 2052 1088 2080 utet
1112 2045 1191 2093 ipsa
1209 2046 1248 2080 in
1273 2053 1327 2081 ta-

335 2107 434 2144 libus
456 2107 490 2142 ei
518 2106 664 2154 placere
692 2103 861 2147 studeat,
883 2103 947 2151 qui
975 2103 1028 2138 sic
1051 2103 1166 2151 ipsam
1192 2103 1328 2151 proba-

334 2167 388 2202 vit
403 2168 418 2201 Ρ
438 2169 521 2214 Ipse
538 2163 674 2213 probat
686 2192 695 2208 ‚
710 2163 790 2211 ipse
813 2163 922 2198 talem
938 2170 1063 2210 parat,
1086 2161 1165 2209 ipse
1183 2162 1328 2210 plantat

335 2224 404 2261 sibi
426 2222 638 2272 paradisum
666 2220 893 2269 voluptatis,
912 2221 991 2268 ipse
1019 2219 1084 2267 qui
1106 2220 1215 2254 talem
1245 2233 1326 2256 eam

337 2290 456 2331 parat,
474 2281 552 2329 ipse
564 2287 757 2328 comparat
776 2278 949 2327 paradiso
966 2278 1197 2313 deliciarum.
1216 2280 1326 2322 Ecce,

337 2341 459 2390 inquit
474 2344 588 2383 Isaac,
606 2338 784 2383 odorfilii
800 2343 885 2379 mei,
901 2341 994 2371 sicut
1007 2339 1097 2371 odor
1109 2341 1192 2384 agri
1204 2340 1322 2384 pleni,

338 2405 396 2435 cui
421 2399 612 2434 benedixit
632 2400 814 2432 Dominus
836 2402 859 2431 ¹.
881 2399 969 2432 Haee
987 2403 1109 2431 autem
1132 2408 1208 2430 non
1237 2408 1325 2443 agro

336 2459 552 2503 confertur,
584 2455 649 2493 sed
672 2456 808 2500 liort03
843 2453 906 2490 ubi
940 2453 1142 2503 spiritualis
1177 2454 1327 2490 videtur

1388 1811 1514 1846 illaesa.
1542 1809 1739 1847 Circumda
1765 1821 1853 1857 ergo
1878 1809 1973 1844 lianc
2001 1809 2112 1845 horto
2137 1817 2202 1845 tuo
2227 1822 2372 1858 sepem,

1390 1883 1436 1905 ne
1454 1897 1463 1914 ,
1486 1870 1514 1905 si
1548 1869 1658 1905 fuerit
1683 1867 1804 1904 ablata
1823 1880 1949 1917 sepes,
1981 1868 2170 1904 destructa
2191 1870 2349 1905 maceria
2364 1897 2374 1915 ,

1391 1929 1428 1964 in
1467 1928 1715 1977 direptionem
1750 1935 1787 1963 et
1820 1927 2139 1963 conculcationem
2179 1928 2256 1965 fias.
2292 1932 2375 1965 Non

1391 1995 1470 2023 erat
1497 1987 1559 2023 ille
1597 1987 1762 2024 reclusus
1789 1986 1913 2022 hosti:
1934 1986 2052 2034 ejecto
2081 1994 2118 2022 et
2146 1987 2264 2023 exsuli
2290 1987 2377 2024 inde

1392 2058 1503 2094 quam
1528 2046 1692 2094 graviter
1711 2053 1765 2081 est
1784 2045 2032 2081 interclusus?
2048 2047 2138 2082 Cum
2160 2045 2378 2082 difficultate

1394 2103 1603 2151 regreditur
1616 2103 1716 2138 unde
1731 2102 1878 2138 incauta
1901 2103 2074 2138 facilitate
2091 2103 2290 2152 prolapsus
2310 2113 2374 2140 est.

1392 2164 1433 2197 In
1452 2161 1589 2197 sudore
1608 2161 1734 2196 vultus
1754 2174 1850 2210 pane
1871 2161 2034 2196 vescitur
2054 2173 2142 2206 suo,
2164 2161 2229 2209 qui
2249 2161 2285 2197 in
2307 2175 2376 2210 pa-

1393 2219 1516 2254 radiso
1537 2219 1582 2254 de
1602 2219 1687 2254 vitae
1708 2219 1809 2267 ligno
1826 2218 1871 2254 ad
1893 2217 2038 2254 libitum
2060 2231 2172 2267 poma
2185 2219 2374 2268 carpebat.

1394 2277 1462 2313 Hie
1492 2277 1653 2312 vescitur
1682 2289 1777 2325 pane
1815 2290 1901 2321 suo,
1926 2275 1976 2312 ibi
1996 2276 2081 2312 vitae
2115 2276 2307 2314 fructibus.
2335 2281 2378 2314 In

1392 2335 1563 2384 paradiso
1584 2335 1765 2384 produxit
1786 2336 1970 2372 Dominus
1993 2348 2105 2371 omne
2130 2336 2272 2385 lignum
2292 2337 2381 2385 pul-

1392 2395 1522 2430 chrum
1546 2395 1752 2440 visu,etad
1770 2394 1995 2430 vescendum
2013 2407 2140 2431 suave.
2163 2394 2327 2431 Laborat
2342 2396 2380 2431 in

1394 2452 1649 2501 terrmejectus
1666 2454 1807 2499 Adam3
1829 2462 1865 2490 et
1891 2467 1968 2490 non
1989 2453 2196 2499 Dominus,
2219 2454 2284 2491 sed
2302 2455 2382 2504 ipsa

338 2518 520 2567 plantatio
541 2516 676 2552 florum
691 2544 700 2561 ‚
728 2523 764 2551 et
792 2522 1001 2550 aromatum
1020 2514 1142 2549 cultus
1160 2513 1325 2550 uberior.
1346 2524 1378 2557 D
1396 2521 1492 2549 terra
1512 2513 1637 2562 spinas
1663 2521 1699 2549 et
1720 2512 1878 2549 tribulos
1895 2512 2078 2561 germinat
2098 2513 2282 2562 operanti.
2314 2517 2384 2550 Pa-

340 2581 381 2614 In
403 2577 502 2613 hunc
523 2576 672 2611 hortum
686 2603 695 2619 ‚
716 2577 803 2611 Jesu
820 2573 938 2618 bone,
956 2572 1116 2609 libenter
1135 2572 1328 2609 descendis

340 2637 385 2672 ad
408 2636 552 2672 areolas
575 2641 784 2670 aromatum
803 2647 812 2677 ;
833 2641 873 2668 ut
891 2631 1005 2668 cubes
1028 2631 1063 2667 in
1085 2644 1150 2675 eo,
1173 2639 1212 2667 ut
1229 2632 1328 2667 colas

341 2704 377 2731 et
406 2694 594 2730 custodias
620 2693 737 2728 illum.
766 2694 920 2735 Hortus,
953 2690 1091 2739 inquit,
1115 2693 1327 2733 conclusus,

342 2768 445 2789 soror
477 2766 557 2788 mea
587 2765 744 2800 sponsa,
771 2751 892 2785 hortus
913 2751 1115 2784 conclusus.
1140 2752 1210 2784 Per
1236 2749 1328 2784 lior-

344 2821 420 2847 tum
455 2813 640 2854 internas,
664 2810 810 2852 fratres,
841 2807 1033 2855 intelligite
1066 2806 1236 2852 delicias;
1268 2820 1333 2855 per

1213 2868 1331 2912 Quem

345 2929 479 2964 dabitis
511 2928 620 2962 horto
640 2925 818 2969 similem,
841 2925 909 2959 nisi
941 2923 1047 2972 cujus
1077 2924 1199 2960 anima
1228 2924 1334 2972 spiri-

343 2871 644 2911 cont-lusionem,
694 2867 926 2915 disciplinam
971 2866 1160 2902 custodiae.

347 2987 510 3023 tualibus
529 2986 579 3020 sic
604 2983 800 3020 affectibus
821 2983 983 3028 redolet,
1005 2983 1099 3019 sieut
1125 2983 1335 3019 aromaticis

346 3045 502 3082 floribus
546 3044 709 3079 hortus?
744 3046 861 3088 Quam
895 3041 1105 3089 jucundum
1145 3043 1334 3090 penetral,

345 3118 456 3153 quam
494 3102 616 3139 suavis
652 3114 817 3137 recessus
838 3101 873 3135 in
914 3109 1063 3148 pectore
1093 3113 1261 3149 sponsae,
1298 3101 1333 3136 iu

395 3233 400 3246 ¹
420 3230 498 3256 (1011.
519 3236 629 3263 xxvii,
651 3227 704 3255 27.
723 3243 753 3246 --
786 3230 794 3243 ⁷
815 3224 911 3255 lisele.
930 3234 972 3260 x,
994 3226 1022 3252 8.
1047 3242 1081 3246 --‹

1394 2572 1537 2607 radisus
1557 2572 1670 2620 gratis
1691 2571 1753 2608 dat
1774 2572 1914 2607 fructus
1935 2584 2022 2607 suos
2043 2586 2051 2607 τ
2083 2579 2179 2607 terra
2199 2571 2384 2610 laboranti

1395 2643 1462 2666 nec
1482 2644 1580 2666 suos.
1603 2631 1857 2667 Commutatio
1875 2630 2021 2676 misera,
2046 2630 2110 2666 sed
2130 2638 2190 2676 tu,
2209 2631 2383 2676 Domine,

1394 2689 1540 2739 perdis,
1570 2698 1607 2725 et
1632 2689 1755 2737 juste,
1793 2702 1925 2725 omnes
1955 2690 2019 2738 qui
2056 2689 2287 2724 fornicantur
2318 2689 2385 2726 abs

1398 2757 1432 2785 te
1454 2748 1478 2784 ³.
1499 2752 1588 2785 Jure
1603 2749 1773 2797 perditur
1790 2777 1798 2793 ‚
1819 2749 1882 2797 qui
1899 2757 1970 2784 tam
1993 2748 2123 2784 charas
2140 2747 2385 2784 necessitudi-

1399 2820 1463 2842 nes
1489 2807 1611 2855 perdit
1632 2807 1852 2843 fornicando
1874 2822 1881 2842 :
1902 2820 1970 2842 nec
1996 2807 2091 2842 ultra
2120 2814 2282 2842 meretur
2308 2806 2386 2842 liaec

1399 2865 1651 2902 blandimenta
1668 2867 1809 2911 audire,
1823 2874 1863 2902 ut
1876 2874 2032 2901 vocetur
2046 2878 2162 2908 soror,
2181 2873 2222 2901 ut
2237 2878 2387 2912 sponsa,

1399 2933 1440 2960 ut
1467 2926 1616 2969 lmrms,
1653 2933 1689 2960 et
1719 2925 1841 2960 hortus
1862 2928 2079 2967 conclusus,
2108 2924 2171 2972 qui
2199 2924 2386 2959 neminem

1400 2983 1469 3019 nisi
1490 2983 1665 3020 dilectum
1692 2983 1876 3019 admittat.
1901 2986 2012 3019 Porta
2030 2982 2190 3031 paradisi
2215 2982 2264 3018 tui
2290 2995 2388 3018 sem-

1400 3056 1467 3092 per
1483 3043 1605 3079 clausa
1623 3043 1695 3087 sit,
1715 3043 1782 3079 soli
1799 3042 1957 3091 principi
1981 3050 2115 3091 pateat.
2136 3043 2218 3076 Non
2237 3040 2387 3088 dejicia-

1403 3110 1463 3137 tur
1482 3101 1516 3137 iu
1535 3101 1653 3137 securi
1685 3109 1719 3137 et
1747 3101 1842 3137 ascia
1870 3099 1985 3148 janua
2010 3099 2101 3148 ejuS.
2133 3102 2239 3135 [alnus
2267 3099 2311 3135 sit
2338 3098 2386 3134 ibi

1111 3222 1213 3252 ἰ15111,
1234 3234 1336 3254 mxii,
1356 3226 1404 3252 ’),,“.
