2418 3949
767 247 1096 304 EJUSDEM
1147 247 1565 303 GUILLELMI

138 446 280 528 DE
334 440 807 530 NATURA
861 445 1006 527 ET
1057 441 1691 528 DIGNITATE
1754 441 2190 532 AMORIS

1000 671 1326 711 TRACTATtsss

381 879 412 883 —
422 880 505 883 ἡ».
524 870 1630 898 μᾸἯκςόρ-ῖαῇ-ι--ψ
1641 884 1718 887 —ff
1738 884 1789 887 ν-

509 1069 685 1107 CAPUT
715 1070 747 1107 I.
1128 1063 1158 1081 ²⁴

137 1187 283 1214 Amorem
303 1182 422 1214 homini
438 1183 619 1214 naturaliter
635 1183 765 1214 inditum
781 1208 788 1221 ,
807 1184 908 1214 carnis
926 1183 1001 1214 vitio
1021 1195 1126 1215 corru-

471 1243 558 1279 ptum
575 1236 789 1277 degenerasse.

190 1367 220 1402 l.
244 1370 314 1403 Ars
333 1373 388 1402 est
412 1366 545 1402 artium
564 1377 624 1401 ars
644 1365 783 1401 amoris
797 1393 806 1409 ‚
827 1364 935 1414 cujus
953 1365 1127 1414 magiste-

133 1425 230 1462 rium
254 1424 333 1475 ipsa
355 1424 426 1461 sibi
450 1424 605 1461 retinuit
633 1432 786 1468 natura,
810 1433 846 1460 et
871 1428 972 1461 Deus
993 1433 1128 1461 auctor

132 1493 286 1522 naturae.
304 1488 391 1534 Ipse
405 1485 505 1521 enim
523 1497 629 1521 amor
645 1497 666 1520 a
681 1486 857 1521 Creatore
875 1484 1016 1521 inditus
1028 1514 1037 1530 ‚
1056 1484 1126 1520 nisi

132 1544 313 1581 naturalis
339 1543 421 1593 ejus
452 1544 662 1593 ingenuitas
691 1543 912 1580 adulterinis
938 1543 1126 1593 aliquibus

133 1602 329 1639 affectibus
356 1603 563 1652 praepedita
590 1603 722 1648 fuerit3
752 1603 852 1653 ipse,
883 1604 1058 1653 inquam,
1087 1618 1125 1641 se

134 1661 266 1707 docet,
301 1661 365 1699 sed
399 1661 579 1699 docibiles
611 1663 687 1708 sui,
712 1661 892 1699 docibiles
919 1663 988 1699 Dei
1006 1669 1028 1698 ¹.
1062 1665 1126 1699 Est

134 1721 275 1770 quippe
295 1734 402 1757 amor
420 1721 474 1757 vis
491 1721 624 1757 animae
643 1721 803 1757 naturali
831 1721 995 1770 quodam
1024 1735 1124 1771 pon-

133 1778 221 1816 dere
239 1780 361 1817 ferens
380 1793 461 1817 eam
482 1781 519 1816 in
539 1781 663 1817 locum
680 1781 738 1817 vel
758 1781 869 1818 linem
891 1795 1012 1818 suum.
1038 1785 1124 1819 Om-

133 1838 190 1875 nis
206 1839 305 1876 enim
323 1848 492 1876 creatura
509 1840 588 1877 sive
603 1840 805 1890 spiritualis
816 1870 824 1886 ‚
838 1841 915 1877 sive
929 1854 1126 1890 corporea,

132 1906 168 1933 et
183 1907 325 1935 eertum
342 1898 455 1935 babet
471 1900 593 1936 locum
610 1912 686 1948 quo
701 1900 920 1936 naturaliter
936 1901 1073 1945 fertur,
1091 1909 1127 1936 et

132 1958 302 1994 naturale
327 1958 520 2007 quoddam
545 1959 696 2009 pondus
718 1972 795 2008 quo
823 1960 952 1996 fertur.
976 1960 1127 1997 Pondus

133 2017 232 2053 enim
247 2046 256 2063 ,
289 2026 330 2054 ut
360 2018 409 2054 ait
444 2018 598 2067 quidam
633 2032 721 2054 vere
747 2018 1016 2068 philosophus,
1051 2032 1125 2055 non

133 2089 282 2126 semper
302 2078 371 2113 fert
388 2078 433 2114 ad
453 2078 525 2114 ima
544 2093 551 2114 :
572 2078 693 2127 ignem
715 2091 886 2125 sursum,
907 2092 1040 2128 aquam
1061 2080 1125 2116 de-

133 2148 282 2181 orsum,
304 2136 354 2173 sic
375 2145 412 2173 et
433 2136 478 2173 de
498 2137 652 2174 caeteris.
676 2141 768 2174 'Nam
788 2146 824 2173 et
842 2138 1032 2174 bominem
1051 2139 1125 2188 agit

133 2194 282 2244 pondus
302 2208 429 2240 suum,
457 2196 676 2232 naturaliter
700 2196 872 2246 spiritum
899 2197 1020 2233 serens
1038 2211 1122 2233 sur-

132 2266 234 2299 sum,
253 2267 390 2304 corpus
408 2254 606 2301 deorsum,
625 2256 924 2306 unumquodque
942 2257 978 2292 in
998 2257 1120 2293 locum

131 2313 190 2349 vel
210 2314 321 2350 [inem
339 2327 460 2350 suum.
480 2315 570 2362 Quis
587 2315 686 2351 enim
706 2316 876 2365 corporis
893 2316 1019 2352 locus?
1043 2318 1122 2351 Ter>

131 2387 199 2419 ra,
230 2374 374 2424 inquit,
399 2389 456 2418 es,
489 2384 523 2410 ee
551 2380 587 2411 in
618 2385 751 2411 terram
773 2375 879 2412 [bii-².
909 2379 962 2412 De
990 2377 1122 2425 spiritu

129 2446 221 2470 vero
239 2433 275 2470 in
294 2433 392 2470 libro
414 2434 612 2484 Sapientia·
633 2449 640 2470 :
667 2437 713 2470 Et
736 2445 946 2479 revertetur,
976 2436 1120 2485 inquit,

129 2496 282 2540 spiritus
301 2494 354 2527 ml
372 2506 476 2537 etun,
498 2498 562 2542 qui
582 2499 716 2529 creavit
736 2492 852 2530 ‹·111113.
881 2494 973 2532 Yide
999 2495 1120 2531 bomi-

131 2563 215 2587 nem
234 2551 481 2598 dissolutum,
508 2553 703 2602 quomodo
731 2562 830 2590 totus
858 2553 1027 2603 pondere
1053 2568 1120 2591 suo

1163 1063 1175 1080 ³
1197 1065 1288 1101 facta
1307 1066 1418 1102 fuerit
1435 1067 1634 1103 restitutio.
1654 1070 1745 1115 Quae
1761 1077 1886 1105 utrum
1904 1072 2117 1120 corruptio,
2136 1074 2193 1109 rel

1150 1125 1177 1157 A
1196 1124 1379 1173 putredo,
1394 1134 1431 1161 et
1445 1138 1521 1161 non
1540 1126 1684 1175 potius,
1704 1135 1743 1162 ut
1763 1126 1903 1164 dictum
1923 1138 1994 1175 est,
2013 1131 2194 1166 resolutio

1194 1183 1327 1220 melius
1352 1184 1522 1221 vocanda
1552 1186 1619 1232 sit,
1646 1185 1792 1234 judicet
1823 1188 1886 1236 qui
1911 1188 2001 1224 vult.
2034 1192 2078 1225 Et
2107 1203 2192 1226 cum

1192 1243 1328 1279 horum
1345 1244 1436 1280 nibil
1454 1258 1473 1281 a
1495 1253 1638 1281 naturae
1658 1258 1733 1281 suae
1755 1246 1902 1282 tramite
1923 1246 2093 1294 aberret;
2116 1249 2194 1285 sola

1193 1302 1326 1338 misera
1346 1303 1489 1348 anima,
1511 1311 1548 1338 et
1572 1303 1736 1352 degener
1756 1304 1930 1354 spiritus,
1951 1320 2036 1342 cum
2066 1320 2133 1357 per
2153 1321 2192 1345 sc

1193 1362 1413 1398 naturaliter
1440 1376 1486 1398 eo
1524 1363 1671 1409 tendat,
1709 1365 1850 1413 peccati
1885 1366 1977 1402 vitio
2014 1376 2194 1417 corrupta

1191 1422 1329 1468 nescit,
1352 1423 1410 1458 vel
1435 1422 1585 1459 difficile
1606 1423 1715 1461 discit
1736 1424 1783 1461 ad
1804 1438 1912 1462 suum
1938 1426 2062 1463 redire
2083 1428 2192 1477 prin-

1193 1482 1344 1531 cipium.
1367 1482 1533 1519 Naturali
1565 1483 1717 1532 quidem
1751 1485 1920 1534 pondere
1949 1500 2017 1523 suo
2042 1501 2192 1538 semper

1192 1554 1238 1577 eo
1271 1542 1477 1591 impellitur
1509 1557 1515 1578 ε
1552 1556 1637 1579 cum
1674 1543 1947 1582 beatitudinem
1978 1546 2189 1593 desiderat,

1191 1600 1460 1637 beatitudinem
1478 1602 1654 1647 somniat,
1674 1604 1822 1640 nonnisi
1844 1603 1975 1642 beatus
1989 1619 2069 1642 esse
2085 1620 2192 1656 quee—

1193 1660 1250 1696 rit.
1274 1663 1406 1696 Beatus
1434 1669 1557 1697 autem
1579 1661 1661 1708 ille,
1689 1671 1725 1698 et
1758 1676 1834 1699 non
1857 1663 1979 1709 alius,
2009 1665 2116 1714 cujus
2135 1675 2191 1702 est

1190 1720 1377 1756 Dominus
1391 1723 1491 1757 Deus
1507 1719 1589 1769 ejus
1601 1721 1626 1756 ⁵.
1643 1721 1714 1759 Sed
1731 1720 2001 1759 beatitudinem
2018 1738 2192 1773 quaereus

1191 1792 1268 1815 non
1287 1779 1322 1815 in
1345 1780 1496 1828 regione
1514 1793 1579 1816 sua
1593 1809 1602 1825 ,
1626 1793 1694 1816 nec
1716 1781 1751 1817 in
1773 1782 1831 1818 via
1849 1795 1934 1827 sua,
1955 1784 2065 1833 longe
2082 1784 2192 1822 aber-

1150 1843 1174 1877 B
1194 1847 1251 1875 rat
1277 1852 1297 1874 a
1321 1839 1480 1875 naturali
1510 1839 1719 1876 intentione
1749 1854 1827 1877 sua.
1860 1841 2028 1892 Ideoque
2059 1846 2191 1881 amissa

1195 1897 1366 1934 doctrina
1386 1911 1452 1934 sua
1476 1899 1662 1944 naturali,
1686 1912 1782 1949 opus
1804 1900 1881 1949 jam
1904 1901 2014 1938 habet
2035 1902 2191 1940 doctore

1194 1956 1367 2002 bomine,
1403 1958 1466 2006 qui
1497 1957 1544 1994 de
1573 1957 1828 2004 beatitudine,
1858 1972 1942 2009 quae
1970 1963 2192 1999 naturaliter

1194 2017 1375 2066 quaeritur
1395 2017 1577 2063 amando,
1600 2017 1732 2055 doceat
1758 2018 2021 2066 admonendo,
2045 2020 2129 2067 ubi,
2154 2031 2191 2058 et

1192 2089 1289 2124 qno,
1313 2076 1348 2112 in
1368 2090 1442 2126 qua
1461 2077 1634 2126 regione,
1655 2091 1728 2127 qua
1749 2078 1808 2114 via
1827 2087 2030 2127 quaeratur.

1248 2134 1280 2170 2.
1301 2141 1418 2172 Amor
1437 2149 1545 2185 ei·g0‚
1568 2145 1607 2172 ut
1626 2136 1765 2173 dictum
1785 2146 1860 2183 est,
1884 2137 1931 2174 ab
1951 2147 2105 2176 auctore
2125 2153 2193 2177 na-

1192 2203 1284 2231 turae
1300 2196 1521 2232 naturaliter
1536 2204 1591 2233 est
1606 2197 1740 2233 animae
1754 2197 1928 2234 humanae
1944 2198 2086 2236 inditus
2104 2215 2110 2236 ε
2126 2201 2190 2238 sed

1191 2264 1391 2304 postquam
1409 2257 1528 2305 legem
1550 2257 1619 2293 Dei
1638 2257 1781 2302 amisit,
1805 2256 1852 2294 ab
1870 2253 2023 2294 bomine
2045 2269 2099 2296 est
2122 2260 2192 2296 do-

1190 2315 1342 2351 eendus.
1359 2319 1439 2352 Non
1455 2325 1509 2352 est
1525 2324 1649 2352 autem
1667 2316 1877 2363 docendus,
1895 2326 1933 2353 ut
1949 2318 1994 2354 sit
2012 2327 2189 2368 tanquam

1189 2374 1253 2422 qui
1271 2387 1345 2410 non
1369 2374 1433 2420 sit3
1454 2374 1518 2410 scd
1540 2383 1580 2411 ut
1600 2384 1806 2425 purgetur,
1826 2384 1861 2412 et
1882 2377 2077 2425 quomodo
2096 2391 2189 2428 pur-

1189 2442 1318 2482 getur;
1350 2442 1386 2470 et
1414 2442 1454 2469 ut
1481 2434 1672 2483 proficiat,
1701 2443 1736 2470 et
1764 2435 1959 2485 quomodo
1990 2437 2189 2486 proficiat;

1188 2502 1227 2530 ut
1256 2493 1458 2537 solidetur,
1481 2503 1518 2529 et
1546 2494 1742 2543 quomodo
1763 2495 1965 2541 solidetur,
1995 2496 2188 2535 docendus

1187 2562 1252 2590 cst.
1279 2557 1370 2590 Nam
1393 2562 1429 2590 et
1449 2553 1567 2590 foedus
1596 2567 1703 2590 amor
1723 2556 1882 2591 carnalis
1905 2557 2081 2594 foeditatis
2111 2572 2187 2595 suae

131 2610 250 2647 fertur
267 2611 303 2646 in
324 2611 447 2647 locum
471 2625 578 2648 suuni
598 2628 605 2648 :
625 2627 709 2649 cum
730 2626 787 2649 res
806 2613 901 2650 bene
929 2622 965 2650 et
987 2614 1120 2651 ordine
1142 2617 1168 2652 C
1188 2614 1275 2650 oliui
1296 2613 1425 2650 babuit
1444 2615 1664 2663 magistros,
1683 2615 1717 2650 in
1736 2629 1780 2651 eo
1798 2629 1874 2664 quo
1891 2619 2061 2667 corrupti
2080 2629 2188 2655 erant

131 2682 198 2705 suo
215 2670 405 2719 procedit,
421 2671 574 2720 spiritus
592 2672 688 2708 redit
708 2672 754 2709 ad
773 2676 913 2719 Deum,
933 2674 997 2723 qui
1020 2687 1120 2711 crea-

131 2728 185 2764 vit
204 2741 308 2775 eum;
330 2743 468 2779 corpus
491 2730 536 2767 ad
568 2739 724 2777 terram,
750 2745 817 2768 nec
839 2732 874 2768 in
898 2741 1033 2769 terram
1054 2746 1116 2769 so-

131 2787 206 2824 lum
220 2817 230 2834 ,
251 2788 315 2825 sed
336 2790 373 2826 iu
390 2790 591 2837 elementa,
611 2805 656 2828 ex
673 2791 811 2840 quibus
831 2801 1067 2843 compactum
1085 2803 1122 2831 et

134 2847 335 2885 formatum
355 2857 446 2886 erat.
464 2853 555 2887 Cum
577 2851 675 2887 enim
694 2851 871 2900 quiddam
889 2852 924 2888 in
946 2866 991 2888 co
1008 2861 1119 2898 terra,

132 2906 308 2954 quiddam
341 2922 456 2958 aqua,
479 2918 515 2946 et
542 2910 721 2959 quiddam
743 2924 806 2947 aer
832 2911 900 2948 sibi
933 2912 1119 2959 vindicet5

133 2977 218 3000 cum
240 2967 420 3003 naturalis
440 2969 711 3018 compactionis
733 2971 911 3007 naturalis
931 2971 976 3007 sit
999 2971 1117 3008 disso-

133 3021 248 3067 lutio,
272 3023 438 3072 pondere
467 3039 534 3063 suo
564 3028 861 3078 unumquodque
884 3031 1044 3066 recurrit
1074 3030 1119 3066 ad

134 3094 242 3117 suum
264 3082 490 3120 elementum
513 3101 520 3120 :
542 3095 577 3122 et
601 3095 690 3124 tunc
715 3088 826 3138 plena
847 3089 940 3125 sacta
961 3098 1015 3125 est
1041 3089 1119 3125 dis-

133 3140 290 3187 solutio,
319 3155 404 3179 cum
437 3143 571 3181 borum
594 3146 760 3183 omnium
792 3148 828 3184 in
855 3148 978 3184 locum
1012 3162 1119 3185 suum

184 3278 190 3291 ¹
209 3275 300 3304 Joan.
320 3285 365 3310 vi,
386 3278 438 3305 45..
458 3295 496 3298 —
516 3281 527 3296 ²
543 3279 620 3306 Gen.
640 3289 694 3314 ιιι,
718 3282 767 3308 lt).
848 3277 860 3299 3
877 3279 963 3309 tirel«-
996 3291 1054 3312 xii.
1081 3283 1109 3310 7.

181 3335 190 3345 ·¹
206 3331 344 3361 (nulius.

1185 2683 1219 2710 et
1237 2673 1533 2722 corrumpebant
1550 2682 1621 2709 tam
1639 2675 1873 2723 perspicaces
1885 2704 1893 2718 ‚
1913 2683 1985 2711 tam
2002 2677 2185 2723 efficaces,

1188 2733 1284 2770 utab
1300 2734 1415 2783 ipsius
1431 2733 1608 2769 sorditatis
1623 2733 1854 2770 amatoribus
1870 2744 1905 2771 et
1919 2736 2040 2779 sociis,
2054 2736 2186 2774 doctor

1186 2794 1276 2830 artis
1297 2794 1490 2830 ainatoria²
1523 2802 1716 2830 recantare
1739 2803 1957 2843 cogeretur,
1992 2797 2095 2845 quod
2122 2798 2183 2834 in·

1190 2853 1462 2903 temperantius
1483 2861 1695 2889 cantaverat
1712 2867 1720 2895 ς
1740 2861 1776 2890 et
1804 2853 1848 2889 de
1867 2855 2006 2892 amotis
2023 2857 2186 2894 scribere

1190 2912 1381 2955 remedio,
1404 2912 1467 2961 qui
1490 2911 1535 2947 (le
1555 2912 1695 2948 amoris
1720 2913 1879 2949 carnalis
1904 2914 2105 2964 scripserat
2126 2917 2185 2952 in—

1187 2972 1321 3008 ccndio
1339 2987 1345 3007 ε
1365 2972 1428 3020 qui
1448 2972 1483 3007 in
1503 2971 1643 3008 amoris
1659 2972 1847 3009 incentiva
1867 2974 1923 3009 rel
1939 2982 2064 3011 vetera
2080 2977 2185 3025 quasi

1187 3045 1254 3081 per
1269 3031 1468 3081 quemdam
1487 3032 1674 3081 pruritum
1691 3033 1918 3069 exsecranda
1931 3062 1939 3078 ‚
1958 3035 2016 3071 vel
2035 3035 2070 3072 in
2091 3049 2187 3073 nova

1187 3090 1414 3127 invenienda
1435 3099 1513 3126 toto
1535 3104 1572 3126 se
1588 3091 1773 3128 effuderat
1796 3092 1946 3141 ingenio
1962 3100 1988 3129 ³.
2011 3098 2093 3131 Non
2117 3097 2187 3132 nti<

1187 3164 1260 3199 que
1281 3151 1419 3186 amoris
1436 3151 1594 3186 carnalis
1612 3151 1797 3188 servorem
1821 3152 2019 3190 videbatur
2038 3155 2096 3190 ille
2120 3156 2167 3190 do

1188 3282 1505 3314 -lt’eal.‹x=1·1.i.··.
