2418 3949
160 203 232 239 717

764 206 1047 240 TRACTATL'S
1075 205 1140 240 DE
1169 207 1421 243 INTERIORI
1451 210 1601 245 DOMO.

2132 211 2204 246 71:3³

153 279 330 324 ostend03
352 291 484 315 accuso
500 291 578 324 me,
599 291 675 314 non
690 291 850 325 excuso;
873 281 1050 329 quoniam
1069 279 1200 316 ini-⁵⁴⁹
1215 281 1397 331 obsequio
1417 285 1683 330 reverentiam,
1708 286 1746 321 in
1763 299 1936 323 sermone
1951 287 2170 325 modestiam
2187 317 2196 333 ,

152 340 331 388 quitatem
359 351 480 375 meam
515 351 712 388 cognosco.
748 343 823 376 lN'ec
851 340 991 376 idcirco
1015 339 1140 389 justus
1158 342 1248 377 Ain
1277 342 1442 378 moribus
1481 343 1726 392 disciplinam.
1760 345 1882 382 Habui
1922 346 1962 383 in
1987 347 2196 385 intentione

151 411 233 435 suin
249 413 256 435 :
274 398 453 448 quoniam
478 397 509 434 si
536 398 630 434 alter
650 398 701 434 ita
720 411 780 434 me
810 407 1015 444 accusaret,
1043 399 1139 435 sicut

149 471 219 507 ego
235 471 294 496 me
313 459 435 508 ipsum
454 470 607 503 accuso,
645 458 829 507 patienter
848 459 1032 495 sustinere
1061 471 1137 494 non

149 532 308 568 possem.
341 522 549 568 Desperare
583 519 712 567 utique
745 519 946 568 potuissem
982 526 1139 568 propter

149 578 263 614 nimia
282 586 432 628 peccata
451 586 487 614 et
508 577 617 622 vitia,
638 577 788 627 culpaS,
809 586 846 614 et
872 578 1037 614 infinitas
1066 590 1135 613 ne—

146 638 342 686 gligentias
374 649 494 681 meas,
517 650 601 685 quae
623 637 702 685 egi,
731 645 767 672 et
792 636 962 686 quotidie
991 636 1133 672 indesi—

147 705 281 733 nenter
313 709 382 746 ago
416 696 550 741 corde,
581 708 671 740 ore,
709 708 824 744 opere
844 725 853 741 ‚
885 704 923 732 et
957 694 1135 731 omnibus

147 755 291 801 modis,
324 754 461 804 quibus
485 755 648 790 humana
675 754 849 803 fragilitas
882 766 1036 804 peccare
1064 766 1134 803 po-

146 823 217 851 test
232 829 242 860 ;
260 814 332 850 nisi
351 813 515 850 Verbum
538 822 642 849 tuum
657 841 666 857 ‚
687 816 788 849 Deus
801 841 812 858 ,
834 825 920 849 caro
947 814 1054 850 fieret
1067 841 1077 859 ,
1097 821 1134 848 et

143 873 329 910 habitaret
359 872 396 908 in
437 871 558 908 nobis.
603 871 674 908 Sed
701 871 898 921 desperare
929 872 1008 921 jam
1053 885 1131 909 non

141 932 281 978 audeo,
317 932 495 982 quoniam
525 930 696 968 subditus
727 932 788 968 ille
819 932 886 968 tibi
923 945 1041 981 usque
1085 932 1132 969 ad

143 999 300 1028 mortem
314 1020 324 1035 ,
345 1000 504 1028 mortem
525 999 649 1027 autem
674 991 811 1037 crucis,
828 991 912 1028 tulit
934 992 1131 1041 chirogra—

1204 401 1467 449 pertinaciam,
1487 402 1524 438 in
1544 403 1656 439 corde
1677 403 1875 450 duritiam,
1904 406 1942 442 in
1967 409 2194 444 sermocina-

1204 459 1543 508 tionejactantiain.
1561 465 1603 498 In
1621 462 1827 499 humilitate
1841 464 1893 500 fui
1908 464 2038 512 fallax,
2051 466 2087 502 in
2105 467 2193 504 odio

1202 519 1400 567 pertinax,
1441 520 1478 556 in
1509 519 1704 568 jocatione
1738 522 1906 560 mordax,
1941 524 2190 574 Subjectionis

1202 578 1421 628 impatiens,
1439 581 1617 628 potentiae
1637 589 1818 627 sectator,
1847 582 1893 618 ad
1923 596 2017 633 opus
2043 584 2185 623 bonum

1200 637 1326 687 piger,
1342 638 1387 674 ad
1407 639 1585 675 unitatem
1608 640 1725 685 ferus,
1741 641 1788 676 ad
1805 641 2027 691 obsequium
2045 644 2183 691 durus;

1200 697 1245 732 ad
1275 697 1507 746 loquendum
1538 711 1621 746 quae
1653 699 1861 736 nesciebam
1888 712 2105 752 promptus,
2139 706 2184 742 ad

1199 756 1517 805 supplantandum
1547 765 1721 806 paratus,
1752 758 1922 795 fraternae
1942 762 2106 799 societati
2126 765 2184 800 in-

1200 815 1398 851 humanus.
1428 816 1662 852 Temerarius
1688 817 1726 852 in
1747 816 1975 865 judicandO,
2004 820 2186 859 clamosus

1198 874 1235 910 in
1253 874 1443 923 loquendo
1456 903 1466 920 ‚
1495 875 1705 912 fastidiosus
1720 876 1757 912 in
1774 876 1978 922 audiendo,
2006 892 2185 928 praesum·

1197 942 1355 983 ptuosus
1381 934 1419 970 in
1449 934 1641 980 docendo,
1666 935 1869 972 effrenatus
1895 936 2114 975 deformiter
2144 941 2182 977 in

1197 993 1456 1030 cachinnando
1474 1008 1481 1028 z
1497 1007 1680 1031 onerosus
1693 995 1820 1032 amicis
1831 1023 1840 1041 ‚
1858 996 2012 1034 infestus
2028 999 2163 1047 quietis
2175 1030 2184 1046 ‚

143 1051 259 1100 plium
283 1059 518 1101 peccatorum
540 1059 754 1086 nostrorum
771 1064 780 1096 3
803 1059 842 1087 et
859 1051 1016 1100 affigens
1036 1051 1130 1087 illud
1149 1050 1174 1083 B
1195 1052 1362 1102 ingratus
1377 1052 1575 1098 beneficis,
1607 1053 1758 1090 inflatus
1777 1053 1987 1103 obsequiis,
2008 1065 2045 1092 et
2061 1058 2184 1107 impe-

142 1110 265 1155 cruci‚
283 1118 476 1159 peccatum
509 1109 694 1146 crucifixit
723 1117 761 1145 et
790 1118 963 1146 mortem.
984 1111 1130 1147 Gratias

143 1169 211 1206 tibi
226 1181 316 1218 ago,
332 1170 495 1206 Domine
513 1172 615 1206 Deus
632 1182 737 1206 meus
750 1197 760 1215 ,
777 1170 955 1219 quoniam
973 1171 1129 1207 visitasti

142 1240 202 1264 me
215 1255 225 1274 ,
242 1236 280 1264 et
296 1228 492 1265 ostendisti
512 1228 601 1264 mihi
620 1236 770 1278 peccata
802 1241 896 1265 mea.
921 1232 1028 1265 Nunc
1048 1229 1128 1278 pri-

141 1299 244 1323 mum
266 1295 301 1324 te
322 1288 527 1337 inspirante
551 1287 661 1324 didici
681 1287 727 1324 ad
753 1301 819 1324 cor
835 1301 960 1325 meum
988 1289 1131 1335 redire,

139 1354 176 1382 et
188 1358 249 1384 me
259 1346 383 1396 ipsum
398 1359 636 1397 cognoscere.
655 1346 859 1383 Advocabo
869 1360 957 1397 ergo
970 1348 1132 1397 aliquem

140 1404 188 1442 de
206 1406 334 1442 amicis
355 1407 448 1452 tuis,
472 1415 510 1443 et
534 1407 568 1443 ei
591 1407 719 1443 omnia
752 1407 887 1443 delicta
917 1420 999 1444 mea
1015 1420 1133 1457 expo-

142 1477 227 1501 nam
241 1493 251 1510 ,
269 1465 363 1502 sicut
384 1466 473 1502 mihi
495 1467 727 1517 praecepisti3
748 1476 789 1503 ut
807 1467 888 1516 ejus
914 1468 1069 1504 consilio
1097 1477 1134 1504 et

140 1525 281 1562 auxilio
306 1525 353 1562 ab
374 1525 552 1563 omnibus
579 1526 672 1562 meis
704 1526 843 1575 possim
871 1526 1131 1575 iniquitatibus

142 1584 314 1631 liberari,
330 1594 367 1622 et
384 1585 452 1622 tibi
466 1586 716 1622 reconciliari.

487 1720 662 1759 CAPUT
690 1720 781 1759 XX.

420 1836 579 1867 Confessio
598 1847 701 1867 coram
718 1836 857 1878 prailato.

196 1946 257 1983 37.
275 1946 372 1984 Audi
393 1960 482 1997 ergo
495 1976 505 1993 ‚
526 1956 655 1997 pater,
676 1948 856 1984 miserum
876 1955 1132 1997 peccatorem:

143 2004 230 2041 audi
245 2018 376 2042 vocem
396 2006 636 2055 lacrymantis
655 2015 692 2043 et
717 2006 933 2055 poenitentis
955 2020 962 2041 :
984 2005 1136 2041 attende

143 2077 255 2114 quam
281 2066 445 2116 graviter
474 2067 648 2116 peccavi,
679 2074 716 2102 ct
752 2068 966 2103 Creatorem
1010 2078 1134 2101 meum

144 2124 299 2161 offendi.
331 2128 412 2162 Deo
438 2124 596 2174 jubente
628 2125 673 2162 ad
706 2138 772 2161 cor
806 2138 929 2161 meum
958 2125 1074 2169 redii3
1099 2133 1135 2161 et

144 2183 232 2220 inde
255 2185 415 2222 exclusis
439 2185 614 2222 omnibus
631 2193 768 2235 praeter
790 2185 996 2221 Dominum
1013 2188 1134 2221 Deum

143 2251 181 2279 et
194 2243 386 2293 meipsum
400 2272 409 2289 ‚
429 2252 542 2280 totam
568 2245 682 2280 vitam
713 2257 830 2280 meam
857 2244 1012 2281 discussi
1032 2252 1135 2280 tanto

143 2301 380 2351 diligentius,
410 2312 553 2352 quanto
571 2303 787 2340 familiarius
814 2318 822 2339 τ
847 2312 905 2348 et,
932 2312 973 2339 ut
1003 2316 1133 2340 verum

143 2361 277 2407 fatear,
298 2362 389 2398 nihil
404 2362 506 2398 aliud
523 2362 574 2398 ibi
601 2363 729 2399 inveni
743 2391 752 2407 ‚
772 2363 844 2399 nisi
859 2363 980 2398 locum
997 2362 1133 2398 borro—

143 2420 212 2465 ris,
229 2429 266 2456 et
280 2429 394 2457 vastae
409 2421 646 2466 solitudinis;
670 2421 936 2457 conscientiam
959 2420 1133 2457 videlicet

143 2479 207 2516 diu
225 2480 451 2530 neglectam,
467 2481 622 2516 omnino
640 2481 815 2516 incultam
836 2509 845 2526 ‚
865 2480 982 2530 spinis
1007 2489 1043 2516 et
1070 2480 1134 2516 tri-

144 2537 243 2575 bulis
256 2538 414 2576 obsitam
428 2568 437 2585 ,
458 2548 496 2576 et
511 2540 614 2576 omni
630 2540 786 2576 horrore
801 2541 964 2590 plenam.
981 2540 1133 2576 Nullum

1195 1112 1318 1148 riosus
1340 1110 1532 1160 subjectis.
1561 1114 1667 1161 Saepe
1682 1111 1821 1160 jactavi
1849 1125 1908 1149 me
1936 1114 2064 1151 fecisse
2083 1117 2186 1165 quod

1195 1184 1271 1207 non
1284 1171 1445 1208 feceram
1456 1200 1465 1217 ‚
1476 1170 1615 1208 vidisse
1631 1171 1734 1220 quod
1748 1184 1825 1208 non
1840 1172 2005 1209 videram
2019 1202 2029 1220 ‚
2047 1174 2184 1212 dixisse

1195 1231 1298 1280 quod
1318 1244 1394 1267 non
1415 1231 1596 1267 dixeram.
1622 1231 1863 1268 Dissimulavi
1892 1232 2003 1268 etiam
2033 1246 2092 1270 me
2109 1248 2186 1271 non

1199 1292 1327 1327 fecisse
1354 1290 1456 1339 quod
1480 1291 1661 1336 feceram;
1692 1291 1827 1340 negavi
1847 1304 1906 1327 mc
1923 1290 2060 1329 dixisse
2083 1294 2186 1342 quod

1198 1349 1364 1385 dixeram
1376 1377 1385 1394 ,
1422 1361 1500 1385 nou
1520 1349 1656 1386 vidisse
1674 1357 1711 1385 ct
1728 1349 1874 1386 audisse
1890 1350 1994 1399 quod
2019 1351 2186 1388 videram

1198 1416 1235 1444 et
1258 1408 1524 1444 audieramtet
1551 1408 1601 1443 ita
1633 1420 1679 1444 ex
1707 1408 1811 1444 omni
1839 1417 1944 1457 parte
1975 1421 2057 1445 sum
2087 1423 2184 1447 reus.

1199 1471 1298 1504 Reus
1320 1468 1357 1503 in
1381 1467 1535 1513 saeculo,
1566 1479 1651 1504 reus
1679 1468 1717 1504 in
1741 1468 1905 1504 claustro
1930 1482 1938 1503 ε
1961 1468 2027 1505 sed
2047 1469 2098 1506 ibi
2120 1484 2189 1520 per

1199 1528 1447 1577 ignorantiam
1462 1556 1470 1572 ,
1496 1527 1556 1563 hic
1579 1539 1646 1576 per
1673 1527 1958 1576 negligentiam3
1979 1536 2017 1564 et
2036 1537 2187 1566 utrum-

1199 1601 1344 1637 queme
1367 1596 1492 1624 terret.

1253 1648 1315 1684 38.
1340 1651 1609 1684 Verumtamen
1631 1646 1750 1682 multo
1777 1646 1938 1696 amplius
1970 1655 2084 1684 terret
2108 1661 2187 1694 me,

1201 1706 1304 1757 quod
1323 1707 1359 1743 in
1375 1706 1602 1743 monasterio
1628 1714 1712 1742 ante
1727 1714 1971 1755 conspectum
1996 1707 2066 1743 Dei
2086 1707 2190 1744 dete·

1202 1768 1339 1804 riorem
1363 1781 1421 1803 mc
1441 1767 1608 1803 invenio.
1635 1766 1840 1804 Collocavit
1856 1778 1915 1802 me
1935 1769 2035 1803 Deus
2050 1767 2088 1802 in
2107 1768 2190 1804 loco

1157 1832 1183 1866 C
1202 1827 1424 1877 voluptatis,
1447 1827 1483 1862 in
1503 1826 1618 1862 domo
1646 1825 1847 1871 ubertatis,
1869 1826 1905 1861 in
1926 1826 2100 1875 paradiso
2126 1827 2192 1864 de-

1202 1887 1370 1922 liciarum
1391 1901 1398 1922 :
1418 1899 1487 1936 ego
1504 1899 1595 1922 vero
1621 1886 1734 1922 miser
1753 1893 1789 1921 et
1819 1884 2038 1922 miserabilis
2053 1914 2062 1931 ‚
2095 1887 2193 1923 inter

1203 1958 1349 1982 mensas
1377 1946 1610 1995 epulantium
1639 1945 1735 1980 fame
1752 1956 1888 1993 pereo,
1912 1943 2022 1993 juxta
2049 1945 2190 1982 fontem

1202 2006 1287 2041 sitio
1302 2033 1311 2051 ,
1337 2014 1422 2042 ante
1440 2005 1560 2054 ignem
1578 2005 1708 2054 alge03
1734 2012 1770 2039 et
1792 2003 1838 2039 ad
1859 2011 2035 2040 neutrum
2059 2017 2192 2041 manus

1203 2065 1407 2101 extendere
1441 2065 1528 2100 volo
1543 2093 1552 2109 ,
1580 2072 1652 2100 tam
1684 2063 1789 2112 piger
1810 2075 1891 2098 sum
1914 2071 1950 2098 et
1967 2062 2189 2100 desidiosus.

1203 2128 1258 2161 Ita
1280 2133 1427 2174 tempus
1445 2124 1594 2168 amitto,
1617 2121 1721 2170 quod
1746 2125 1843 2157 Deus
1865 2121 1952 2157 milii
1972 2134 2038 2157 sua
2056 2123 2194 2171 pietate

1201 2184 1408 2220 indulserat
1438 2183 1484 2219 ad
1512 2181 1693 2232 agendam
1715 2181 1997 2230 poenitentiam,
2017 2181 2064 2217 ad
2090 2181 2194 2219 obti-

1200 2242 1364 2280 nendam
1389 2243 1537 2278 veniam
1552 2270 1561 2286 ‚
1588 2241 1634 2277 ad
1654 2239 1921 2290 acquirendam
1942 2241 2118 2289 gratiam,
2148 2241 2195 2277 ad

1201 2301 1492 2351 promerendam
1525 2300 1694 2349 gloriam.
1727 2299 1840 2346 Quasi
1870 2298 2060 2347 quoddam
2085 2312 2197 2336 mon-

1200 2370 1318 2398 strum
1341 2361 1437 2396 inter
1454 2360 1548 2396 lilios
1560 2359 1626 2396 Dei
1644 2367 1716 2402 sto,
1730 2357 1897 2394 habitum
1916 2359 2102 2404 monachi,
2119 2372 2196 2395 non

1200 2421 1526 2458 conversationem
1558 2418 1711 2455 habens.
1736 2421 1779 2454 In
1808 2430 1941 2467 magna
1967 2431 2128 2464 corona,
2159 2428 2195 2455 et

1200 2480 1324 2529 ampla
1343 2479 1503 2523 cuculla,
1528 2478 1629 2515 salva
1647 2477 1736 2513 mihi
1751 2478 1877 2513 omnia
1896 2477 2081 2514 existimo.
2100 2481 2198 2514 Tan-

1200 2552 1313 2588 quam
1332 2537 1446 2574 arbor
1466 2538 1603 2574 sterilis
1620 2545 1757 2573 terram
1776 2549 1945 2585 occupo;
1966 2544 2002 2572 et
2018 2538 2122 2573 velut
2138 2537 2198 2586 ju-

145 2598 245 2634 enim
262 2598 413 2635 invenio
429 2599 578 2645 vitium,
607 2613 627 2636 a
655 2612 730 2648 quo
757 2612 833 2635 non
861 2599 1037 2635 traxerim
1067 2599 1136 2635 ali-
1155 2606 1186 2639 D
1203 2606 1369 2634 mentum
1387 2597 1478 2642 vile,
1496 2597 1582 2645 plus
1606 2608 1788 2631 consumo
1808 2608 1920 2644 quam
1943 2595 2113 2644 proficio.
2134 2597 2199 2633 ΑΙ-

146 2657 248 2705 quod
264 2658 490 2706 contagium.
511 2659 692 2695 Turbavit
711 2672 770 2694 me
793 2659 864 2704 ira,
884 2659 1059 2695 laceravit
1077 2672 1136 2695 mc

147 2715 304 2761 invidia,
327 2717 469 2753 inflavit
492 2717 676 2767 superbia.
701 2718 793 2754 Inde
812 2718 979 2754 contraxi
1001 2719 1137 2755 mentis

147 2775 431 2813 inconstantiam
447 2805 456 2822 ,
493 2778 568 2814 oris
604 2777 864 2813 scurrilitatem
879 2805 888 2823 ‚
931 2776 1137 2827 opprobria

147 2834 404 2883 proximorum
418 2864 427 2881 ,
448 2836 586 2872 scelera
601 2836 891 2881 detractionum,
920 2836 1061 2887 linguae
1078 2837 1134 2872 ef-

149 2893 405 2931 frcnationem.
439 2896 636 2932 Seniorum
671 2908 838 2932 meorum
872 2895 1026 2945 imperia
1060 2910 1136 2932 uon

148 2953 313 2998 servavi,
334 2952 398 2990 sed
414 2953 583 3002 judicavi
600 2969 606 2991 :
624 2955 670 2991 de
699 2956 790 2992 meis
806 2955 1042 3005 negligentiis
1067 2954 1139 2990 ob-

145 3010 335 3058 jurgatus,
353 3020 416 3048 aut
437 3012 586 3050 rebellis
607 3014 656 3050 fui
670 3042 679 3058 ‚
695 3022 758 3050 aut
774 3014 1003 3050 murmuravi
1020 3029 1029 3057 3
1046 3027 1137 3063 pra‘-

151 3069 236 3104 ferri
287 3083 345 3105 me
389 3071 605 3109 melioribus
644 3072 883 3122 impudenter
929 3072 1098 3107 affectavi
1126 3087 1135 3115 ;

150 3127 420 3176 simplicitatem
457 3130 703 3179 spiritualium
745 3131 900 3166 fratrum
941 3130 1139 3166 irridvnu-i·

149 3187 354 3236 exagitavi,
385 3201 485 3225 mcas
504 3190 704 3226 sententias
737 3190 947 3239 procaciter
971 3189 1136 3238 jactax·i;

150 3246 327 3295 obsequia
350 3247 470 3283 delata
504 3249 681 3292 fastidivi,
712 3258 841 3296 negata
869 3249 1050 3297 qua-sirm
1075 3248 1138 3297 ju—

152 3306 275 3341 niori-s
302 3319 403 3342 meus
420 3306 537 3342 clatus
561 3307 724 3356 despexi.
759 3312 835 3343 ,Nou
871 3308 1069 3343 ubscrxaxi
1104 3308 1138 3342 iu

1203 2658 1336 2692 tiorem
1357 2655 1509 2691 alterius
1527 2655 1648 2691 locum
1669 2663 1778 2690 teneo
1792 2669 1801 2697 ;
1817 2662 1852 2689 et
1874 2654 2012 2690 nullius
2030 2655 2195 2691 officium

1202 2716 1361 2765 suppleo
1386 2729 1392 2750 z
1415 2714 1479 2750 sed
1495 2727 1577 2750 sum
1602 2714 1696 2749 sicut
1723 2722 1876 2749 truncus
1901 2713 1980 2749 sine
1999 2713 2197 2750 frondibus

1202 2783 1239 2810 ct
1259 2773 1451 2810 fructibus.
1479 2773 1549 2808 Alii
1572 2784 1631 2808 me
1651 2779 1809 2821 pascunt
1831 2770 1876 2806 dc
1901 2770 2092 2807 laboribus
2119 2786 2198 2809 ma-

1204 2846 1320 2869 nuum
1340 2844 1507 2875 suarum,
1526 2832 1619 2867 sicut
1644 2829 1944 2879 praebemlarium
1966 2843 2089 2867 suum.
2122 2835 2198 2880 ligo

1203 2901 1328 2928 autem
1346 2900 1520 2939 tauquam
1540 2902 1684 2939 pauper
1703 2897 1739 2924 ct
1761 2889 1872 2925 miser
1885 2918 1893 2934 ,
1915 2902 1981 2925 uec
1996 2890 2173 2926 clericum
2189 2920 2198 2935 ,

1207 2965 1272 2987 ucc
1294 2951 1427 2987 laicum
1451 2962 1552 2999 gero.
1574 2953 1731 2986 Cantare
1752 2962 1914 2997 namque
1934 2958 1969 2985 ct
1992 2950 2113 2997 lcgcrc
2136 2964 2198 2986 nc-

1204 3024 1325 3059 quco,
1354 3009 1525 3045 laborare
1552 3008 1677 3045 nescio
1708 3022 1715 3043 τ
1740 3007 1804 3043 sed
1838 3021 1918 3043 suin
1949 3007 2198 3057 opprobrium

1205 3070 1399 3105 huminum
1417 3097 1425 3111 ‚
1449 3081 1585 3118 perure
1604 3068 1713 3103 vilior
1726 3096 1734 3112 ‚
1753 3067 1935 3103 cadavere
1951 3067 2069 3117 pejor.
2087 3069 2197 3104 'fulc—

1207 3129 1360 3164 rabilius
1392 3128 1490 3163 cuim
1516 3128 1617 3163 canis
1645 3127 1816 3176 putridus
1842 3129 1927 3162 fetet
1960 3126 2198 3166 bominibus,

1207 3201 1318 3237 (piam
1351 3188 1473 3223 anima
1501 3187 1688 3236 peccatrix·
1718 3190 1808 3224 Dru.
1833 3186 1975 3223 ldcirro
2003 3186 2109 3221 tat-det
2143 3200 2199 3221 uu·

1208 3249 1334 3284 xix-cr«-
1354 3263 1360 3283 :
1382 3261 1393 3281 x
1408 3248 1507 3282 itt-rt·
1533 3246 1716 3282 crulwsru
1731 3275 1739 3289 ‚
1770 3246 1855 3294 quia
1878 3258 2008 3294 μιιίιιιι
2032 3247 2200 3292 prolicit».

1210 3307 1301 3343 Mori
1326 3307 1461 3345 timi-o,
1488 3307 1664 3354 quoniam
1694 3318 1768 3340 uun
1793 3318 1872 3339 sum
1896 3312 2046 3351 paratus
2070 3319 2075 3338 ;
2103 3304 2199 3338 mih.
