2418 3949
56 198 132 234 309

55 273 333 312 vehementiam
349 273 548 323 liquesacta
567 285 674 311 mens
691 274 875 310 sustinere
895 287 971 311 non
988 287 1050 310 va·
1064 272 1092 290 '³

753 199 803 233 IN
832 198 1056 241 CANTICA,
1085 196 1248 232 SERMO
1275 197 1408 233 XLIV.

1099 273 1241 322 'usque
1258 273 1304 309 ad
1323 272 1446 310 dilecti
1465 274 1681 316 transitum,
1706 271 1799 308 nihil
1821 284 2053 321 praesumens
2073 271 2112 308 in

2033 194 2110 230 310

56 334 120 371 let.
148 334 358 371 Flammeus
382 333 441 369 hic
470 332 616 383 gladius
635 341 702 369 est.
729 333 820 369 Ideo
845 333 940 369 sicut
967 346 1050 369 cera
1069 339 1102 372 A
1118 333 1200 382 ejus
1217 333 1427 382 praesentia.
1449 337 1492 370 In
1517 347 1612 370 voce
1636 331 1896 369 exsultationis
1912 332 2113 380 liquefacta

57 392 140 429 fluit
164 405 185 429 a
214 392 306 428 facie
334 392 453 442 ignis,
483 392 535 429 sic
555 392 679 428 anima
704 404 880 428 succensa
908 405 930 428 a
957 392 1048 428 facie

55 450 150 500 eJ'us.
175 454 337 496 Anima,
371 451 519 500 inquit,
552 465 634 486 metz
666 450 870 500 liquefacta
898 459 974 495 est,
1010 459 1049 486 ιιῑ

55 513 210 546 dilectas
231 514 370 546 locutus
395 519 457 546 est.
478 510 620 548 Videtis
640 511 802 560 qualiter
822 509 869 546 ad
887 510 1047 560 ignitum

55 570 246 620 eloquium
265 570 453 620 liquefecit
468 571 644 607 animam.

107 630 147 667 4.
173 632 366 666 Pcssulum
393 635 479 666 ostii
500 634 572 665 mei
590 633 722 678 aperui
739 631 869 665 dilecto
887 643 965 664 meo
975 643 989 673 ,·
1010 636 1050 664 at

56 695 136 738 ipse
154 692 407 725 declinaverat
425 699 536 737 atque
558 694 768 725 transierat.
789 693 845 726 Ita
866 689 905 725 in
934 688 1050 725 mani-

56 748 253 785 festatione
278 749 486 786 Dominicae
516 749 823 794 resurrectionis,
853 761 935 798 quae
958 748 1050 784 sacta

54 815 111 844 est
131 806 280 844 duobus
299 807 371 844 illis
393 807 571 844 euntibus
589 808 626 843 in
646 811 839 853 Emmaus,
865 816 907 843 ut
930 806 1050 856 aperti

55 875 143 904 sunt
161 866 259 903 oculi
277 879 407 903 eorum
428 867 473 903 ad
490 866 792 915 cognoscendum
809 870 936 904 Jesum
948 895 958 912 ,
979 865 1050 903 sub

55 925 137 975 ipsa
158 925 364 975 apertionis
390 925 484 961 hora
509 925 662 961 evanuit
687 923 734 960 ab
754 925 872 961 oculis
896 938 1048 970 eorum,

56 994 93 1021 et
105 985 210 1034 quasi
227 984 444 1034 pertransiit
460 997 524 1020 cor
541 985 691 1020 illorum
704 1013 713 1030 ,
728 993 769 1020 ut
786 984 858 1033 ipsi
876 983 1049 1020 fatentur.

1113 405 1194 429 sum
1210 392 1332 429 statim
1348 401 1389 428 ut
1403 394 1550 430 locutus
1564 402 1620 430 est
1633 393 1725 442 ipse.
1741 395 1883 428 Anima
1898 405 1983 426 mea
1997 394 2113 438 lique-

1104 449 1216 498 facta
1232 460 1301 495 est,
1316 452 1450 500 inquit.
1467 452 1563 499 Quid
1579 460 1652 498 est,
1669 450 1869 500 liquefacta
1885 458 1938 486 est
1949 454 1968 486 Ρ
1984 449 2026 486 Id
2043 457 2113 495 est,

1114 523 1284 547 crescens
1302 511 1396 547 facta
1409 519 1484 556 est,
1501 524 1676 557 currens,
1695 511 1914 547 clarescens.
1933 511 2111 545 Crescens

1114 582 1228 618 super
1247 583 1303 615 se,
1322 583 1477 607 currens
1494 570 1540 606 ad
1557 570 1681 619 ipsum
1693 598 1702 614 ‚
1726 584 1772 605 ex
1789 570 1871 618 ipso
1889 569 2109 604 clarescens.

1114 629 1260 665 Virtute
1277 642 1467 674 crescens,
1489 642 1645 665 currens
1665 630 1784 674 votis,
1810 628 1966 664 veritate
1990 628 2111 664 clare-

1115 700 1246 724 scens:
1268 687 1340 724 hoc
1358 696 1432 732 est,
1455 688 1542 732 lata,
1562 687 1682 723 labilis
1697 715 1706 732 ‚
1730 688 1870 723 lucens.

1169 748 1206 782 5.
1232 749 1285 782 Ex
1305 746 1373 782 hac
1397 747 1493 782 forte
1520 746 1786 794 liquefactione
1816 744 2023 794 praestitum
2053 743 2109 779 illi

1116 814 1170 842 est
1191 805 1294 854 quod
1322 818 1455 842 manus
1473 818 1547 841 suae
1572 805 1761 853 myrrham
1780 804 1981 848 distillant,
2005 816 2111 840 mens

1115 865 1315 914 liquefacta
1341 874 1406 901 est.
1436 868 1510 902 Cur
1537 865 1689 901 tertium
1721 863 1979 913 praeterimuS,
2010 861 2115 909 quod

1117 925 1302 960 canticum
1320 924 1413 960 illud
1433 923 1617 973 apponit?
1636 922 1759 959 Habet
1777 921 1876 958 enim
1895 921 1948 957 sic
1965 932 2110 956 conne—

1115 997 1206 1021 xum
1221 997 1266 1020 ex
1282 984 1416 1020 ordine
1432 999 1439 1020 :
1460 985 1495 1017 V
1493 994 1596 1019 enter
1609 987 1751 1026 eremit,
1767 983 1948 1017 distillant
1964 992 2111 1022 manus,

56 1045 188 1080 Nonne
211 1058 274 1079 cor
295 1052 458 1080 nostrum
482 1046 618 1079 ardens
642 1053 724 1079 erat
752 1048 790 1078 t'n
811 1042 934 1085 nobis,
961 1045 1046 1078 (lum
1070 1041 1096 1075 Β
1118 1048 1249 1079 anima
1272 1041 1476 1091 liquefacta
1496 1053 1560 1079 est.
1587 1047 1714 1080 Potest
1736 1041 1818 1078 istic
1843 1040 1954 1076 etiam
1981 1038 2115 1074 leviter

58 1105 312 1152 loqueram-¹?
329 1112 398 1140 etc.
415 1103 560 1140 Ardens
577 1111 656 1139 erat
672 1102 711 1139 in
727 1103 818 1152 ipsis
835 1103 874 1138 in
891 1103 1052 1138 collocu-

59 1163 182 1209 tione,
200 1163 265 1200 sed
285 1163 324 1199 in
345 1163 580 1213 apparitione
597 1162 839 1211 liquefactum
859 1169 914 1198 est
930 1161 967 1198 in
987 1162 1050 1198 illa

59 1223 204 1260 visione
230 1223 465 1269 vehementi,
493 1223 719 1260 soliditatem
740 1230 776 1258 et
801 1222 1048 1258 constantiam

58 1294 133 1318 non
157 1281 343 1319 obtinens.
366 1282 463 1330 Quid
485 1282 583 1318 enim
605 1290 661 1318 est
679 1286 807 1318 Jesum
826 1281 1022 1317 evanuisse
1036 1309 1046 1326 ‚

58 1341 130 1378 nisi
156 1342 239 1378 illos
266 1342 305 1378 in
325 1342 444 1392 gloria
470 1341 717 1391 apparitionis
741 1340 945 1377 subsistere
972 1354 1049 1376 non

59 1401 244 1437 valuisse?
265 1401 437 1438 Declinat
455 1401 492 1437 in
511 1401 683 1436 dilectam
704 1409 744 1436 ut
764 1400 903 1436 flumen
924 1400 1024 1449 pacis
1037 1428 1047 1445 ,

59 1458 123 1495 sed
151 1467 192 1495 ut
216 1459 342 1509 gloriae
371 1468 519 1496 torrens
540 1459 762 1508 pertransit,
784 1458 880 1494 sicut
903 1466 1050 1493 torrens

58 1518 191 1566 igneus
216 1519 421 1567 liquescere
438 1518 578 1555 faciens
597 1518 758 1554 animam
771 1545 780 1562 ,
800 1530 910 1565 quam
932 1517 1048 1553 inun-

61 1577 147 1624 dat,
175 1592 286 1628 quam
315 1580 457 1624 reficit,
485 1591 597 1627 quam
619 1578 762 1614 transit.
785 1580 902 1624 Quam
930 1577 1051 1614 duleis

60 1637 173 1683 hora,
199 1637 350 1687 quando
367 1638 490 1674 anima
508 1638 596 1673 huic
612 1637 722 1685 igneo
746 1636 904 1672 torrenti
929 1637 1051 1685 lique-

60 1695 154 1731 facta
172 1696 362 1732 miscetur!
380 1710 491 1745 quam
509 1695 655 1733 subtilis
671 1704 726 1732 est
744 1695 782 1731 in
798 1695 864 1731 illo
885 1708 1050 1731 momen-

63 1762 123 1800 to,
146 1768 256 1804 quam
276 1764 498 1800 extenuata,
523 1769 634 1804 quam
657 1754 826 1791 mobilis!
847 1755 944 1792 Nihil
963 1763 1051 1791 tunc

1117 1103 1213 1139 hanc
1234 1103 1432 1139 lectionem
1455 1110 1734 1146 transcurrens,
1755 1099 1970 1136 ordinatum
1989 1094 2115 1145 quod—

1117 1163 1201 1199 dam
1226 1170 1468 1211 augmentum
1496 1161 1692 1198 advertere
1719 1174 1726 1195 :
1751 1171 1829 1196 non
1856 1166 1979 1193 tamen
2008 1155 2114 1191 facile

1115 1230 1171 1259 est
1200 1230 1236 1258 et
1264 1222 1421 1271 planum
1452 1221 1614 1270 gradatae
1642 1217 1895 1256 distinctionis
1926 1215 2111 1251 rationem

1116 1282 1316 1332 assignare.
1336 1285 1380 1318 In
1401 1280 1579 1317 omnibus
1599 1279 1752 1329 quidam
1773 1276 1909 1314 modus
1926 1275 2109 1324 signatur,

1116 1341 1180 1377 sed
1200 1340 1320 1389 major
1336 1341 1372 1377 in
1392 1340 1560 1377 secundo
1579 1353 1690 1389 quam
1712 1339 1748 1375 in
1767 1338 1890 1388 primo
1909 1350 1916 1372 :
1939 1343 1975 1370 et
1992 1332 2114 1381 major

1114 1401 1152 1436 in
1179 1401 1291 1436 tertio
1309 1414 1421 1449 quam
1440 1401 1478 1436 in
1497 1399 1676 1436 secundo.
1696 1399 1785 1435 Plus
1802 1405 1856 1433 est
1875 1395 1975 1431 enim
1994 1392 2114 1429 distil-

1116 1459 1192 1495 lare
1206 1472 1317 1508 quam
1334 1467 1494 1495 tremere
1508 1474 1516 1504 3
1532 1460 1628 1495 sicut
1642 1459 1848 1506 liquescere
1864 1467 1975 1503 quam
1996 1451 2114 1489 distil-

1116 1520 1204 1555 lare.
1234 1523 1368 1555 Totum
1400 1527 1551 1568 praestat
1584 1518 1782 1568 praesentia
1807 1515 1935 1565 sponsi
1965 1524 2113 1563 sponsae

1116 1592 1190 1615 sua:
1203 1607 1212 1624 ‚
1231 1579 1333 1627 quod
1350 1578 1430 1626 ejus
1446 1587 1580 1614 venter
1597 1578 1741 1622 tremit,
1764 1575 1946 1612 distillant
1963 1585 2110 1616 manus,

1116 1639 1240 1674 anima
1260 1638 1457 1686 liquefacta
1478 1646 1544 1674 est.
1563 1641 1698 1674 Totum
1716 1645 1771 1673 est
1792 1649 1838 1671 ex
1857 1642 1957 1670 tactu
1978 1643 2112 1668 manus

1116 1697 1197 1745 ejus
1213 1706 1250 1733 et
1268 1697 1373 1733 vocis
1389 1697 1542 1742 auditu,
1566 1705 1688 1733 totuin
1711 1704 1827 1732 estex
1850 1701 1949 1730 tactu
1963 1721 1972 1737 ,
1993 1699 2047 1736 et,
2068 1698 2111 1726 ut

1117 1758 1168 1793 sic
1185 1758 1304 1793 dicam
1317 1785 1326 1802 ,
1347 1770 1390 1793 ex
1413 1757 1639 1806 pertransitu
1655 1755 1748 1804 ejus.
1765 1755 1860 1802 Quia
1879 1752 2016 1800 tangit,
2038 1758 2113 1786 tre-

62 1814 201 1863 teporis
217 1814 331 1852 habet
344 1843 354 1860 ,
382 1815 473 1851 nihil
492 1814 639 1850 duritiae
658 1814 842 1862 reliquum
856 1843 865 1859 ,
888 1814 981 1850 nihil
1000 1814 1051 1850 ri·
1069 1816 1095 1851 C
1117 1818 1183 1853 mit
1198 1832 1205 1853 :
1221 1817 1392 1861 distillat,
1407 1817 1493 1865 quia
1507 1816 1724 1866 perstringit
1738 1822 1774 1850 et
1794 1811 1996 1863 pertransit
2012 1810 2112 1845 illam

61 1874 187 1922 goris:
212 1874 470 1911 tantummodo
493 1875 618 1910 calens
638 1882 674 1910 et
696 1874 858 1922 liquens.
887 1876 1050 1921 Cognata

61 1941 149 1969 sunt
174 1932 245 1969 sibi
277 1934 438 1970 invicem
469 1934 652 1982 liquidum
675 1941 711 1969 et
733 1933 906 1969 calidum.
930 1936 971 1969 In
993 1933 1052 1969 his

61 1991 211 2030 duobus
228 1994 554 2042 contemplationis
571 2005 659 2029 usus
683 1992 862 2029 consistit.
881 1992 990 2039 Quod
1008 1992 1054 2027 li-

60 2049 216 2099 quidum
251 2060 326 2096 est,
358 2052 518 2087 calorem
547 2051 758 2101 promptius
788 2051 952 2100 concipit
981 2065 988 2086 :
1019 2059 1055 2087 ct

60 2119 263 2159 conceptus
277 2112 378 2147 calor
394 2111 475 2147 vice
495 2124 602 2147 versa
619 2111 721 2159 quod
740 2111 923 2159 liquidum
946 2124 1053 2160 repe-

60 2169 128 2213 rit,
155 2170 333 2218 liquidius
353 2170 486 2205 reddit.
509 2170 618 2216 Quod
646 2170 729 2205 dico
757 2170 916 2205 calidum
943 2178 979 2205 et
1006 2170 1052 2206 li-

60 2228 235 2277 quidum,
256 2228 326 2264 hoc
342 2237 417 2273 est,
438 2242 479 2264 ac
496 2229 527 2264 si
547 2229 629 2264 aliis
647 2228 792 2264 dicatur
809 2228 1028 2264 nominibus
1041 2256 1050 2272 ,

59 2298 278 2323 succensum
301 2295 338 2323 et
365 2288 566 2323 sincerum.
587 2287 754 2324 Calidum
776 2296 851 2332 est,
879 2301 923 2323 eo
948 2288 1053 2336 quod

59 2354 158 2382 amat
183 2360 190 2382 :
219 2346 405 2383 sincerum
434 2355 470 2383 et
497 2346 679 2396 liquidum
697 2374 706 2392 ,
738 2347 825 2395 quia
850 2347 1050 2395 quamdam

58 2407 170 2442 amati
190 2407 228 2442 in
246 2420 284 2443 se
301 2407 462 2456 speciem
482 2415 735 2456 repraesentat.
754 2407 943 2452 Calidum,
965 2407 1052 2455 quia

58 2464 164 2500 ardet
190 2479 198 2501 :
228 2465 438 2513 liquidum,
475 2466 563 2514 quia
590 2466 703 2502 videt.
737 2465 929 2511 Calidum,
963 2467 1051 2515 quia

59 2524 313 2561 inflammatur
345 2539 352 2560 :
387 2525 572 2573 liquidum
606 2525 693 2574 quia
724 2526 851 2562 dilecti
890 2526 1050 2574 imagine

1115 1876 1153 1912 in
1175 1876 1307 1924 spiritu
1333 1875 1569 1920 vehementi,
1595 1874 1702 1922 cujus
1726 1886 1858 1909 vocem
1888 1870 2013 1913 audis,
2047 1868 2111 1904 sed

1117 1934 1236 1970 nescis
1259 1933 1358 1969 unde
1379 1934 1526 1978 veniat,
1548 1942 1611 1969 aut
1631 1945 1707 1981 quo
1724 1931 1850 1967 vadat.
1872 1930 1962 1966 Ideo
1988 1929 2111 1975 lique-

1119 1993 1214 2028 facta
1238 2000 1293 2028 est
1312 1993 1434 2028 anima
1460 1991 1563 2040 ejus,
1591 2000 1632 2028 ut
1657 1991 1803 2027 locutus
1828 1997 1884 2025 est
1906 1989 1997 2037 ipse.
2028 1990 2111 2022 Yox

1121 2052 1296 2089 subtilior
1313 2065 1425 2087 manu
1446 2050 1520 2096 est,
1540 2050 1801 2087 vehementius
1826 2055 1970 2091 movet,
1992 2053 2029 2081 et
2050 2057 2116 2079 vc-

1120 2112 1237 2148 locius
1257 2112 1400 2147 transit.
1423 2114 1554 2147 Sermo
1582 2115 1670 2147 Jesu
1697 2108 1904 2147 subtilioris
1931 2114 1967 2143 et
1996 2104 2116 2141 subli-

1119 2171 1248 2206 mioris
1281 2170 1462 2206 doctrinae
1494 2171 1579 2219 plus
1615 2169 1808 2212 continet,
1840 2179 1950 2215 quam
1991 2165 2117 2211 aliqua

1120 2242 1277 2278 operum
1299 2229 1460 2278 prodere
1481 2237 1621 2277 queant
1641 2228 1825 2276 exempla.
1847 2229 1967 2263 Omne
1986 2222 2118 2259 transit

1119 2289 1335 2337 exemplum
1367 2288 1413 2324 de
1437 2288 1628 2336 majestate
1654 2287 1812 2324 Deitatis
1831 2298 1978 2329 serm0,
2001 2295 2114 2331 quem

1117 2347 1216 2383 inter
1245 2348 1450 2396 discipulos
1481 2348 1577 2384 fudit
1612 2363 1619 2384 ε

1116 2407 1339 2456 pollicitatio
1362 2408 1491 2455 gloriae
1521 2408 1677 2452 suturae,
1702 2420 1786 2455 quae
1813 2404 2042 2441 revelabitur
2075 2403 2113 2438 in

1117 2465 1238 2503 nobis.
1256 2467 1351 2503 Huic
1371 2467 1627 2516 intelligentiae
1644 2476 1679 2503 et
1700 2466 1932 2517 perceptioni
1948 2464 1975 2500 si
1993 2463 2115 2513 aperis

1116 2525 1252 2561 ostium
1286 2534 1326 2562 ut
1361 2526 1684 2576 comprehendas,
1722 2526 1844 2562 statim
1881 2524 2042 2560 declinat
2076 2530 2113 2558 et

1655 2360 1805 2383 omnem
1840 2343 2112 2394 experientiam

58 2582 297 2619 informatur.
329 2584 440 2631 Quod
462 2584 645 2632 liquidum
666 2593 740 2630 est,
762 2586 814 2621 nil
842 2584 954 2621 habet
980 2585 1051 2621 im-
1069 2589 1102 2622 D
1120 2586 1349 2633 pertransit:
1370 2585 1456 2621 ideo
1480 2595 1517 2622 et
1539 2595 1577 2622 tu
1599 2586 1714 2622 transi
1736 2586 1771 2621 in
1795 2585 1970 2621 allectum
1992 2583 2114 2630 lique-

61 2652 220 2688 purum,
235 2641 286 2676 nil
302 2641 471 2690 pigrum3
495 2642 600 2677 facile
617 2654 774 2678 cernens
786 2670 796 2688 ,
816 2651 852 2679 ct
871 2643 974 2679 facile
991 2656 1050 2680 se-

61 2710 193 2746 quens.
209 2698 280 2735 Sed
297 2707 396 2735 tanta
410 2700 527 2748 gratia
545 2700 676 2749 liquidi
692 2714 766 2737 non
779 2710 834 2738 est
849 2715 932 2738 cum
951 2703 1053 2738 calor

62 2770 140 2792 non
157 2765 222 2794 est.
243 2761 342 2794 Bene
359 2759 542 2807 liquidum
558 2788 566 2804 ‚
586 2760 688 2808 quod
705 2769 741 2796 ct
757 2774 802 2796 ex
817 2762 978 2810 puritate
995 2762 1052 2798 di-

63 2816 143 2851 lecti
166 2816 367 2853 claritatem
396 2819 574 2867 percipit,
604 2827 641 2855 ct
666 2820 771 2868 quasi
803 2821 985 2870 percitum
1017 2830 1053 2858 et

63 2883 278 2924 promptum
298 2884 402 2912 extra
419 2888 456 2912 se
475 2877 633 2913 effusum
653 2887 737 2927 post
752 2879 928 2916 dilectum
950 2881 1052 2917 sesti-

63 2942 150 2978 nat,
181 2934 245 2983 qui
265 2933 342 2982 jam
373 2937 648 2984 pertransierat.
675 2941 779 2985 Ipse,
807 2939 1052 2988 inquit,jt1m

60 2999 278 3041 pertransiit
297 3008 321 3029 a
341 3009 418 3039 me,
443 2997 505 3044 qui
526 3005 637 3032 totam
658 2999 871 3047 pertransiit
887 3013 959 3035 me.
981 3004 1055 3036 Ye-

64 3051 127 3087 lox
150 3053 345 3099 transitus,
368 3055 429 3090 sed
449 3055 634 3092 violentiae
661 3069 735 3092 non
763 3071 894 3106 parum
914 3058 1055 3095 liabens

64 3112 101 3147 in
132 3120 250 3159 tactu,
280 3114 512 3163 liquelactam
537 3125 621 3165 post
652 3130 689 3152 se
711 3118 862 3166 reliquit
890 3119 1052 3155 aniinam

66 3183 183 3207 meam
200 3200 210 3218 ,
233 3172 387 3210 cll'usam
415 3173 566 3211 uberius
580 3204 589 3221 ‚
615 3183 651 3211 et
669 3184 865 3212 conantem
884 3178 1052 3227 ⁸transire

117 3306 122 3319 ¹
144 3303 213 3331 Lue.
233 3311 322 3337 xxiv,
349 3305 460 3334 13-372.
476 3323 517 3327 -—
538 3305 644 3335 unsa-1.
661 3316 824 3337 cxxxx-ni,
847 3310 876 3335 (ὶ.

1118 2645 1203 2680 facti
1222 2645 1358 2681 cordis.
1382 2644 1440 2682 Ad
1462 2646 1558 2681 hanc
1577 2659 1709 2681 vocem
1733 2644 1858 2680 dilecti
1880 2643 1938 2679 dic
1958 2657 1964 2677 :
1990 2643 2115 2676 Attra-

1117 2701 1317 2750 bilt'sstlrttl
1336 2713 1388 2739 est
1406 2709 1564 2739 scientia
1582 2713 1645 2739 ltttt
1659 2718 1707 2739 taz·
1724 2717 1805 2745 νιος
1821 2700 2030 2747 caldunum
2044 2709 2115 2742 est,

1118 2772 1151 2797 (τ
1171 2772 1385 2810 naulum-ro
1406 2766 1460 2798 ml
1476 2777 1557 2798 eam
1573 2770 1597 2799 ².
1618 2767 1662 2799 Et
1679 2763 1802 2799 anima
1818 2775 1899 2797 mea
1915 2760 2114 2809 liquefacta

1118 2830 1173 2858 est
1194 2821 1371 2858 deliciens
1401 2836 1420 2858 a
1448 2823 1807 2871 comprelicnsioue‚
1838 2830 1874 2857 et
1898 2833 1973 2856 non
2005 2819 2114 2855 sulli-

1121 2880 1222 2916 eicns
1243 2893 1288 2916 ex
1310 2880 1521 2916 vehementi
1543 2889 1579 2916 et
1605 2881 1764 2916 violenta
1786 2879 1985 2915 dulcedine
2003 2878 2118 2928 persi-

1123 2948 1219 2975 stere
1240 2947 1275 2975 et
1302 2940 1438 2975 morari
1461 2940 1497 2975 in
1519 2939 1779 2976 admiratione.
1804 2943 1962 2988 Propter
1984 2938 2060 2974 lucc
2079 2946 2115 2973 et

1124 2997 1366 3046 hujusmodi,
1390 2999 1509 3047 inquit
1534 3013 1541 3034 :
1565 3004 1706 3035 Anima
1726 3013 1808 3034 mea
1825 2996 2027 3046 lt'qttejttcta
2047 3006 2118 3040 est,

1123 3068 1162 3093 ttt
1183 3060 1335 3092 ditm-tus
1354 3062 1493 3093 lot-atus
1513 3068 1575 3094 est.

1174 3118 1209 3153 6.
1234 3117 1331 3164 Quid
1356 3118 1514 3166 putatis,
1537 3127 1577 3154 ut
1598 3118 1737 3168 aliquid
1759 3126 1894 3168 praeter
1920 3117 2054 3153 seriem
2082 3125 2117 3151 et

1119 3177 1223 3225 quami
1254 3190 1297 3212 cx
1333 3176 1539 3214 abundanti
1570 3179 1614 3215 ad
1649 3178 1945 3215 ‹·‹›h‹u·tati‹m‹·m
1979 3189 2117 3225 prmsu-
