2418 3949
107 205 180 241 705

711 207 993 242 TRACTATUS
1021 207 1086 242 DE
1114 206 1365 241 INTERIORI
1396 207 1543 242 DOMO.

2076 193 2150 229 706

98 281 286 318 immerito
306 283 574 320 conscientiam
593 283 746 333 speculo
766 279 1140 332 comparavimu53⁵⁴²
1152 280 1265 316 corde
1295 293 1363 317 suo
1392 280 1541 317 deditus
1568 278 1810 316 servitutibus
1833 276 2011 312 vitiorum
2026 300 2035 317 ‚
2056 282 2150 320 prae·

97 341 277 389 quoniam
309 342 347 378 in
381 354 424 378 ea
460 350 636 391 tanquam
671 341 710 377 in
749 341 902 391 speculo
937 339 1139 376 rationisA
1158 339 1253 375 sidet
1279 339 1438 376 urbibus
1474 348 1511 375 et
1544 338 1664 375 turbis
1699 337 1940 387 populorum.
1973 331 2082 370 Solus
2119 329 2150 365 is

97 400 250 448 oculus,
283 409 356 437 tam
387 401 489 451 quod
513 401 648 438 decens
667 429 676 446 ‚
706 413 818 450 quam
851 398 954 449 quod
984 397 1092 434 inde-

97 471 184 495 cens
205 468 261 496 est
279 460 318 496 in
339 473 376 497 se
394 489 404 507 ,
425 461 526 497 claro
545 469 699 510 aspectu
718 458 1002 509 apprehendere
1023 469 1092 506 po-

97 525 180 554 test.

448 636 624 676 CAPUT
652 636 746 674 XII.

96 758 144 787 De
159 756 296 788 custodia
309 762 339 787 et
352 755 560 788 refrenatione
576 756 677 787 cordis
693 756 732 787 ad
745 756 860 787 bonam
873 754 1091 787 conscientiam

500 810 682 841 necessaria.

149 935 210 972 20.
233 935 316 972 Vita
336 933 631 984 uniuscujusque
651 948 728 971 non
746 936 1002 984 cognoscitur,
1023 934 1095 971 nisi

95 995 134 1030 in
153 994 380 1031 conscientia
396 1009 403 1030 :
420 1007 489 1031 nec
507 994 659 1031 venitur
676 992 722 1030 ab
742 992 880 1030 bonam
902 994 1095 1030 conscien-

97 1054 185 1090 tiam
206 1083 216 1100 ,
237 1053 307 1090 nisi
328 1066 396 1104 per
415 1053 539 1090 cordis
559 1052 781 1090 custodiam.
802 1055 875 1090 Cor
894 1053 994 1089 enim
1025 1065 1093 1088 suo
1110 1049 1138 1082 Β

95 1112 253 1150 arbitrio
282 1113 476 1150 dimissum
492 1142 501 1160 ,
523 1121 588 1149 aut
606 1112 652 1149 ad
669 1112 784 1148 vitam
805 1125 844 1148 se
862 1111 998 1156 vertit,
1030 1119 1094 1147 aut

95 1171 143 1208 ad
160 1180 333 1208 mortem.
350 1172 454 1209 Velle
472 1185 634 1222 namque
654 1184 810 1221 peccare
822 1199 831 1216 ‚
853 1170 993 1206 malum
1011 1177 1066 1206 est
1083 1183 1090 1205 :

95 1244 251 1282 peccare
265 1259 274 1276 ,
297 1230 406 1282 pejus
429 1245 436 1267 :
459 1231 497 1268 in
518 1239 671 1282 peccato
691 1242 954 1280 perseverare,
972 1229 1093 1279 pessi-

97 1303 200 1327 mum
228 1299 284 1327 est
309 1304 316 1326 :
342 1291 443 1327 nolle
473 1290 677 1340 poenitere,
701 1290 870 1326 mortale.
901 1287 1093 1338 Quidquid

95 1349 211 1400 igitur
231 1362 298 1386 cor
317 1350 476 1400 cogitat,
497 1349 600 1399 quod
623 1348 669 1386 ad
691 1349 889 1386 utilitatem
907 1361 1011 1385 suam
1035 1348 1094 1384 vel

96 1410 358 1460 proximorum
385 1424 540 1460 quoquo
566 1409 680 1446 modo
704 1423 780 1446 non
800 1409 1008 1459 pertineat,
1030 1421 1114 1444 re—.

96 1469 308 1520 spuendum
328 1479 395 1508 est.
418 1474 475 1507 De
499 1470 657 1506 diversis
683 1470 795 1520 igitur
816 1468 948 1505 mundi
976 1468 1094 1518 parti-

95 1527 190 1576 bus,
208 1531 246 1566 in
269 1529 405 1580 quibus
428 1543 494 1566 cor
518 1542 653 1578 vagum
676 1537 712 1565 et
735 1527 965 1578 profundum
987 1535 1089 1562 tene-

98 1597 173 1635 tur,
200 1591 261 1627 vel
281 1603 376 1627 vane
404 1598 632 1639 occupatur,
661 1588 707 1625 ad
732 1601 770 1624 se
791 1588 914 1637 ipsum
942 1586 1092 1631 redeat,

96 1657 134 1685 et
154 1662 193 1686 se
216 1650 339 1700 ipsum
365 1649 538 1686 discutiat
566 1662 574 1684 ε
603 1660 764 1697 cumque
794 1647 982 1683 invenerit
1010 1645 1093 1682 cul-

95 1720 181 1757 pam
195 1737 205 1755 ,
224 1709 353 1745 timeat
368 1721 531 1758 poenam.
555 1706 768 1755 Quaerendo
787 1714 911 1742 autem
929 1705 1093 1754 culpam,

96 1779 282 1816 nusquam
306 1767 408 1803 illam
438 1766 509 1802 nisi
532 1766 570 1802 in
597 1778 636 1802 sc
653 1765 840 1815 reperiat:
860 1772 1008 1815 reperta
1034 1777 1096 1800 au-

1156 408 1311 448 regnat‚
1329 400 1392 448 qui
1420 399 1592 448 deposito
1621 398 1743 434 cordis
1772 395 1946 445 imperio,
1977 391 2023 428 ad
2051 390 2151 438 leges

1156 458 1309 494 rationis
1337 457 1486 493 ordinat
1515 464 1630 492 totam
1656 455 1829 491 familiam
1857 461 2025 489 motuum
2049 450 2150 484 inte-

1156 517 1298 554 riorum
1312 525 1349 554 et
1362 516 1603 553 exteriorum.
1621 516 1658 552 Si
1676 514 1833 563 insurgit
1850 511 1970 549 rabies
1986 508 2151 552 leonina,

1155 577 1341 626 premitur
1365 588 1433 625 per
1462 574 1676 624 patientiam
1704 587 1711 609 :
1740 573 1770 609 si
1797 570 2002 621 petulantia
2030 565 2121 603 birci
2139 593 2149 610 ,

1154 649 1224 685 per
1250 635 1512 672 abstinentiam
1541 648 1549 670 :
1579 634 1609 670 si
1635 632 1805 669 ferocitas
1827 631 1929 679 apri,
1952 641 2018 678 per
2045 639 2153 662 man-

1155 694 1391 732 suetudinem
1421 708 1428 729 z
1456 693 1486 729 si
1507 691 1683 741 superbia
1702 689 1914 734 unicornis,
1941 700 2008 737 per
2031 684 2154 722 humi-

1155 755 1308 791 litatem.

1499 868 1673 908 CAPL'T
1702 867 1817 905 XIII.

1160 997 1209 1025 De
1241 992 1415 1024 mobilitate
1437 990 1538 1022 cordis
1563 987 1775 1029 restringenda
1800 996 1856 1027 per
1879 982 2157 1015 considerationem

1393 1043 1565 1085 majestatis
1585 1048 1614 1072 et
1633 1039 1779 1082 potentia}
1796 1037 1919 1069 dix-incr.

1214 1171 1273 1208 21.
1296 1174 1378 1208 Non
1400 1168 1594 1206 invenitur
1619 1173 1743 1202 autem
1767 1164 1865 1199 inter
1891 1168 2042 1195 caeteras
2059 1164 2156 1192 artes

1159 1229 1333 1268 liberales
1351 1243 1409 1266 ars
1432 1229 1502 1266 ista
1519 1240 1596 1278 prae
1622 1225 1702 1262 aliis
1727 1221 1914 1265 liberalis,
1939 1231 2014 1267 qua
2040 1225 2159 1252 tenea-

1161 1298 1222 1326 tur
1247 1302 1311 1325 cor
1335 1287 1438 1337 quod
1463 1286 1567 1323 omni
1595 1283 1725 1321 mobili
1756 1279 1932 1317 mobilius
1952 1284 2030 1320 est,
2056 1272 2159 1323 quod

1161 1349 1266 1386 omni
1293 1347 1439 1384 lubrico
1468 1344 1692 1383 lubricosius
1720 1349 1787 1379 est.
1816 1337 2024 1377 Mobilitate
2058 1334 2159 1370 enim

1162 1408 1322 1445 naturali
1344 1406 1539 1451 instabile,
1571 1404 1631 1440 vel
1649 1403 1684 1438 in
1705 1408 1847 1451 puncto
1867 1399 1984 1434 fixum
2014 1400 2161 1430 recusat

1162 1468 1364 1505 consistere
1385 1482 1391 1503 :
1411 1466 1518 1515 cujus
1537 1465 1615 1500 vita
1630 1464 1667 1499 in
1688 1469 1792 1498 motu
1814 1467 1870 1495 est
1883 1486 1892 1503 ‚
1912 1465 1948 1492 et
1965 1462 2090 1491 motus
2104 1459 2162 1489 est

1159 1529 1193 1565 ei
1224 1528 1315 1564 vita.
1339 1530 1466 1564 Movet
1495 1525 1631 1562 molem
1667 1521 1781 1558 totius
1804 1516 1975 1567 eorporis
2005 1512 2159 1550 bumani

1162 1587 1328 1624 tantillus
1357 1587 1425 1623 iste
1452 1586 1491 1622 in
1523 1583 1636 1621 eorde
1664 1580 1790 1618 vitalis
1820 1586 1944 1615 motus
1978 1590 1986 1610 :
2025 1581 2061 1609 et
2086 1585 2160 1621 qua

1161 1654 1380 1682 coerceatur
1403 1653 1481 1681 arte
1494 1673 1503 1689 ,
1524 1652 1564 1680 ut
1581 1643 1651 1678 alia
1668 1651 1827 1677 movens
1842 1667 1850 1683 ‚
1870 1637 1948 1686 ipse
1977 1647 2052 1670 non
2080 1646 2162 1669 mo-

1161 1707 1328 1742 veatur?
1355 1708 1469 1742 Forte
1502 1704 1602 1739 mola
1630 1699 1788 1738 asinaria
1816 1698 1844 1733 si
1878 1695 1925 1732 ad
1957 1694 2095 1731 collum
2125 1692 2159 1728 ei

1163 1764 1436 1814 suspendatur,
1457 1775 1535 1799 non
1557 1768 1783 1797 moveretur.
1804 1760 1884 1793 Iino
1907 1753 2026 1790 multo
2047 1750 2163 1800 magis

97 1833 172 1862 tem
192 1827 302 1877 culpa
320 1834 356 1863 et
381 1839 501 1876 poenae
519 1838 651 1871 causa,
683 1838 721 1862 se
752 1826 874 1874 ipsum
903 1824 1097 1874 puniendo
1117 1826 1143 1861 C
1163 1837 1244 1860 cum
1275 1823 1374 1860 mola
1400 1822 1662 1859 concitaretur.
1692 1816 1890 1868 Agendum
1922 1814 2047 1861 itaque
2075 1823 2160 1847 cum

96 1898 135 1922 se
155 1894 240 1923 ante
260 1899 299 1924 se
319 1894 474 1932 statuat,
492 1894 529 1922 et
545 1894 721 1935 tanquam
739 1885 852 1921 alium
871 1897 909 1920 se
925 1884 1093 1933 judicet;

97 1957 136 1982 se
169 1945 344 1995 equidem
373 1945 565 1995 culpatum
582 1973 594 1989 ‚
628 1952 715 1981 ante
747 1957 785 1981 se
817 1943 995 1980 afflictum
1011 1957 1021 1988 ;
1058 1955 1098 1979 se

97 2016 203 2040 reum
219 2032 229 2050 ,
261 2012 348 2040 ante
367 2016 406 2041 se
421 2003 589 2053 judicem
620 2016 817 2048 severum3
843 2015 882 2039 se
909 2002 1066 2051 impium
1085 2029 1094 2047 ,

98 2071 183 2099 ante
199 2075 239 2100 se
252 2063 298 2099 ad
316 2064 492 2113 pietatem
509 2076 701 2099 reversum
721 2077 727 2098 :
748 2070 937 2112 proponat
953 2074 992 2098 se
1011 2069 1097 2097 ante

98 2135 158 2168 se;
177 2122 353 2160 decernat
368 2122 459 2172 quid
476 2136 497 2159 a
513 2135 551 2159 sc
568 2122 779 2159 faciendum
800 2123 847 2158 sit
864 2121 910 2158 de
925 2134 982 2166 se;
996 2121 1098 2170 juste

98 2183 137 2219 in
169 2195 208 2219 se
235 2181 376 2231 injusto
406 2182 551 2232 infligat
574 2182 677 2231 justa
711 2182 867 2231 flagella.
905 2185 1099 2230 Loquatur

98 2242 210 2278 etiam
229 2242 282 2278 sic
299 2241 370 2278 sibi
391 2256 399 2279 :
421 2242 516 2290 Quia
537 2254 667 2291 pacem
687 2240 884 2278 deseruisti
903 2239 1004 2289 apud
1024 2242 1099 2275 Do-

98 2301 243 2338 minum
260 2305 382 2338 Deum
407 2309 532 2347 tuum,
556 2309 593 2337 et
612 2300 752 2337 bellum
781 2299 971 2336 incurristi
999 2297 1099 2348 apud

99 2368 135 2397 te
151 2361 294 2410 ipsum,
314 2361 511 2398 scissuram
529 2360 668 2410 pateris
681 2388 691 2406 ,
709 2368 750 2396 ut
769 2368 808 2396 tu
823 2373 844 2396 a
863 2368 896 2395 te
912 2359 995 2408 ipso
1012 2371 1097 2394 con-

100 2419 300 2457 demneris.
325 2420 421 2468 Quia
445 2429 593 2470 pactum
619 2421 720 2470 pacis
744 2419 902 2470 rupisti;
922 2419 978 2455 vis
995 2417 1098 2467 quod

100 2493 176 2516 non
195 2480 271 2526 vis,
289 2488 326 2517 et
341 2493 418 2517 non
435 2481 491 2517 vis
508 2480 609 2529 quod
626 2480 684 2516 vis
706 2495 714 2517 z
735 2494 756 2516 a
774 2489 808 2516 te
824 2480 907 2529 ipso
923 2478 1098 2515 condem-

101 2538 263 2576 naberis.
287 2539 457 2576 Nolenda
474 2541 530 2575 vis
552 2553 560 2574 ε
579 2539 741 2575 volenda
758 2552 835 2575 non
853 2539 920 2575 vis.
942 2542 1035 2575 Ecce
1052 2538 1098 2574 de

1163 1897 1207 1921 eo
1237 1893 1310 1930 est,
1343 1892 1384 1920 ut
1423 1883 1626 1920 circumeat
1663 1889 1825 1922 terram,
1859 1884 1896 1912 et
1926 1871 2163 1924 perambulet

1162 1957 1272 1990 eam3
1308 1944 1337 1981 si
1371 1944 1464 1980 forte
1495 1941 1722 1978 velociorem
1744 1966 1753 1984 ,
1787 1945 1824 1972 et
1852 1934 2088 1971 mobiliorem
2121 1943 2160 1968 se
2212 1981 2237 1987 ⁷-

1162 2004 1332 2040 invenire
1364 2011 1488 2052 queat.
1529 2002 1565 2039 Si
1605 2012 1718 2050 super
1748 2006 1885 2034 terram
1914 1994 2072 2031 similem
2105 1991 2164 2028 sui

1164 2078 1241 2100 non
1262 2063 1473 2107 invenerit3
1497 2062 1606 2098 etiam
1625 2071 1760 2109 gyrum
1780 2055 1862 2093 coeli
1883 2055 2104 2096 circumeat,
2129 2058 2166 2087 et

1163 2133 1264 2160 rotas
1281 2135 1461 2160 curruum
1482 2121 1549 2158 Dei
1568 2120 1614 2157 ad
1635 2130 1785 2155 cursum
1814 2127 1923 2152 suum
1949 2113 2160 2150 admoveat.

1163 2182 1260 2231 Quid
1294 2191 1383 2218 tunc
1416 2181 1524 2217 faciet
1550 2179 1596 2216 ad
1623 2179 1706 2214 illos
1733 2176 1798 2226 qui
1830 2173 2024 2210 ambulant
2052 2182 2166 2219 super

1163 2255 1306 2292 pennas
1327 2241 1555 2277 ventorum?
1586 2241 1697 2275 Forte
1726 2244 1763 2271 et
1793 2247 1877 2271 eum
1906 2233 1978 2268 illis
2006 2238 2166 2267 conten-

1164 2302 1253 2338 dere
1270 2300 1422 2351 poterit.
1444 2304 1501 2336 An
1519 2307 1555 2335 et
1579 2310 1664 2334 cum
1686 2296 1748 2331 illa
1765 2294 1903 2329 virtute
1920 2298 2064 2335 curret,
2083 2301 2166 2338 quse

1164 2364 1314 2408 attingit
1334 2359 1454 2406 afiue
1475 2371 1590 2405 usque
1609 2356 1789 2402 adfinem
1803 2350 1974 2399 sortiter,
1995 2358 2030 2384 ec
2047 2350 2168 2395 dispa-

1164 2425 1219 2455 m't
1238 2424 1364 2454 omma
1385 2418 1594 2453 suaviteffl?
1618 2428 1663 2451 an
1690 2422 1727 2450 et
1757 2413 1855 2448 illam
1886 2407 2162 2459 apprehendet,

1165 2479 1211 2515 de
1242 2492 1315 2528 qua
1345 2478 1498 2523 dicitur,
1521 2476 1702 2512 Mobclz'or
1721 2482 1774 2509 est
1793 2471 1960 2507 omnibus
1979 2468 2168 2505 mobilibus

1164 2535 1410 2586 snpientic13?
1441 2536 1576 2572 Saltem
1607 2546 1691 2569 cum
1720 2530 1858 2568 viderit
1890 2538 1962 2565 tam
1995 2529 2169 2578 spatiosis

101 2610 166 2633 ore
183 2606 248 2633 tuo
265 2597 443 2646 tejudico
457 2626 466 2643 ,
485 2610 590 2634 serve
611 2611 785 2648 nequam.
809 2598 942 2648 Asssige
973 2598 1099 2646 itaque
1116 2599 1148 2632 D
1166 2598 1321 2635 saltibus
1346 2596 1616 2633 transilientem
1638 2605 1742 2630 suam
1765 2590 1969 2640 potentiam
1984 2618 1992 2634 ,
2027 2598 2167 2639 poten-

104 2667 138 2694 te
152 2686 162 2703 ,
191 2666 227 2694 et
253 2665 373 2694 statue
391 2666 425 2694 te
443 2666 573 2694 contra
594 2658 726 2695 faeiem
745 2667 844 2694 tuam
860 2686 870 2703 ,
890 2666 930 2694 ut
945 2658 1101 2707 aspicias

104 2716 374 2766 turpitudinem
393 2725 507 2762 tuam,
523 2725 560 2753 et
578 2718 758 2767 recogites
775 2717 967 2753 stultitiam
987 2725 1100 2753 tuam.

104 2776 164 2813 Sic
182 2776 294 2825 igitur
310 2776 347 2811 in
364 2775 522 2812 miseriis
539 2776 614 2811 suis
631 2776 676 2812 ad
696 2789 734 2812 se
756 2776 878 2825 ipsum
901 2775 1102 2811 revertitur

105 2848 188 2880 cor,
209 2843 246 2871 et
261 2835 404 2871 sistitur
418 2848 484 2871 cor
500 2834 550 2871 ·a‹l
568 2848 644 2871 cor.
667 2836 729 2872 Vis
745 2843 799 2871 est
817 2833 987 2883 quaedam
1017 2847 1100 2882 quae

108 2894 160 2930 sie
180 2893 226 2930 de
245 2893 358 2930 corde
385 2902 586 2942 operatur,
611 2902 648 2930 et
667 2894 802 2930 retinet
819 2907 884 2929 cor
903 2893 1044 2929 fluxum
1067 2901 1105 2929 et

107 2964 268 2997 vanum3
289 2964 336 2988 ne
352 2952 515 3001 profluat
535 2951 572 2988 in
601 2950 775 3000 abyssum
798 2952 1022 2988 exterminii.
1042 2952 1103 2988 Vis

107 3011 177 3048 ista
200 3024 265 3048 seu
292 3011 471 3048 violentia
499 3011 596 3060 rapit
622 3024 776 3060 regnum
807 3012 1000 3047 coelorum.
1030 3013 1102 3046 Re-

106 3084 218 3118 gnum
239 3074 413 3106 coelorum
428 3099 438 3114 ‚
468 3071 590 3119 inquit
616 3072 823 3115 Dominus,
847 3075 922 3106 vim
948 3075 1104 3118 patitur,

109 3139 144 3164 vt
163 3133 319 3166 violenti
338 3135 488 3178 rapiunt
505 3132 599 3166 illud
613 3138 635 3165 ¹.
657 3129 788 3167 Nobile
810 3142 965 3179 regnum
986 3129 1106 3178 possi-

110 3189 171 3225 det
188 3218 197 3235 ,
217 3190 282 3239 qui
308 3203 373 3226 cor
390 3203 496 3227 suum
515 3189 693 3240 possidet.
715 3194 795 3227 Non
815 3197 964 3238 regnat,
985 3189 1048 3237 qui
1068 3189 1105 3224 in

164 3323 169 3336 ¹
189 3317 302 3348 Mauh.
322 3329 372 3354 xi,
396 3320 447 3348 12.
463 3337 502 3340 -Π
525 3324 535 3338 ²
554 3320 624 3359 Sap.
647 3329 728 3350 viii,
755 3321 782 3347 1.
800 3336 813 3339 -

242 3388 330 3410 Tou.
362 3389 394 3410 V.

1168 2659 1255 2695 tiam
1286 2656 1473 2695 Creatoris
1505 2655 1560 2691 sui
1580 2683 1590 2699 ‚
1630 2651 1806 2689 subsistat
1835 2658 1869 2685 et
1903 2649 2064 2684 dimittat
2093 2650 2169 2686 alas

1166 2732 1272 2763 suas,
1292 2717 1458 2753 retinens
1481 2728 1540 2759 se,
1565 2723 1601 2749 et
1624 2712 1781 2749 habenis
1806 2710 1945 2745 deifica·
1972 2722 2169 2758 compara—

1168 2778 1279 2812 tionis
1296 2788 1334 2812 se
1352 2774 1396 2811 ad
1416 2786 1454 2809 se
1470 2773 1646 2820 colligens
1664 2779 1698 2806 et
1717 2768 1896 2805 cohibens
1909 2796 1917 2812 ,
1949 2780 2024 2803 nou
2052 2776 2169 2803 traus-

1166 2835 1358 2884 grediatur
1375 2833 1555 2869 terminos
1572 2843 1674 2867 suos.
1693 2829 1751 2865 Sic
1769 2827 1866 2864 euim
1889 2835 2014 2863 sancta
2031 2827 2170 2862 anima-

1171 2896 1217 2931 lia
1246 2895 1282 2930 iu
1306 2893 1450 2929 visione
1479 2890 1698 2934 Ezechielis,
1722 2901 1801 2922 cam
1819 2887 1932 2932 ficret
1958 2900 2032 2920 zuar
2060 2900 2173 2934 super

1159 2955 1462 3000 firmatmwcum,
1496 2950 1599 2996 quod
1631 2945 1846 2982 imminebat
1878 2949 1992 2992 capit(
2027 2959 2171 2989 comem,

1170 3011 1318 3047 stabant
1337 3019 1369 3044 ct
1389 3007 1650 3044 submittebant
1671 3010 1751 3041 alas
1771 3019 1856 3040 suas
1878 3005 1897 3039 ὅ.
1927 3004 2036 3052 Quod
2061 3006 2172 3054 plane

1172 3071 1287 3107 sancti
1322 3069 1458 3104 faciunt
1483 3096 1492 3111 ,
1522 3080 1605 3103 cum
1644 3065 1876 3116 perlustratis
1915 3064 2092 3113 operibus
2136 3075 2171 3099 ct

1174 3127 1408 3165 mirabilibus
1438 3127 1505 3163 Dei
1536 3139 1651 3176 super
1678 3123 1976 3173 intelligibilibus
2009 3123 2169 3159 abscou-

1173 3189 1258 3224 ‹litis
1290 3187 1501 3236 mysteriis,
1541 3186 1631 3222 nibil
1674 3198 1711 3221 se
1744 3185 1837 3220 scin·
1868 3183 2176 3232 depr-vlivmluut,

859 3314 1377 3353 31d.=11‚22.--21⁷10‹-h41‚
1397 3317 1449 3343 75.

1978 3368 2023 3402 23
