2504 3928
297 190 367 225 7⁸7

291 267 552 316 promissionis
583 267 703 315 possis
734 267 895 313 intrare,
927 268 962 304 id
993 278 1048 305 est
1082 269 1282 314 Amalech,

937 193 1218 229 'l'RAC'l'A'l'US
1248 195 1310 228 DE
1339 196 1522 230 unnim:
1554 198 1688 231 x'l't‘slfj.

1291 268 1341 285 321ss

2260 199 2333 235 788

1356 269 1496 306 viditur
1516 278 1659 319 pai-tes,
1681 284 1840 319 (piarum
1864 273 1983 320 prima
2005 281 2211 323 temperata
2228 285 2283 313 cst
2300 285 2336 312 et

295 329 412 369 Semi,
439 330 513 373 Οἱς,
547 324 675 368 Moab,
712 325 774 360 lilii
804 331 985 373 Ammon,
1015 337 1052 364 et
1081 329 1279 364 latrunculi
1302 329 1330 362 Α
1352 328 1600 373 rationabilis,
1621 329 1666 365 de
1681 329 1902 366 delictorum
1922 331 2156 380 poenitudine
2170 335 2335 372 veniens.

294 384 432 419 montis
458 384 550 419 Scir.
575 384 612 419 Si
637 392 761 420 autem
789 385 883 421 sorte
911 386 965 422 liis
986 387 1192 436 superatis,
1217 400 1283 436 per

296 443 435 477 multos
466 441 613 478 labores
643 443 824 491 optimam
850 445 1036 494 ingressus
1065 446 1178 482 l'ueris
1203 455 1280 482 ter-

295 513 396 543 ram,
433 500 578 535 videbis
607 500 709 549 quod
736 502 772 537 in
796 502 876 552 ipsa
900 504 1010 540 etiam
1038 518 1115 540 non
1142 504 1284 541 valebis

292 572 372 594 esse
390 571 552 595 securus.
576 561 774 597 Enimvero
802 571 997 599 remanent
1012 564 1203 614 Alloplrvli
1218 593 1227 609 ,
1248 572 1284 600 et

293 618 374 653 alite
398 618 434 653 in
460 626 524 654 tuo
546 619 703 656 circuitu
722 631 962 659 reservantur
981 632 1109 673 gentes
1123 652 1131 668 ‚
1151 625 1185 661 in
1203 625 1285 673 qui·

292 675 361 712 bus
400 685 434 713 te
469 681 567 714 Deus
599 680 834 728 experiatur,
865 692 990 719 utrum
1022 684 1151 732 diligas
1176 698 1282 729 eum,

298 744 414 784 utque
440 750 589 787 semper
615 752 765 776 manum
795 741 875 790 ejus
900 743 1094 791 respicias,
1123 757 1168 779 ne
1190 744 1284 780 l'orte

293 808 378 831 cum
405 797 614 834 comederis
635 807 671 834 ct
689 807 874 837 saturatus
890 801 1021 846 fueris,
1052 802 1283 839 obliviscaris

295 867 392 891 eum.

661 976 836 1015 CAPL'T
867 977 917 1015 X.

371 1093 452 1124 x'iua
476 1094 619 1135 capitalia
642 1106 712 1126 eum
734 1098 796 1127 suis
821 1097 981 1139 speciebus
1001 1099 1200 1140 explicantur.

345 1212 405 1247 30.
426 1214 541 1260 Igitur
555 1228 621 1263 per
638 1225 779 1265 septem
795 1226 936 1266 gentes,
951 1232 1034 1267 quae
1051 1231 1095 1255 ex
1114 1219 1173 1254 illa
1187 1227 1284 1256 terra

290 1270 456 1318 cxpulsae
480 1282 587 1318 sunt,
619 1275 782 1325 intellige
809 1285 951 1325 septem
974 1277 1147 1325 capitalia
1171 1278 1281 1322 vitia,

289 1342 452 1377 quorum
479 1331 555 1367 duo
583 1334 745 1369 carnalia
772 1343 878 1378 sunt,
904 1335 1042 1370 scilicet
1067 1336 1283 1385 gastrimar-

289 1389 348 1437 gia
375 1397 410 1424 et
442 1390 639 1427 fornicatio
656 1420 665 1436 ,
700 1393 842 1441 reliqua
869 1394 1075 1442 spiritualia
1092 1421 1102 1439 ‚
1136 1407 1219 1442 quae
1246 1395 1283 1430 in

293 1447 470 1484 membris
495 1450 571 1486 suis
600 1452 723 1487 taliter
747 1452 1040 1501 distinguuntur.
1065 1454 1171 1490 Gulae
1198 1466 1286 1489 con-

293 1506 523 1554 cupiscentia
541 1509 576 1544 in
593 1511 761 1558 quinque
779 1511 911 1547 modos
929 1511 1121 1548 dividitur.
1141 1513 1284 1559 Primo,

295 1564 324 1599 si
353 1573 438 1601 ante
470 1574 616 1616 tempus
645 1568 748 1604 cibos
777 1570 860 1619 quis
890 1578 1053 1620 appetat.
1087 1571 1285 1617 Secundo,

291 1624 320 1658 si
344 1624 521 1662 lautiores
547 1640 648 1664 escas
670 1638 824 1677 quaerat.
851 1631 996 1676 Tertio,
1021 1631 1050 1666 si
1071 1630 1285 1680 diligentius

294 1696 466 1732 quosque
492 1699 712 1724 communes
728 1688 833 1725 cibos
848 1689 932 1737 quis
948 1698 1136 1739 procuret.
1159 1693 1283 1737 Quar—

295 1750 352 1786 to,
379 1743 407 1778 si
435 1744 526 1781 viles
549 1759 649 1782 escas
674 1747 831 1783 nimium
853 1749 935 1797 quis
958 1758 1090 1785 sumat.
1116 1749 1258 1796 Quinto
1273 1778 1282 1795 ,

1348 387 1495 431 Altera,
1511 386 1726 436 perturbata
1741 396 1777 423 ct
1793 388 2077 436 irrationabilis,
2094 390 2140 426 de
2153 393 2337 430 anxietate

1350 454 1493 490 metus,
1520 459 1582 482 scu
1614 446 1659 482 de
1689 446 1952 496 desperatione
1981 456 2219 497 peccatorum
2246 464 2337 487 exo-

1350 505 1459 541 riens.
1479 506 1621 551 Tertia,
1640 506 1686 542 dc
1701 506 1890 543 iracundia
1903 535 1912 552 ,
1928 508 1986 543 vel
2005 507 2051 543 de
2066 508 2166 545 illato
2181 510 2333 556 damno,

1349 578 1390 600 ac
1419 564 1604 601 desiderio
1631 565 1838 614 pra’pedito
1860 567 2080 616 procedens.
2110 569 2256 606 Acediae
2273 583 2336 619 ge-

1350 636 1437 659 nera
1455 623 1530 659 dno
1553 633 1650 661 sunt.
1671 628 1794 661 [fnum
1808 654 1817 670 ‚
1836 625 1937 674 quod
1955 626 2000 662 ad
2023 640 2118 676 opus
2134 629 2202 664 Dei
2225 629 2338 679 pigri-

1351 690 1428 717 tare
1452 683 1673 719 monacluuu
1697 697 1738 719 ac
1757 683 1960 721 dormitare
1977 687 2178 735 compellit.
2198 688 2310 724 Aliud
2324 717 2334 734 ,

1350 741 1452 789 quod
1475 743 1597 790 vagari
1612 743 1682 778 buc
1704 743 1866 792 illucque
1882 743 1982 789 facit,
2004 758 2046 780 ac
2061 745 2186 793 sugere
2199 747 2336 784 cohor-

1352 808 1451 836 tatur
1479 801 1524 836 dc
1552 802 1730 847 fratrum,
1751 815 1834 839 cum
1856 803 1993 851 quibus
2013 804 2123 849 vivit,
2147 806 2334 843 societate.

1403 861 1464 896 31.
1487 864 1573 896 l‘laec
1593 861 1731 897 scilicet
1748 874 1812 897 sex
1829 862 1914 897 vitia
1933 862 2093 910 quadam
2111 863 2207 900 inter
2223 878 2260 901 sc
2276 879 2336 901 co-

1350 919 1525 967 gnatione
1552 929 1638 956 sunt
1658 920 1878 969 conjuncta,
1902 922 1951 957 ita
1977 930 2016 957 nt
2037 923 2171 971 prioris
2191 923 2333 961 exube-

1351 979 1488 1024 rantia,
1506 980 1696 1027 sequentis
1713 981 1896 1015 elliciatur
1912 980 2122 1016 exordium.
2144 984 2196 1017 Ex
2215 983 2336 1031 primo

1306 1036 1332 1070 B
1351 1038 1448 1073 enim
1476 1037 1702 1084 sccumlum,
1724 1052 1768 1074 cx
1786 1039 1950 1075 secundo
1975 1041 2123 1075 tertium
2146 1054 2153 1075 :
2171 1049 2207 1076 ct
2224 1041 2275 1076 sic
2290 1040 2337 1076 de

1349 1097 1502 1132 caeteris.
1523 1100 1566 1132 Et
1586 1097 1668 1133 ideo
1688 1110 1708 1133 e
1728 1105 1858 1133 contra
1878 1097 1986 1133 simili
2010 1098 2122 1133 modo
2145 1107 2256 1147 atquc
2272 1113 2337 1135 ea-

1350 1155 1433 1191 dem
1464 1157 1607 1192 ratione
1636 1156 1880 1205 pugnandum
1910 1165 1984 1200 cst,
2015 1157 2103 1205 quia
2122 1158 2244 1207 primo
2271 1158 2338 1195 de-

1352 1215 1449 1250 victo
1462 1244 1470 1260 ,
1487 1215 1586 1251 aliud
1611 1216 1753 1251 facilius
1773 1216 1996 1251 devincitur.
2019 1219 2062 1251 lit
2085 1216 2151 1252 ista
2170 1217 2275 1263 vitia,
2294 1218 2338 1254 li-

1351 1282 1409 1309 cet
1430 1274 1586 1310 invicem
1609 1274 1677 1310 sibi
1701 1275 1772 1310 sint
1797 1287 1966 1310 connexa
1983 1288 2025 1310 ea
2043 1288 2153 1323 quam
2177 1275 2338 1313 diximus

1350 1333 1509 1378 ration03
1530 1333 1726 1382 specialius
1754 1342 1876 1369 tamen
1904 1334 1940 1369 in
1963 1342 2036 1370 tres
2059 1335 2214 1384 copulas
2237 1336 2336 1372 divi—

1350 1389 1471 1426 denda
1504 1399 1603 1427 sunt.
1633 1392 1909 1441 Gastrimargiae
1937 1393 2152 1438 fornicatio,
2175 1395 2338 1431 avaritiae

1352 1449 1424 1495 ira,
1451 1451 1606 1486 tristitiae
1635 1451 1761 1487 acedia
1788 1452 1965 1500 peculiari
1998 1454 2189 1490 consortio
2218 1455 2337 1492 soede-

1352 1517 1494 1545 rantur.
1519 1509 1589 1546 Sed
1611 1509 1669 1546 his
1699 1511 1882 1560 superatis
1902 1510 2022 1559 major
2045 1512 2110 1548 tibi
2131 1522 2243 1550 restat
2263 1528 2337 1564 pu-

1350 1581 1442 1616 gna,
1476 1577 1513 1604 et
1541 1582 1583 1605 ea
1606 1577 1708 1605 tanto
1727 1570 1902 1617 gravior,
1932 1579 2074 1619 quanto
2092 1572 2159 1608 ista
2179 1573 2339 1622 amplius

1351 1627 1489 1663 suerint
1505 1627 1661 1664 devicta.
1678 1628 1946 1677 Arripiendum
1961 1642 2121 1679 namque
2138 1631 2203 1668 tibi
2213 1640 2268 1669 est
2285 1640 2338 1668 to-

1352 1686 1397 1722 tis
1416 1686 1558 1723 viribus
1576 1686 1664 1736 juge
1685 1696 1872 1725 certamen
1893 1698 2024 1726 contra
2042 1690 2335 1728 crudelissimam

1350 1753 1387 1781 et
1407 1745 1613 1782 triformem
1628 1746 1804 1792 bestiam,
1820 1747 1855 1783 id
1873 1756 1927 1783 est
1940 1748 2171 1797 superbiam,
2189 1751 2337 1787 inanem

294 1801 322 1836 si
355 1802 514 1852 quisque
544 1818 590 1841 ex
625 1805 810 1842 desiderio
846 1808 1112 1857 quodcumque
1146 1817 1280 1844 sumat.
1304 1811 1330 1846 C
1349 1804 1503 1853 gloriam
1516 1834 1525 1850 ‚
1548 1814 1585 1841 et
1604 1806 1806 1851 invidiam,
1825 1807 1930 1856 cujus
1947 1808 1984 1843 in
2003 1821 2079 1844 uno
2095 1823 2254 1858 corpore
2272 1811 2340 1846 tria

296 1862 528 1906 Fornicatio,
555 1865 719 1901 trimodo
734 1879 884 1915 genere.
905 1868 1069 1903 Primum
1085 1896 1094 1912 ‚
1115 1868 1203 1904 dum
1220 1881 1287 1917 pei·

295 1921 498 1970 voluptatis
517 1923 702 1960 luxuriam
727 1926 946 1963 commixtio
970 1927 1156 1976 expletur.
1181 1928 1286 1965 Alte-

296 1992 400 2023 rum,
423 1980 511 2016 dum
540 1983 618 2019 sola
647 1985 908 2021 attrectatione
940 1986 1050 2023 luxus
1079 1988 1201 2024 carnis
1219 2001 1286 2037 per

294 2038 568 2076 immunditiam
589 2052 828 2091 provocatur.
853 2046 1040 2091 Tertium,
1060 2046 1148 2082 dum
1167 2047 1284 2083 inten-

295 2098 395 2134 tione
421 2101 586 2148 tnrpium
614 2103 883 2151 cogitationum
914 2113 1101 2142 nocturna
1126 2106 1285 2155 quisque

292 2156 466 2194 illusione
487 2160 680 2207 polluitur.
708 2165 771 2198 list
797 2171 833 2198 et
853 2172 1027 2212 quartum
1048 2164 1285 2214 genusjuxta

296 2217 524 2265 Scripturam
539 2248 547 2264 ,
569 2221 708 2257 scilicet
736 2222 947 2259 idololatria
967 2233 1003 2259 ct
1022 2225 1189 2260 avaritia.
1214 2225 1285 2261 Sed

293 2285 329 2312 et
359 2279 480 2313 omnis
520 2279 712 2316 immunda
746 2283 928 2331 pollutio,
959 2284 1156 2319 fornicatio
1192 2284 1284 2319 dici-

297 2345 367 2371 tur.
400 2337 626 2386 Pliilargyria
657 2341 691 2375 in
720 2342 866 2388 gemina
895 2341 1062 2378 membra
1085 2343 1285 2392 distingui-

299 2403 380 2438 tur,
413 2405 501 2444 puta
529 2398 562 2433 in
584 2400 925 2448 concupiscentiam
951 2401 1000 2437 rei
1027 2403 1228 2449 augendae,
1251 2410 1287 2437 et

296 2453 332 2488 in
355 2462 493 2490 metum
521 2457 702 2492 carenda».
727 2460 787 2493 list
807 2467 841 2494 et
859 2459 1006 2495 tertium
1035 2473 1153 2508 genus
1174 2461 1287 2508 pestis

295 2511 406 2559 liujus
421 2541 430 2557 ‚
457 2515 608 2562 quando
636 2517 840 2552 monaclms
867 2531 911 2553 ex
934 2518 1020 2567 ipsis
1043 2519 1259 2555 necessariis
1274 2547 1282 2563 ,

1351 1865 1492 1913 capita,
1514 1873 1551 1900 et
1571 1865 1607 1901 in
1629 1865 1718 1914 ipsis
1745 1865 1930 1915 capitibus
1951 1866 2081 1903 dentes
2102 1868 2212 1905 ferrei
2232 1883 2339 1905 com-

1351 1923 1563 1960 minuentes
1592 1925 1731 1960 omnia.
1764 1928 1795 1962 O
1821 1938 1932 1973 quam
1959 1927 2098 1963 multos
2134 1927 2236 1964 viros
2265 1928 2341 1965 haec

1351 1982 1617 2018 immanissima
1639 1982 1756 2019 bestia
1778 1984 1980 2020 momordit
2000 1993 2036 2021 et
2056 1984 2212 2034 dejecit,
2229 1995 2341 2036 atque

1351 2041 1420 2078 sub
1445 2042 1606 2091 pedibus
1626 2043 1702 2079 suis
1721 2044 1975 2080 conculcavit!
2001 2045 2197 2082 Circumda
2217 2047 2341 2096 itaque

1354 2102 1419 2138 tibi
1442 2103 1573 2138 fortem
1598 2112 1846 2148 armaturam,
1869 2113 1909 2140 ut
1939 2105 2057 2154 possis
2086 2114 2183 2143 stare
2212 2116 2342 2144 contra

1353 2169 1492 2198 tantam
1526 2163 1740 2211 nequitiam.
1774 2164 1890 2200 Indue
1927 2172 1960 2200 te
1989 2165 2102 2201 lorica
2130 2166 2340 2212 charitatis,

1351 2222 1500 2271 accinge
1517 2230 1550 2257 tc
1566 2222 1690 2270 gladio
1705 2223 1876 2272 spiritus,
1890 2224 1991 2272 quod
2008 2233 2063 2260 est
2079 2224 2235 2262 verbum
2251 2227 2339 2263 Dei:

1351 2293 1456 2316 sume
1477 2290 1622 2317 scutum
1643 2282 1727 2317 lidei
1741 2311 1750 2327 ,
1771 2295 1871 2331 pone
1895 2283 2037 2331 galeam
2060 2284 2188 2320 salutis
2206 2293 2242 2320 et
2263 2286 2341 2334 spei

1352 2339 1389 2374 in
1408 2340 1527 2388 capite
1546 2347 1610 2375 tuo
1625 2368 1634 2384 ,
1657 2341 1730 2376 sint
1752 2341 1864 2389 pedes
1887 2342 1938 2377 tui
1967 2343 2118 2379 calceati
2136 2343 2172 2379 in
2191 2357 2341 2393 praepa-

1352 2399 1535 2434 rationem
1554 2400 1736 2448 evangelii
1755 2400 1876 2448 pacis,
1901 2409 1941 2436 ut
1963 2401 2086 2438 nullus
2107 2402 2143 2438 in
2166 2411 2200 2439 te
2218 2411 2341 2452 pateat

1352 2457 1454 2494 locus
1472 2457 1613 2494 insidiis
1630 2460 1792 2507 potentis
1809 2459 2011 2496 adversarii
2030 2467 2053 2496 ¹.
2075 2464 2195 2511 Caput
2210 2475 2343 2512 super-

1353 2516 1422 2552 biae
1438 2517 1532 2552 sicut
1551 2526 1663 2565 caput
1683 2517 1840 2567 viperae,
1859 2519 1962 2554 furor
1978 2518 2058 2567 ejus
2072 2528 2112 2556 ut
2133 2521 2238 2557 furor
2253 2521 2341 2557 dra—

294 2570 372 2606 sine
399 2571 536 2619 quibus
557 2574 682 2610 vivere
712 2588 787 2611 non
815 2584 955 2625 potest,
984 2577 1067 2625 plus
1099 2577 1283 2614 desiderat
1303 2581 1332 2614 D
1352 2575 1467 2619 conis,
1488 2584 1524 2610 et
1543 2575 1648 2612 llatus
1663 2575 1743 2624 ejus
1761 2577 1907 2613 lethifer
1921 2606 1930 2623 ,
1948 2587 1988 2614 ut
2006 2579 2220 2616 insanabilis
2235 2580 2342 2617 ssatus

297 2628 433 2664 babere
454 2644 565 2678 quam
599 2645 748 2668 necesse
777 2634 824 2670 sit
849 2650 855 2669 :
881 2643 945 2670 aut
973 2649 1016 2670 ca
1043 2636 1218 2672 volumus
1249 2637 1284 2672 in

298 2691 530 2725 monasteriis
563 2692 773 2739 possidere,
800 2706 882 2741 (pue
904 2694 932 2728 si
967 2707 1131 2731 essemus
1159 2696 1195 2730 in
1217 2707 1286 2731 szc-

295 2749 402 2791 culo,
422 2750 573 2786 minime
589 2750 725 2786 babere
747 2752 967 2789 valeremus.
986 2756 1054 2789 11·ae
1069 2767 1204 2802 genera
1219 2755 1286 2790 tria

297 2817 395 2844 sunt.
428 2813 574 2855 l'nuni,
598 2811 699 2859 quod
733 2812 838 2847 ardet
871 2813 1103 2849 extrinsecus
1127 2828 1133 2848 :
1161 2815 1284 2859 aliud,

295 2868 397 2915 quod
431 2869 464 2904 in
490 2869 602 2905 verba
623 2871 702 2906 sine
730 2871 854 2919 operis
883 2872 1018 2908 el‘l'cctu
1041 2873 1251 2922 prorumpit
1275 2887 1281 2908 z

297 2927 445 2962 tertium
463 2957 471 2972 ‚
493 2929 594 2976 quod
625 2943 698 2965 non
723 2938 762 2965 ut
792 2931 883 2967 illud
913 2933 1059 2967 fervens
1087 2932 1132 2968 ad
1155 2933 1283 2969 lioram

293 2985 490 3033 digeritur,
521 2989 583 3023 sed
609 3002 675 3037 per
701 2989 778 3025 dies
799 2999 834 3025 et
865 2999 1034 3040 tempora
1058 3001 1281 3029 reservatur.

296 3047 345 3080 Ex
369 3045 432 3080 illo
453 3047 593 3095 quippe
611 3049 712 3084 calor
734 3058 769 3084 et
792 3049 1022 3099 indignatio,
1052 3065 1097 3086 ex
1119 3052 1188 3087 isto
1216 3065 1283 3088 na-

292 3105 407 3139 scitur
426 3106 577 3150 odium;
605 3121 686 3154 (pize
709 3109 832 3143 omnia
862 3111 993 3158 :equali
1025 3119 1110 3145 sunt
1130 3124 1149 3146 a
1177 3110 1284 3146 nobis

294 3164 450 3199 liorrorc
471 3164 692 3201 damnanda.
716 3168 886 3203 'l'ristitia-
911 3169 1040 3204 xitium
1068 3169 1101 3204 in
1133 3178 1206 3204 tri-s
1228 3170 1283 3205 ‹li-

346 3290 481 3330 ''⁴¹›liss⁴
501 3303 548 3324 ῐΙ,
574 3297 601 3321 ll
634 3295 679 3321 lss.

1353 2635 1481 2684 reguli.
1499 2635 1596 2670 Illud
1625 2636 1724 2671 enim
1746 2637 1984 2684 praestantius
2002 2639 2165 2684 (ueteris,
2182 2647 2255 2676 tres
2276 2652 2342 2676 ve-

1352 2703 1504 2730 nenatas
1524 2708 1569 2729 ex
1588 2695 1742 2743 vipereo
1759 2708 1824 2731 ore
1837 2696 1883 2731 ad
1904 2696 2112 2732 feriendum
2131 2697 2256 2733 educit
2273 2698 2342 2734 lin-

1352 2767 1452 2802 guas.
1472 2753 1594 2790 Prima
1608 2768 1671 2789 cos
1689 2755 1861 2803 percutit,
1876 2756 1937 2803 qui
1957 2769 2022 2804 per
2041 2756 2342 2805 transgressionis

1352 2814 1498 2862 culpam
1518 2814 1752 2862 contemptui
1768 2813 1906 2850 liabent
1920 2814 2047 2851 divina
2066 2823 2262 2864 praecepta.
2281 2819 2342 2853 Se-

1352 2873 1474 2908 cunda
1496 2873 1599 2917 illos,
1621 2873 1684 2921 qui
1705 2887 1750 2909 ex
1771 2874 2058 2910 conservatione
2078 2874 2340 2912 mandatorum

1351 2933 1586 2968 extolluntur
1612 2933 1648 2968 in
1670 2933 1868 2969 clationem
1890 2933 2084 2969 virtutum.
2108 2934 2231 2971 Tertia
2251 2947 2314 2970 cos
2330 2963 2339 2979 ,

1349 2992 1411 3040 qui
1434 3005 1501 3040 pcr
1521 2992 1794 3028 contmnaciam
1812 2993 1946 3028 mentis
1964 2992 2072 3028 subdi
2089 2993 2341 3043 dedignantur

1350 3050 1534 3098 majorum
1562 3051 1738 3100 imperiis.
1764 3052 1923 3098 Quidam
1942 3061 2066 3088 autem
2088 3066 2158 3101 pro
2179 3053 2338 3090 carnali-

1351 3110 1440 3155 bus,
1471 3110 1620 3159 quidam
1654 3124 1721 3159 pro
1745 3111 2000 3156 spiritualibus
2035 3111 2275 3160 superbiunt,
2303 3121 2339 3149 ct

1350 3180 1399 3205 cst
1425 3184 1495 3206 una
1516 3170 1693 3221 superbia
1722 3169 1790 3206 sub
1811 3170 1959 3207 diverso
1981 3172 2121 3207 colore.
