2504 3928
391 214 482 248 1231

1185 219 1352 254 OGERll
1384 221 1547 255 stium)
1579 223 1629 256 Χῖ

386 289 497 331 fallit,
521 303 585 325 ncc
608 291 732 326 fallere
753 291 867 326 novit.
891 292 1064 328 Aitcnim
1086 307 1092 327 ;
1113 295 1149 328 3¹1
1165 296 1244 342 quis·
1261 300 1298 330 in
1317 294 1430 330 niem*
1445 297 1514 332 lam
1537 295 1800 345 prostibulam,
1828 305 1864 332 et
1894 296 2085 333 mulierem
2112 298 2222 334 vertit
2252 299 2288 336 in
2317 300 2422 336 arbo-

2323 224 2422 260 1252

384 362 456 382 mm
486 355 663 384 [nansi-rit
679 378 688 393 ,
712 355 875 385 mittetur
892 348 1019 397 sbrius,
1039 360 1075 387 et
1096 361 1370 390 tormentorum
1394 359 1425 391 Λ
1444 367 1521 390 ιϊιιι
1536 383 1545 399 ,
1564 355 1727 402 regulam
1749 355 1785 390 in
1801 355 2046 404 apostasiam,
2072 355 2306 406 disciplinam
2335 372 2421 395 san-

387 407 542 442 ministri
560 422 641 442 enm
660 414 801 444 mittent
819 424 856 445 m
875 415 1016 458 ignem,
1033 420 1067 446 ct
1089 412 1242 449 ardebit.
1264 413 1372 450 Lude

387 478 499 513 rogo,
528 466 758 504 dilectissimi
781 469 934 514 fratres,
964 478 1003 506 ut
1025 471 1281 520 unusquisque
1309 485 1373 507 ve-

384 533 500 560 strum
526 526 637 562 intret
659 527 694 563 in
715 527 929 564 cubiculum
959 543 1090 574 suum,
1119 540 1248 579 scopet
1277 545 1371 567 con—

384 584 575 620 scientiam
605 599 707 622 suam
739 603 745 621 :
777 600 815 622 se
837 596 978 636 (luserat
1005 589 1040 625 iu
1068 591 1211 638 angulis
1230 591 1371 635 cordis,

383 643 584 681 circumeat
605 645 763 682 latebras
785 648 929 683 mentis.
956 649 991 684 Si
1012 661 1050 685 se
1068 649 1103 685 iu
1125 650 1271 687 Christo
1293 664 1370 686 ma-

387 715 476 738 ncre
494 703 701 750 invenerit,
726 706 886 754 gaudeat
907 721 914 742 :
937 708 965 743 si
983 721 1021 744 se
1038 722 1057 744 a
1077 709 1223 745 Christo
1245 709 1371 745 abesse

384 763 560 807 senserit,
590 773 712 812 gemat
739 774 775 801 et
805 765 947 810 doleat,
976 768 1098 815 ploret.
1128 776 1164 804 et
1198 769 1369 817 plangam

384 821 512 857 timeat
538 830 573 858 ct
596 823 873 872 pcrlwrrescat,
897 838 942 860 ne
962 835 1218 874 sequestretur
1243 841 1262 863 a
1279 841 1370 863 con-

382 880 497 915 sortio
530 890 765 928 sanctorum,
794 892 829 920 et
861 885 1030 921 mittatur
1052 898 1200 935 semper
1218 899 1370 922 arsurus

381 939 418 974 in
454 940 575 987 ignem
605 951 798 979 cett-rmum.
827 946 980 979 Mam-te
998 949 1035 979 in
1055 958 1125 980 me.
1155 948 1254 990 lleu,
1277 944 1369 981 dile-

380 998 531 1035 ctissimi
551 1000 682 1037 fratres
696 1030 704 1042 ,
723 1003 853 1050 quanti
873 1003 1015 1048 miscri,
1036 1004 1166 1052 qtianti
1187 1004 1368 1050 infelices,

1439 422 1533 449 ctam
1562 414 1597 449 in
1632 413 1817 450 lasciviam
1846 427 2019 463 pravam,
2041 415 2242 453 claustrum
2258 419 2426 466 regulare

1439 471 1475 506 in
1512 485 1663 521 campos
1713 471 1889 517 licentiae,
1928 473 2132 510 castitatem
2161 475 2199 511 in
2235 476 2424 526 impetigi-

1439 544 1546 575 nem;
1576 531 1800 567 monachum
1836 531 1872 567 in
1912 533 2141 578 morionem,
2174 534 2357 572 directum
2386 536 2423 572 in

1439 603 1619 639 pravum,
1650 591 1802 640 planum
1830 591 1867 627 in
1899 605 2096 641 asperum,
2131 594 2246 630 lilium
2276 595 2346 631 Dei
2387 597 2422 632 in

1441 650 1555 685 lilium
1583 649 1740 686 diaboli!
1762 654 1848 687 nme
1864 680 1872 695 ‚
1896 652 2026 688 fratres
2046 653 2142 697 mei,
2165 666 2241 689 non
2262 663 2317 690 est
2336 667 2421 691 rnu—

1440 708 1530 743 tatio
1550 708 1711 744 dexterae
1736 708 1889 744 Excelsi.
1910 712 1941 747 Ο
1961 723 2074 758 quam
2099 724 2224 747 amara
2247 713 2422 756 mutatio,

1437 781 1459 802 o
1488 780 1598 815 quam
1620 767 1711 803 dura
1743 768 1956 813 translatio,
1985 783 2006 805 a
2026 769 2172 806 Christo
2194 771 2368 808 recedere
2387 781 2424 808 et

1436 826 1586 863 diabolo
1612 827 1821 872 a‹ll1a=rerc;
1843 841 2022 877 spernere
2050 829 2342 879 Redemptorem
2357 859 2366 876 ‚
2387 840 2424 868 et

1435 887 1588 936 diligere
1603 895 1899 936 peremptorem;
1919 889 2131 938 relinquere
2151 890 2306 939 vestigia
2319 891 2424 927 Chri-

1438 947 1505 989 sti,
1533 955 1569 982 et
1601 947 1652 982 ire
1683 960 1750 995 per
1784 959 1880 983 saeva
1902 947 2090 983 maeandra
2119 947 2278 994 diaboli,
2307 950 2423 985 relin-

1437 1019 1552 1054 quere
1567 1006 1662 1041 viam
1681 1019 1764 1053 quae
1783 1005 1885 1042 ducit
1901 1006 1947 1042 ad
1968 1006 2104 1052 vitam,
2119 1015 2155 1042 et
2169 1006 2222 1042 ire
2242 1020 2310 1056 per
2326 1008 2420 1045 viam

380 1059 443 1106 qui
472 1059 517 1094 ad
537 1063 663 1096 Jesum
685 1062 839 1098 veniunt
857 1077 864 1098 ε
883 1062 947 1099 sed
968 1063 1100 1099 letiferi
1123 1077 1267 1099 veneno
1288 1077 1368 1101 ser-
1389 1065 1415 1098 B
1433 1078 1516 1113 qum
1537 1064 1633 1100 ducit
1661 1064 1705 1100 ad
1736 1066 1910 1100 mortem!
1931 1066 2167 1114 Quicumque
2191 1065 2253 1102 ille
2282 1074 2338 1102 est
2357 1069 2421 1116 qui

381 1119 504 1166 pentis
521 1121 705 1168 percussi,
723 1120 904 1158 diabolica
923 1122 1050 1158 fraude
1079 1122 1244 1172 decepti,
1263 1123 1369 1159 caeci—

382 1185 453 1212 tate
471 1179 604 1214 mentis
622 1178 788 1224 obducti,
807 1181 944 1216 malitia
959 1181 1164 1230 depravati,
1182 1181 1370 1231 abnegant

379 1236 668 1273 contubernium
705 1239 858 1283 Christi,
883 1240 1080 1275 amicitiam
1104 1239 1368 1289 Redemptoris

380 1295 554 1331 abdicant
584 1306 738 1346 propter
760 1311 923 1334 amorem
956 1298 1106 1344 mundi,
1138 1307 1174 1334 et
1201 1299 1365 1334 cervices

379 1366 470 1400 quas
486 1357 562 1389 Deo
586 1354 780 1391 humiliare
808 1356 993 1401 solebant,
1010 1358 1091 1405 ipso
1109 1356 1238 1392 mundi
1259 1360 1365 1393 Crea-

380 1411 546 1460 torejam
569 1421 718 1462 spreto,
737 1413 887 1450 diabolo
909 1428 984 1451 non
1009 1424 1187 1451 verentur
1208 1415 1363 1451 inelina-

378 1472 434 1504 re!
468 1473 545 1505 llcu
561 1498 569 1513 ,
589 1471 717 1518 quanti
743 1480 827 1520 post
853 1473 1036 1520 gloriosos
1058 1486 1195 1522 agones
1212 1473 1257 1509 de
1282 1473 1364 1522 ipso

375 1529 546 1577 principe
574 1530 702 1565 mundi
729 1531 891 1579 legitime
912 1533 1182 1582 triumphatos,
1211 1533 1364 1581 fugienti

378 1595 478 1635 terga
499 1588 705 1634 dederunt,
728 1598 764 1626 vt
784 1591 943 1627 victores
961 1591 1037 1640 jam
1056 1593 1155 1628 victo
1175 1606 1212 1628 se
1232 1601 1366 1642 sponte

375 1650 599 1683 cuiw‘arunt!
620 1650 757 1696 Quanti
778 1650 822 1686 ad
841 1652 1106 1687 monasterium
1125 1652 1304 1696 veniunt,
1327 1661 1366 1688 ut

375 1706 410 1741 in
433 1719 477 1742 eo
494 1709 697 1744 monastice
719 1709 868 1754 vivant,
892 1710 1109 1747 humilitatis
1130 1711 1365 1760 praetcnden-

376 1774 429 1801 tes
443 1766 593 1811 indicia,
612 1769 737 1805 omnia
756 1769 791 1805 in
813 1783 903 1819 pace
918 1771 1017 1806 illata
1036 1771 1259 1807 sustinentes
1277 1785 1365 1806 con-

1433 1125 1484 1161 sic
1505 1133 1755 1160 commutatus
1772 1132 1846 1168 est,
1867 1124 1913 1160 ad
1936 1123 2049 1160 verba
2072 1138 2152 1161 mea
2171 1124 2323 1162 inclinet
2337 1127 2420 1162 ani-

1435 1197 1556 1229 mum,
1578 1191 1614 1219 et
1634 1196 1708 1218 non
1732 1183 1956 1232 dedignetur
1978 1183 2108 1220 audire
2128 1184 2325 1220 consilium
2346 1184 2418 1221 bo-

1435 1255 1538 1278 num.
1561 1244 1755 1277 Pin-cavei?
1775 1248 1943 1289 quses‹·e,·
1964 1257 2010 1277 ηε
2025 1245 2185 1288 adjicias
2207 1247 2306 1279 ultra
2324 1250 2346 1280 ¹.
2361 1245 2422 1281 Sic

1432 1303 1518 1337 dicit
1540 1305 1693 1338 Sanetus
1714 1302 1825 1337 Israel
1841 1329 1851 1345 ,
1873 1304 1913 1336 Si
1941 1307 2164 1338 revertimini
2187 1312 2221 1338 et
2251 1308 2420 1351 quiesca—

1430 1365 1494 1403 tis,
1523 1362 1618 1394 salvi
1635 1364 1761 1402 eritis5
1788 1363 1874 1406 qula
1897 1370 2082 1407 exspectat
2100 1375 2164 1396 vos
2183 1365 2362 1398 Dominus
2382 1373 2420 1398 ιιι

1431 1425 1646 1454 nisserealnr
1660 1422 1769 1452 veui-i
1791 1423 1818 1452 ².
1835 1419 2036 1454 Revertere
2053 1432 2143 1468 crgo
2157 1419 2203 1455 ad
2217 1421 2417 1457 Dominum

1430 1481 1549 1513 Deum
1575 1485 1701 1521 tuum,
1732 1484 1768 1511 et
1795 1476 1987 1525 placabilis
2013 1478 2083 1514 erit
2102 1491 2215 1527 super
2241 1480 2419 1517 malitiam

1431 1545 1543 1572 tuam.
1559 1539 1762 1573 Revertere
1776 1535 1821 1572 ad
1836 1536 2037 1572 Dominum
2052 1536 2112 1573 via
2127 1550 2201 1586 qua
2216 1538 2364 1575 venitur
2373 1540 2419 1576 ad

1433 1595 1554 1644 ipsum
1577 1610 1584 1631 :
1604 1595 1664 1630 via
1685 1594 1830 1640 cordis,
1852 1595 1910 1631 via
1931 1595 2024 1641 oris,
2045 1595 2104 1632 via
2132 1596 2273 1646 operis,
2295 1597 2353 1634 via
2374 1599 2419 1635 ti-

1433 1655 1565 1699 moris,
1591 1654 1650 1689 via
1679 1652 1842 1698 doloris,
1873 1661 1910 1689 et
1943 1654 1999 1689 via
2021 1655 2180 1700 amoris,
2208 1655 2270 1691 via
2296 1656 2420 1693 cordis

1432 1712 1607 1755 contriti,
1629 1712 1686 1748 via
1707 1712 1920 1748 conlitcntis
1950 1711 2054 1758 labii,
2079 1718 2116 1749 et
2140 1713 2198 1750 via
2218 1714 2342 1763 operis
2359 1728 2420 1751 re-

1432 1773 1491 1808 cti.
1515 1772 1582 1808 Via
1603 1771 1764 1816 timoris,
1787 1785 1832 1807 ne
1851 1771 2082 1821 protraharis
2101 1772 2146 1808 ad
2160 1773 2386 1823 supplicium
2410 1789 2417 1810 :

374 1826 491 1872 x·i‹-i;1;
523 1835 697 1876 tanquam
728 1828 817 1865 boni
850 1831 984 1867 milites
1012 1831 1147 1868 Christi
1183 1831 1228 1867 ad
1254 1844 1366 1867 omne
1384 1836 1410 1871 C
1433 1832 1489 1867 via
1514 1831 1674 1875 doloris,
1694 1831 1780 1879 quia
1801 1831 1852 1867 sic
1881 1831 2069 1868 offendisti
2097 1831 2282 1869 Christum
2318 1847 2326 1868 :
2358 1834 2416 1869 via

374 1900 468 1935 opus
491 1886 630 1923 bonum
655 1889 773 1937 parati
795 1903 802 1924 :
824 1890 887 1938 qui
905 1898 992 1939 post
1011 1889 1144 1938 gaudia
1166 1890 1251 1926 vitae
1274 1903 1361 1926 con-

374 1946 621 1994 templativae,
661 1956 746 1996 post
788 1948 1084 1998 praelibationem
1115 1949 1362 1998 jucunditatis

374 2005 577 2050 mellifluae,
592 2019 668 2042 sufe-
684 2007 924 2056 professionis
945 2008 1070 2054 obliti,
1095 2009 1196 2045 velut
1212 2022 1296 2045 sues
1315 2008 1362 2045 ab

376 2064 456 2112 ipso
478 2066 674 2114 proposito
694 2066 740 2102 ad
761 2067 1001 2104 volutabrum
1024 2067 1183 2104 redeunt
1211 2069 1298 2113 luti;
1326 2078 1363 2105 et

372 2137 414 2158 ca
434 2136 517 2171 quae
533 2124 674 2161 dudum
697 2135 937 2172 vomuerant,
956 2135 1129 2176 tanquam
1153 2140 1262 2163 canes
1277 2127 1362 2164 red—

371 2190 502 2217 euntes
536 2183 581 2219 ad
618 2185 798 2220 vomitum
813 2214 822 2230 ‚
860 2186 897 2221 in
938 2195 1108 2222 ventrem
1150 2185 1360 2234 trajiciunt!

372 2242 436 2277 Isti
464 2243 553 2280 tales
576 2244 756 2280 recedunt
781 2258 801 2281 a
824 2245 989 2291 Christo,
1017 2246 1106 2295 quia
1127 2255 1362 2283 recesserunt

370 2314 391 2336 a
413 2303 610 2351 proposito
630 2312 772 2340 sanem.
795 2305 830 2341 Si
852 2313 999 2353 pactum
1020 2305 1123 2354 quod
1146 2319 1230 2342 cum
1251 2306 1359 2342 Chri-

371 2368 430 2396 sto
451 2361 682 2410 pepigerant,
696 2362 954 2409 observarent,
967 2378 1111 2401 venena
1123 2364 1200 2412 jam
1220 2366 1360 2400 vomita

371 2418 641 2456 subsannarent
662 2434 669 2455 :
692 2429 728 2456 et
750 2421 834 2457 idco
852 2436 935 2458 cum
957 2423 1103 2459 Christo
1120 2436 1195 2458 non
1214 2436 1360 2459 meren-

373 2486 433 2513 tur
453 2480 884 2530 mancre,quiapaetum
903 2482 1053 2518 Domini
1066 2495 1141 2518 non
1156 2483 1359 2518 timuerunt

372 2535 572 2574 infirmare.

1427 1891 1582 1935 amoris,
1600 1898 1640 1926 ut
1659 1891 1781 1940 ipsum
1793 1889 1870 1938 jam
1888 1890 2073 1927 Christum
2091 1891 2256 1939 perfecte
2273 1891 2417 1942 diligas,

1427 1951 1491 1999 qui
1514 1949 1656 1986 tamdiu
1681 1949 1726 1985 ad
1748 1949 2004 1998 poenitentiam
2027 1957 2060 1985 te
2080 1949 2265 1998 patienter
2281 1963 2417 2001 exspe-

1428 2018 1513 2046 ctat.
1542 2012 1678 2053 Geme,
1711 2008 1813 2052 dole,
1843 2008 2000 2057 plange,
2026 2009 2143 2058 plora.
2171 2012 2253 2046 Non
2287 2022 2418 2058 parcas

1429 2067 1514 2114 tibi,
1536 2077 1576 2104 ut
1604 2067 1668 2104 tibi
1690 2067 1874 2104 Dominus
1891 2075 2027 2117 parcat.
2047 2067 2130 2104 Noli
2151 2067 2346 2118 indulgere
2367 2069 2415 2105 ti-

1427 2127 1488 2174 bi,
1517 2136 1557 2164 ut
1587 2127 1652 2163 tibi
1681 2127 1866 2164 Dominus
1893 2127 2086 2175 indulgere
2112 2126 2297 2176 dignetur.
2319 2130 2416 2165 Suc-

1428 2188 1534 2236 cinge
1554 2185 1704 2223 lumbos
1722 2195 1806 2223 tuos
1819 2215 1828 2231 ,
1847 2186 1934 2222 rade
1954 2186 2105 2236 capillos
2129 2194 2211 2223 tuos
2224 2214 2234 2231 ,
2258 2187 2415 2224 induere

1427 2261 1555 2293 saecu,
1578 2247 1794 2296 pulvescere
1815 2246 1949 2291 humo,
1977 2255 2015 2282 et
2039 2245 2098 2282 dic
2117 2246 2263 2284 Christo
2280 2248 2414 2284 Domi-

1428 2321 1477 2343 no
1500 2316 1586 2352 tuo,
1612 2311 1692 2343 Deo
1713 2315 1777 2342 tuo
1796 2321 1803 2342 :
1825 2310 1856 2344 Ο
1875 2310 1964 2343 Jesu
1989 2305 2110 2352 bone,
2133 2306 2309 2343 miserere
2328 2307 2411 2343 mei.

1428 2369 1514 2402 Esto
1538 2365 1627 2401 mibi
1647 2368 1772 2409 Jesus,
1795 2372 1874 2400 esto
1894 2364 1981 2400 mihi
2004 2364 2173 2400 Salvator
2193 2377 2317 2408 meus3
2342 2364 2414 2401 mi-

1425 2437 1546 2459 serere
1579 2423 1669 2467 mei,
1694 2423 1757 2470 qui
1779 2434 1848 2471 pro
1870 2435 1928 2458 me
1949 2422 2050 2470 pium
2078 2434 2248 2458 cruorem
2268 2422 2408 2459 fudisti.

1425 2486 1507 2520 Non
1538 2482 1652 2518 intres
1682 2482 1718 2517 in
1739 2480 1923 2529 judicium
1953 2493 2036 2516 cum
2072 2493 2182 2516 servo
2207 2489 2294 2527 tuo,
2324 2482 2412 2531 quia

1427 2541 1551 2577 nullus
1572 2540 1838 2588 justificabitur
1855 2540 1968 2575 bomo
1983 2567 1993 2585 ,
2014 2539 2082 2575 nisi
2103 2552 2171 2588 per
2187 2548 2222 2576 te
2238 2540 2361 2590 ipsum
2377 2542 2411 2578 ei

424 2598 459 2631 (5.
481 2596 551 2633 Sed
566 2597 703 2633 utinam
719 2598 855 2635 scirent
869 2607 905 2634 et
924 2600 1193 2647 intelligerent,
1211 2609 1360 2649 quantae
1378 2610 1408 2643 1)
1427 2608 1662 2649 pcccatorum
1682 2611 1834 2635 suorum
1854 2598 2042 2634 tribuatur
2058 2598 2240 2635 remissio.
2255 2602 2336 2636 Non
2354 2613 2412 2636 me

370 2655 417 2691 sit
437 2656 695 2693 amaritudinis
716 2658 853 2694 fontem
876 2659 1088 2708 relinquere
1106 2660 1205 2705 vitae,
1228 2669 1358 2696 aueto-

371 2727 448 2750 rem
466 2714 712 2762 jucunditatis
732 2717 939 2763 mellifluae,
967 2718 1170 2754 Dominum
1201 2720 1354 2764 mundi,

370 2773 483 2809 (locus
515 2775 694 2823 paradisi,
726 2776 900 2824 gaudium
941 2786 1121 2814 :eternum
1153 2779 1357 2815 Dominum

368 2836 493 2869 ,lesum
515 2834 720 2879 Clu-istum,
743 2836 806 2884 qui
829 2849 897 2872 nos
915 2849 935 2872 a
962 2846 1082 2873 morte
1106 2850 1214 2873 roseo
1237 2838 1358 2874 salva-

371 2894 422 2927 vit
445 2894 624 2942 sanguine
644 2908 726 2930 suo.
746 2895 780 2932 Si
799 2895 872 2931 cito
895 2896 1071 2933 sensisses
1091 2905 1271 2945 quantum
1289 2910 1358 2946 pa-

372 2951 478 2987 rabas
508 2952 701 2989 offendere
725 2968 731 2988 :

463 3048 532 3077 Non
552 3052 664 3088 tegeret
681 3049 782 3079 vultus
808 3051 922 3081 cortice
935 3074 942 3087 ,
962 3051 1089 3092 Myrrha
1104 3074 1111 3088 ,
1138 3057 1214 3084 tuos.

370 3132 400 3163 t)
438 3141 549 3176 quam
578 3129 711 3165 misera
742 3131 1004 3176 commutatio,
1045 3144 1067 3167 0
1110 3144 1221 3180 quam
1260 3145 1355 3169 czeca

369 3187 570 3236 cupiditas,
600 3201 682 3236 qua¹
706 3189 886 3235 virginem
921 3190 1002 3226 facit
1024 3190 1185 3227 tabesam
1203 3197 1231 3237 ³,
1248 3193 1355 3240 puel—

417 3321 422 3334 ¹
442 3315 621 3354 1·1‹·‹·ti.xx1,
648 3321 672 3346 l.
688 3335 695 3337 Δ
708 3336 715 3337 ff

755 3318 849 3347 ⁷ls11i.
870 3329 955 3355 xxx,
982 3323 1030 3355 151,
1056 3321 1106 3348 18.
1124 3337 1162 3339 ff-
1185 3316 1332 3348 ³1J0an.
1355 3330 1396 3352 iv,
1418 3322 1466 3349 lu.

1424 2667 1484 2695 tna
1497 2658 1694 2706 judiciaria
1709 2658 1891 2694 sententia
1910 2665 2076 2707 premat,
2091 2670 2200 2705 quem
2220 2666 2281 2695 tua
2296 2660 2411 2696 multa

1423 2719 1539 2768 pictas
1569 2718 1678 2753 levat.
1700 2718 1771 2765 Qui
1804 2716 2029 2753 resuscitasti
2048 2720 2228 2753 Lazarum
2257 2716 2334 2766 jam
2355 2719 2410 2755 fe-

1425 2785 1583 2822 tentem,
1606 2776 1782 2813 resuscita
1812 2783 1848 2811 et
1883 2789 1942 2812 me
1969 2784 2203 2824 peccatorem
2219 2775 2296 2824 jam
2320 2790 2412 2813 con-

1425 2838 1602 2872 fitentem.
1620 2836 1690 2883 Qui
1709 2835 1908 2884 pepercisti
1928 2834 2126 2884 peccatrici
2144 2835 2280 2880 Mariae,
2299 2848 2410 2885 parce

1425 2895 1622 2945 peccatrici
1651 2894 1784 2930 animae
1810 2906 1913 2930 meae.
1933 2893 2006 2941 Qui
2028 2893 2218 2929 laetificasti
2247 2894 2408 2930 animam

1424 2955 1590 2991 crucifixi
1612 2954 1805 2999 Latronis,
1832 2954 1975 2990 laetifica
1995 2953 2156 2990 animam
2183 2953 2254 2990 mei
2277 2966 2410 3003 pecca-

1424 3014 1524 3051 toris.
1540 3014 1575 3050 Si
1596 3014 1646 3049 sic
1663 3014 1802 3058 feceris,
1819 3013 1940 3050 adhuc
1956 3026 2040 3049 cum
2060 3013 2205 3050 Christo
2226 3012 2407 3058 manebis,

1422 3073 1485 3123 qui
1506 3073 1593 3109 dicit
1619 3087 1625 3108 :
1657 3075 1807 3108 Manete
1827 3077 1864 3108 in
1883 3086 1940 3107 me
1951 3101 1962 3117 ‚
1985 3082 2018 3107 e!
2039 3086 2103 3119 ego
2123 3077 2160 3107 ite
2181 3071 2299 3108 vobis.
2323 3075 2409 3122 Ipse

1423 3133 1520 3169 enim
1539 3132 1699 3168 charitas
1718 3140 1791 3177 θεῖς
1813 3140 1849 3168 ct
1871 3132 1934 3180 qui
1956 3139 2081 3167 manet
2102 3131 2137 3167 in
2158 3130 2348 3177 charitate,
2369 3131 2405 3167 in

1424 3197 1501 3230 Deo
1523 3200 1645 3227 manet
1663 3200 1698 3227 et
1719 3192 1799 3240 ipse
1823 3191 1858 3226 in
1880 3204 1925 3227 eo
1948 3190 1971 3225 3.

1921 3323 1933 3336 ³¹
1953 3316 2045 3356 Quasi
2067 3314 2134 3345 rahe
2158 3327 2252 3346 cmm.
