2418 3949
185 199 258 237 901

183 289 267 326 quae
305 275 478 313 nubilum
517 289 592 312 non
614 275 753 322 habet3
775 275 812 311 in
844 275 906 311 illa
931 275 1013 320 die,
1036 274 1176 324 quaein

182 333 285 370 atriis
319 334 393 370 tuis
426 333 559 370 melior
587 333 658 370 erit
679 345 794 383 super
822 333 936 369 millia
952 332 1175 378 dierum‚in
1195 331 1330 368 Ahuic
1367 333 1493 369 timori
1522 346 1757 383 apponamus

182 406 257 442 qua
280 401 320 429 tu
340 392 444 430 solus
458 422 468 439 ‚
488 393 527 430 id
543 401 623 440 est,
643 393 881 442 singulariter
898 393 953 430 sol
971 392 1055 429 eris,
1071 395 1102 429 Ο
1116 391 1172 428 501

177 451 352 500 justitiae,
373 452 535 502 benigne
551 457 640 490 Jesu
657 452 801 490 Christe
813 481 822 498 ,
840 452 1017 489 lucensin
1033 451 1173 487 virtute

183 519 266 556 tua,
284 511 446 548 reddens
461 512 698 562 temetipsum
714 512 753 547 in
770 511 965 562 praemium
981 510 1174 560 sempiter-

182 582 272 606 num
296 570 490 617 omnibus,
522 571 587 620 qui
617 578 953 620 perseveraverunt
983 570 1021 606 in
1054 581 1174 618 agone

182 630 395 666 certaminis
410 632 418 666 ἔ
456 629 653 679 Recipient
683 629 782 665 enim
814 642 835 665 a
864 636 898 664 te
932 627 1172 677 splendorem

182 689 473 738 sempiternum,
494 690 532 725 in
553 702 630 738 quo
650 689 730 725 sine
751 689 824 725 fine
842 688 966 724 felices
981 688 1168 723 laetantur.

234 750 296 787 47.
326 754 433 787 Hunc
454 758 578 786 autem
610 748 851 799 splendorem
881 749 1006 785 nullus
1035 748 1173 798 poterit

181 808 356 858 adipisci,
375 809 444 846 nisi
454 809 519 858 qui
535 808 833 858 perseveraverit
851 808 1022 857 usquein
1039 808 1166 843 finem.

180 869 276 916 Quia
295 868 471 904 nimirum
488 869 608 905 virtus
627 867 719 904 boni
744 868 870 917 operis
891 866 1171 917 perseverantia

179 934 246 963 est.
257 926 355 963 Huic
365 926 435 963 soli
449 926 620 963 redditur
631 938 770 962 corona
779 939 794 975 J
801 926 945 962 ustitiae.
958 925 1056 973 Quid
1069 924 1170 962 enim

179 984 358 1034 prodest,
383 998 462 1022 esse
479 984 622 1022 bonum
633 1014 642 1031 ,
655 998 735 1022 esse
758 985 963 1035 sapientem
977 1014 987 1031 ‚
1003 997 1082 1021 esse
1099 997 1171 1034 po-

942 201 1008 235 DE
1038 198 1271 236 PASSIONE
1299 199 1488 234 DOMINI.

1186 273 1234 292 Ηῦ

2161 200 2237 236 902

1297 273 1362 309 48.
1392 277 1459 310 Est
1483 282 1607 310 autem
1633 274 1764 311 efficax
1791 275 2104 312 medicamentum
2131 277 2237 325 quod

1789 350 1797 371 :
1823 334 1998 371 videlicet
2035 334 2235 383 fiduciam,

1238 404 1342 441 spem
1364 400 1401 427 et
1421 392 1678 430 fortitudinem
1701 401 1867 430 nostram
1893 407 2079 443 ponamus
2099 395 2137 431 in
2165 409 2234 442 eo,

1239 451 1299 487 cui
1313 451 1412 487 canit
1427 452 1595 489 Psalmus
1608 481 1618 498 ‚
1638 455 1801 499 Adjutor
1816 467 1917 489 meus
1929 481 1941 497 ,
1963 454 2205 503 tibipsallam
2219 472 2235 501 ;

1238 515 1328 558 quia
1343 513 1441 546 Dens
1453 521 1641 560 susceptor
1657 525 1756 547 meus
1775 526 1813 547 es
1825 542 1836 557 ,
1858 516 1959 548 Deus
1987 528 2088 550 meus
2098 543 2109 559 ,
2129 520 2237 552 nesse-

1240 572 1403 606 ricorclia
1420 569 1524 606 mea3
1545 585 1552 606 :
1572 579 1609 607 et
1625 571 1671 607 de
1691 584 1767 620 quo
1791 573 1917 618 Isaias,
1933 575 2030 609 Ecce
2049 577 2148 610 Deus
2161 578 2237 611 sol-

1239 639 1340 665 vator
1358 644 1479 675 meus,
1498 631 1734 676 fiducialiter
1766 645 1877 680 agam
1910 642 1944 668 et
1964 647 2037 668 non
2071 635 2204 670 titnebo
2222 651 2235 671 .-

1238 694 1329 736 qulu
1350 687 1532 736 fortitudo
1553 704 1655 733 mea,
1693 699 1728 725 et
1753 693 1833 725 laus
1864 705 1947 726 mea
1968 695 2164 739 Dmnbms,
2200 705 2235 731 ce

1229 747 1360 796 sactus
1392 758 1445 784 esc
1463 749 1556 784 mihi
1578 753 1613 784 in
1637 750 1834 784 salntem&
1871 751 2109 800 Quicumque
2131 754 2232 790 enim

1237 807 1475 853 ceciderunt,
1494 807 1581 844 ideo
1593 808 1766 857 profecto
1787 808 2005 845 ceciderunt
2019 838 2029 856 ‚
2048 812 2136 860 quia
2153 826 2232 849 ma—

1236 867 1291 916 gis
1312 866 1358 903 de
1379 880 1439 914 se,
1459 880 1571 916 quam
1593 866 1639 903 de
1660 870 1740 904 Deo
1762 878 2100 918 praesumpserunt.
2124 872 2231 909 AEdi-

1238 927 1447 963 ficaverunt
1461 926 1602 976 quippe
1620 926 1774 963 domum
1787 927 2007 964 intentionis
2026 942 2102 966 suae
2119 943 2234 981 super

1236 998 1402 1022 arenam.
1433 985 1660 1022 Imminente
1681 999 1771 1036 ergo
1805 995 2024 1036 tempestate
2054 990 2234 1026 tentatio-

179 1052 340 1090 tentem,
362 1045 393 1082 si
415 1058 491 1082 non
514 1045 814 1095 perseveraveris
835 1057 953 1094 usque
973 1044 1011 1080 in
1038 1043 1176 1080 finem?
1194 1045 1222 1079 Β
1238 1058 1328 1082 num
1349 1045 1543 1082 fluxerunt
1569 1045 1747 1091 flumina,
1771 1045 1809 1082 id
1841 1054 1897 1082 est
1921 1048 2234 1097 concupiscentiae

179 1107 307 1142 Bonus
331 1113 411 1141 erat
441 1105 527 1143 Saiil
549 1113 586 1142 et
614 1104 800 1154 optimus;
821 1104 910 1153 quia
931 1103 1041 1139 docet
1065 1102 1169 1140 Scri—

178 1172 292 1214 ptura
317 1163 420 1213 quod
440 1177 518 1201 non
547 1172 627 1202 erat
654 1164 712 1200 vir
741 1164 873 1200 melior
892 1163 996 1199 eoin
1024 1162 1170 1212 populo

178 1224 305 1261 Israel.
318 1224 390 1261 Sed
401 1224 447 1261 ad
461 1224 551 1274 quid
570 1224 723 1262 devenit
738 1226 753 1260 Ρ
770 1222 915 1261 Cecidit
930 1231 967 1259 et
983 1221 1171 1272 reprobus

178 1282 296 1320 factus
311 1292 383 1330 est;
399 1284 449 1321 ita
462 1293 503 1321 ut
516 1297 594 1321 non
609 1283 783 1321 obediret
795 1283 880 1320 voci
893 1282 1064 1327 Domini,
1083 1294 1171 1332 pro-

178 1341 329 1392 phetam
352 1351 628 1388 contemneret,
645 1356 665 1379 a
683 1342 816 1392 spiritu
836 1342 935 1378 malo
951 1349 1168 1386 vexaretur,

177 1401 302 1439 virum
318 1402 560 1440 innocentem
576 1410 868 1453 persequeretur
880 1414 1000 1450 usque
1011 1400 1057 1438 ad
1070 1414 1171 1437 mor-

179 1469 276 1508 tem,
301 1461 450 1499 tandem
481 1475 573 1499 vero
596 1462 812 1499 consuleret
831 1460 1091 1510 pythonissam
1105 1488 1114 1504 ‚
1134 1467 1172 1496 et

178 1520 226 1557 ab
245 1521 452 1571 alienigena
472 1520 733 1558 miserabiliter
752 1520 933 1557 interiret.
961 1519 1052 1567 Quis
1077 1531 1169 1554 vero

179 1580 387 1630 sapientior
405 1581 604 1619 Salomone
622 1582 636 1617 ἓ
653 1579 724 1617 Sed
743 1579 920 1615 deficiens
936 1591 958 1615 a
977 1577 1172 1628 praeceptis

180 1639 358 1686 Domini,
378 1648 416 1677 et
441 1639 667 1688 conjunctus
700 1638 919 1676 mulieribus
949 1638 1172 1687 gentilibus,

179 1698 376 1736 fabricavit
394 1699 463 1736 diis
477 1728 487 1746 ,
505 1701 582 1736 imo
601 1698 838 1736 daemonibus
854 1699 1003 1735 illarum
1021 1699 1172 1748 templa,

177 1759 228 1795 ita
250 1767 291 1796 ut
310 1759 390 1809 ipse
408 1773 493 1796 cum
510 1759 584 1796 illis
599 1758 700 1795 idola
715 1758 912 1804 adoraret,
932 1766 1036 1794 tanto
1057 1758 1174 1808 magis

1236 1105 1459 1142 transitoriae
1486 1104 1757 1154 persuadentes
1785 1105 2015 1154 appetitum3
2049 1115 2087 1143 et
2115 1108 2233 1145 flave-

1235 1172 1324 1200 runt
1342 1164 1447 1200 venti
1468 1162 1655 1212 superbiae
1678 1171 1715 1199 et
1733 1176 1841 1199 vanae
1867 1164 2014 1212 gloriae,
2041 1173 2079 1201 et
2099 1167 2235 1203 cecidit

1235 1221 1371 1259 domus
1383 1222 1534 1258 illorum
1548 1249 1558 1267 ,
1578 1229 1616 1257 et
1628 1221 1757 1257 omnia
1777 1221 1872 1258 facta
1890 1234 2022 1258 eorum
2044 1222 2235 1261 destructa

1235 1289 1324 1317 sunt
1354 1295 1362 1317 :
1392 1281 1480 1331 quia
1505 1293 1621 1330 super
1641 1293 1796 1316 arenam
1812 1308 1822 1326 ,
1845 1280 1884 1316 id
1914 1289 1971 1317 est
1990 1283 2234 1334 semetipsos,

1234 1339 1563 1386 aedificaverunt⁵,
1597 1340 1644 1376 de
1673 1340 1844 1390 propriis
1873 1341 2051 1378 nimirum
2091 1343 2235 1381 viribus

1236 1399 1479 1436 confidentes.
1494 1403 1572 1436 Nos
1583 1408 1708 1436 autem
1723 1400 1844 1436 multo
1865 1401 1999 1438 melius
2013 1402 2234 1440 fundamen-

1237 1468 1317 1496 tum
1336 1468 1521 1509 ponentes
1534 1487 1544 1505 ,
1563 1459 1670 1495 illum
1691 1459 1831 1495 scilicet
1846 1459 1892 1496 de
1915 1474 1990 1509 quo
2013 1460 2103 1498 dicit
2126 1466 2234 1512 Apo—

1235 1520 1354 1556 stolus
1366 1547 1376 1565 ,
1399 1521 1701 1555 Fundamentum
1716 1522 1824 1554 aliud
1838 1533 1944 1556 nemo
1959 1531 2079 1568 potest
2095 1536 2235 1570 ponere

1232 1588 1375 1629 praeter
1398 1581 1500 1614 istud
1524 1580 1627 1627 quod
1643 1583 1808 1627 positum
1830 1589 1900 1624 est,
1921 1583 2023 1628 quod
2047 1590 2100 1616 est
2126 1583 2234 1618 Chri-

1236 1647 1312 1674 stus
1329 1640 1436 1674 lesus
1450 1636 1484 1684 ⁶3
1506 1638 1626 1674 securi
1642 1637 1869 1675 aedificemus
1890 1652 2004 1689 super
2024 1640 2115 1677 illud
2134 1640 2235 1679 bona

1239 1711 1377 1748 opera,
1397 1711 1481 1747 quae
1497 1697 1677 1747 quamdiu
1697 1697 1751 1734 illi
1770 1697 1986 1735 inhaeserint
2008 1700 2234 1738 fundamen-

1240 1766 1302 1802 to,
1329 1769 1507 1794 corruere
1530 1769 1607 1793 non
1634 1764 1834 1806 poterunt,
1862 1757 1984 1794 donec
2014 1759 2097 1809 ipso
2124 1759 2235 1809 adju-

179 1817 217 1854 in
243 1819 399 1854 stultitia
419 1817 607 1868 desipiens
634 1826 672 1854 et
695 1817 882 1867 dejectus,
902 1825 1046 1867 quanto
1068 1817 1174 1868 prius
1189 1820 1216 1856 C
1235 1826 1348 1854 vante
1367 1817 1433 1866 qui
1455 1816 1589 1866 coepit,
1611 1815 1657 1852 ad
1678 1818 2043 1856 consummationem
2071 1819 2234 1857 debitam

177 1877 217 1915 in
238 1878 421 1928 sapientia
439 1878 560 1915 fuerat
574 1878 753 1915 elevatus.
773 1881 830 1914 De
845 1877 995 1927 quantis
1015 1877 1172 1926 legimus

178 1937 217 1973 in
236 1937 329 1974 Vitis
348 1941 521 1982 Pati-um,
543 1937 633 1973 viris
656 1935 876 1986 potentibus
895 1936 935 1973 in
954 1936 1110 1985 vigiliis,
1135 1944 1173 1972 et

178 1996 217 2032 in
241 1995 415 2046 jejuniis,
443 1997 482 2033 in
509 1995 702 2033 laboribus
725 2009 840 2046 supra
858 1995 1012 2033 modum
1033 1996 1171 2032 huma-

179 2069 290 2102 num,
319 2057 394 2093 imo
421 2065 458 2093 et
483 2057 520 2093 in
547 2056 737 2093 miraculis
768 2054 1074 2100 eoruscantibus,
1106 2055 1171 2105 qui

177 2115 414 2163 ceciderunt,
437 2116 524 2165 quia
542 2129 617 2152 non
639 2123 977 2166 perseveraverunt
993 2127 1112 2163 usque
1131 2115 1170 2150 in

179 2177 320 2212 linem?
343 2177 415 2221 Qui
427 2180 717 2224 perseveraverit
738 2190 851 2224 usque
868 2175 1033 2222 iufitzem
1045 2202 1057 2219 ,
1090 2177 1170 2210 Do-

178 2236 302 2273 minus
321 2236 462 2286 inquit,
481 2237 541 2271 hic
559 2239 678 2272 salvus
694 2240 763 2272 erit
776 2242 799 2271 ¹.
814 2235 934 2281 Finis,
951 2248 1027 2271 non
1045 2247 1171 2285 pugna

175 2304 344 2332 coronat.
366 2296 494 2333 Lauda
518 2296 726 2345 navigantis
746 2296 957 2333 felicitatem
973 2323 983 2341 ,
1004 2295 1068 2332 sed
1085 2308 1169 2331 cum

174 2355 322 2393 venerit
339 2355 384 2392 ad
402 2364 567 2406 portum.
588 2354 700 2393 Unde

244 2452 371 2494 Coepisti
389 2452 498 2483 melius
510 2476 517 2489 ‚
534 2462 627 2494 quam
643 2451 757 2483 desinis
777 2462 783 2482 :
809 2451 917 2482 ultima
931 2451 1038 2493 primis

291 2505 431 2543 Cedunt;
450 2505 611 2536 dissimiles
630 2505 679 2536 hic
698 2505 743 2536 vir
759 2511 788 2536 et
809 2505 860 2536 ille
876 2516 953 2547 puer
967 2511 993 2536 ².

1237 1875 1508 1927 perducantur.

1580 1976 1757 2017 CAPUT
1795 1979 1886 2018 XV.

1237 2088 1284 2117 De
1303 2085 1435 2128 septimo
1461 2084 1536 2116 solio
1559 2084 1648 2124 vitis,
1673 2096 1727 2117 seu
1749 2085 1787 2116 de
1809 2086 1917 2117 ultimo
1944 2086 2039 2118 verbo
2063 2087 2177 2120 Christi
2203 2089 2234 2120 iu

1283 2150 1394 2177 cruce,
1423 2140 1538 2174 Pater,
1572 2139 1603 2169 in
1633 2150 1743 2169 manus
1773 2145 1840 2168 luas
1874 2138 2056 2171 commendo
2089 2141 2232 2185 spiritum

1283 2203 1393 2223 mcum.
1419 2195 1494 2224 Luc.
1517 2202 1584 2234 cap.
1607 2202 1716 2228 nui,
1738 2190 1776 2228 i.
1799 2194 1854 2223 46.

1289 2297 1351 2333 49.
1373 2299 1481 2334 Nunc
1502 2308 1594 2332 vero
1614 2295 1790 2332 ultimum
1809 2295 1940 2333 solium
1958 2297 2051 2334 Vitis
2071 2307 2210 2336 nostrae
2223 2329 2233 2347 ,

1237 2357 1295 2394 vel
1323 2357 1492 2393 ultimam
1517 2355 1696 2392 chordam
1720 2355 1872 2392 citharae
1897 2365 2035 2393 nostrae
2057 2359 2234 2397 conside-

1237 2429 1384 2462 remus3
1406 2424 1447 2452 ut
1472 2414 1664 2451 indelebili
1693 2416 1883 2452 memoriae
1903 2417 2234 2466 commendemus,

1235 2476 1312 2512 imo
1332 2483 1369 2512 et
1385 2487 1450 2511 ore
1464 2473 1652 2511 indefesso
1666 2486 1816 2524 semper
1833 2475 2077 2513 ruminemus.
2097 2479 2231 2525 Pater,

1235 2535 1285 2571 ait
1310 2534 1434 2571 bonus
1450 2534 1511 2570 ille
1531 2537 1662 2578 Jesus,
1689 2538 1727 2568 in
1757 2547 1890 2569 mcmaecs
1911 2544 1992 2570 mas
2018 2540 2233 2573 commendo

176 2597 207 2632 Ο
225 2602 408 2643 quantum
439 2592 658 2629 humilitatis
686 2592 752 2629 tibi
773 2592 857 2642 jure
889 2593 1043 2629 incutiet
1069 2601 1106 2629 et
1134 2593 1178 2629 ti—
1197 2596 1230 2630 D
1244 2597 1412 2643 spiritum
1434 2607 1570 2628 meum.
1590 2592 1730 2628 Littera
1748 2593 1859 2642 plana
1880 2602 1946 2629 est.
1969 2593 2068 2641 Quid
2089 2604 2143 2631 est
2163 2609 2232 2632 au—

177 2654 293 2690 moris
308 2682 317 2699 ‚
354 2666 438 2690 cum
474 2652 682 2689 adverteris
709 2665 899 2689 summum
933 2654 1166 2702 Angelorum

176 2727 262 2751 cum
284 2726 418 2762 magna
439 2705 678 2750 multitudine
703 2712 918 2761 sequacium
946 2725 1100 2749 suorum
1128 2713 1166 2749 iu

176 2772 273 2809 coelo
307 2772 483 2809 cecidisse
497 2801 506 2817 ,
540 2771 730 2807 hominem
764 2771 1038 2821 protoplastum
1081 2785 1165 2808 eum

176 2845 296 2868 uxore
320 2844 385 2868 sua
412 2844 431 2868 a
453 2830 625 2881 paradiso
651 2830 790 2879 ejectos
815 2831 948 2876 fuisse;
970 2839 1024 2867 tot
1045 2831 1166 2868 bonos

175 2891 375 2940 sapientes,
389 2898 563 2940 potentes
577 2890 613 2926 in
633 2897 731 2926 terra
748 2898 872 2926 nostra
888 2890 1042 2939 periisse
1054 2918 1062 2934 ,
1081 2890 1167 2939 quia

177 2950 222 2987 ad
240 2949 427 2986 bonorum
445 2962 601 2999 operum
615 2949 977 2985 consummationem
996 2963 1071 2986 non
1086 2963 1167 3000 per-

176 3018 365 3046 venerunt
381 3011 388 3044 l
407 3012 470 3045 Est
491 3009 591 3045 enim
610 3009 706 3045 alius
722 3009 795 3045 alio
808 3007 969 3057 justior3
990 3017 1026 3045 et
1048 3010 1167 3045 nescit

176 3076 302 3105 utrum
324 3081 472 3114 amore,
502 3069 560 3105 vel
593 3068 682 3105 odio
721 3069 867 3117 dignus.
902 3071 1054 3116 Quare?
1081 3070 1167 3117 quia

176 3128 323 3178 ignorat
339 3129 368 3165 si
385 3137 695 3178 perseveraturus
712 3129 778 3175 sit,
795 3129 824 3166 si
847 3128 1089 3165 coronandus
1105 3129 1165 3165 sit.

230 3266 236 3281 ¹
255 3261 368 3293 Mauh.
384 3273 403 3291 x
417 3285 425 3299 ,
445 3266 496 3293 22.
513 3281 553 3284 —
572 3268 583 3283 ²
604 3261 708 3292 oxidii
731 3261 859 3292 llcroid.
877 3262 966 3302 epist.
984 3265 1016 3298 9,
1039 3272 1115 3291 κει-5.
1141 3265 1196 3298 23,

179 3317 398 3351 vii,2s·‚'’,7.
423 3334 451 3337 --
479 3313 762 3352 ⁶1001·.m‚tt.
785 3334 799 3336 -ff
844 3317 1034 3348 7Joanix1.
1064 3317 1193 3350 il,⁴'c2.

1234 2663 1322 2699 tem,
1336 2652 1437 2703 quod
1453 2653 1514 2688 ille
1529 2660 1738 2688 coaeternus
1758 2660 1794 2687 et
1811 2651 2139 2689 consubstantialis
2159 2658 2230 2691 Pa-

1234 2715 1278 2751 tri
1304 2713 1419 2751 Filius
1444 2713 1607 2748 animam
1625 2724 1729 2747 suam
1756 2711 1806 2747 ita
1827 2712 2021 2748 manifeste
2037 2713 2073 2748 in
2098 2726 2229 2751 manus

1233 2774 1350 2812 Patris
1369 2770 1684 2814 commendabat,
1705 2770 1764 2806 cui
1791 2784 1866 2806 non
1891 2771 2013 2807 minus
2033 2785 2231 2809 commen-

1232 2833 1318 2870 data
1332 2833 1443 2869 etiam
1460 2839 1574 2875 esset,
1598 2830 1626 2865 si
1659 2829 1730 2865 hoc
1748 2843 1823 2865 non
1841 2830 2025 2867 dixisset?
2042 2834 2084 2868 Iu
2107 2835 2232 2870 Evau-

1233 2893 1329 2942 gelio
1349 2890 1506 2927 Joauuis
1523 2888 1724 2934 habemus,
1744 2889 1847 2938 quod
1869 2903 1953 2925 cum
1969 2891 2153 2928 Dominus
2165 2896 2229 2930 Je-

1234 2964 1296 2988 sus
1325 2950 1570 2986 suscitaturus
1592 2956 1688 2984 essct
1716 2951 1921 2994 Lazarum,
1943 2948 2059 2985 dixit:
2081 2952 2231 2987 Gratius

1233 3009 1322 3052 tibi,
1355 3010 1480 3050 Pater,
1515 3021 1600 3056 ago,
1631 3011 1718 3054 quia
1747 3020 1804 3042 me
1833 3021 1980 3056 semper
2008 3011 2138 3053 audis;
2166 3014 2234 3046 sed

1229 3079 1383 3118 propter
1398 3077 1559 3103 manetes
1576 3069 1660 3102 dari
1668 3096 1679 3111 ,
1702 3076 1740 3102 ut
1757 3073 1830 3116 ipsi
1847 3070 1998 3103 credam
2013 3073 2102 3116 quia
2122 3080 2159 3105 m
2177 3085 2232 3105 tm·

1235 3133 1396 3164 misistiss.
1426 3131 1481 3164 lta
1509 3127 1680 3176 profecto
1711 3136 1748 3163 et
1771 3140 1886 3164 nune.
1921 3129 2101 3176 Quamvis
2121 3131 2229 3166 sciret

2082 3261 2093 3281 5
2115 3264 2227 3294 Manli.

1223 3264 1278 3292 24.
1298 3281 1330 3284 ἰ
1357 3260 1462 3292 ⁷·Psal.
1484 3271 1579 3295 ινιιι,
1601 3264 1650 3292 18.
1705 3281 1708 3282 ⁷
1739 3265 1751 3286 ὅ
1778 3262 1846 3291 1έηί.
1866 3273 1913 3290 xii
1930 3285 1937 3296 ,
1968 3267 1997 3291 Ὗ.
2022 3281 2038 3283 -
