2418 3949
171 169 248 207 629

797 170 1205 207 DECLAMATIONES
1236 171 1302 204 EX
1330 171 1605 207 BERNARDO.

170 263 185 279 υ
204 247 423 283 venerando
436 246 567 283 habitu
581 246 639 284 vir
652 246 815 296 desuper
829 247 951 284 clarus
965 246 1138 283 assistens
1149 274 1158 291 ,
1171 244 1203 262 ⁵⁰

2153 167 2228 204 (530

1207 244 1371 281 ‘²celsum
1404 246 1507 282 illum
1529 245 1706 282 verticem
1729 245 1949 290 inclinaret,
1973 246 2055 290 Sic,
2079 245 2201 294 inquit
2217 274 2226 289 ,

171 324 185 337 ι»
208 305 316 354 cujus
333 315 428 343 esset
445 307 503 343 via
523 319 635 355 quam
656 315 854 342 cernerent
873 305 1080 355 inquisivit.
1103 305 1162 341 Illi
1184 305 1213 338 A
1232 307 1332 340 decet
1351 319 1415 340 nos
1434 308 1587 352 implere
1607 319 1752 341 omnem
1768 310 1954 351 justitiam
1971 305 2002 350 ⁵3
2032 305 2148 342 solam
2171 306 2229 341 ni-

170 383 185 398 »
205 377 296 402 vero
316 378 355 401 se
376 365 519 401 nescire
539 365 696 415 professi
715 373 813 400 sunt.
836 364 981 412 Quibus
1001 364 1063 399 ille
1079 363 1130 399 ait
1153 377 1160 398 ε

171 441 185 457 »
207 428 296 461 Haec
317 433 373 461 est
396 425 474 471 via,
496 438 569 473 qua
590 424 747 460 dilectus
768 424 920 460 Domini
938 423 1071 459 coelum
1092 425 1164 458 Be-

171 502 185 517 »
206 485 375 522 nedictus
391 484 559 521 ascendit
574 490 598 520 ¹.
614 501 629 517 »
650 487 741 532 Quae
757 492 812 520 est
831 484 930 520 enim
946 483 1006 518 via
1021 481 1068 518 ab
1084 481 1164 530 ejus

169 545 262 580 cella
296 543 561 593 progrediens,
597 544 668 580 nisi
701 543 804 581 Ordo
838 555 949 591 quem
977 541 1076 577 idem
1107 541 1164 576 vir

170 602 301 640 beatus
324 603 504 647 instituit,
527 611 563 638 et
583 603 704 639 forma
724 602 811 638 vitae
830 614 914 650 quae
934 600 980 637 ab
997 613 1042 637 eo
1062 613 1166 636 sum-

170 663 245 713 psit
261 662 486 699 exordium?
511 665 591 708 Qua
618 662 797 698 nimirum
821 661 882 697 via
909 660 1066 696 dilectus
1085 663 1165 696 Do-

170 722 261 759 mini
290 721 474 766 ascendit,
507 721 595 769 quia
623 737 637 753 «
668 734 743 757 non
769 721 893 770 potuit
928 720 987 756 vir
1016 727 1166 755 sauctus

170 799 185 815 u
206 782 315 830 aliter,
339 780 474 816 docere
495 793 607 829 quam
628 780 723 816 vixit
739 787 763 816 ².
795 798 809 812 ι»
837 783 884 816 Ε1
908 779 987 815 haee
1012 778 1165 828 quidem

168 854 300 878 eorum
327 841 387 876 vel
413 840 576 876 maxima
609 839 744 876 fiducia
775 848 848 884 est,
874 840 939 889 qui
960 839 1077 889 ipsius
1106 846 1165 874 ut-

166 913 328 949 cumque
349 899 501 936 student
520 899 705 936 inhaerere
724 899 908 948 vestigiis,
926 899 1050 948 ipsum
1068 910 1166 947 prae—

167 968 379 1010 ceptorem,
401 959 659 1009 praeviumque
677 966 900 1007 sequuntur.
918 962 1048 1006 Neque
1064 957 1164 994 enim

167 1019 296 1058 venire
316 1019 549 1068 aliquatenus
569 1018 605 1054 in
635 1017 790 1054 dubium
809 1026 952 1067 potest,
969 1017 1061 1066 quin
1080 1030 1162 1053 om-
1185 1016 1211 1049 B

169 1080 261 1116 nino
287 1092 390 1116 sacer
409 1079 458 1116 sit
482 1077 616 1114 modus
633 1078 951 1122 conversationis,
978 1085 1014 1113 et
1039 1076 1166 1113 divina

169 1139 285 1188 magis
299 1139 544 1188 inspiratione
558 1146 670 1187 atque
685 1137 856 1183 consilio,
873 1150 986 1186 quam
1002 1137 1166 1174 humana

168 1198 372 1248 prudentia
402 1199 460 1234 vel
485 1197 756 1234 adinventione
774 1197 976 1243 formatus,
1004 1210 1081 1246 quo
1109 1197 1167 1233 ni-

169 1259 306 1296 mirum
327 1266 466 1295 tantam
491 1258 529 1294 in
551 1257 628 1294 vita
652 1258 808 1306 gratiam
835 1257 1061 1301 sanctitatis,
1085 1265 1167 1293 tan-

169 1327 242 1355 tam
268 1326 354 1368 post
376 1317 522 1354 obitum
553 1316 711 1366 gloriam
737 1316 922 1353 felicitatis
951 1316 1049 1353 idem
1077 1329 1166 1353 vere

167 1377 390 1415 Benedictus
409 1377 586 1413 obtinuit.

225 1437 287 1474 46.
310 1437 381 1474 Sed
404 1437 482 1473 liaec
515 1436 694 1472 hactenus
714 1449 720 1470 :
743 1448 789 1471 ne
809 1435 893 1484 quis
925 1435 1020 1473 sorte
1050 1434 1168 1486 (quod

171 1497 282 1547 longe
313 1497 360 1534 sit
387 1508 536 1546 semper
555 1508 576 1531 a
600 1494 778 1532 cordibus
804 1494 956 1544 nostris)
987 1494 1169 1544 derogare

172 1570 241 1594 nos
258 1557 383 1607 potius
403 1556 454 1592 eis
475 1556 538 1605 qui
565 1554 635 1591 sibi
656 1555 800 1601 varios,
821 1563 936 1604 prout
952 1555 1088 1604 cuique
1105 1555 1168 1590 vi-

172 1629 255 1653 sum
287 1624 361 1662 est,
384 1615 556 1664 religiose
587 1614 740 1651 vivendi
770 1615 981 1650 formavere
1010 1614 1165 1660 modos,

171 1689 283 1726 quam
307 1675 400 1711 alios
419 1673 628 1720 consolari,
649 1681 686 1709 et
705 1673 872 1709 animare
891 1673 1055 1709 voluisse
1081 1686 1170 1709 cau-

171 1743 287 1772 setur.
310 1737 399 1771 Eam
428 1742 572 1779 tamen,
592 1745 706 1782 quam
735 1732 907 1770 videmus
937 1733 976 1769 in
1005 1733 1170 1770 ecclesiis

173 1794 306 1839 hodie,
327 1794 482 1830 sormam
513 1793 602 1829 cleri
622 1792 685 1843 (ne
705 1792 905 1831 informem
928 1792 1088 1829 dixerim
1109 1792 1168 1829 vi-
1189 1793 1215 1828 C

175 1854 284 1905 tam),
301 1866 320 1890 a
336 1867 412 1903 quo
427 1861 641 1889 sanctorum
659 1852 879 1898 habuerint,
901 1852 984 1902 quis
1002 1865 1168 1901 unquam

172 1914 233 1950 vel
255 1914 291 1950 in
314 1926 429 1957 novo,
451 1912 511 1948 vel
532 1912 570 1948 in
589 1912 707 1948 veteri
727 1915 967 1948 Testamento
988 1912 1041 1948 sic
1063 1912 1169 1948 vixe-

175 1973 241 2018 rit,
270 1972 321 2009 sic
352 1973 478 2008 vivere
509 1970 680 2007 docuerit
701 1971 895 2017 homines,
928 1971 1068 2007 utinam
1097 1971 1168 2021 ipsi

173 2045 253 2068 sese
270 2032 504 2079 interrogent
524 2030 682 2079 singuli,
704 2043 772 2066 nec
793 2031 1040 2067 conscientias
1056 2043 1170 2080 super

174 2092 245 2128 1100
279 2091 482 2127 convenire
514 2090 688 2139 proprias
719 2090 968 2127 dissimulent.
1000 2096 1169 2138 Quantos

174 2152 273 2188 enim
293 2151 464 2187 videmus
483 2158 684 2187 sectatores
705 2151 848 2186 viarum
861 2180 869 2196 ,
891 2164 975 2200 quae
993 2151 1170 2187 videntur

173 2210 327 2261 quidem
360 2209 578 2246 homiuibus
606 2209 737 2255 bonae,
769 2210 833 2246 sed
863 2210 900 2245 in
935 2210 1167 2259 profundum

172 2271 310 2307 inferni
329 2270 521 2306 descendit
544 2269 627 2306 finis
647 2283 775 2305 earum
793 2267 831 2305 3?
851 2278 1014 2318 quantos
1039 2283 1170 2306 aseen-

173 2344 275 2368 sores
300 2332 425 2375 scalae,
447 2344 523 2366 non
545 2330 652 2378 cujus
681 2330 874 2366 summitas
895 2331 1006 2366 coelos
1029 2331 1167 2379 tangit,

172 2390 235 2428 sed
258 2403 342 2440 quae
363 2390 415 2425 illi
433 2389 590 2425 omnino
609 2389 798 2425 contraria
816 2398 889 2434 cst,
918 2388 1060 2425 liabens
1074 2389 1170 2425 late-

173 2464 211 2487 ra
232 2450 573 2500 concupiscentiam
595 2449 717 2485 carnis
734 2477 743 2494 ,
769 2458 807 2485 et
827 2449 1169 2498 concupiscentiam

172 2510 389 2556 oculorum,
418 2509 555 2558 gradus
584 2522 674 2545 vero
704 2508 918 2559 superbiam
948 2509 1034 2545 vitae
1056 2524 1063 2545 :
1086 2522 1171 2558 quae

173 2583 217 2605 cx
243 2569 386 2606 mundo
408 2577 514 2612 sunt,
539 2582 614 2604 non
636 2583 680 2604 ex
706 2571 840 2605 Patre?

226 2630 288 2667 47.
320 2634 367 2667 At
395 2628 476 2677 ejtis
506 2642 594 2665 sane
622 2642 734 2677 quam
766 2628 875 2664 vobis
904 2628 1169 2665 commendare

172 2689 348 2725 volumus
368 2689 475 2724 scala:
494 2687 631 2735 gradus
646 2696 681 2723 et
699 2688 832 2732 latera,
850 2700 896 2723 ex
915 2691 1021 2723 Patre
1039 2688 1170 2736 utique

173 2756 278 2792 suut,
301 2760 377 2783 uon
395 2760 442 2783 ex
462 2747 619 2792 mundo,
643 2747 701 2784 eui
723 2746 900 2782 nimirum
926 2746 1077 2782 iunixus
1099 2760 1168 2796 ap-

173 2807 312 2857 paruit.
337 2807 478 2850 &ht-ie,
510 2807 562 2842 ait
591 2807 812 2855 Apostolus,
845 2815 879 2841 et
903 2811 985 2854 pie,
1012 2816 1046 2841 et
1067 2811 1170 2851 juste

173 2871 339 2902 vivamus
359 2870 396 2901 in
416 2867 483 2902 hoc
506 2869 641 2900 soeculo
656 2867 684 2901 ³¹.
718 2865 906 2903 Sobrietas
934 2866 1168 2915 voluptatem

174 2927 297 2962 caruis
332 2927 544 2975 impuguat3
580 2925 744 2974 justitia,
781 2928 904 2963 51101111
939 2927 1167 2972 vanitatem3

174 2987 263 3022 dum
286 2986 457 3022 videlicet
483 2987 618 3035 cuique
638 2986 798 3023 reddens
818 2987 921 3036 quod
950 3000 1058 3023 suum
1086 2995 1165 3031 est,

173 3054 209 3081 et
232 3045 446 3081 adulantem
466 3045 657 3095 deplorat,
679 3054 714 3083 ct
731 3048 960 3095 compatitur
977 3046 1163 3082 irascenti.

176 3106 344 3154 Denique
364 3114 399 3141 ct
416 3106 495 3155 ipsc
513 3107 682 3143 Salvator
696 3107 785 3143 dum
803 3107 977 3156 Baptistae
994 3105 1167 3142 manibus

224 3238 230 3251 ¹
248 3235 277 3262 S.
297 3235 388 3271 (λι-011.
406 3231 460 3261 lib.
485 3236 501 3262 2
521 3232 601 3264 Dial.
620 3244 689 3274 cap.
711 3236 766 3263 37.
790 3252 829 3255 -ν
852 3239 864 3254 ²
886 3233 964 3263 lbid.
984 3252 1011 3253 ff

177 3297 218 3321 ιι,
244 3290 273 3315 11.
303 3303 335 3307 v
356 3291 368 3312 7
387 3284 499 3316 Mauh.
520 3297 574 3315 xvr
590 3309 597 3322 ,
616 3288 668 3316 24.
687 3305 726 3308 —-
749 3286 1107 3321 11Ι”5111.ι.,υ1κιιι,11.

1042 3231 1165 3268 31’1’01’,
1185 3244 1254 3269 xiv,
1280 3235 1329 3262 111..
1348 3250 1385 3253 —
1405 3230 1417 3258 -ἧ
1433 3231 1495 3262 tit.
1517 3243 1539 3260 ιι
1556 3256 1563 3269 ,
1588 3236 1637 3262 12)..
1652 3250 1686 3253 -ν
1713 3230 1726 3253 5
1742 3231 1855 3262 Mauh.
1881 3244 1916 3261 ιιι
1935 3255 1941 3267 ,
1966 3236 2012 3262 li».
2034 3251 2040 3253 -

1230 364 1365 400 mirum
1396 364 1644 401 humilitatem
1672 364 1855 413 justitiam
1889 373 2078 415 reputans.
2109 364 2227 401 Exhi-

1228 424 1363 461 beatur
1383 437 1472 473 ergo
1499 425 1680 462 sobrietas
1711 425 1836 471 nobis,
1862 424 2007 474 justitia
2036 427 2225 475 proxim0‚

1229 485 1347 535 pietas
1367 489 1458 521 Deo.
1477 485 1598 522 Pietas
1621 486 1720 521 enim
1740 486 1862 522 cultus
1886 487 1955 523 Dei
1981 495 2048 522 est.
2070 488 2166 523 Saue
2184 493 2225 522 ut

1228 545 1404 593 voluptas
1423 552 1460 580 et
1482 545 1625 580 vanitas
1642 545 1842 581 clationem
1865 545 1987 581 cordis
2010 546 2136 582 fovere
2152 558 2223 581 uo-

1230 611 1400 648 scuntur‚
1432 603 1483 639 510
1511 603 1692 639 sobrietas
1722 612 1759 639 et
1781 603 1925 652 justitia
1957 604 2132 653 pietatem
2156 612 2228 639 :ut

1230 663 1329 698 inter
1349 662 1428 699 haec
1449 663 1566 698 latera
1587 662 1632 698 de
1661 662 1734 698 fide
1761 662 1798 697 in
1822 662 1933 698 tidem
1955 676 2019 712 spe
2040 663 2228 699 mediante

1230 722 1454 770 proficiens,
1489 721 1846 771 supereminentiam
1874 721 2077 770 aliquando
2107 730 2231 759 teneat

1231 781 1434 817 charitatis.

1453 901 1614 930 XXXIX.
1630 917 1676 920 —
1696 901 1742 929 De
1758 897 1884 929 basibus
1901 898 2002 929 sealae.

1287 1019 1348 1056 48.
1367 1018 1589 1056 Innituntur
1604 1025 1727 1054 autem
1746 1017 1825 1054 haec
1839 1017 1953 1053 latera
1971 1015 2123 1052 basibus
2139 1029 2232 1065 quas

1231 1079 1432 1129 supposuit
1475 1078 1609 1114 artifex
1645 1077 1855 1126 Sapientia,
1896 1075 2045 1112 duobus
2078 1076 2231 1112 forsitan

1231 1139 1340 1188 lignis
1367 1138 1500 1174 crucis.
1534 1136 1609 1174 Ubi
1639 1137 1738 1173 enim
1766 1137 1828 1172 ille
1857 1136 2059 1172 mulctatur
2085 1144 2230 1180 morte,

1231 1213 1343 1237 eruce
1369 1206 1565 1248 turpatur;
1592 1197 1678 1246 quis
1707 1210 1862 1234 suorum
1889 1196 2040 1232 delicias
2060 1209 2124 1232 seu
2152 1196 2234 1245 glo-

1232 1260 1323 1296 riam
1346 1259 1531 1296 sustinere
1559 1266 1693 1307 queat,
1718 1257 1856 1294 nedum
1878 1256 2015 1293 audeat
2033 1258 2232 1306 quaerere?

1231 1320 1455 1369 Flagellatus
1487 1319 1674 1363 Christus,
1707 1326 1744 1354 et
1770 1317 1889 1367 sputis
1919 1317 2060 1363 illitus,
2091 1315 2235 1365 bajulat

1233 1378 1303 1415 sibi
1324 1391 1492 1424 crucem,
1519 1386 1555 1414 et
1580 1376 1745 1413 ludibrio
1774 1377 1891 1413 factus
1917 1376 2086 1412 irrisoria
2107 1383 2232 1419 veste,

1234 1438 1445 1474 arundineo
1471 1446 1635 1487 sceptro,
1656 1450 1797 1473 corona
1818 1436 1967 1485 spinea,
1993 1435 2134 1471 foditur
2159 1435 2236 1470 cla-

1233 1498 1309 1543 vis,
1324 1505 1595 1534 annumeratur
1609 1497 1815 1543 sceleratis,
1832 1497 1869 1532 in
1887 1496 1989 1545 ligno
2004 1494 2234 1540 extenditur,

1234 1558 1345 1594 etiam
1368 1566 1539 1594 mortuus
1559 1557 1784 1593 vulneratur
1806 1571 1814 1592 :
1837 1564 1874 1592 et
1892 1555 1972 1591 haec
1999 1555 2148 1591 intuens
2168 1554 2233 1603 qui

1235 1617 1373 1654 dicitur
1399 1617 1643 1663 christianus,
1670 1616 1835 1667 propriis
1859 1615 2107 1652 nibilominus
2125 1614 2235 1650 volu-

1235 1677 1404 1727 ptatibus
1434 1677 1648 1727 indulgere,
1682 1685 1719 1713 et
1745 1676 1880 1712 florere
1907 1676 2003 1712 velle
2029 1675 2067 1711 in
2097 1674 2234 1710 saeculo

1236 1737 1449 1774 nullatenus
1470 1736 1683 1773 erubescit?
1703 1739 1886 1773 Caeterum
1917 1736 1946 1772 si
1967 1735 2090 1771 omnis
2109 1735 2174 1784 qui
2196 1748 2235 1771 se

1236 1796 1326 1833 dicit
1356 1797 1393 1833 in
1421 1796 1568 1834 Christo
1598 1809 1768 1842 manere,
1790 1795 1920 1841 debet,
1943 1796 2036 1831 510111
2064 1795 2127 1831 1110
2153 1808 2235 1831 am-

1235 1856 1399 1902 bulavit,
1430 1865 1468 1893 et
1497 1857 1576 1906 ipse
1604 1855 1844 1902 ambulare‘53
1875 1855 1995 1891 multo
2026 1854 2142 1903 magis
2169 1854 2234 1904 qui

1235 1930 1306 1966 pro
1331 1930 1376 1953 eo
1403 1929 1553 1952 manere
1579 1929 1617 1952 se
1643 1915 1752 1961 dicit,
1781 1916 1846 1964 qui
1876 1928 1947 1965 pro
1976 1928 2021 1950 eo
2048 1914 2234 1963 legatione

1235 1976 1415 2025 fungitur,
1436 1976 1498 2025 qui
1518 1975 1550 2011 ei
1569 1975 1773 2019 ministrat,
1797 1975 1824 2011 si
1846 1987 1930 2011 eum
1955 1987 2029 2009 non
2048 1974 2233 2022 sequitur,

1235 2035 1499 2072 inexcusabilis
1519 2043 1585 2071 est.
1609 2038 1703 2071 Sane
1734 2035 1802 2070 uisi
1829 2033 2072 2082 abnegaverit
2096 2042 2234 2070 semct-

1236 2096 1377 2144 ipsum,
1398 2103 1434 2131 ct
1457 2094 1582 2130 tulerit
1601 2107 1749 2130 erucem
1772 2106 1898 2138 suam,
1917 2093 2022 2141 sequi
2044 2105 2128 2128 eum
2151 2105 2235 2128 om-

1236 2155 1326 2190 nino
1356 2168 1430 2190 non
1467 2161 1591 2203 potest
1609 2160 1634 2189 7.
1666 2153 1765 2200 Quid
1792 2165 1883 2187 vero
1916 2165 2065 2188 crucem
2103 2152 2235 2187 tollere

1235 2222 1309 2259 est,
1331 2215 1400 2250 nisi
1417 2213 1583 2249 laborem
1604 2212 1779 2262 amplecti
1796 2221 1829 2248 et
1847 2211 2094 2247 humilitatem
2110 2212 2124 2246 P
2140 2211 2235 2247 sieut

1236 2273 1304 2308 seri
1309 2281 1416 2322 ptum
1435 2280 1507 2318 051,
1528 2273 1638 2319 Elegi
1658 2271 1820 2317 abjectus
1838 2285 1916 2307 esse
1937 2275 1974 2306 in
1993 2272 2100 2305 domo
2120 2273 2190 2306 Dei
2202 2270 2230 2306 ³.

1549 2405 1617 2433 XL.
1634 2421 1677 2425 —
1695 2405 1742 2432 De
1757 2402 1918 2444 capitellis.

1291 2510 1351 2547 49.
1383 2509 1453 2546 Sed
1484 2510 1638 2546 sortasse
1659 2509 1783 2545 minus
1803 2509 1925 2545 adhuc
1948 2508 2104 2544 firmiter
2121 2507 2237 2544 stabi-

1183 2575 1215 2608 D
1237 2568 1301 2604 lita
1324 2568 1402 2604 brec
1430 2568 1643 2612 videantur,
1671 2568 1699 2603 si
1728 2575 1872 2602 tautum
1908 2567 2045 2602 fuerint
2077 2566 2237 2603 subnixa

1236 2627 1409 2673 basibus,
1437 2641 1513 2663 11011
1541 2627 1652 2663 ctiam
1689 2626 1851 2675 desuper
1876 2626 2104 2661 eoba-remia
2135 2627 2238 2675 eapi-

1237 2688 1342 2724 tellis.
1384 2688 1478 2723 lliue
1511 2695 1565 2722 est
1602 2686 1704 2735 quod
1741 2685 1893 2721 minime
1929 2685 2004 2721 suis
2035 2693 2237 2721 contentus

1235 2749 1418 2797 exemplis
1447 2748 1629 2791 Salvator,
1656 2747 1765 2782 etiam
1799 2747 1952 2795 przeuiia
1982 2746 2232 2795 repromittit,

1236 2817 1277 2844 ut
1301 2821 1412 2857 quem
1444 2808 1537 2843 l'ortc
1567 2820 1643 2842 11011
1677 2814 1857 2855 provocat
1886 2806 2058 2842 invitatio
2089 2819 2233 2856 proece-

1236 2868 1377 2909 dentis,
1401 2867 1519 2902 trabat
1551 2867 1608 2902 vel
1640 2865 1866 2901 desiderium
1890 2865 2148 2902 retributionis
2170 2881 2177 2901 :
2201 2875 2237 2902 vt

1236 2927 1264 2962 si
1291 2927 1443 2975 quidem
1472 2927 1723 2975 voluptuosus
1745 2934 1821 2970 est,
1845 2926 1948 2961 illum
1971 2926 2067 2962 sitiat
2089 2935 2236 2962 torren-

1237 2995 1309 3021 tem
1334 2986 1554 3035 voluptatis,
1577 2987 1604 3021 si
1634 3000 1723 3021 vero
1751 2986 1879 3034 gloria·
1899 2985 2075 3034 eupiduS,
2097 2987 2236 3036 aspiret

1235 3045 1280 3082 ad
1308 3046 1404 3081 illam
1435 3045 1693 3081 celsitudinem
1713 3044 1921 3093 judiciaria·
1941 3045 2146 3094 potestatis.
2168 3049 2234 3079 Sr—

1235 3104 1382 3147 debitae,
1405 3104 1476 3150 ait,
1499 3114 1533 3140 ct
1557 3119 1617 3140 vos
1640 3119 1754 3153 super
1773 3107 1875 3140 ‚mles
1897 3106 2110 3144 ‹laada-im,
2127 3107 2236 3151 jucli-

2087 3230 2101 3252 ⁰
2118 3234 2125 3262 l
2142 3234 2234 3262 Jeau.
