2504 3928
268 198 340 231 ,367

982 204 1030 238 IN
1061 203 1264 239 CANTICA
1296 204 1352 239 CA
1362 204 1609 241 NTICORUM

271 280 305 306 ct
344 272 480 308 dixiua:
512 275 840 323 contemplationis
878 275 1152 325 delectatione3
1191 278 1323 315 non²¹⁵¹¹

2247 211 2322 246 568

1394 281 1449 316 lt.
1479 284 1560 316 Jam
1583 280 1627 316 ad
1655 281 1803 317 tertium
1833 290 2065 332 unguentum
2087 285 2319 324 accedamus.

271 331 406 367 desunt
426 333 488 380 qui
507 333 576 367 boc
596 333 845 382 perditioiwm
862 334 1011 381 dicant,
1030 346 1066 373 et
1081 337 1204 386 justo,
1223 347 1261 375 ut
1284 339 1311 371 Α
1327 342 1421 375 Sane
1449 340 1485 375 iu
1504 340 1666 376 duorum
1699 341 1978 389 praunissorum
2001 343 2177 380 alterutra
2204 345 2320 381 colla-

270 389 339 424 sibi
370 390 520 434 xident,
552 405 744 427 murmure
774 403 1080 442 conquerantur,
1110 397 1211 445 quod
1234 399 1262 434 is

270 450 332 497 qui
362 450 533 498 pluribus
556 451 735 499 prodesse
766 461 934 501 poterat,
962 455 1130 502 quiescat
1155 456 1224 492 sibi
1253 472 1260 493 ε

273 521 347 543 non
366 509 467 556 quod
489 511 672 546 sam-litati
694 511 905 558 invideant,
927 513 990 549 scd
1008 514 1110 562 quod
1134 516 1262 564 proxi-

271 567 382 603 dcaut
425 568 605 606 cbaritati.
640 574 823 609 (La-terum
858 573 936 621 ipsa
974 574 1134 610 charitas
1163 578 1264 611 Deus

274 627 536 674 hujuscemodi
562 631 696 666 auimse
724 631 947 680 plerumque
979 633 1121 681 parcit,
1151 648 1262 683 quam

271 686 371 722 videt
391 688 651 736 spiritualibus
671 689 802 726 studiis
831 690 1028 738 delectari;
1054 694 1214 730 maxime
1235 695 1263 731 si

270 745 378 781 talem
405 760 485 782 eam
513 749 682 794 noverit,
709 763 795 798 quae
813 750 936 787 adbuc
960 753 1265 801 pusillanimitate

269 805 325 840 vel
344 805 598 843 imbecillitate
612 808 725 844 animi
748 809 886 845 mulier
903 810 974 855 sit,
997 819 1033 847 et
1051 812 1207 848 necdum
1227 813 1264 849 in

274 863 394 899 virum
418 866 623 913 perfectum
651 868 821 916 profecit.
844 869 953 916 Quod
982 870 1111 919 utique
1135 872 1266 909 melius

271 921 349 969 ipsc
370 921 547 960 discernit
567 925 629 973 qui
652 925 819 962 intuetur
838 940 920 973 cor,
941 941 1052 976 quam
1075 929 1265 976 bomincs,

271 981 389 1028 quiin
410 983 500 1019 facie
517 992 660 1021 tantum
681 985 830 1029 vident,
852 997 888 1023 et
910 988 1114 1025 secundum
1138 990 1264 1026 faciem

1330 399 1452 443 tione,
1474 400 1597 448 priore
1623 413 1802 449 sequens,
1833 400 1976 449 absque
2002 401 2105 437 omni
2139 402 2322 451 ambigui—

1330 467 1424 503 tate,
1451 460 1690 508 cognoscitur
1705 472 1785 495 esse
1804 460 1934 496 melius
1949 487 1959 505 ,
1988 461 2174 510 longeque
2196 464 2324 499 excel-

1330 517 1479 553 lentius.
1502 518 1599 554 lllud
1628 527 1752 554 autem
1779 518 1914 555 mirum
1935 518 2098 564 videtur,
2123 520 2150 555 si
2173 521 2319 557 tertium

1331 576 1490 612 inveniri
1510 585 1622 625 queat
1641 576 1815 626 aliquod,
1835 577 1936 626 quod
1953 575 2235 626 ambobusjure
2259 578 2320 614 de-

1332 633 1416 670 beat
1445 635 1647 684 anteponi,
1669 635 1776 683 juxta
1804 635 1907 684 quod
1939 635 2091 685 optimis
2121 636 2322 684 unguentis

1331 706 1468 742 sponsa
1497 707 1562 730 sua
1591 694 1760 730 redolere
1782 693 1899 730 ubera
1922 695 2115 743 gloriatur.
2142 696 2321 744 Alioquin

1332 753 1473 801 optima
1496 766 1572 789 non
1598 762 1706 798 sunt,
1733 754 1762 789 si
1793 766 1869 789 non
1900 754 2058 790 vineunt
2083 763 2120 790 et
2140 755 2319 791 meliora:

1331 812 1425 848 sicut
1446 826 1514 848 nec
1532 812 1716 848 veraciter
1737 812 1892 848 meliora
1919 811 2120 859 dicuntur,
2139 826 2223 862 quae
2243 826 2320 850 non

1331 880 1509 921 superant
1524 871 1634 908 bona.
1654 875 1770 908 Porro
1786 879 1896 907 tantae
1910 871 2139 907 excellentiae
2154 885 2321 921 unguen-

1332 940 1410 967 tum
1430 930 1522 967 illud
1540 930 1746 967 secundum
1759 958 1768 975 ,
1790 929 1893 979 quod
1910 938 2022 978 eaput
2040 930 2166 978 ungit,
2188 931 2322 967 inven—

1333 999 1411 1026 tum
1443 998 1499 1026 est
1525 1002 1630 1035 esse,
1654 997 1695 1025 ut
1719 989 1780 1025 vix
1814 988 1992 1038 quzelibet
2022 989 2056 1025 ei
2085 989 2222 1025 ‹liviiiae
2245 1003 2320 1026 non

273 1049 414 1078 tantum
431 1042 629 1092 judicant:
657 1059 741 1082 cum
764 1046 937 1083 videlicet
957 1049 1111 1084 minime
1136 1058 1261 1085 attcn-
1284 1050 1310 1083 B
1329 1049 1413 1086 dico
1443 1049 1633 1099 praeferri,
1660 1048 1723 1084 scd
1755 1049 1884 1084 saltem
1923 1048 2087 1084 conferri
2121 1048 2321 1085 videantur

268 1100 363 1137 dunt
396 1115 471 1139 non
492 1116 572 1141 esse
594 1103 761 1154 ejusdem
791 1106 974 1143 facilitatis
994 1107 1129 1144 devote
1153 1109 1261 1157 quie-

267 1173 383 1205 scere,
405 1171 441 1198 et
459 1163 647 1200 fructuose.
662 1165 860 1214 occupari3
881 1165 1072 1202 li'umiliter
1088 1166 1259 1213 subesse,

266 1228 302 1255 et
321 1221 461 1258 utiliter
476 1236 656 1272 prfeesse;
683 1225 758 1273 regi
780 1225 859 1261 sine
879 1226 1051 1274 quercla,
1074 1234 1111 1262 ct
1132 1239 1259 1275 regere

267 1279 346 1315 sine
374 1281 507 1330 culpa;
528 1282 683 1319 obedire
713 1291 870 1332 sponte,
900 1292 938 1319 et
965 1284 1151 1332 iuqmrare
1181 1284 1258 1321 dis—

269 1347 396 1384 crete;
423 1339 564 1376 bonum
587 1340 750 1389 denique
773 1342 871 1377 inter
888 1341 1030 1386 bonos,
1059 1350 1096 1377 et
1116 1341 1259 1379 bonum

269 1410 349 1434 csse
382 1399 480 1435 inter
516 1400 633 1436 malos
652 1415 662 1446 ;
695 1401 771 1436 imo
813 1401 924 1436 etiam
965 1413 1044 1437 esse
1086 1410 1259 1450 pacatum

265 1456 363 1492 iuter
383 1457 478 1493 filios
499 1458 620 1506 pacis,
641 1466 678 1493 ct
699 1458 757 1494 bis
776 1459 842 1507 qui
865 1458 1029 1495 oderunt
1048 1472 1178 1508 pacem
1195 1473 1262 1496 ex-

269 1514 387 1552 biberi
417 1517 626 1565 pacificum.
653 1517 783 1554 Sciens
814 1518 929 1566 igitur
959 1521 1067 1555 Jesus
1095 1518 1160 1567 qui
1189 1519 1262 1556 sint

263 1575 326 1622 qui
347 1588 434 1611 vere
451 1589 524 1612 non
546 1585 635 1612 sunt
654 1577 780 1613 idonci
799 1577 987 1627 implicari
1003 1578 1101 1614 curis
1121 1586 1158 1614 et
1173 1592 1263 1615 one-

263 1632 366 1670 ribus
405 1635 683 1681 ecclesiasticis,
725 1649 795 1685 pro
831 1637 893 1673 tali
940 1636 1096 1673 delicata
1138 1638 1262 1675 anima

264 1706 376 1741 quam
396 1707 466 1743 pro
483 1695 540 1731 sui
561 1695 684 1731 adhuc
706 1695 960 1732 teneritudine
980 1696 1182 1733 tractandis
1199 1711 1261 1734 ne-

264 1752 374 1799 gotiis
410 1754 534 1791 minus
569 1754 743 1791 sufficere
772 1754 905 1799 sentit,
940 1755 1118 1793 adversus
1155 1757 1262 1794 aliter

1329 1121 1451 1158 posse.
1472 1108 1655 1146 Fortassis
1676 1108 1713 1144 in
1733 1108 1936 1157 Evangelio
1955 1108 1983 1143 si
2004 1107 2243 1156 requirimus,
2263 1108 2319 1144 in-

1326 1168 1521 1204 veniemus
1537 1176 1573 1203 et
1594 1166 1705 1215 liujus
1727 1168 1824 1204 tertii
1844 1168 2026 1216 unguenti
2047 1168 2202 1216 liguram
2222 1180 2318 1216 prse-

1326 1227 1489 1263 ccssisse.
1512 1229 1665 1271 Maria,
1689 1227 1833 1276 inquit,
1858 1229 2109 1276 fllagtlalcne,
2138 1235 2173 1262 et
2190 1229 2319 1263 ,Μανία

1325 1286 1456 1322 Jacobi
1474 1294 1508 1322 et
1522 1288 1670 1322 Salome
1690 1296 1855 1323 emerunt
1869 1295 2060 1332 aromata,
2080 1296 2116 1322 ue
2133 1291 2321 1323 venientes

1327 1353 1504 1392 ungerent
1517 1346 1640 1379 lusam
1656 1342 1679 1379 3.
1702 1344 1864 1381 Videsne
1882 1346 1917 1380 in
1940 1345 2062 1394 prima
2084 1345 2207 1380 fronte
2228 1358 2319 1394 pro-

1328 1403 1440 1452 positi
1468 1402 1641 1451 capituli,
1673 1403 1804 1451 quanti
1842 1403 2103 1440 aestimandum
2137 1403 2182 1440 sit
2209 1404 2319 1440 etiam

1329 1462 1399 1497 boc
1430 1461 1620 1497 materiale
1654 1470 1911 1510 unguentum,
1946 1461 2054 1511 cujus
2090 1463 2320 1500 aromatibus

1328 1520 1593 1570 comparandis
1618 1533 1694 1557 non
1715 1534 1789 1558 una
1809 1521 1867 1557 vel
1895 1521 1977 1557 duae
1998 1521 2170 1558 sufficere
2191 1522 2320 1558 value—

1328 1582 1546 1617 runt?Una
1573 1580 1760 1630 primum,
1793 1593 1867 1616 una
1888 1588 1926 1616 et
1959 1579 2165 1616 secundum
2198 1581 2321 1617 attulit

1327 1648 1587 1689 unguentum3
1619 1639 1665 1676 ad
1692 1639 1763 1676 boc
1784 1648 1907 1677 autem
1929 1639 2224 1690 comparandum
2246 1648 2320 1677 tres

1327 1700 1468 1750 pariter
1487 1709 1768 1745 convenerunt,
1803 1708 1845 1736 ut
1873 1700 1982 1736 simul
2005 1699 2183 1736 videlicet
2211 1712 2316 1737 eme-

1328 1768 1432 1804 rent,
1452 1758 1554 1808 quod
1575 1772 1643 1809 per
1663 1772 1701 1795 se
1715 1759 1870 1808 singulae
1891 1771 1966 1794 non
1990 1766 2188 1808 poterant,
2208 1767 2246 1795 et
2266 1759 2317 1795 sic

265 1812 467 1849 sentientes
481 1841 490 1858 ,
510 1822 546 1849 et
563 1813 613 1849 ob
630 1814 700 1850 boc
720 1813 801 1862 ejus
816 1814 980 1863 quietem
1004 1822 1180 1864 tanquam
1202 1816 1261 1852 in-
1279 1823 1307 1859 C
1326 1819 1519 1854 venientes
1552 1826 1735 1867 ungerent
1766 1820 1907 1854 Jesum.
1941 1821 2024 1854 Non
2052 1817 2173 1854 solum
2205 1816 2318 1866 pedes

267 1870 519 1916 fructuosam,
539 1872 642 1909 bono
657 1873 808 1922 quidem
826 1874 930 1920 zelo,
949 1873 1013 1910 scd
1034 1887 1110 1910 non
1126 1887 1261 1911 secun-

266 1928 356 1966 dum
392 1931 583 1968 scientiam
616 1933 899 1978 insimulantes,
934 1932 1018 1982 ipso
1059 1934 1263 1983 respondet

264 1989 399 2026 affectu
417 2005 424 2027 :
451 1994 553 2038 Quiri
574 1995 718 2028 molesti
738 1997 822 2028 estis
844 1994 926 2028 huic
947 1996 1093 2029 mulieri
1112 2000 1120 2014 ¹
1137 1995 1150 2029 ?
1170 1998 1261 2031 Nam

264 2050 351 2095 etsi,
374 2051 477 2099 quod
506 2051 699 2088 fatendum
724 2061 802 2097 est,
834 2053 966 2089 melius
995 2061 1051 2090 est
1078 2053 1124 2089 ad
1157 2054 1260 2103 quod

265 2108 382 2157 ipsam
411 2110 557 2148 trabere
579 2112 747 2159 tentatis,
774 2111 917 2149 bonum
946 2121 1068 2150 tamen
1090 2122 1145 2150 est
1164 2127 1260 2163 opus

264 2169 365 2216 quod
398 2179 552 2219 operata
583 2179 639 2207 est
670 2172 708 2208 in
741 2184 813 2208 me.
842 2172 960 2209 Sinite
992 2186 1073 2209 eam
1107 2172 1257 2209 interim

264 2229 412 2276 operari
440 2228 582 2266 bonum
598 2230 700 2279 quod
721 2239 868 2280 potest,
890 2231 980 2267 dum
1001 2231 1160 2267 necdum
1183 2245 1257 2268 mem

266 2285 335 2321 lius
356 2295 503 2335 potest:
527 2288 615 2324 novi
639 2289 739 2324 enim
764 2301 832 2337 ego
852 2289 955 2338 quod
976 2289 1099 2326 adhuc
1126 2290 1258 2327 mulier

264 2345 322 2380 sit.
350 2348 441 2383 Cum
472 2355 595 2383 autem
626 2348 835 2384 mutatione
857 2349 1022 2385 dexterae
1042 2349 1188 2385 Excelsi
1210 2350 1257 2386 de

267 2404 422 2441 muliere
449 2406 543 2442 facta
575 2406 685 2442 fuerit
719 2406 920 2456 vi1·(qnod
951 2416 987 2443 et
1018 2420 1076 2443 me
1103 2408 1256 2456 quando

266 2464 355 2508 erit,
375 2468 404 2501 si
425 2465 578 2514 quando
596 2474 718 2502 tamen
740 2466 811 2502 crit
824 2495 833 2511 ,
850 2467 965 2502 latere
986 2479 1061 2502 non
1080 2466 1255 2516 poterit),

266 2523 354 2571 quia
394 2537 452 2560 me
480 2533 639 2561 vocante
665 2524 977 2574 promovebitur,
1013 2538 1071 2561 me
1105 2538 1257 2574 quoque

1328 1886 1391 1914 aut
1407 1877 1528 1913 solum
1553 1885 1686 1926 caput,
1707 1875 1772 1912 sed
1801 1884 1838 1912 ut
1855 1880 2062 1921 venientes,
2084 1875 2226 1924 inquit,
2250 1888 2320 1911 un—

1323 1945 1451 1984 gerent
1461 1937 1609 1979 Jesum;
1628 1934 1665 1971 id
1680 1943 1755 1980 est,
1773 1948 1912 1984 corpus
1927 1943 2059 1971 totum.
2082 1933 2152 1972 Sed
2170 1933 2320 1970 attende

1328 1995 1430 2044 quod
1461 2002 1639 2044 tanquam
1672 1994 1856 2044 unguenti
1890 1992 2003 2042 hujus
2045 1992 2120 2042 pati
2154 1992 2320 2029 Christus

1328 2054 1494 2091 noluerit
1520 2054 1770 2103 perditionem
1806 2053 1910 2099 lieri,
1942 2066 2024 2089 cum
2055 2065 2132 2089 non
2165 2052 2319 2089 invento

1326 2126 1506 2163 corpore,
1524 2121 1766 2163 reportarunt
1795 2113 1982 2161 integrum
1997 2139 2007 2157 ,
2030 2120 2067 2148 et
2093 2110 2207 2160 jussae
2231 2120 2318 2148 sunt

1325 2172 1504 2209 exhibere
1536 2172 1644 2218 vivo,
1675 2171 1777 2221 quod
1810 2178 2113 2221 praeparaverant
2153 2178 2315 2207 mortuo.

1325 2232 1435 2280 Quod
1459 2240 1496 2268 et
1519 2232 1710 2277 fecerunt,
1731 2243 1814 2267 cum
1835 2230 2011 2281 protinus
2031 2229 2204 2266 nuntiato
2223 2242 2316 2278 gau-

1323 2291 1386 2327 dio
1399 2290 1684 2327 resurrectionis
1697 2318 1706 2335 ,
1720 2289 1992 2339 discipulorum
2009 2288 2074 2337 qui
2094 2288 2225 2337 procul
2244 2288 2317 2325 du·

1322 2348 1387 2385 bio
1409 2348 1577 2385 membra
1607 2349 1763 2394 Clu-isti,
1795 2356 1832 2384 et
1863 2346 2032 2383 membra
2067 2347 2150 2383 viva
2184 2356 2315 2393 erant,

1324 2408 1441 2444 tristia
1470 2407 1584 2444 corda
1618 2407 1775 2443 delinire
1813 2414 2009 2443 curarunt.
2051 2409 2143 2454 Quae
2188 2407 2316 2456 utique

1323 2466 1490 2503 membra
1508 2466 1577 2503 nisi
1594 2466 1679 2515 plus
1694 2465 1757 2501 illo
1774 2466 1951 2502 crucifixo
1973 2478 2134 2515 corpore
2149 2465 2317 2503 Christus

1322 2526 1513 2575 diligeret,
1534 2539 1604 2575 pro
1618 2525 1660 2561 iis
1679 2525 1974 2575 crucifigendum
1990 2525 2082 2562 illud
2103 2538 2179 2561 non
2202 2525 2317 2561 tradi-

265 2590 437 2619 scrvante
469 2583 683 2620 tenebitur:
709 2592 745 2620 ct
774 2592 862 2620 tunc
891 2584 1023 2620 melior
1051 2584 1122 2620 erit
1147 2585 1256 2620 etiam
1275 2593 1307 2626 D
1325 2585 1450 2621 disset.
1482 2585 1618 2634 Liquet
1645 2584 1771 2632 itaque
1789 2583 1865 2620 duo
1887 2585 1949 2620 illa
1969 2584 2056 2633 quia
2074 2592 2217 2620 tantum
2245 2584 2317 2621 boc

266 2641 441 2690 iniquitas
469 2643 561 2689 viri,
579 2656 691 2692 quam
713 2643 949 2680 benefaciens
976 2643 1111 2680 mulier
1133 2649 1157 2681 ².
1180 2647 1254 2680 Ve-

266 2714 347 2737 rum
370 2710 407 2738 et
428 2702 519 2738 illud
541 2716 652 2752 spero
675 2703 806 2739 melius
830 2716 837 2738 :
862 2711 899 2739 et
918 2703 990 2739 boc
1010 2703 1159 2739 interim
1181 2702 1255 2740 bo-

264 2775 353 2797 num
384 2762 538 2799 minime
563 2776 703 2812 sperno
718 2792 727 2809 ,
750 2776 818 2799 nec
841 2771 976 2812 reputo
1001 2762 1254 2812 perditionem

265 2825 444 2870 unguenti
468 2822 581 2870 liujus
597 2823 843 2868 effusionem,
871 2822 908 2858 in
933 2835 1009 2871 quo
1033 2830 1070 2858 et
1089 2822 1256 2858 mulieris

263 2882 417 2918 devotio
438 2882 665 2930 designatur,
683 2891 719 2918 ct
746 2895 827 2918 mea
859 2882 1105 2931 praesignatur
1126 2882 1256 2931 scpul-

264 2950 357 2977 tura.
380 2945 461 2978 Huc
479 2942 638 2987 aceedit,
656 2942 759 2991 quod
782 2950 853 2977 tam
875 2942 947 2978 late
963 2954 1068 2978 suam
1086 2941 1256 2990 fragran-

264 3000 348 3036 tiam
386 3001 681 3050 circumquaque
713 3000 913 3046 diffundit,
957 3008 1140 3049 quatenus
1172 2999 1258 3036 ubi-

261 3073 423 3108 cumque
445 3059 686 3108 praedicatum
718 3060 828 3096 fucrit
849 3060 921 3095 boc
949 3059 1193 3108 Evangelium
1215 3059 1252 3094 in

264 3128 342 3155 toto
360 3119 523 3165 mundo,
539 3119 610 3155 dici
625 3120 736 3155 ctiam
756 3119 887 3155 babeat
905 3127 939 3155 ct
958 3118 1060 3168 quod
1075 3118 1151 3154 liaec
1170 3117 1255 3153 fecit

264 3179 297 3213 in
318 3177 398 3226 ejus
419 3178 831 3213 c(nnmcmoi-ationem.

311 3310 315 3323 ’
341 3304 449 3334 want..
474 3316 566 3341 xxxi,
591 3310 606 3333 Η
632 3308 678 3335 tu.
701 3323 732 3326 —
761 3305 877 3335 ³liirb.
903 3315 985 3335 xiii.
1015 3306 1047 3334 Η

1322 2644 1503 2693 praecellit
1523 2644 1696 2679 ultimum
1723 2650 1979 2692 unguentum,
2007 2652 2190 2692 quantum
2210 2644 2317 2682 Chri-

1321 2712 1378 2741 sto
1401 2703 1471 2739 boc
1491 2716 1598 2739 suum
1620 2715 1759 2752 corpus
1775 2702 1834 2738 eui
1852 2702 2070 2749 exhibetur,
2089 2702 2161 2739 hoc
2179 2710 2234 2740 est
2247 2705 2316 2739 Ec-

1321 2762 1494 2807 clesiam,
1525 2761 1626 2811 quod
1658 2774 1704 2798 ex
1736 2761 1788 2797 eis
1823 2761 2002 2811 perungi,
2033 2761 2137 2811 quod
2169 2770 2206 2798 et
2241 2775 2312 2811 pro

1321 2821 1433 2870 liujus
1463 2821 1722 2870 redemptione
1752 2821 1847 2857 tradi
1881 2821 2021 2867 voluit,
2054 2829 2201 2858 constat
2231 2834 2311 2858 csse

1323 2879 1530 2917 amabilius.
1541 2884 1695 2929 Sponsae
1709 2879 1943 2929 igiturubera
1962 2880 2129 2930 fragrant
2142 2892 2317 2929 unguen-

1325 2941 1369 2977 tis
1385 2953 1461 2977 non
1478 2948 1622 2977 tantum
1643 2938 1754 2976 bonis
1773 2947 1810 2975 et
1839 2939 2062 2975 melioribus
2078 2967 2088 2984 ‚
2109 2939 2174 2976 sed
2203 2939 2313 2975 etiam

1323 3000 1497 3048 optimis;
1532 3007 1568 3034 ct
1600 2998 1676 3034 duo
1706 2997 1788 3046 ejus
1823 2997 1938 3034 ubera
1973 2997 2243 3046 compassionis
2278 3005 2314 3033 ct

1325 3057 1678 3107 congratulationis,
1703 3070 1750 3093 ex
1771 3057 1911 3105 pietate
1943 3065 1979 3092 et
2013 3055 2314 3092 consideratione

1324 3118 1568 3161 miscrorum,
1592 3115 1786 3152 abundant
1802 3115 1894 3151 lacte
1916 3115 2184 3151 consolationis
2197 3124 2233 3151 et
2253 3127 2313 3151 ex-

1324 3175 1558 3213 hortationis.
1583 3174 1706 3211 Primo
1738 3173 1848 3223 igitur
1866 3182 2058 3223 unguento
2088 3182 2233 3218 sanata,
2257 3189 2314 3209 se-

1107 3323 1118 3325 -
1153 3305 1277 3335 ‘'Mai-v.
1294 3315 1361 3341 xxi,
1389 3308 1412 3333 11
