2418 3949
102 218 176 253 (593

703 216 984 251 TRACTATUS
1014 215 1077 249 DE
1106 213 1358 248 INTERIORI
1389 215 1538 249 DOMO.

2073 214 2143 249 693

99 294 257 331 interior
294 293 522 330 conscientia
551 292 757 328 aedificatur
782 306 790 328 ε
810 304 923 340 quam
954 290 1083 338 utique
1093 288 1142 306 ⁵⁵⁵
1156 290 1223 324 lice
1243 289 1450 335 sustinere3
1471 298 1639 325 errantes
1665 290 1725 339 pie
1751 297 1787 325 et
1807 288 1968 338 benigne
1988 289 2146 336 docere,

99 352 239 389 honam
256 351 688 402 faciuntpraeteritorum
704 351 889 387 malorum
903 349 1090 397 condigna
1107 354 1137 386 A
1157 356 1354 384 moerentes
1380 349 1585 384 clementer
1605 350 1789 394 mulcere,
1815 358 1851 385 et
1869 362 1953 385 cum
1972 349 2150 385 omnibus

102 411 322 457 satisfactio,
349 419 387 447 et
413 410 629 447 instantium
659 410 845 446 malorum
869 416 976 445 cauta
1001 420 1088 457 pro-

101 471 262 521 vidaque
299 470 512 507 declinatio,
555 468 751 518 Condigna
793 467 995 505 satisfactio
1033 474 1089 502 est

102 532 198 568 mala
220 532 313 568 facta
335 530 544 579 corrigere,
560 538 596 566 et
612 537 782 565 correcta
802 541 878 564 non
896 527 1086 563 reiterare.

102 591 337 628 Conscientia
365 603 457 627 vero
480 596 663 639 perpetua
684 596 760 634 est,
781 601 865 636 quae
896 597 1090 634 nunquam

103 651 249 695 linitur,
276 651 371 687 sicut
395 662 464 686 nec
483 649 620 685 anima.
645 651 736 695 Quoe
758 660 842 683 cum
868 645 916 682 sit
931 646 1092 681 immor-

103 710 205 756 talis,
222 710 317 746 sicut
337 721 412 745 non
431 716 557 758 potest
573 720 652 744 esse
670 719 746 743 non
766 705 910 750 anima,
926 704 978 740 sic
993 716 1091 740 nun-

102 782 214 818 quam
235 776 360 818 potest
384 780 464 804 esse
487 767 566 803 sine
590 765 832 803 conscientia.
855 762 1091 802 Conscientia

103 841 265 878 namque
292 836 347 864 est
374 825 635 876 inseparabilis
666 826 806 875 gloria,
832 825 891 861 vel
917 823 1089 860 confusio

102 885 396 935 uniuscujusque
415 898 488 948 pro
505 885 684 934 qualitate
704 884 879 934 depositi.

476 1016 652 1055 CAPUT
681 1017 713 1054 Ι.

158 1136 205 1164 De
223 1132 409 1164 conscientia
425 1132 509 1174 prius
525 1130 702 1162 mundanda
718 1136 748 1162 et
770 1130 926 1173 pacanda,
948 1140 1041 1171 quam

507 1185 700 1217 aedificanda.

160 1300 191 1336 1.
212 1303 300 1337 Haec
319 1311 410 1348 ergo
427 1296 657 1334 conscientia
670 1325 679 1342 ‚
707 1296 744 1333 in
761 1309 835 1345 qua
859 1296 984 1332 anima
1004 1308 1094 1345 per-

103 1367 220 1411 petuo
249 1371 423 1395 mansura
449 1366 522 1403 est,
548 1356 767 1393 aedificanda
793 1364 866 1401 est,
901 1355 966 1392 sed
990 1354 1096 1404 prius

104 1418 333 1457 mundanda.
365 1421 412 1455 Et
441 1417 525 1466 quis
554 1430 636 1453 eam
669 1415 888 1452 mundabit?
919 1415 1094 1452 Profecto

101 1482 205 1517 Deus
221 1487 259 1516 et
278 1479 392 1515 homo
411 1491 419 1513 z
441 1477 577 1522 homo,
599 1489 667 1525 per
687 1475 933 1524 cogitationes
953 1483 990 1510 et
1008 1474 1095 1510 affe-

101 1539 265 1584 ctiones;
291 1542 393 1575 Deus
416 1550 529 1583 vem,
549 1549 618 1586 per
640 1535 935 1572 misericordiam
956 1542 994 1570 et
1013 1546 1095 1583 gra-

102 1599 205 1634 tiam.
225 1597 477 1647 Cogitationes
491 1604 526 1631 et
542 1595 761 1631 affectiones
779 1594 994 1630 necessaria:
1008 1600 1095 1629 sunt

104 1658 142 1694 in
161 1657 401 1695 conscientiae
417 1655 663 1692 mundatione
684 1668 691 1690 ε
708 1654 967 1703 cogitationeS,
987 1653 1024 1689 in
1040 1652 1096 1688 in-

103 1717 350 1767 vestigatione
378 1715 567 1759 veritatis;
599 1713 836 1759 affectiones,
856 1713 893 1748 in
910 1712 1094 1748 exercita—

106 1776 208 1813 tione
237 1775 399 1812 virtutis.
432 1778 550 1811 Porro
573 1772 827 1809 misericordia
852 1772 966 1808 modo
997 1771 1097 1808 delet

1154 421 1284 457 pacem
1308 407 1458 444 habere.
1484 411 1595 444 Beata
1620 408 1682 444 illa
1708 409 1854 454 anima,
1877 421 1962 457 quae
1989 409 2026 444 in
2058 422 2150 458 pace

1155 467 1289 505 Christi
1312 467 1465 503 fundata
1494 475 1570 512 est,
1595 476 1631 503 et
1651 468 1689 503 in
1714 468 1783 504 Dei
1811 481 1940 504 amore
1960 468 2116 505 solidata
2139 483 2147 505 z

1156 539 1240 575 quae
1270 540 1354 563 cum
1384 527 1548 563 exterius
1576 526 1674 562 bella
1704 527 1864 575 patitur,
1893 540 1966 577 pax
1992 529 2150 564 interius

1161 598 1238 621 non
1274 585 1460 622 turbatur.
1498 589 1541 622 In
1584 599 1658 634 qua
1688 599 1936 635 quaecumque
1970 588 2150 624 molestiae

1158 644 1250 681 soris
1274 653 1537 694 perstrepant,
1570 658 1689 693 usque
1716 645 1760 681 ad
1783 646 1972 682 silentium
1993 647 2151 684 internae

1158 703 1294 752 quietis
1312 716 1388 739 non
1410 704 1629 752 irrumpunt
1647 717 1655 739 :
1674 704 1852 752 quoniam
1872 712 1981 752 gustu
1996 705 2151 742 internae

1158 762 1368 799 dulcedinis
1391 770 1486 798 tacta
1502 790 1512 806 ,
1536 763 1638 798 intus
1656 771 1711 798 est
1731 775 1799 811 per
1815 762 2044 799 desiderium
2065 765 2123 800 col

1156 822 1271 867 lecta3
1293 835 1362 858 nec
1376 821 1452 870 jam
1473 822 1564 858 foris
1590 822 1798 857 enormiter
1823 822 1861 857 in
1891 823 2012 858 carnis
2033 824 2146 859 volu-

1157 889 1279 930 ptates
1304 880 1544 926 dissolvitur,
1573 880 1662 929 quia
1694 888 1816 916 totum
1849 881 1952 917 intus
1984 883 2151 930 possidet

1159 942 1196 978 in
1214 954 1290 990 quo
1307 940 1538 986 delectatur3
1560 948 1671 988 atque
1695 940 1747 975 ita
1769 940 1806 976 in
1831 941 2030 990 semetipsa
2049 942 2151 991 paci-

1159 1002 1280 1046 ficata,
1294 1000 1384 1036 dum
1403 999 1493 1035 nihil
1509 1008 1564 1035 est
1580 999 1684 1048 quod
1701 1000 1791 1035 soris
1807 1000 1971 1049 appetit,
1993 1009 2068 1037 tota
2086 1014 2152 1051 per

1114 1062 1142 1096 B
1161 1073 1329 1097 amorem
1348 1060 1448 1096 intus
1471 1060 1689 1108 requiescit3
1712 1068 1849 1095 etcum
1869 1068 1946 1096 tota
1967 1060 2013 1096 ad
2033 1061 2153 1098 inter-

1160 1134 1250 1157 num
1273 1119 1449 1169 gaudium
1473 1119 1685 1168 colligitur,
1712 1119 1759 1155 ad
1781 1119 1982 1168 imaginem
2007 1121 2076 1156 Dei
2095 1135 2154 1157 re-

1161 1181 1359 1225 formatur,
1377 1192 1489 1229 quam
1505 1179 1543 1215 in
1558 1192 1596 1215 sc
1610 1188 1826 1215 veneratur.
1845 1180 1971 1215 Talem
1990 1180 2152 1216 animam

1161 1240 1378 1289 frequenter
1399 1239 1551 1276 visitant
1570 1239 1704 1287 Angeli
1723 1248 1834 1288 atque
1851 1239 2094 1288 Archangeli,
2119 1249 2155 1276 et

1162 1299 1433 1344 honorificant3
1456 1307 1498 1335 ut
1515 1306 1604 1348 pote
1624 1298 1695 1335 Dei
1713 1299 1896 1348 templum
1912 1327 1921 1344 ,
1940 1306 1976 1335 et
1996 1299 2157 1348 Spiritus

1160 1359 1279 1396 sancti
1307 1358 1576 1395 habitaculum.
1600 1361 1690 1395 Esto
1710 1358 1826 1407 igitur
1853 1358 2037 1408 templum
2058 1359 2151 1404 Dei,

1160 1426 1197 1454 et
1224 1422 1325 1455 Deus
1351 1418 1521 1454 excelsus
1547 1416 1733 1453 habitabit
1762 1417 1801 1453 in
1823 1426 1868 1453 te.
1898 1418 2034 1454 Anima
2052 1419 2152 1454 enim

1159 1480 1282 1514 Deum
1304 1476 1447 1514 habens
1471 1477 1509 1513 in
1533 1489 1590 1523 se,
1621 1477 1804 1526 templum
1828 1477 1898 1513 Dei
1916 1486 1991 1522 est,
2019 1478 2058 1514 in
2080 1492 2156 1527 quo

1161 1536 1287 1573 divina
1305 1536 1483 1585 mysteria
1500 1535 1753 1572 celebrantur.

1214 1598 1250 1633 3.
1278 1600 1397 1633 Porro
1427 1596 1551 1632 anima
1576 1608 1660 1645 quae
1682 1609 1757 1631 non
1786 1595 1912 1632 studet
1931 1596 1967 1632 in
1994 1609 2032 1632 se
2064 1610 2158 1632 con-

1161 1655 1312 1699 sistere,
1345 1668 1413 1691 nec
1444 1655 1482 1691 in
1512 1668 1639 1691 amore
1669 1655 1734 1691 Dei
1761 1654 1988 1691 desiderium
2023 1657 2156 1705 figere,

1161 1729 1229 1765 per
1251 1715 1380 1751 oculos
1409 1723 1445 1750 et
1470 1728 1596 1760 aures,
1627 1714 1794 1764 aliosque
1821 1715 1989 1764 corporis
2029 1728 2159 1752 sensus

1163 1776 1261 1811 foras
1292 1775 1494 1824 egreditur,
1524 1783 1636 1823 atque
1667 1774 1702 1809 in
1730 1774 1787 1811 his
1815 1774 2066 1810 exterioribus
2087 1775 2156 1811 de—

105 1844 322 1885 peccatum;
351 1834 465 1871 modo
492 1833 555 1870 dat
585 1833 761 1870 virtutem
785 1832 981 1870 resistendi
1007 1846 1097 1882 pec-
1118 1838 1145 1873 C
1166 1836 1337 1872 lectatur.
1361 1834 1434 1872 Sed
1459 1847 1543 1871 cum
1573 1835 1761 1871 invenerit
1786 1843 1915 1883 portas
1938 1836 2026 1871 istas
2051 1836 2157 1871 clau-

104 1903 205 1931 cato:
220 1908 321 1931 nunc
335 1893 522 1931 subtrahit
535 1892 715 1943 peccandi
731 1893 978 1938 occasionem,
998 1905 1098 1928 nune

105 1954 274 1991 immittit
297 1953 586 1991 amaritudinem
608 1967 614 1987 :
636 1952 859 2002 plerumque
881 1960 986 1989 sanat
1003 1952 1075 1988 affe
1086 1973 1096 1978 ··

106 2014 284 2050 etionem.
317 2013 445 2051 Gratia
472 2011 625 2061 adjuvat
653 2011 699 2048 ad
731 2011 894 2058 bonum,
929 2011 1098 2047 defendit

107 2082 239 2109 contra
257 2073 415 2118 malum,
436 2072 561 2108 erudit
583 2071 628 2107 ad
648 2079 852 2120 utrumque
872 2071 1097 2107 discernen—

107 2132 212 2169 dum.
244 2136 368 2170 Homo
402 2132 516 2181 igitur
544 2144 613 2181 per
643 2132 836 2168 veritatem
868 2131 1097 2178 stimulatus,

106 2200 259 2241 peccata
282 2205 346 2229 sua
372 2193 576 2228 confitetur
598 2205 605 2226 :
629 2194 730 2227 Deus
750 2199 876 2227 autem
896 2204 964 2240 per
987 2191 1098 2226 mise—

108 2251 306 2288 ricordiam
336 2252 476 2297 flexus,
505 2250 700 2286 confitenti
727 2250 939 2287 miseretur.
966 2250 1098 2287 Omnis

106 2325 269 2361 namque
289 2324 375 2361 spes
403 2311 522 2347 veniae
545 2318 582 2346 et
602 2309 870 2345 misericordiae
887 2310 923 2345 in
950 2311 1099 2346 confes—

107 2371 211 2408 sione
231 2379 305 2416 est,
330 2384 398 2407 nec
415 2378 539 2419 potest
555 2369 638 2418 quis
654 2368 853 2417 justificari
872 2382 893 2405 a
911 2378 1068 2418 peccato
1083 2398 1092 2414 ,

107 2431 178 2468 nisi
214 2431 318 2481 prius
353 2430 464 2467 fuerit
498 2430 689 2466 confessus
721 2437 928 2479 peccatum.
962 2433 1017 2466 Ex
1050 2444 1096 2466 eo

106 2491 206 2527 enim
230 2491 488 2540 unusquisque
512 2490 639 2539 justus
664 2503 744 2526 esse
764 2490 918 2540 incipit,
948 2504 994 2526 ex
1020 2504 1097 2540 quo

107 2552 163 2587 sui
188 2559 382 2587 accusator
401 2550 596 2586 exstiterit.

1164 1909 1244 1941 sas,
1271 1904 1361 1931 tunc
1378 1895 1527 1931 rediens
1547 1895 1592 1931 ad
1615 1908 1674 1940 se,
1698 1903 1734 1930 et
1754 1894 1887 1931 videns
1904 1908 1943 1931 se
1961 1895 2099 1931 nudam
2123 1905 2160 1931 et

1164 1956 1387 2000 desolatam,
1418 1952 1668 1990 inaestimabili
1704 1953 1925 1990 confusione
1957 1962 1994 1990 et
2025 1954 2158 1991 horro-

1166 2029 1205 2051 re
1225 2014 1477 2051 concutietur.
1512 2017 1556 2049 Et
1584 2013 1672 2062 quia
1701 2013 1832 2049 mundi
1861 2013 2156 2050 consolationem

1164 2074 1355 2124 quaesivit;
1381 2074 1480 2110 illam
1513 2086 1596 2123 quae
1622 2087 1642 2109 a
1669 2076 1751 2110 Deo
1777 2073 1876 2109 intus
1903 2074 1939 2108 in
1963 2074 2160 2110 conscien-

1167 2135 1214 2170 tia
1242 2135 1365 2179 datur,
1393 2147 1468 2170 non
1497 2132 1661 2169 habebit.
1691 2135 1735 2168 Et
1755 2145 1831 2168 uon
1851 2133 1972 2168 solum
1992 2146 2073 2168 eam
2098 2133 2160 2169 de-

1166 2193 1382 2243 dignabitur
1403 2197 1506 2230 Deus
1526 2193 1692 2238 visitare,
1714 2192 1778 2229 sed
1797 2205 1865 2228 nec
1886 2193 1964 2241 ipsa
1984 2192 2136 2241 quidem
2152 2221 2161 2237 ,

1166 2254 1261 2290 male
1293 2251 1363 2290 sibi
1385 2252 1558 2298 conscia,
1594 2253 1770 2301 seipsam
1809 2252 1948 2301 poterit
1985 2252 2159 2288 tolerare.

1163 2313 1345 2361 Requiem
1376 2312 1415 2348 in
1446 2325 1484 2348 se
1513 2325 1589 2347 non
1623 2311 1763 2361 poterit
1792 2310 1951 2356 habere,
1979 2311 2159 2360 quoniam

1162 2373 1266 2409 illum
1299 2372 1499 2421 dereliquit
1526 2385 1611 2407 eum
1644 2384 1722 2420 quo
1751 2369 1919 2406 habitare
1944 2379 1979 2406 et
2008 2371 2161 2419 requie-

1162 2445 1264 2469 scere
1293 2431 1436 2469 debuit.
1461 2431 1591 2480 Cogita
1613 2443 1704 2481 ergo
1724 2431 1761 2466 in
1793 2431 1969 2467 societate
2000 2431 2159 2468 aliorum

1164 2505 1265 2528 nunc
1281 2492 1446 2541 positus,
1473 2491 1561 2540 quia
1586 2503 1663 2526 uon
1681 2489 1823 2539 poteris
1842 2501 1992 2539 semper
2009 2502 2160 2525 manere

1163 2565 1247 2588 cum
1278 2552 1363 2588 illis.
1395 2554 1439 2587 Et
1466 2550 1616 2586 interim
1644 2550 1738 2597 elige
1769 2547 1835 2584 tibi
1862 2549 2005 2584 socium
2035 2549 2159 2593 illum,

161 2611 195 2646 2.
222 2610 323 2646 Felix
347 2610 598 2654 conscientia,
623 2610 659 2645 in
680 2623 753 2658 qua
775 2610 1033 2646 misericordia
1057 2619 1093 2647 et
1115 2616 1143 2648 Ι)
1162 2612 1227 2661 qui
1250 2626 1334 2648 cuni
1355 2610 1542 2647 subtracta
1567 2610 1632 2645 tibi
1654 2610 1791 2645 fuerint
1818 2609 1896 2644 haec
1916 2609 2042 2644 onmia
2061 2638 2069 2653 ‚
2096 2609 2160 2645 tibi

108 2669 245 2705 veritas
271 2668 522 2705 obviaverunt
549 2668 640 2714 sibi,
662 2668 807 2717 justitia
827 2676 864 2704 et
892 2682 965 2717 pax
987 2683 1097 2706 oscu-

109 2731 190 2765 latae
210 2737 297 2765 sunt
326 2735 348 2764 ¹.
381 2728 524 2765 Veritas
544 2728 758 2764 confitentis
777 2737 815 2764 et
840 2729 1098 2766 misericordia

109 2789 316 2825 miserentis
336 2787 586 2824 obviaverunt
606 2787 694 2833 sibi,
715 2788 893 2837 quoniam
921 2803 996 2825 non
1025 2803 1097 2839 po-

110 2856 180 2883 test
202 2847 254 2883 illi
282 2847 534 2883 misericordia
563 2848 714 2892 deesse,
744 2848 808 2896 qui
837 2862 875 2884 se
907 2850 1098 2897 cognoscit

109 2908 145 2942 iu
166 2907 334 2943 veritate.
357 2908 534 2944 Osculum
550 2907 706 2955 justitia:
725 2916 799 2953 est,
821 2908 989 2945 inimicos
1010 2909 1096 2945 ‹lili-

107 2978 207 3013 gere,
223 2974 396 3015 parentes
411 2974 448 3002 et
462 2967 616 3015 propria
631 2980 790 3016 qumque
805 2976 960 3017 propter
976 2971 1094 3004 Deum

109 3025 342 3074 relinquere,
375 3026 512 3062 illatam
545 3026 719 3075 injuriam
755 3027 941 3076 patienter
977 3028 1072 3062 ferre
1086 3055 1094 3071 ‚

108 3084 270 3120 oblatam
289 3085 443 3133 gloriam
462 3085 601 3134 ubique
619 3085 818 3122 declinare.
838 3087 1016 3122 Osculum
1036 3100 1097 3135 pa-

108 3143 160 3179 ris
179 3152 252 3188 cst,
271 3144 440 3180 odientes
457 3145 614 3182 invitare
635 3145 680 3181 ad
703 3159 830 3195 pacem
845 3174 854 3189 ,
872 3145 1095 3181 discordan-

110 3213 162 3239 tes
182 3204 226 3239 ad
247 3203 486 3240 concordiam
514 3218 709 3250 resecare,
732 3204 967 3241 adversarios
998 3205 1092 3253 paci>

160 3336 164 3348 ¹
197 3330 494 3362 t’s.·l.=.xx›.1x,tt.

1166 2670 1276 2706 tidem
1298 2668 1484 2713 servabit,
1506 2667 1570 2717 qui
1590 2666 1832 2703 dilectoribus
1853 2667 1927 2702 suis
1950 2667 2058 2702 tidem
2082 2681 2160 2703 ser—

1165 2738 1241 2775 vat,
1262 2743 1329 2765 nec
1348 2728 1487 2764 recedit
1504 2728 1538 2763 in
1563 2736 1732 2776 tempore
1749 2726 1938 2775 angustiae.
1960 2729 2057 2762 Deus
2075 2735 2160 2762 tuus

1166 2790 1226 2826 ille
1251 2797 1326 2832 est,
1344 2801 1455 2837 quem
1478 2787 1614 2836 eligere
1635 2785 1760 2822 debes.

1219 2849 1256 2885 ft.
1279 2854 1418 2885 Omnes
1435 2847 1548 2896 igitur
1565 2844 1691 2881 cordis
1709 2844 1984 2889 ‹tisun-ictioncs,
1999 2854 2034 2881 et
2054 2859 2160 2881 men-

1167 2909 1211 2944 tis
1242 2907 1506 2944 fluctuationes
1540 2905 1576 2940 in
1612 2918 1728 2940 uuum
1762 2905 1918 2953 collige,
1953 2913 1989 2940 et
2025 2905 2061 2940 in
2096 2919 2158 2940 ‚so—-

1166 2970 1200 3003 lo
1232 2972 1312 3004 Deo
1346 2975 1465 3002 totum
1501 2965 1729 3001 desiderium
1760 2973 1864 3000 tuum
1899 2967 1988 3013 lige;
2028 2964 2077 3001 ibi
2115 2967 2156 3002 sit

1164 3042 1228 3063 ror
1258 3037 1385 3070 tuuui,
1411 3026 1473 3061 ubi
1495 3034 1550 3061 est
1572 3025 1768 3061 thesaurus
1793 3034 1879 3061 tuus
1900 3025 2160 3062 desiderabilis

1165 3088 1399 3134 multumque
1429 3085 1609 3121 amabilis
1634 3089 1716 3134 lpse
1739 3085 1838 3120 euim
1862 3085 2078 3133 frequenter
2103 3086 2159 3120 vi-

1164 3147 1249 3182 sitat
1278 3154 1314 3181 et
1345 3145 1504 3180 libenter
1533 3143 1712 3180 inhabitat
1741 3144 2048 3192 traiupiillitatem
2077 3158 2159 3179 ror-

1164 3206 1244 3252 dis,
1265 3214 1296 3241 et
1320 3205 1438 3240 otium
1458 3204 1593 3252 quieta·
1614 3204 1765 3244 tu‹·ntis;
1784 3205 1962 3252 ‹puouiam
1987 3217 2056 3252 pax
2081 3212 2132 3238 est
2151 3232 2158 3241 ,
