2418 3949
165 234 239 271 885

915 234 980 268 DE
1009 232 1206 269 PASSION
1214 232 1240 266 E
1269 231 1458 266 DOMINI.

2137 229 2213 265 886

161 311 325 348 volitans
341 310 573 360 assumpsisti
589 322 659 347 nos
672 337 681 354 ‚
703 317 740 346 et
756 309 913 359 portasti
933 309 972 346 in
988 308 1154 345 humeris
1170 308 1215 327 ⁴⁵⁷
1226 307 1285 343 cui
1302 307 1465 344 mundus
1477 314 1646 343 mortuus
1658 314 1750 352 erat,
1764 314 1801 343 et
1812 306 1892 355 ipse
1903 304 2058 340 munde.
2074 307 2216 341 Fuscus

162 372 256 419 tuis,
271 371 308 407 in
322 370 538 407 fortitudine
551 378 632 415 tua,
648 369 695 406 ad
712 368 964 406 habitaculum
985 377 1153 406 sanctum
1170 370 1202 403 A
1217 367 1371 403 effectus
1392 375 1446 402 est
1459 395 1468 411 ,
1488 367 1575 415 quia
1594 366 1824 402 decoloravit
1849 378 1934 402 euin
1955 365 2008 400 sol
2027 364 2213 413 passionis

163 437 269 466 tuum
281 458 290 475 ,
312 430 349 466 in
366 429 519 466 domum
539 429 794 465 familiaritatis
809 437 845 465 et
861 429 1038 465 claritatis
1058 437 1152 472 tuae3

164 488 229 525 ubi
250 489 295 525 de
312 502 383 525 ove
397 497 434 525 et
449 488 625 524 drachma
646 487 794 537 perdita
810 496 847 524 et
863 488 1015 524 inventa
1031 486 1154 524 fecisti

164 548 382 584 convivium
406 548 536 585 vicinis
556 555 592 583 et
611 547 738 584 amicis
754 548 827 583 tuis
843 546 1064 584 beatissimis
1081 545 1154 596 spi-

166 606 322 654 ritibus,
352 608 455 658 ipsos
478 608 644 644 hilariter
662 607 708 644 ad
734 615 834 644 tuam
863 606 1153 655 congratulatio-

166 680 252 704 nem
277 668 439 704 invitans
451 696 460 713 ,
483 667 620 703 faciens
638 667 675 702 in
694 666 796 702 coelis
812 666 988 714 gaudium
1006 665 1051 701 de
1067 678 1156 714 pec-

165 735 290 764 catore
318 727 536 777 poenitente.
569 730 615 763 Et
641 739 726 762 cum
759 725 842 762 talis
865 726 914 762 sis
945 738 987 761 ac
1007 732 1154 768 tantus,

166 795 286 823 morte
307 785 522 835 turpissima
543 784 805 821 condemnaris
819 813 829 830 ,
848 785 1096 834 spiritumque
1118 783 1157 819 in

166 859 299 883 manus
330 845 448 882 Patris
479 844 798 890 commendand0‚
834 845 956 894 capite
979 844 1157 882 inclinato

164 904 345 954 exspiras.

218 963 278 1000 27.
296 963 450 1008 Venite,
466 975 594 1012 quaeso
607 991 616 1008 ‚
635 963 882 999 etcondolete
899 963 932 999 ei
947 975 1079 1000 omnes
1092 961 1156 1011 qui

165 1022 329 1072 gaudere
347 1022 567 1059 desideratis
580 1022 618 1058 in
635 1022 812 1059 Domino.
835 1022 1027 1058 Attendite
1045 1035 1157 1058 manu

166 1083 300 1119 fortem
313 1090 499 1127 nostrum,
513 1082 707 1131 quomodo
717 1083 902 1119 contritus
918 1091 993 1128 est;
1012 1081 1162 1118 deside-

166 1141 323 1179 rabilem
342 1150 511 1180 nostrum
525 1141 736 1191 ,quomodo
753 1140 1014 1178 miserabiliter
1034 1141 1162 1178 defor-

171 1210 292 1238 matus
303 1210 377 1247 est;
393 1201 589 1251 pacificum
604 1209 790 1246 nostrum,
807 1200 998 1250 quomodo
1013 1201 1050 1237 in
1063 1200 1161 1237 bello

165 1269 399 1311 peremptus.
421 1259 498 1298 Ubi
525 1268 582 1296 est
607 1259 725 1296 rubor
751 1262 907 1296 roseus?
931 1259 996 1296 ubi
1020 1259 1162 1296 candor

162 1319 371 1369 juvenilis?
388 1319 454 1356 ubi
472 1320 511 1356 in
531 1332 693 1369 corpore
714 1328 787 1356 tam
806 1320 971 1356 contrito
989 1319 1162 1356 decorem

165 1379 337 1416 invenies
354 1381 475 1417 ?Ecce
491 1379 707 1415 defecerunt
729 1378 808 1415 dies
825 1380 943 1416 nostri
961 1379 1058 1416 dieia
1078 1382 1160 1416 Do-

166 1438 259 1475 mini
274 1442 382 1484 Jesu,
402 1438 468 1488 qui
492 1438 595 1475 solus
619 1446 675 1475 est
699 1437 780 1474 dies
808 1438 890 1475 sine
917 1437 1103 1484 tenebris,
1125 1447 1162 1475 et

168 1510 252 1534 ossa
270 1496 352 1546 ejus
368 1498 463 1534 sicut
479 1497 658 1534 cremium
673 1505 867 1533 aruerunt.
888 1499 1090 1534 Percussus
1107 1507 1163 1534 est

169 1555 264 1591 sicut
285 1555 432 1599 senum,
453 1563 490 1591 et
514 1554 613 1591 aruit
639 1568 705 1590 cor
724 1554 828 1604 cjus;
854 1555 1021 1592 elevatus
1047 1564 1102 1592 est
1127 1565 1164 1592 et

170 1615 297 1651 allisus
313 1614 440 1651 valde:
459 1614 523 1651 sed
537 1614 576 1650 in
595 1614 730 1651 decore
751 1615 962 1651 extrinseco
988 1615 1162 1651 decorem

169 1674 277 1711 simul
301 1686 387 1710 vere
408 1682 445 1709 et
469 1673 583 1710 decus
607 1674 832 1710 intrinsecus
862 1674 1058 1711 retinebat.
1078 1676 1163 1712 Noli

169 1746 259 1783 ergo
278 1733 437 1772 delicere
465 1746 536 1782 pro
556 1733 639 1782 ipso
668 1734 705 1769 in
729 1733 1037 1771 tribulationibus
1066 1735 1159 1780 tuis,

169 1793 258 1841 quia
277 1792 377 1829 hunc
393 1792 604 1841 speciosum
624 1792 742 1829 forma
758 1806 835 1842 prae
859 1794 944 1830 filiis
966 1794 1161 1831 hominum

1219 434 1255 462 et
1275 426 1463 461 charitatis
1486 426 1635 462 Christi.
1662 425 1862 463 Sciendum
1883 433 2026 469 tamen,
2049 423 2151 472 quod
2171 435 2214 459 ea

1218 497 1303 534 quae
1326 484 1488 521 diximus
1514 484 1559 519 de
1579 484 1814 520 deformitate
1837 484 2007 532 corporis
2027 482 2213 531 speciosi,

1219 557 1295 579 non
1313 543 1359 579 de
1376 544 1557 587 naturali,
1576 543 1641 579 sed
1664 543 1710 579 de
1731 542 1951 579 accidentali
1975 541 2212 577 deformitate

1220 603 1374 639 Domini
1395 603 1578 648 diximus,
1598 616 1676 638 non
1703 610 1919 639 accusantes
1945 602 1983 637 in
2005 601 2087 650 ipso
2114 600 2218 636 defe-

1221 670 1321 698 ctum
1337 670 1479 698 naturae
1491 691 1500 708 ,
1514 661 1577 698 sed
1593 662 1776 711 passionis
1788 661 2008 698 charitatem
2025 672 2216 697 commen-

1223 720 1363 757 dantes.

1572 838 1747 876 CAPUT
1776 838 1833 877 VI
1840 868 1849 876 .

1224 965 1272 993 De
1285 961 1364 993 foliis
1382 961 1452 992 vitis
1468 961 1662 1002 generaliter,
1681 961 1712 991 id
1726 967 1787 997 est,
1805 960 1843 991 de
1857 960 1950 991 variis
1967 959 2081 991 Christi
2096 958 2198 990 verbis
2210 983 2218 996 ,

1334 1015 1373 1047 ad
1392 1015 1540 1046 virtutum
1559 1014 1860 1046 commendationem
1876 1013 2099 1056 spectantibus.

1181 1082 1208 1115 Β

1280 1144 1341 1180 28.
1368 1143 1473 1181 Folia
1498 1142 1582 1179 vitis
1604 1155 1701 1192 pene
1728 1142 1897 1178 omnium
1919 1140 2098 1177 arborum
2124 1140 2220 1176 soliis

1227 1204 1489 1255 praestantiora
1518 1211 1616 1239 sunt.
1647 1202 1747 1250 Quid
1779 1210 1902 1238 autem
1936 1202 1972 1237 in
1996 1201 2116 1245 foliis,
2149 1199 2223 1235 nisi

1228 1276 1327 1300 verae
1349 1263 1439 1300 Vitis
1455 1271 1592 1299 nostrae
1604 1260 1862 1310 benignissimi
1879 1265 1967 1298 Jesu
1984 1259 2100 1296 verba
2117 1272 2222 1295 com-

1228 1322 1455 1358 mendantur
1470 1323 1484 1357 Ρ
1500 1322 1724 1359 Praeeminet
1743 1321 1780 1357 in
1804 1321 1901 1358 soliis
1917 1321 2002 1357 vitis
2023 1334 2030 1356 :
2054 1318 2226 1369 praeemi-

1228 1391 1293 1419 net
1323 1383 1361 1418 in
1396 1381 1522 1418 verbis
1544 1381 1732 1418 Dominus
1769 1384 1889 1417 Jesus.
1918 1383 2120 1417 Senserant
2153 1379 2226 1414 hoc

1227 1441 1444 1478 Judaeorum
1485 1440 1666 1486 ministri,
1696 1439 1761 1489 qui
1793 1439 1893 1475 missi
1921 1448 1962 1476 ut
1993 1438 2226 1475 adducerent

1227 1504 1378 1545 Jcsum,
1408 1500 1547 1536 reversi
1568 1508 1604 1535 et
1630 1499 1769 1549 culpati
1801 1498 2000 1534 dixerunt:
2024 1499 2223 1545 Nunquam

1229 1557 1456 1606 locutussuit
1471 1560 1578 1594 homo
1607 1563 1658 1594 sic
1669 1557 1696 1594 ⁶.
1714 1562 1799 1595 Non
1825 1565 2095 1594 accusaverunt
2121 1556 2227 1592 defe-

1229 1628 1328 1655 ctum
1345 1619 1487 1664 trunci,
1501 1618 1821 1668 pulchritudinem
1845 1618 2019 1654 soliorum
2032 1617 2222 1653 videntes:

1228 1679 1304 1715 imo
1319 1691 1388 1727 per
1409 1679 1497 1714 solia
1517 1678 1658 1727 aliquid
1686 1677 1788 1714 aliud
1803 1690 1914 1726 quam
1943 1677 2044 1726 quod
2070 1675 2228 1711 videba-

1229 1745 1303 1782 tur,
1324 1737 1360 1773 in
1379 1750 1541 1786 corpore
1560 1736 1675 1772 debili
1696 1737 1812 1772 latere
1825 1744 2035 1772 senserunt.
2052 1737 2226 1772 Senserat

1228 1797 1341 1832 etiam
1370 1800 1522 1841 Petrus,
1544 1795 1609 1845 qui
1644 1795 1770 1831 inultis
1800 1808 1820 1831 a
1851 1795 2015 1832 Domino
2043 1798 2132 1831 Jesu
2163 1806 2224 1829 re—

170 1852 350 1889 viderunt
369 1865 502 1889 omnes
521 1852 559 1888 in
578 1866 688 1889 cruce
703 1881 712 1898 ,
732 1854 796 1902 qui
814 1862 957 1890 tantum
981 1855 1168 1891 exteriora
1189 1858 1215 1893 C
1231 1856 1451 1893 cedentibus
1470 1884 1479 1899 ‚
1516 1864 1553 1892 et
1583 1856 1822 1904 interrogatis
1849 1854 1896 1891 ab
1917 1855 2000 1904 ipso
2027 1853 2227 1890 duodecim

168 1911 436 1959 intuebantur,
466 1920 503 1949 et
535 1913 712 1950 viderunt
741 1927 827 1950 eum
859 1928 934 1951 non
964 1914 1165 1952 habentem

170 1972 332 2021 speciem
351 1985 474 2021 neque
490 1972 665 2009 decorem
689 1988 695 2009 z
717 1973 780 2010 sed
802 1974 911 2011 facies
925 1973 1006 2023 ejus
1022 1974 1168 2024 abjecta

170 2041 226 2068 est
256 2032 360 2080 quasi
389 2032 576 2069 deformis.
606 2036 660 2069 De
681 2033 749 2069 hac
780 2042 902 2070 tamen
932 2033 1166 2070 deformitate

170 2091 435 2141 Redemptoris
467 2093 586 2129 nostri
619 2094 782 2130 manavit
820 2094 982 2143 pretium
1023 2094 1166 2130 decoris

173 2152 313 2196 nostri,
337 2152 401 2188 sed
422 2151 568 2189 decoris
587 2153 738 2189 interni.
760 2153 893 2190 Omnis
917 2154 1019 2190 enim
1046 2154 1166 2203 gloria

172 2211 258 2247 tiliae
276 2212 372 2260 regis
390 2211 436 2248 ab
457 2212 557 2248 intus
573 2219 594 2249 ¹.
614 2217 786 2250 Senserat
803 2213 882 2250 haec
894 2243 904 2260 ,
921 2227 1005 2263 quae
1020 2214 1059 2250 in
1075 2217 1167 2251 Can-

174 2271 248 2306 tico
268 2271 479 2308 Salomonis
497 2272 702 2320 proclamat
721 2286 728 2307 z
748 2275 868 2320 Nigra
890 2287 970 2308 sum
983 2301 992 2316 ,
1013 2272 1168 2320 serlsor-

172 2331 410 2377 lteo.s·c1,filioe
425 2332 655 2375 Jerusalem,
671 2336 764 2367 sieut
783 2336 900 2380 pelles
917 2334 1123 2368 Salomonis
1138 2339 1163 2368 ².

172 2389 248 2426 Nisi
264 2402 400 2439 corpus
416 2391 567 2427 Domini
590 2395 679 2428 Jesu
700 2391 868 2428 deforme
890 2392 1018 2428 fuisset
1033 2421 1041 2437 ,
1060 2391 1168 2440 cujus

173 2448 405 2498 nigredinem
433 2462 546 2499 supra
574 2464 644 2500 pro
673 2459 779 2500 parte
807 2452 973 2487 exsecuti
1009 2464 1166 2498 sumus;

173 2507 444 2546 formositatem
475 2511 715 2547 intrinsecam
748 2510 851 2561 (quia
871 2512 908 2548 in
937 2511 1020 2561 ipso
1049 2512 1171 2548 omnis

174 2568 371 2617 plenitudo
394 2569 613 2618 divinitatis)
631 2570 716 2620 quis
736 2570 954 2607 enarrabit?
971 2571 1172 2607 Deforme-

1232 1916 1423 1967 Apostolis
1436 1945 1444 1960 ‚
1466 1918 1662 1964 Numquid
1673 1925 1707 1951 et
1720 1929 1785 1951 vos
1799 1917 1909 1951 vullis·
1925 1914 2230 1962 ubire.³1·espon-

1234 1976 1288 2012 dit
1308 1991 1314 2012 :
1338 1978 1523 2019 Domine,
1547 1990 1618 2023 quo
1641 1975 1802 2011 ibinum?
1822 1974 1935 2010 verbu
1959 1979 2051 2010 viloe
2076 1983 2229 2008 (εἴπητε

1233 2036 1344 2072 habes
1358 2043 1384 2083 73
1406 2044 1442 2072 ct
1463 2049 1531 2071 nos
1548 2035 1593 2071 ad
1608 2048 1719 2084 quem
1736 2034 1899 2070 ibimus?
1917 2033 2022 2071 absit.
2046 2037 2098 2069 Ac
2118 2033 2148 2068 si
2169 2032 2229 2068 di-

1234 2105 1333 2132 ceret
1354 2110 1360 2131 z
1381 2095 1484 2132 Folia
1511 2095 1763 2144 pulcherrima
1792 2092 1929 2138 habes,
1968 2106 2051 2142 quae
2083 2106 2151 2128 nos
2183 2090 2229 2127 ab

1234 2156 1337 2191 omni
1353 2164 1443 2191 {estu
1464 2162 1675 2204 protegant.
1698 2157 1752 2189 Da
1774 2153 1884 2188 nobis
1905 2166 1994 2201 ergo
2016 2153 2130 2188 alium
2147 2151 2230 2201 pul-

1234 2215 1438 2259 chriorem,
1456 2214 1559 2250 idest
1581 2214 1774 2249 meliorem
1793 2221 1839 2258 te,
1858 2221 1894 2248 et
1912 2212 2048 2249 ibimus
2062 2212 2107 2248 ad
2122 2212 2226 2247 illum

1234 2273 1300 2310 abs
1324 2282 1369 2310 te.
1398 2277 1518 2321 Quem
1542 2273 1629 2322 quia
1650 2273 1739 2309 dare
1760 2285 1836 2308 non
1863 2281 1990 2321 potes,
2011 2272 2076 2320 qui
2098 2270 2225 2307 omnia

1233 2340 1361 2381 potes,
1380 2331 1426 2367 ad
1446 2345 1557 2380 quem
1576 2331 1713 2368 ibimus
1732 2331 1986 2380 relinquentes
2004 2339 2038 2367 te
2056 2333 2070 2366 ?
2089 2334 2224 2367 Sense-

1235 2400 1291 2428 rat
1312 2391 1449 2427 horum
1473 2391 1647 2427 foliorum
1661 2419 1670 2435 ,
1691 2391 1726 2427 id
1747 2399 1801 2427 est
1817 2419 1826 2436 ,
1850 2390 2053 2426 verborum
2072 2388 2224 2438 benigni

1234 2455 1322 2488 ,lesu
1337 2479 1346 2496 ,
1367 2451 1568 2496 virtutem,
1590 2464 1673 2499 quae
1699 2451 1877 2499 loquente
1899 2450 1980 2499 ipso
2006 2450 2051 2486 ad
2077 2449 2227 2493 turbas,

1236 2511 1272 2547 in
1292 2511 1469 2547 foliorum
1500 2509 1785 2560 pulchritudine
1803 2510 1980 2559 singulari
2007 2511 2128 2546 lactata
2155 2521 2232 2545 non

1238 2570 1446 2620 cogitabat,
1463 2584 1530 2607 nec
1552 2571 1662 2606 tacite
1683 2570 1855 2619 quidem,
1877 2569 1940 2605 sed
1965 2570 2150 2605 extollens
2165 2581 2232 2604 vo-

175 2640 260 2664 mur
272 2628 385 2677 igitur
397 2637 433 2665 et
449 2642 517 2666 nos
531 2630 568 2665 in
582 2643 741 2679 corpore
756 2631 989 2667 extrinsecus
1002 2643 1086 2666 cum
1105 2630 1170 2666 de·
1187 2637 1219 2670 D
1235 2644 1314 2667 ceni
1333 2630 1425 2666 (lixit
1442 2645 1448 2666 :
1466 2633 1603 2665 Beatus
1618 2634 1820 2677 venter-qui
1835 2634 2056 2677 tepor-tavit,
2076 2638 2109 2663 ce
2120 2628 2232 2664 ubera

176 2686 337 2723 formato
351 2691 438 2724 Jcsu
451 2715 461 2733 ,
480 2696 521 2724 ut
542 2688 790 2725 reformemur
810 2689 968 2725 interius
988 2689 1025 2725 in
1045 2690 1167 2725 anima

175 2759 259 2781 cum
283 2747 447 2783 formoso
471 2751 573 2784 Jesu.
597 2749 887 2785 Conl'ormemur
904 2749 1053 2798 corpori
1074 2749 1168 2786 vitis

176 2814 314 2842 nostrat
339 2807 376 2842 in
403 2820 562 2856 corpore
593 2815 722 2844 nostro
737 2836 746 2853 ,
769 2816 811 2843 ut
835 2808 1012 2844 reformet
1031 2821 1169 2857 corpus

176 2866 420 2903 humanitatis
445 2875 582 2902 nosti-:e
598 2868 869 2915 configuratum
888 2868 1038 2916 corpori
1060 2868 1170 2903 clari-

178 2927 262 2963 tatis
281 2940 367 2963 stuc.
390 2927 601 2963 Imitatores
616 2927 732 2964 simus
750 2928 850 2964 Pauli
867 2928 1051 2977 apostoli,
1077 2928 1171 2964 sicut

181 2987 262 3035 ipse
287 2985 462 3032 Christi3,
488 2987 551 3035 qui
577 2987 622 3023 de
650 3000 688 3023 se
706 2987 817 3032 dicit,
839 2988 982 3023 Christo
1003 2988 1170 3033 ‹mfioeus

177 3061 257 3081 snm
275 3046 393 3081 eruci-i
411 3061 417 3082 :
434 3054 470 3082 et
486 3045 573 3082 alibi
588 3074 597 3091 ,
620 3049 698 3094 Ego
717 3061 861 3094 semper
869 3057 977 3095 porto
997 3052 1170 3095 stigmata

178 3107 264 3141 Iesu
276 3106 406 3141 Christi
423 3111 460 3141 in
478 3120 627 3154 corpore
643 3105 758 3142 1m¹o⁵.
780 3110 877 3142 Bene
898 3107 1069 3156 portabat
1088 3107 1170 3142 clia-

180 3174 359 3203 racterem
376 3166 558 3216 passionis
570 3171 658 3204 Jesu
680 3167 815 3204 Christi
844 3167 880 3203 in
907 3180 1066 3215 corpore
1081 3180 1169 3210 suo,

231 3299 237 3313 ¹
262 3294 338 3324 l‘sal.
356 3305 443 3329 κων,
470 3297 519 3324 1ἰ.
536 3312 575 3315 ⁷-
595 3300 605 3314 '¹-
624 3296 740 3325 (lantir.
760 3308 789 3330 ι,
816 3298 839 3326 i.

181 3347 256 3377 7111.
277 3351 405 3381 v1,0s.
432 3351 484 3377 aa.
502 3364 544 3370 -—-
561 3345 574 3367 ⁸
596 3351 666 3379 ι,ιι«·.
685 3359 734 3383 xn.
756 3351 808 3378 27.

881 3314 901 3317 -
921 3294 1170 3329 ³t(1·u·.x1‚t.

1232 2705 1320 2739 quw
1341 2689 1511 2725 surius&
1535 2693 1630 2726 Vere
1647 2689 1754 2725 beata
1768 2718 1776 2731 ‚
1796 2689 1870 2724 imo
1883 2688 2093 2724 beatissima
2116 2696 2229 2730 terra,

1234 2763 1317 2799 qua·
1336 2750 1443 2785 talem
1468 2749 1602 2784 tulerat
1624 2749 1754 2792 vitem,
1772 2748 1878 2795 xirgO
1899 2748 2012 2783 Maria
2035 2755 2152 2782 mater
2171 2751 2234 2783 Je—

1235 2823 1276 2845 su
1294 2824 1301 2845 t
1316 2817 1449 2844 vereet
1471 2817 1508 2844 tu
1528 2808 1636 2844 licata
1651 2837 1659 2853 ,
1685 2822 1767 2857 qua·
1785 2808 1958 2843 soliorum
1980 2806 2232 2856 pulchritudi—

1238 2883 1284 2905 ne
1301 2868 1552 2912 considerata,
1572 2868 1667 2903 inter
1685 2876 1737 2903 tot
1753 2867 2064 2903 calumniantium
2084 2866 2233 2902 iusidias

1237 2929 1313 2964 sola
1344 2928 1489 2963 xeritati
1527 2927 1780 2963 testiumniutn
1812 2927 1989 2963 audacter
2022 2926 2227 2976 praebuisti.

1236 2988 1306 3025 Sed
1330 2988 1442 3023 credo
1469 2987 1570 3036 quod
1595 2987 1671 3036 jam
1704 3001 1803 3023 nune
1831 3001 2001 3036 maguam
2030 2987 2166 3026 habes,
2196 2995 2233 3023 et

1238 3047 1417 3095 majorem
1450 3047 1620 3083 habitura
1650 3049 1697 3083 sis
1726 3047 1837 3096 hujus
1864 3048 2107 3084 confessimiis
2138 3061 2234 3083 mer-

1236 3108 1363 3143 cedem
1376 3136 1384 3152 ,
1402 3107 1480 3156 ipsa
1496 3108 1677 3151 Yet-itate,
1693 3108 1751 3143 rui
1771 3108 2023 3143 testimonium
2047 3106 2238 3156 perhibui-

1238 3167 1304 3209 sti,
1326 3165 1401 3213 jain
1426 3175 1460 3202 te
1481 3168 1684 3203 confitente
1702 3181 1828 3203 eoram
1850 3171 1954 3203 l‘atre
1976 3181 2064 3205 sum
2081 3175 2113 3202 et
2135 3166 2233 3201 hunc

1212 3295 1506 3325 -⁸‹'.;·l,it,1=.t⁴.›.
1593 3293 1810 3325 ·t‹l.=1,t.‘.

1418 3351 1428 3361 ’“
1449 3350 1549 3377 ΙΙιιμΙ,
1575 3353 1688 3375 mrsrra·
1707 3345 1766 3376 alic]

1885 3298 1898 3311 ”
1920 3297 2009 3323 41μ.ιιι.
2033 3307 2042 3321 x
2058 3306 2096 3325 ιι,
2128 3305 2159 3323 ιι·
