2504 3928
350 195 395 230 37
1117 202 1407 238 GlLLEBERTI
1436 205 1634 239 AlumTls
2343 207 2392 240 88

348 269 512 318 quodam
546 280 644 307 metu
677 273 896 318 amittendi,
935 288 1003 324 pro
1038 278 1156 314 multo
1198 280 1332 315 al'l'ectu
1349 278 1379 296 ³³²
1399 281 1632 329 antiquitati,
1654 281 1754 316 aliud
1774 280 1886 330 hujus
1910 282 2068 317 novitati
2089 282 2206 319 daret.
2232 286 2396 332 'l‘empus

348 329 560 364 retinendi?
584 334 662 367 Non
694 340 748 367 est
778 341 900 369 tamen
927 348 1180 384 supervacuus
1203 338 1336 384 timor,
1355 342 1383 375 A
1402 333 1501 376 euim
1519 341 1672 385 suendi,
1688 349 1725 376 et
1746 350 1892 391 tempus
1912 342 2104 378 scindendi
2119 341 2143 377 ⁵.
2164 343 2280 379 Simul
2295 343 2394 379 enim

348 386 410 422 ubi
429 388 549 423 exitus
573 390 608 424 iu
634 391 784 439 ancipiti
807 393 956 440 pendet.
982 398 1061 431 Non
1083 406 1136 433 est
1156 411 1336 446 superva-

346 459 438 482 cuus
459 447 556 482 iuter
584 450 747 496 pericula
777 461 909 489 metus.
940 454 1010 490 Sed
1037 455 1240 494 domestica
1270 457 1335 494 tibi

349 505 463 552 magis
485 508 683 543 metuenda
707 518 761 545 est
783 511 923 548 levitas.
955 516 1044 550 Nam
1069 519 1167 552 Deus
1196 517 1278 561 ille,
1298 525 1334 553 et

348 576 422 597 uon
445 573 620 602 mutatur.
643 570 770 604 lunata
802 569 866 606 tibi
900 572 1029 610 levitas
1058 574 1179 612 vicina
1208 585 1262 612 cst
1284 577 1336 613 la-

347 622 452 669 psui,
481 632 517 659 et
545 624 708 663 instabili
738 630 901 678 quodam
936 645 1037 681 x‘agae
1065 636 1198 671 mentis
1230 645 1335 672 motu

347 682 517 718 l'aeillime
543 683 743 734 abriperis,
768 689 796 724 si
819 703 893 726 non
918 692 1022 728 firme
1041 693 1254 731 adhaeseris.

399 741 435 776 2.
454 741 525 777 Sed
545 756 614 779 nos
626 743 703 792 jam
722 746 766 783 ad
787 749 1011 796 primitivam
1034 752 1147 789 verba
1175 753 1252 789 lia-e
1278 768 1336 790 rc—

346 799 506 838 l'eramus
539 804 748 843 l⁴lcclesiaur
782 806 870 856 Ejus
902 810 999 846 euim
1031 825 1110 848 esse
1140 813 1336 859 videntur,

348 858 431 895 lidei
455 869 490 896 et
515 863 703 901 eharitatis
723 866 809 914 jura
835 868 1013 905 adversus
1033 873 1335 919 persecutionum

347 917 503 965 injurias
529 924 747 972 prophetica
771 927 930 975 (piadam
950 931 1242 980 praesumptione
1266 932 1336 968 sibi

348 977 593 1018 defendentis.
633 984 723 1021 Vide
754 987 890 1023 etenim
930 1002 1040 1037 quam
1076 990 1183 1026 multi
1212 992 1335 1028 conati

1401 409 1438 435 et
1467 401 1527 436 illa
1558 408 1742 450 praecepta
1768 409 1876 445 sunt,
1906 409 1942 436 et
1971 401 2037 436 ista
2076 401 2250 450 praedicta
2292 409 2392 437 sunt.

1401 458 1471 495 Sed
1491 460 1527 495 in
1547 460 1617 495 illis
1645 461 1780 507 ligura,
1800 460 1869 496 ista
1886 459 1955 496 sub
1973 460 2112 508 liguris.
2136 460 2297 497 Ecclesia
2317 459 2395 509 jani

1403 518 1469 555 ista
1495 519 1629 554 dividit
1654 527 1690 554 et
1715 518 1853 554 scindit
1875 532 1959 567 quae
1986 519 2133 555 fuerant
2155 528 2309 556 consuta
2330 533 2337 555 :
2357 527 2397 557 et

1403 577 1432 613 si
1464 578 1567 613 novit
1594 578 1752 613 litteram
1775 577 1974 626 aliquando
1999 578 2203 614 secundum
2220 591 2368 615 carnem
2383 606 2393 624 ,

1404 636 1467 673 sed
1492 636 1568 685 jam
1594 650 1669 672 non
1699 637 1803 672 novit
1826 640 2019 685 Synagoga
2044 649 2157 686 quem
2183 637 2395 674 involutum

1404 696 1506 744 quasi
1529 696 1666 739 tenuit,
1687 695 1890 732 revelatum
1908 695 2074 733 dimittit.

1455 756 1490 790 3.
1512 753 1675 790 Ecclesia
1693 754 1782 790 dicit
1800 769 1806 790 :
1827 756 1958 799 Termi,
1978 769 2044 790 uec
2059 757 2254 791 diluiuum.
2270 757 2394 804 Syna-

1401 825 1495 860 goga
1521 812 1720 861 reprobat,
1739 813 1815 849 imo
1835 821 1873 849 et
1897 812 2101 862 exprobrat
2122 828 2130 850 :
2151 813 2217 850 sed
2236 814 2397 851 Ecclesia

1402 885 1478 908 non
1505 880 1657 908 veretur
1679 886 1700 908 a
1723 886 1814 909 voce
1845 872 2111 922 exprobrantis
2134 881 2171 910 et
2192 872 2400 922 obloquen-

1403 931 1469 976 tis,
1498 944 1519 967 a
1548 931 1637 967 facie
1672 932 1814 968 inimici
1844 941 1880 968 et
1921 932 2194 981 persequentis.
2226 933 2398 981 Denique

1402 1002 1532 1025 servus
1557 990 1617 1026 ille
1642 1003 1802 1039 nequam
1826 991 1917 1026 dicit
1938 990 1975 1026 in
2000 990 2114 1027 eorde
2133 1003 2201 1027 suo
2225 1004 2232 1026 :
2253 993 2396 1028 Moram

347 1046 434 1073 sunt
459 1040 651 1088 spirituale
675 1043 745 1079 hoc
766 1045 900 1082 Christi
921 1056 957 1083 et
986 1049 1176 1093 Ecclesiae,
1194 1050 1251 1085 vel
1276 1049 1335 1085 di·
1359 1043 1495 1094 sssaat
1523 1052 1701 1084 Dominus
1728 1063 1826 1085 meus
1852 1048 2019 1085 vent're5.
2054 1053 2099 1086 Et
2123 1049 2208 1086 ideo
2235 1051 2399 1099 percutit

348 1096 503 1142 vellere,
538 1101 593 1136 vel
629 1101 840 1140 adulterare
870 1106 1116 1143 connubium.
1160 1111 1336 1145 Contem-

349 1155 451 1203 plare
478 1157 599 1195 adlmc
628 1161 730 1198 initia
761 1163 931 1201 lactentis
957 1167 1152 1212 Ecclesiae,
1183 1167 1335 1216 (plaudo

350 1216 450 1251 velut
471 1230 567 1254 nova
589 1229 704 1269 nupta
728 1221 764 1257 iu
788 1223 927 1271 primos
949 1225 1083 1262 Christi
1107 1226 1337 1275 properabat

347 1276 552 1324 amplexus.
580 1281 677 1326 Quid
699 1282 853 1328 furoris,
876 1284 966 1332 quid
993 1285 1130 1322 fraudis
1152 1286 1222 1322 illis
1237 1315 1246 1332 ‚
1277 1291 1336 1323 Je-

347 1345 387 1367 su
413 1333 529 1380 bone,
561 1339 735 1376 sustinuit
761 1341 912 1378 diebus!
947 1343 1154 1392 Oportebat
1182 1345 1333 1393 quidem

349 1392 504 1431 haereses
524 1410 624 1443 esse,
647 1400 846 1448 oportebat
872 1411 909 1438 et
935 1404 1214 1452 persecutiones
1235 1417 1334 1450 esse,

346 1462 386 1488 ut
408 1462 509 1491 tanto
537 1457 744 1495 adhaereret
765 1461 902 1497 dilecto
930 1463 1110 1508 tenacius,
1129 1472 1272 1512 quanto
1289 1463 1335 1500 ab

344 1512 423 1558 ejus
451 1515 507 1550 vel
541 1517 636 1561 lide,
670 1519 725 1554 vel
749 1521 982 1557 confessione
1011 1523 1270 1559 vehementius
1296 1537 1335 1560 se

341 1570 515 1622 abrumpi
550 1575 714 1613 ridebat.
737 1580 828 1624 Quis
859 1594 944 1625 nos,
974 1581 1096 1630 inquit
1130 1595 1227 1618 unus
1263 1595 1333 1631 pro

345 1630 517 1668 universa
548 1635 730 1680 Ecclesia,
765 1638 954 1685 separabit
974 1654 997 1674 a
1017 1642 1195 1676 (.·l!(lr!'l(lle
1227 1642 1333 1677 Cleri—

342 1694 387 1723 .=ci
405 1692 439 1725 ¹?
462 1693 634 1741 Denique
661 1708 735 1731 non
753 1698 861 1733 estin
884 1699 956 1735 illis
978 1700 1034 1735 vel
1058 1700 1142 1736 fidei
1160 1709 1335 1750 corrupta

342 1749 498 1795 veritas,
518 1753 575 1788 vel
594 1755 837 1792 confessionis
861 1757 1035 1795 obturanti
1054 1758 1213 1796 libertas.
1247 1761 1336 1794 Pro-

1402 1120 1541 1156 pueros
1577 1109 1751 1154 Domini,
1783 1109 1870 1157 quia
1901 1107 1978 1156 jam
2016 1108 2097 1157 ejus
2131 1117 2321 1145 noverunt
2361 1118 2398 1146 et

1402 1166 1577 1202 nuntiant
1600 1167 1805 1203 adventum
1831 1182 1838 1203 :
1860 1167 1924 1203 sed
1951 1167 2003 1203 illi
2032 1175 2188 1217 propter
2208 1167 2295 1204 Sion
2320 1181 2397 1205 non

1403 1232 1546 1272 tacent,
1581 1234 1617 1262 et
1657 1235 1814 1276 propter
1846 1227 2051 1263 Jerusalem
2083 1240 2158 1263 non
2188 1227 2395 1276 quiescunt.

1400 1285 1544 1332 Corpus
1567 1293 1725 1333 possunt
1743 1294 1958 1334 percutere,
1977 1298 2052 1321 non
2076 1294 2232 1335 possunt
2252 1285 2299 1322 ab
2315 1287 2399 1323 ani—

1401 1356 1462 1378 mo
1489 1344 1676 1380 Christum
1704 1353 1892 1381 excutere.
1919 1345 2090 1393 Flagellis
2116 1345 2258 1382 firmius
2287 1346 2398 1395 ligata

1401 1411 1455 1438 est
1486 1402 1523 1438 in
1553 1403 1665 1440 eorde
1698 1417 1828 1440 eorum
1857 1404 2004 1440 affectio
2029 1404 2179 1441 Christi.
2208 1407 2250 1440 In
2281 1417 2398 1453 syna—

1399 1461 1504 1510 gogis
1530 1462 1701 1510 flagellati
1730 1471 1839 1507 sunt,
1872 1463 1909 1498 in
1943 1463 2130 1499 custodias
2167 1463 2315 1508 traditi,
2351 1464 2397 1500 ad

1401 1520 1595 1556 cathedras
1620 1521 1725 1557 tracti
1753 1536 1759 1557 :
1788 1522 1850 1557 sed
1875 1522 2037 1570 gaudent
2059 1522 2097 1557 in
2122 1522 2178 1558 his
2198 1522 2398 1569 omnibus,

1400 1579 1487 1628 quia
1514 1579 1616 1627 (ligni
1647 1579 1764 1616 habiti
1794 1589 1881 1616 sunt
1905 1594 1973 1630 pro
1990 1581 2142 1617 nomine
2156 1585 2244 1618 Jesu
2267 1590 2399 1618 contu-

1401 1639 1529 1674 melias
1547 1639 1636 1688 pati.
1664 1641 1798 1682 Termi,
1816 1654 1882 1675 nec
1895 1642 2078 1675 dimittam
2100 1642 2221 1676 illum.
2246 1641 2395 1685 Tenuit,

1400 1699 1486 1747 quia
1517 1712 1592 1734 non
1626 1700 1759 1735 timuit.
1793 1703 1876 1736 Non
1911 1700 2035 1736 timuit
2065 1699 2153 1735 dum
2183 1698 2398 1737 turbaretur

1401 1759 1523 1794 omnis
1540 1767 1638 1794 terra
1651 1788 1660 1803 ,
1678 1767 1714 1795 et
1731 1758 1892 1807 majores
1911 1759 2040 1795 muudi
2060 1758 2172 1808 hujus
2195 1767 2397 1808 potestates

337 1816 421 1852 wer
440 1811 528 1845 Sam
541 1839 552 1854 ,
575 1812 718 1862 inquit,
740 1829 812 1850 mm
842 1817 988 1861 tacebo,
1012 1827 1046 1853 et
1059 1828 1211 1866 propter
1228 1821 1335 1853 Jeru-
1354 1812 1381 1846 C
1402 1817 1692 1854 transferrentur
1715 1818 1895 1854 adversus
1912 1819 2011 1854 illam
2030 1819 2067 1854 in
2088 1831 2154 1854 cor
2174 1818 2395 1855 amaritudi-

342 1870 458 1903 ινιιΙιίη
481 1883 555 1905 mm
576 1877 762 1919 quiescam
781 1881 807 1910 ³.
829 1876 938 1912 Caesis
958 1877 994 1912 in
1016 1890 1202 1925 synagoga
1223 1877 1334 1912 disci-

345 1926 441 1973 pulis
483 1927 745 1968 ‹leuuntiatum
780 1942 834 1969 est
865 1943 905 1970 ut
945 1943 1123 1971 tacerent.
1167 1935 1237 1971 Sed
1286 1935 1337 1971 illi

345 1993 503 2032 propter
523 1987 609 2023 Sion
630 2002 705 2025 uon
729 1999 870 2036 tacent,
894 2000 929 2028 et
951 2001 1108 2042 propter
1131 1994 1336 2030 Jerusalem

344 2043 443 2079 illam
470 2048 654 2084 carnalem
683 2063 757 2086 non
790 2052 989 2100 quiescunt
1007 2051 1032 2089 3.
1061 2056 1158 2089 Vere
1180 2054 1338 2090 carnalis

344 2106 551 2154 synagoga,
564 2120 647 2155 quse
663 2109 911 2147 vivificantem
932 2112 968 2147 in
986 2124 1024 2148 se
1040 2112 1216 2148 exstinxit
1232 2113 1338 2162 spiri-

345 2169 443 2207 tam,
463 2173 498 2199 et
514 2167 685 2203 Ecclesiae
708 2178 932 2219 extorquere
951 2180 1119 2208 conatur.
1139 2175 1220 2207 Non
1242 2185 1332 2221 pro-

346 2219 449 2256 bavit
474 2223 657 2261 Christum
686 2227 823 2264 habere
847 2230 883 2264 in
913 2230 1065 2274 notitia;
1087 2229 1171 2265 ideo
1203 2230 1335 2266 tradita

345 2288 399 2314 est
421 2280 456 2316 in
478 2283 679 2331 reprobum
698 2300 859 2324 sensum.
878 2287 1110 2337 Reprobavit
1126 2289 1224 2324 enim
1244 2289 1337 2338 lapi—

347 2338 431 2375 dem
450 2341 668 2390 probatum‚
687 2346 846 2395 lapidem
864 2348 1023 2383 electum
1042 2363 1049 2383 :
1068 2349 1185 2384 tenuit
1204 2349 1336 2397 legem,

347 2399 411 2434 sed
438 2400 623 2439 Christum
656 2406 810 2441 nescivit
836 2421 842 2442 :
866 2407 948 2442 tulit
984 2408 1124 2443 clavem
1154 2407 1336 2452 scicntiae,

348 2470 416 2493 nec
446 2459 525 2508 ipsa
555 2461 744 2509 introivit,
774 2478 841 2501 nec
870 2466 961 2501 alios
990 2466 1130 2502 intrare
1158 2467 1335 2515 permisit.

349 2520 446 2566 Quid
476 2520 584 2557 nobis
614 2522 773 2567 claudis,
806 2523 941 2572 quibus
971 2523 1137 2561 Christus
1168 2524 1339 2573 aperuit?

1402 1876 1472 1912 nis.
1490 1876 1728 1925 Agglutinata
1748 1885 1803 1913 est
1822 1891 1962 1927 sponso
1987 1878 2157 1914 funiculo
2175 1877 2239 1927 qui
2266 1878 2393 1927 rumpi

1404 1948 1479 1971 non
1507 1944 1672 1984 poterat,
1699 1937 1865 1972 funiculo
1892 1937 2080 1973 charitatis
2106 1936 2171 1986 qui
2200 1936 2318 1972 nescit
2336 1949 2396 1972 ex-

1403 1995 1498 2040 cidi,
1527 1994 1614 2043 quia
1644 1995 1705 2031 illa
1735 2009 1929 2045 nunquam
1969 1995 2109 2032 excidit
2137 2009 2145 2031 ε
2178 1994 2399 2031 fiducialiter

1403 2054 1496 2102 egit,
1516 2054 1603 2102 quia
1620 2054 1801 2090 charitate
1827 2055 1993 2092 adhaesit.
2013 2055 2084 2102 Qui
2105 2054 2205 2090 enim
2232 2053 2398 2091 adhaeret

1402 2116 1505 2157 Deo,
1534 2125 1631 2148 unus
1661 2121 1715 2148 est
1746 2113 1929 2162 spiritus7
1962 2127 1970 2148 :
1999 2113 2064 2150 ubi
2083 2121 2208 2149 autem
2238 2113 2398 2162 Spiritus

1399 2171 1550 2208 Domini
1564 2200 1572 2216 ‚
1590 2170 1640 2207 ibi
1659 2171 1812 2208 libertas
1826 2171 1854 2208 ⁸.
1881 2172 1971 2208 Ideo
1997 2171 2114 2208 libere
2138 2172 2237 2220 egit,
2258 2180 2296 2208 et
2315 2172 2397 2221 spei

1401 2242 1476 2266 suae
1516 2230 1787 2266 confessionem
1831 2231 1952 2267 tenuit
1992 2229 2309 2267 indeclinabilem.
2352 2234 2399 2267 Et

1405 2295 1492 2323 tunc
1518 2288 1670 2336 quidem
1700 2289 1879 2326 fatuitatis
1906 2302 1964 2325 res
1993 2289 2084 2326 fides
2113 2288 2331 2335 videbatur,
2361 2297 2399 2326 et

1403 2347 1624 2383 confusione
1649 2347 1758 2396 digna
1787 2348 1985 2384 consessio.
2011 2347 2108 2395 Quid
2138 2348 2396 2385 confusionem

1406 2406 1588 2441 nomino?
1608 2407 1775 2442 Extremi
1801 2420 1860 2443 res
1882 2415 1960 2443 erat
1976 2407 2147 2456 periculi.
2167 2410 2250 2444 Non
2274 2415 2397 2443 tamen

1406 2465 1534 2501 timere
1558 2473 1731 2513 poterant
1752 2478 1815 2501 eos
1839 2466 1903 2514 qui
1920 2466 2094 2502 occidunt
2109 2479 2258 2516 corpus.
2276 2466 2398 2515 Spiri-

1406 2532 1464 2560 tus
1492 2524 1591 2559 enim
1619 2524 1704 2560 vitae
1733 2533 1818 2560 ante
1858 2525 1987 2561 faciem
2024 2525 2194 2571 illorum,
2230 2524 2397 2562 Christus

347 2582 468 2627 Super
486 2579 680 2616 humerum
703 2581 782 2630 ejus
806 2582 919 2618 clavis
939 2582 1074 2619 domus
1092 2582 1232 2627 David,
1253 2595 1336 2630 quae
1357 2586 1388 2619 D
1404 2583 1589 2619 Dominus
1602 2590 1631 2619 9.
1662 2583 1750 2619 Ideo
1775 2592 1811 2619 et
1837 2597 1856 2619 a
1887 2597 1998 2620 carne
2038 2584 2148 2620 avelli
2183 2597 2221 2621 se
2256 2583 2398 2621 facilius

349 2639 490 2686 aperit,
511 2647 545 2675 et
567 2653 678 2675 nemo
698 2641 854 2688 claudit3
873 2642 1035 2687 claudit,
1058 2651 1095 2678 et
1115 2655 1225 2678 nemo
1247 2655 1337 2691 ape-

349 2699 436 2735 rit⁴'.
462 2700 620 2748 Aperuit
648 2701 851 2746 Gentibus,
872 2710 907 2738 et
930 2702 1060 2738 elausit
1087 2702 1238 2739 Judaeis.
1262 2705 1338 2739 (2ae-

347 2761 438 2796 citas
461 2760 559 2796 enim
582 2760 618 2796 in
644 2761 754 2797 Israel
776 2762 931 2811 contigit
948 2775 991 2798 ex
1015 2770 1142 2811 parte,
1167 2769 1208 2797 ut
1233 2763 1336 2797 Gen-

350 2821 439 2855 tium
459 2821 653 2868 plenitudo
681 2821 846 2858 intraret.
866 2825 967 2859 Ca¹ca
984 2830 1039 2858 est
1057 2821 1206 2866 Jmlaea,
1238 2829 1273 2856 et
1300 2821 1335 2856 in

349 2879 478 2915 littera»
512 2880 696 2915 velamine
722 2881 858 2916 ostium
883 2881 1050 2917 invenire
1077 2881 1207 2917 nescit.
1238 2882 1336 2928 Syn-

349 2941 474 2985 agoga‘
491 2939 666 2987 pra-dieat
690 2941 878 2984 velamen,
912 2940 1091 2991 reprobat
1123 2941 1336 2985 veritatem,

352 3011 426 3033 non
445 3007 541 3034 recte
560 2999 615 3033 vel
634 3000 883 3043 ‹›s1'‹·rons‚vcl
904 3000 1088 3035 dividens.
1109 3003 1223 3035 Recte
1237 2998 1335 3034 enim

348 3056 549 3101 divideret,
577 3058 604 3093 si
632 3058 761 3093 littera*v
779 3057 1078 3094 observationem
1105 3058 1152 3094 ab
1174 3057 1254 3106 ejus
1281 3057 1337 3093 in—

349 3117 615 3166 terpretatione
631 3117 873 3165 distingueret
890 3133 898 3154 :
918 3118 945 3154 si
962 3118 1062 3154 aliud
1080 3127 1226 3167 tempus
1241 3117 1338 3153 illius

402 3249 964 3284 ¹}toin.x=1=,.'³:,.-stſsaiuxn,
987 3253 1012 3279 1.

358 3308 417 3335 ἢῆ,
443 3304 490 3331 ὶῖὶ.
517 3320 545 3322 -—
567 3304 844 3337 7lt'.‹›1.x1,17.
893 3322 898 3323 ν
923 3304 1249 3339 ⁸11(1‹==.111,t†.>

1049 3269 1071 3271 --
1088 3248 1184 3279 3Αι-ι.
1204 3261 1233 3285 x,
1257 3252 1396 3279 ’.ω-’.ἐμ

1301 3307 1315 3322 ‘¹
1330 3304 1345 3330 'l
1361 3300 1445 3329 hrcu.
1471 3312 1515 3330 iv.
1537 3305 1588 3329 Tm.

1405 2641 1501 2690 passi
1532 2650 1638 2684 sunt,
1667 2656 1778 2690 quam
1805 2642 1853 2679 ab
1879 2642 1960 2691 ejus
1980 2643 2171 2679 charitate.
2200 2643 2300 2680 Nihil
2326 2642 2397 2680 sibi

1405 2700 1451 2737 de
1477 2714 1515 2737 se
1542 2701 1720 2747 retinuit,
1750 2711 1790 2737 ut
1823 2702 1928 2738 illum
1958 2710 2112 2738 teneret.
2140 2701 2229 2738 Ideo
2267 2701 2357 2737 dicit
2387 2717 2395 2739 t

1407 2763 1539 2803 Tenui,
1562 2774 1627 2795 net·
1645 2762 1826 2796 ‹lImitmm
1845 2764 1961 2797 illam.
1990 2762 2104 2798 Plane
2124 2761 2221 2797 inter
2245 2768 2298 2796 tot
2314 2773 2399 2809 per-

1402 2827 1588 2855 vertentes
1620 2827 1655 2854 et
1687 2828 1954 2868 persequentes
1994 2820 2113 2856 tenuit
2153 2827 2330 2864 strenue,
2362 2828 2399 2857 et

1402 2878 1490 2914 dum
1517 2878 1638 2914 adhue
1664 2886 1790 2913 tenera
1817 2887 1895 2915 erat
1920 2887 2055 2915 nostrze
2081 2878 2165 2914 fidei
2193 2887 2293 2915 aetas.

1457 2937 1490 2973 4.
1517 2939 1639 2971 Donec
1661 2940 1890 2972 inlr-mlucam
1913 2941 2016 2973 illum
2041 2942 2079 2973 ιἰι
2101 2939 2246 2972 damnem
2269 2941 2397 2972 matris

1403 3011 1508 3032 mem.
1526 3001 1606 3033 ,lam
1630 2997 1845 3032 introducta
1864 3006 1919 3032 est
1942 2997 2033 3032 lides
2056 3005 2182 3032 nostra
2202 2996 2238 3032 in
2262 3005 2395 3033 tutum.

1404 3060 1486 3093 Non
1511 3065 1565 3092 cst
1580 3056 1643 3105 qui
1658 3057 1778 3105 palam
1795 3057 1991 3106 impugnet
2011 3057 2110 3092 illam
2129 3070 2135 3091 :
2156 3055 2220 3092 sed
2240 3057 2304 3104 qui
2323 3057 2399 3092 fue-

1405 3124 1484 3152 rant
1516 3124 1806 3165 persequentes,
1839 3116 1921 3151 faeti
1951 3123 2038 3151 sunt
2062 3115 2336 3164 obsequentes,
2363 3124 2399 3151 ct

1447 3248 1459 3272 «ὅ
1479 3249 1549 3278 lsai.
1572 3259 1662 3284 xxu,
1687 3252 1739 3278 27.
1758 3267 1791 3269 w
1817 3246 1829 3268 f·
1846 3247 1945 3279 Eccle.
1964 3258 2020 3284 ιιι,
2039 3250 2070 3278 7.
2090 3267 2131 3270 -ν-
2146 3246 2285 3280 ὃΜῐιΙίΙι.
2305 3259 2395 3286 xxiv,
