2418 3949
192 239 283 276 1081

780 241 1065 277 TRACTATUS
1094 241 1157 276 DF.
1189 240 1340 276 STATU
1376 243 1640 278 vlltTUTUM.

185 316 224 352 in
256 316 468 355 minoribus
494 318 614 367 culpis
638 331 750 368 quam
782 317 905 367 gravis
929 317 976 352 sit
998 315 1230 353 inobetli-⁵⁴⁷'

2139 244 2237 281 1082

1244 314 1457 352 obedientia
1482 317 1515 352 in
1534 316 1744 366 prosperis,
1761 330 1844 352 eum
1865 316 2074 354 obedientis
2093 319 2241 357 animus

186 375 297 412 entiae
317 377 452 427 culpa,
482 377 588 414 facile
616 377 854 428 perpendere
875 384 943 413 est.
964 377 1060 424 Quia
1079 376 1178 412 enim
1199 381 1230 413 A
1250 374 1296 410 ad
1329 374 1457 410 eadem
1496 388 1677 424 prospera
1712 376 1872 412 anhelat.
1905 380 1998 413 Item
2028 376 2243 415 obedientia

185 435 370 473 Jonathas
382 465 392 482 ,
408 437 520 474 etiam
541 438 711 474 nesciens
730 436 848 486 patris
873 436 1094 485 imperium,
1112 448 1182 485 pa-

186 506 270 530 rum
297 495 418 533 mellis
443 497 607 545 gustavit
626 497 692 533 illo
713 496 793 543 die,
820 509 897 545 quo
920 495 1098 532 omnibus
1128 495 1181 530 in-

187 553 388 591 terdictum
419 555 489 592 suit
510 569 532 592 a
560 556 670 593 Saule
695 568 743 592 ne
772 554 1033 601 comederent3
1055 554 1182 590 divina

186 613 306 660 gratia
336 627 356 650 a
385 618 466 651 Deo
497 614 688 652 subtracta
723 623 798 661 est,
829 622 870 651 ut
904 614 1062 651 victoria
1094 622 1182 650 tunc

187 672 339 720 penitus
360 673 698 710 intermitteretur:
719 673 900 723 quoniam
929 674 1078 722 culpam
1107 681 1181 708 tam

186 732 310 779 gravis
330 746 444 782 poena
463 732 663 770 subsecuta
683 741 757 779 est,
776 740 816 769 ut
845 732 1024 768 Jonathas
1041 731 1183 780 absque

188 791 454 828 retractatione
472 800 696 837 moreretur,
717 791 787 827 nisi
802 790 917 827 totius
940 791 1073 840 populi
1097 803 1184 839 pre-

188 848 294 886 cibus
309 849 534 886 liberaretur
550 856 575 886 ¹.
592 849 749 899 Legitur
764 849 876 885 etiam
891 877 900 894 ,
914 848 1015 897 quod
1029 848 1183 897 quidam

187 908 464 958 Prophetarum
495 908 713 945 mandatum
745 915 940 957 acceperat
968 921 988 943 a
1023 911 1104 944 Deo
1138 920 1185 943 ne

187 967 422 1014 comederet,
441 968 564 1004 donec
581 975 835 1004 reverteretur
854 966 942 1002 inde
961 979 1037 1015 quo
1054 967 1186 1003 missus

190 1025 323 1063 fuerat.
358 1026 587 1076 Supervenit
623 1034 749 1062 autem
783 1025 936 1074 quidam
968 1025 1063 1061 alius
1092 1038 1186 1076 pro-

1247 434 1319 470 alia
1331 443 1387 471 est
1403 436 1545 472 venalis
1557 465 1566 482 ,
1585 436 1655 472 alia
1673 437 1818 474 servilis
1830 466 1839 483 ‚
1855 437 1925 473 alia
1938 437 2071 474 filialis.
2092 440 2242 476 Venalis

1247 502 1323 540 est,
1356 507 1439 543 quae
1459 495 1505 531 ad
1536 495 1805 544 quodcumque
1837 497 2045 546 temporale
2073 510 2244 535 commo-

1247 552 1358 598 dum,
1382 554 1441 589 vel
1475 554 1520 589 ad
1543 554 1673 590 mundi
1699 555 1855 603 gloriam
1885 555 2049 604 respicit.
2091 557 2243 594 Servilis

1249 621 1324 659 est,
1352 625 1435 662 quae
1457 614 1497 649 fit
1525 627 1766 663 quocumque
1789 615 1921 651 timore
1943 628 2021 651 non
2041 624 2154 652 casto.
2176 617 2240 653 Fi-

1248 671 1343 707 lialis
1357 680 1424 717 est,
1442 684 1524 720 quae
1538 673 1583 708 ad
1598 672 1713 708 solam
1731 673 1948 709 charitatem
1967 674 2128 723 respicit.
2147 674 2242 712 Obe-

1249 729 1389 766 dientia
1411 730 1532 766 filialis
1559 739 1614 767 est
1639 731 1746 767 valde
1767 731 1886 778 bona3
1921 731 2138 770 obedientia
2161 747 2242 771 ser-

1248 788 1333 825 vilis
1368 802 1437 825 nec
1470 789 1517 825 ad
1551 791 1707 825 salutem
1748 791 1903 836 suflicit,
1937 804 2005 827 nec
2039 800 2096 828 est
2134 794 2244 830 valde

1251 848 1347 884 mala
1370 861 1377 883 z
1407 848 1623 885 obedientia
1651 850 1793 886 venalis
1820 851 1928 886 valde
1952 852 2050 887 mala
2081 860 2154 898 est,
2183 853 2246 889 illa

1251 907 1413 943 maxime
1432 921 1505 956 qua
1527 908 1659 944 nititur
1683 908 1799 944 homo
1830 908 1876 944 ad
1905 910 2134 958 praelationis
2163 912 2246 948 cul—

1251 979 1337 1002 men
1372 967 1631 1003 fraudulenter
1659 967 1866 1016 attingere3
1897 976 1938 1003 ut
1965 968 2030 1016 qui
2057 969 2248 1018 subjectus

1251 1025 1491 1062 humilitatiss
1516 1027 1602 1075 igna
1622 1026 1842 1075 praetendit,
1863 1027 1943 1062 aliis
1963 1027 2141 1076 praelatus
2160 1041 2246 1064 cor—

188 1085 319 1135 pheta,
337 1085 465 1123 dicens
485 1085 554 1122 sibi
574 1086 780 1122 Dominum
805 1084 1023 1134 apparuisse
1037 1112 1046 1130 ,
1076 1084 1181 1133 quod
1199 1090 1226 1123 Β
1245 1098 1319 1122 nua
1342 1085 1529 1134 superbiae
1545 1094 1709 1121 ostentat
1730 1085 1924 1121 malitiose.
1953 1089 2047 1122 Item
2066 1086 2247 1123 debemus

187 1153 226 1182 et
244 1158 291 1182 ex
307 1145 495 1182 dominico
515 1154 704 1195 praecepto
728 1145 927 1181 comedere
953 1143 1109 1180 deberet
1125 1157 1185 1180 os-

190 1205 323 1242 tendit.
343 1209 427 1253 Quo
444 1219 619 1243 sermone
635 1205 826 1254 Propheta
847 1205 1027 1254 deceptus
1040 1235 1049 1247 ‚
1063 1204 1184 1241 credi-

190 1262 265 1308 dit,
283 1271 320 1300 et
345 1263 525 1310 comedit;
546 1272 583 1300 et
603 1263 641 1299 in
662 1276 737 1312 quo
762 1275 800 1299 se
825 1261 982 1298 obedire
1002 1261 1181 1306 credidit,

189 1321 412 1359 inobediens
433 1322 503 1359 fuit
523 1337 531 1358 ι
551 1321 657 1371 eujus
676 1321 943 1358 inobedientiae
963 1321 1113 1370 culpam
1135 1329 1185 1356 ta-

190 1380 234 1416 lis
254 1379 454 1418 subsecuta
484 1389 540 1418 est
568 1394 697 1430 poena,
724 1389 765 1417 ut
787 1393 873 1417 eum
900 1380 937 1416 in
969 1380 1102 1416 itinere
1127 1380 1185 1416 leo

191 1440 406 1488 perimeret.
422 1444 691 1478 Verumtamen
713 1440 749 1476 in
772 1448 893 1476 morte
913 1448 1108 1488 peccatum
1126 1440 1186 1475 in-

191 1498 419 1536 obedientiae
447 1500 612 1536 solutum
641 1508 696 1536 est
723 1514 729 1535 :
762 1500 865 1548 quod
894 1512 962 1548 per
988 1500 1057 1535 boc
1088 1499 1186 1535 indi-

193 1566 323 1604 catur,
355 1559 444 1607 quia
474 1559 534 1595 leo
565 1558 631 1608 qui
669 1558 895 1608 Proplietam
932 1558 1183 1602 exstinxerat,

193 1617 437 1666 postmodum
471 1631 541 1655 nee
576 1617 756 1662 cadaver,
793 1631 862 1653 nec
893 1617 1040 1653 asinum
1077 1629 1186 1653 suum

195 1684 347 1725 tangere
370 1677 610 1727 praesumpsit
622 1683 646 1713 ².
667 1677 778 1725 Quod
796 1677 825 1712 si
847 1685 920 1713 tam
939 1676 1104 1725 graviter
1123 1676 1189 1712 de-

194 1735 399 1784 linquitur,
429 1749 515 1773 cum
543 1749 612 1785 per
645 1736 897 1785 ignorantiam
934 1735 1191 1772 inobedientia

195 1794 236 1830 fit
252 1808 262 1839 ;
283 1807 395 1843 quam
413 1794 646 1831 horribiliter
664 1803 793 1844 peccat
809 1794 874 1843 qui
890 1794 1117 1830 conscientia
1133 1808 1190 1831 ac-

1251 1144 1410 1193 subjecti
1454 1143 1708 1179 obedientiam
1726 1171 1735 1188 ‚
1769 1144 1934 1192 primum
1970 1147 2072 1190 Deo,
2107 1145 2243 1182 deinde

1250 1203 1435 1252 praelatis,
1458 1202 1701 1252 postmodum
1719 1202 1765 1238 ad
1786 1202 1963 1238 invicem.
1989 1206 2090 1248 De0‚
2107 1216 2152 1239 ex
2173 1217 2242 1240 ne-

1251 1263 1442 1309 cessitate3
1466 1262 1630 1312 praelatis
1643 1290 1653 1307 ,
1672 1275 1718 1298 ex
1744 1269 1953 1310 potestate,
1970 1262 2057 1310 quia
2087 1262 2140 1300 eis
2160 1275 2248 1299 nos-

1251 1322 1433 1371 metipsos
1462 1331 1598 1372 sponte
1630 1320 1878 1370 subjecimus3
1912 1321 1959 1357 ad
1984 1322 2167 1367 invicem,
2201 1336 2246 1359 ex

1252 1381 1444 1418 charitate.

1306 1440 1365 1476 21.
1396 1444 1489 1476 Item
1506 1439 1719 1476 obedientia
1737 1438 1814 1475 dux
1828 1448 1884 1476 est
1897 1438 2007 1476 nobis
2018 1440 2064 1476 ad
2077 1440 2246 1487 virtutes,

1253 1498 1329 1534 dux
1351 1498 1397 1534 ad
1418 1499 1660 1548 sapientiam,
1680 1498 1756 1533 dux
1777 1497 1822 1534 ad
1840 1499 2081 1546 martyrium,
2103 1499 2181 1535 dux
2201 1500 2247 1536 ad

1252 1557 1411 1607 patriam
1431 1566 1613 1594 nostram.
1636 1561 1722 1593 Dux
1738 1556 1822 1593 dico
1843 1566 1898 1593 est
1920 1557 1966 1593 ad
1991 1558 2167 1605 virtutes,
2186 1572 2246 1596 se—

1254 1617 1421 1653 cundum
1449 1617 1544 1653 illud
1571 1617 1744 1665 Gregorii
1766 1631 1774 1653 :
1801 1633 1814 1647 «
1835 1616 2058 1654 Obedientia
2084 1619 2163 1655 sola
2193 1628 2249 1656 est

1257 1694 1271 1708 »
1283 1689 1366 1725 quae
1376 1686 1526 1714 caeteras
1540 1678 1700 1713 virtutes
1718 1677 1835 1712 menti
1852 1677 2004 1721 inserit,
2018 1677 2250 1727 insertasque

1258 1736 1481 1772 »ctist‹›(lit⁴'.
1501 1754 1515 1768 ³>
1543 1736 1643 1773 Alibi
1670 1736 1778 1782 dicit,
1809 1736 1897 1784 quia
1926 1735 2140 1773 obedientia
2163 1737 2248 1774 fidei

1257 1796 1432 1832 meritum
1466 1795 1651 1845 possidet,
1682 1796 1761 1831 sine
1792 1808 1865 1844 qua
1898 1794 2060 1830 infidelis
2091 1796 2251 1845 quisque

195 1862 350 1890 cusante
366 1853 523 1891 obedire
534 1854 897 1903 contemnit?Erg0‚
917 1853 1191 1902 utpraedictum
1211 1858 1238 1894 C
1259 1856 1518 1901 convincitur,
1549 1856 1694 1892 etiamsi
1720 1855 1839 1891 [idelis
1856 1867 1935 1891 esse
1962 1854 2144 1891 videatur.
2163 1859 2250 1892 Dux

195 1921 270 1959 est,
293 1926 362 1963 per
381 1913 651 1950 inobedientia:
672 1914 811 1950 malum
828 1922 1010 1962 quantum
1029 1913 1076 1950 sit
1097 1913 1191 1950 obe-

196 1971 346 2009 dientiae
364 1972 508 2009 bonum
528 1973 726 2010 evidenter
746 1973 1007 2023 perpenditur.

251 2031 313 2069 20.
338 2036 446 2069 Nunc
465 2041 592 2069 autem
616 2033 837 2082 simpliciter
857 2032 1111 2069 obedientiam
1131 2032 1192 2068 de-

198 2090 406 2128 scribamus
422 2119 432 2137 ,
464 2090 729 2142 subjungendo
771 2091 937 2128 breviter
974 2091 1055 2140 ejus
1094 2091 1194 2128 divi-

198 2150 343 2197 siones,
366 2159 402 2187 et
433 2164 517 2200 quae
549 2160 637 2188 sunt
665 2165 749 2201 quae
781 2151 1035 2188 obedientiam
1067 2151 1193 2201 impe-

199 2209 327 2256 diunt,
350 2223 432 2259 quae
457 2210 614 2259 juvant,
636 2224 719 2260 quae
741 2211 786 2247 sit
804 2209 885 2259 ejus
908 2210 1140 2260 proprietas,
1159 2219 1195 2246 et

199 2283 283 2319 quae
309 2270 490 2319 dignitas,
520 2284 604 2320 quae
630 2271 837 2320 perfectio,
872 2270 975 2320 quod
1007 2270 1194 2307 meritum.

202 2333 265 2366 Est
283 2343 374 2379 ergo
395 2329 611 2366 obedientia
635 2330 776 2375 virtus,
805 2342 877 2378 qua
898 2330 1012 2365 bomo
1042 2329 1197 2378 propria

201 2389 394 2426 voluntate
439 2390 647 2440 postposita
662 2419 671 2435 ,
705 2390 831 2425 animo
865 2389 1106 2438 amplectitur
1139 2388 1197 2424 in-

195 2447 328 2497 juncta
347 2461 463 2499 opere
481 2449 673 2498 implenda
686 2478 695 2494 ,
713 2449 784 2485 nisi
802 2447 990 2484 obstiterit
1006 2460 1117 2484 causa
1137 2447 1198 2482 in-

202 2507 409 2554 vincibilis,
428 2509 487 2545 vel
503 2509 647 2559 praelati
662 2507 975 2546 auctoritasidem
992 2506 1198 2556 prohibens

203 2568 306 2617 quod
336 2567 564 2616 injunxerat.
586 2568 808 2606 Obedientia
834 2567 905 2604 alia
924 2567 1107 2617 perfecta,
1131 2566 1202 2602 alia

1257 1924 1314 1953 est
1329 1915 1374 1951 ad
1393 1915 1613 1964 sapientiam
1628 1914 1737 1963 juxta
1753 1913 1863 1950 illud:
1877 1915 2248 1962 Concupistisapien-

1259 1980 1350 2011 tiam
1364 1979 1383 2012 ‚³
1399 1989 1500 2010 serva
1520 1977 1702 2010 mandata
1717 1973 1743 2010 ⁵.
1768 1977 1853 2010 Dux
1871 1982 1925 2009 est
1947 1973 1993 2009 ad
2015 1975 2250 2022 martyrium,

1259 2035 1346 2084 quia
1358 2035 1422 2083 qui
1435 2047 1520 2070 vere
1536 2042 1572 2070 et
1586 2034 1750 2083 perfecte
1761 2032 2030 2069 vultobediens
2044 2046 2123 2069 esse
2137 2046 2252 2083 opor—

1261 2101 1312 2129 tet
1326 2106 1411 2129 eum
1430 2093 1666 2142 gravissimas
1684 2092 1808 2128 cordis
1823 2100 1858 2127 et
1876 2092 2046 2140 corporis
2061 2093 2253 2141 passiones

1261 2153 1408 2202 perpeti
1432 2168 1438 2188 :
1461 2152 1525 2188 sed
1548 2165 1681 2201 magua
1702 2151 1812 2188 nobis
1833 2160 1887 2187 est
1908 2152 2139 2197 consolatio,
2164 2153 2251 2201 quia

1262 2213 1291 2249 si
1318 2213 1573 2262 compatimur
1605 2211 1937 2260 conregnabimus,
1956 2220 1992 2246 et
2009 2212 2097 2260 quia
2119 2225 2253 2248 seeun-

1263 2272 1352 2308 dum
1386 2272 1666 2308 multitudinem
1705 2272 1880 2307 dolorum
1918 2279 2134 2307 nostrorum
2168 2285 2256 2308 con-

1263 2332 1466 2367 solationes
1486 2331 1555 2367 Dei
1575 2330 1819 2367 laetificabunt
1847 2331 1990 2366 animas
2015 2340 2162 2367 nostras
2193 2347 2200 2367 z
2222 2340 2258 2368 ct

1263 2388 1585 2439 quemadmodum
1613 2389 1678 2424 lilii
1697 2387 1870 2424 Jonadab
1890 2396 2048 2436 propter
2073 2387 2258 2425 obedien-

1266 2449 1354 2484 tiam
1383 2461 1495 2497 quam
1523 2446 1774 2483 exhibuerant
1802 2447 1898 2496 patri
1925 2459 2012 2489 suo,
2044 2448 2185 2483 scilicet
2215 2461 2260 2484 ne

1265 2508 1396 2543 vinum
1411 2507 1603 2552 biberent,
1622 2515 1659 2543 et
1673 2515 1713 2542 ut
1732 2513 1928 2542 manerent
1946 2506 1982 2542 in
2001 2505 2262 2553 tabernaculis,

1266 2567 1569 2603 benedictionem
1604 2574 1824 2603 meruerunt
1850 2579 1870 2601 a
1899 2564 2105 2612 Domin063
2145 2567 2194 2603 ita
2228 2577 2263 2603 et

204 2627 435 2676 imperfecta.
455 2628 680 2677 Imperfeeta
695 2636 770 2673 est,
789 2640 873 2676 quae
893 2639 1013 2676 usque
1030 2625 1076 2662 ad
1093 2639 1198 2662 mor—
1216 2629 1249 2663 D
1266 2628 1496 2676 quicumque
1533 2627 1696 2676 praelatis
1730 2626 1806 2662 suis
1838 2626 2042 2674 perfectam
2083 2625 2264 2663 exhibent

206 2686 252 2722 tis
278 2686 480 2722 terminum
508 2699 584 2722 non
607 2687 799 2736 pertingit.
827 2686 995 2723 Perfecta
1022 2693 1097 2731 est,
1119 2698 1202 2734 quae

206 2754 327 2782 morte
345 2758 421 2782 non
440 2746 690 2790 consumitur,
711 2746 775 2782 sed
794 2753 1091 2782 consummatur.
1108 2748 1203 2781 Item

206 2804 422 2841 obedientia
443 2805 512 2841 alia
533 2813 589 2841 est
610 2805 734 2854 magni
756 2805 897 2850 meriti,
913 2805 982 2840 alia
1004 2804 1111 2852 parvi
1127 2817 1204 2839 me-

209 2864 289 2909 riti,
307 2864 378 2900 alia
400 2864 538 2900 nullius
567 2865 712 2910 meriti,
734 2877 818 2900 cum
844 2872 966 2899 tamen
992 2862 1206 2898 obedientia

209 2922 392 2959 videatur.
412 2923 536 2972 Magni
550 2924 672 2959 meriti
690 2932 765 2969 est,
780 2937 864 2959 cum
879 2922 1085 2959 seetuidum
1103 2921 1205 2970 quod

209 2982 342 3019 beatus
373 2983 578 3031 Gregorius
606 2982 790 3029 disserit‘,
824 2981 1039 3018 obedientia
1070 2982 1106 3017 in
1138 2980 1206 3016 ad-

211 3043 327 3079 versis
340 3042 481 3091 aliquid
505 3042 614 3078 babet
631 3056 675 3078 ex
692 3056 760 3079 suo
772 3070 781 3087 ‚
806 3041 840 3078 id
857 3050 911 3078 est
927 3069 936 3087 ‚
955 3054 1000 3078 cx
1019 3040 1205 3076 desiderio

211 3103 450 3152 amplectitur
471 3102 637 3139 adversa.
658 3102 765 3139 Parvi
787 3101 906 3138 meriti
928 3109 1002 3146 est,
1020 3114 1104 3136 eum
1123 3100 1206 3148 quis

211 3162 249 3198 in
272 3162 439 3199 adversis
454 3162 594 3198 invitus
611 3160 808 3198 obedierit.
825 3160 970 3198 Nullius
984 3159 1107 3196 meriti
1127 3167 1179 3194 est
1195 3187 1203 3203 ‚

1268 2685 1508 2722 obedieutam
1524 2713 1532 2729 ‚
1566 2685 1868 2721 benedictionem
1908 2693 2101 2720 merentur
2139 2698 2158 2720 a
2193 2689 2266 2721 Do-

1270 2745 1393 2789 mino,
1416 2744 1544 2792 utique
1566 2743 1750 2792 triplicem
1773 2758 1779 2779 :
1803 2743 1889 2791 quia
1913 2743 2034 2791 prima
2063 2752 2117 2778 est
2140 2744 2263 2780 virtu-

1273 2814 1350 2842 tum
1373 2804 1587 2840 benedictio
1600 2803 1709 2851 juxta
1727 2802 1819 2838 illud
1839 2803 2060 2847 Psalmis-tae,
2084 2805 2265 2851 Multipli-

1273 2864 1374 2899 cabis
1392 2868 1427 2898 in
1445 2868 1575 2897 (mima
1592 2876 1675 2897 mea
1696 2867 1866 2897 virtulem
1880 2869 1891 2873 ”
1908 2876 1916 2906 ;
1939 2862 2104 2897 secunda
2125 2872 2175 2898 est
2191 2893 2199 2904 ,
2226 2873 2264 2899 ut

1273 2925 1396 2960 anima
1421 2924 1549 2959 exieus
1575 2936 1594 2958 a
1620 2936 1782 2972 corpore
1802 2923 1925 2958 statim
1953 2931 2112 2958 trauseat
2136 2923 2180 2958 ad
2205 2937 2264 2959 re-

1272 2984 1420 3031 quiem3
1445 2982 1550 3018 tertia
1570 2991 1643 3025 est,
1665 2991 1700 3018 ut
1726 2995 1761 3018 in
1786 2981 2263 3029 resurreetionejustorum

1273 3042 1394 3077 ouiuis
1428 3041 1653 3077 obedientia·
1686 3042 1782 3077 lilius
1815 3042 1928 3077 stolas
1958 3039 2064 3075 binas
2094 3042 2266 3090 recipiat.

1267 3100 1375 3148 juxta
1396 3100 1485 3136 illud
1504 3101 1607 3149 quod
1629 3100 1810 3149 scriptum
1834 3108 1886 3136 est
1900 3129 1908 3142 ,
1926 3100 2062 3135 scilieet
2079 3127 2087 3142 ,
2112 3103 2151 3134 ln
2169 3109 2264 3135 tri-m

1271 3174 1340 3195 sua
1371 3162 1538 3207 duplicia
1571 3159 1853 3207 l)1›.=·si‹l.⁴·l111t1!⁸.
1904 3160 2098 3208 Antiphus»,
2135 3173 2259 3194 veram

263 3295 271 3309 ¹
291 3289 302 3316 l
319 3290 394 3327 Reg.
411 3298 477 3316 xiv.
493 3305 534 3309 —
556 3293 567 3308 ²
585 3291 630 3318 111
647 3290 724 3328 Reg.
742 3298 815 3316 xiii.
839 3303 878 3308 —
896 3284 907 3307 3
923 3285 1036 3316 Mon-at.
1052 3283 1104 3316 lib.
1124 3287 1179 3320 35»,
1203 3296 1270 3326 rap.
1296 3289 1345 3317 10.
1359 3305 1394 3309 -ν
1428 3294 1433 3311 ¹
1460 3286 1538 3316 lbid.
1559 3304 1598 3308 ——
1618 3285 1629 3304 '⁸
1647 3287 1737 3317 lzccli.
1757 3297 1785 3322 ι,
1811 3290 1863 3316 33.
1882 3304 1921 3308 -
1937 3284 1951 3304 (’“
1968 3289 2082 3316 Jerrm.
2107 3296 2204 3314 xxxx.
2241 3303 2267 3307 ω

215 3345 228 3368 7
250 3338 329 3370 Psal.
347 3349 480 3368 cxxxvn
496 3363 503 3376 ‚
523 3344 553 3370 3.
571 3358 611 3362 —-
629 3340 641 3361 ⁸
664 3340 732 3370 lsai.
758 3350 828 3375 ιλι,
852 3350 880 3368 t.
