2418 3949
233 130 308 167 569

236 267 350 304 habet
370 266 488 303 ubera
504 265 707 315 unguentis
727 264 894 314 optimis.

288 327 346 363 12.
364 327 431 364 Vel
448 326 555 363 aliter
570 333 611 361 ut
625 324 820 361 sintetiam
839 323 918 360 haec
928 322 1044 359 verba
1061 334 1223 372 sponsae,

230 400 272 423 ac
291 386 320 423 si
341 394 469 436 aperte
501 384 622 421 dicat:
641 382 950 432 Praesumptionis
981 380 1135 430 quidem
1171 388 1226 416 est

230 445 334 495 quod
372 444 524 494 requiro
567 443 736 479 osculum
777 439 1126 490 contemplationis,
1159 438 1225 475 sed

231 505 403 542 fiduciam
433 504 496 540 dat
525 501 753 539 conscientia
780 500 891 536 bonae
921 499 1101 544 actionis;
1133 503 1224 546 qm'a

230 565 344 601 ubera
362 577 443 600 mea
460 577 471 608 ;
493 575 575 599 mea
590 589 599 607 ,
615 561 704 610 quia
722 573 742 596 a
755 569 789 596 te
805 560 895 596 mihi
910 559 1018 604 data3
1035 566 1118 604 tua,
1136 558 1223 607 quia

229 638 250 660 a
282 633 317 661 te
341 623 517 673 impleta,
540 621 682 669 tibique
709 619 939 664 servientia3
964 621 1119 654 meliora
1139 626 1225 653 sunt

227 689 330 720 vitm.
351 683 472 721 Aliter
485 710 495 727 ‚
518 689 560 718 ut
580 681 628 717 sit
646 693 722 716 vox
743 679 949 724 sodalium,
965 678 1003 714 id
1024 686 1080 714 est
1094 682 1222 727 Ange·

227 744 371 788 lorum,
396 740 678 778 exhortantium
698 751 876 788 sponsam
891 736 1223 787 contemplationis

226 802 373 839 avidam
384 830 393 847 ,
410 800 457 837 ad
473 799 642 836 laborem
657 797 813 834 aetionis
826 826 835 842 ,
850 810 897 833 ex
916 796 1222 833 consideratione

226 861 418 913 profectus
435 860 472 895 in
493 857 665 895 subditis.
690 856 932 905 Dicuntergo
950 870 957 891 :
974 859 1056 892 Non
1069 853 1221 904 quidem

226 918 437 971 privaberis
462 917 594 953 osculo
611 928 697 952 cum
716 914 954 964 perveneris3
977 914 1042 950 sed
1064 927 1148 950 eum
1166 913 1222 949 la-

883 128 1236 165 COMMENTATIO
1265 129 1332 163 Ex
1362 130 1636 166 BERNARDO.

231 207 357 245 cundo
381 207 575 256 purificata
591 235 600 253 ,
623 206 730 242 tertio
755 204 1004 250 sanctificata,
1025 202 1250 254 f1·agrantia‘·‘

2213 131 2288 167 570

1258 202 1421 252 Gt’inquit
1460 218 1616 255 sponsa,
1647 207 1734 255 quia
1765 207 1918 243 tin-liora
1952 215 2038 243 sunt
2074 206 2188 243 ubera
2227 216 2287 243 tua

1246 263 1274 296 A
1295 263 1405 308 vino,
1423 264 1461 299 id
1481 273 1558 310 est,
1581 279 1600 300 a
1621 274 1656 301 te
1674 266 1844 315 impleta,
1876 266 1942 302 tibi
1969 266 2194 312 servientia3
2221 267 2285 302 sed

1290 322 1409 370 gratia
1438 323 1506 359 Dei
1535 336 1617 360 sum
1639 324 1675 360 id
1694 325 1796 373 quod
1817 339 1898 362 sum
1915 340 1922 361 ε
1938 326 2026 374 quia
2046 329 2164 360 oleum
2185 324 2286 372 essa-

1289 394 1370 415 ιςιιηι
1399 395 1532 417 nomen
1560 392 1673 419 tuam.
1695 383 1767 419 Sed
1788 385 1905 433 gratia
1932 385 2001 420 Dei
2020 385 2056 420 in
2081 398 2140 420 me
2165 398 2282 420 vacua

1291 451 1368 475 non
1388 440 1477 486 fuit,
1499 443 1581 476 ideo
1603 444 1890 478 adolescentuloe
1919 446 2131 479 dilexerunt
2155 453 2200 480 te.
2220 447 2285 480 Se-

1290 498 1457 535 cundum
1478 513 1671 548 anagogen
1699 501 1823 537 oleum
1842 510 1879 537 et
1901 515 2038 539 nomen
2052 532 2061 548 ,
2081 503 2119 539 id
2139 512 2195 539 est
2215 516 2285 538 no-

1290 557 1368 593 titia
1390 566 1426 593 et
1446 572 1553 595 amor
1572 560 1662 605 Dei,
1686 561 1790 609 prius
1809 574 1921 609 quam
1943 562 2224 608 effunderetur,
2246 571 2283 598 et

1288 615 1499 653 abundaret
1514 618 1552 653 in
1569 632 1700 655 omnes
1722 629 1851 668 gentes
1866 648 1874 664 ,
1898 622 2062 657 infusum
2085 630 2184 667 erat,
2207 636 2283 659 non

1288 676 1470 720 effusum,
1497 678 1584 726 quia
1618 686 1729 715 notus
1755 687 1898 715 tantum
1930 680 1967 716 in
2000 681 2130 717 Judaea
2157 686 2281 719 Deus:

1287 748 1373 771 cum
1394 748 1486 771 vero
1515 736 1650 772 effusio
1680 737 1773 773 faeta
1793 746 1848 773 est
1874 738 1919 774 de
1940 739 2129 775 infusione
2154 741 2283 777 adole-

1287 795 1465 830 scentulae
1478 824 1487 841 ,
1501 796 1675 832 Ecclesiae
1692 796 1738 832 de
1755 796 1940 833 Gentibus
1957 797 2062 833 factae
2080 807 2165 834 sunt
2179 827 2187 843 ,
2206 813 2282 835 non

1287 853 1598 899 adolescentulae,
1630 855 1694 890 sed
1732 868 1903 904 sponsae,
1938 856 2025 905 quia
2056 856 2282 894 dilexerunt.

1287 916 1378 961 Quae
1397 914 1496 950 enim
1518 927 1586 964 per
1607 914 1716 950 [idem
1734 915 1898 963 primum
1919 915 2198 952 adolescentula
2214 926 2282 960 est,

226 979 328 1022 boris
357 978 411 1014 tui
434 977 598 1013 fructum
622 973 768 1020 videas,
789 986 836 1010 ne
857 972 1007 1009 delicias
1030 972 1120 1009 dum
1140 980 1217 1009 tar-
1239 973 1266 1006 B
1287 972 1346 1008 vel
1363 972 1590 1022 pedisequa,
1616 973 1749 1022 incipit
1777 986 1915 1022 sponsa
1936 986 2016 1010 esse
2038 987 2122 1010 cum
2150 975 2283 1024 incipit

226 1038 326 1075 daris
343 1052 350 1074 :
368 1037 456 1087 quia
478 1048 564 1072 ecce
581 1034 693 1070 ubera
718 1042 804 1077 tua,
827 1032 865 1069 id
886 1040 942 1069 est
966 1032 1133 1069 tenerior
1153 1032 1222 1068 do-

225 1097 344 1134 ctrina
357 1124 366 1141 ,
387 1099 540 1132 meliora
555 1103 639 1130 sant
656 1097 746 1129 vino
757 1120 767 1137 ‚
790 1090 1006 1140 fragrantia
1027 1095 1222 1140 angae-ntis

223 1159 380 1205 optimis.
399 1155 484 1191 Tria
503 1153 564 1190 hic
589 1152 762 1189 videmus
786 1151 823 1187 in
846 1150 1028 1187 uberibus
1049 1163 1220 1200 sponsae;

226 1224 364 1252 tactum
377 1243 386 1261 ,
406 1214 607 1251 odoratum
634 1220 672 1248 et
691 1219 841 1261 gustum
858 1225 866 1247 ε
886 1218 1025 1247 tactum
1040 1238 1049 1256 ,
1069 1210 1107 1246 in
1125 1210 1223 1246 leni-

225 1284 299 1312 tate
316 1273 525 1319 unctionis;
541 1272 718 1318 odorem,
739 1271 778 1307 in
796 1270 980 1319 unguenti
1000 1270 1223 1319 fragrantia;

223 1343 394 1385 gustum,
415 1335 453 1370 in
469 1334 572 1370 vino.
594 1335 730 1368 Tactus
750 1329 1002 1380 praesentibns
1022 1329 1061 1365 in
1083 1329 1222 1375 verbo,

224 1394 405 1431 odoratus
419 1391 637 1429 absentibus
654 1391 691 1426 in
710 1389 886 1438 exemplo
901 1418 910 1434 ,
924 1396 1054 1437 gustus
1068 1401 1224 1438 sponso,

224 1467 293 1504 per
309 1466 422 1502 quem
443 1452 611 1501 signatur
627 1449 730 1486 bona
750 1448 886 1485 mentis
903 1447 1078 1483 intentio.

282 1513 340 1549 13.
378 1511 434 1549 Ad
465 1520 539 1547 tres
571 1508 776 1546 sententias
807 1506 958 1543 duobus
987 1505 1110 1542 modis
1140 1519 1223 1555 quae

223 1579 436 1621 sequuntur
463 1568 720 1607 continuanda
743 1575 832 1603 sunt
860 1581 867 1602 τ
896 1560 1035 1602 Oleum
1062 1564 1221 1613 effusam

223 1645 356 1667 nomen
383 1639 494 1666 tanne.
531 1629 567 1665 Si
590 1627 707 1664 verba
725 1627 799 1663 sint
819 1626 972 1676 sponsi,
1004 1625 1222 1675 intelligen-

224 1691 313 1727 dmn
342 1698 398 1727 est
420 1690 479 1726 hic
499 1701 680 1739 sponsum
702 1700 851 1736 sponsae
875 1686 1104 1723 desiderium
1127 1701 1221 1723 eon-

1288 1031 1454 1080 (liliget'e.
1475 1033 1571 1080 Quia
1587 1046 1676 1082 ergo
1697 1035 1815 1068 oleum
1832 1031 1990 1080 (sfusmn
2008 1047 2139 1069 nomen
2159 1044 2260 1070 tuum
2272 1064 2282 1079 ,

1290 1094 1372 1127 ideo
1391 1094 1682 1128 adolescentulae
1697 1093 1909 1128 dilexerunt
1924 1101 1970 1128 te.

1346 1151 1404 1188 14.
1428 1151 1644 1188 Secundum
1667 1152 1849 1188 moralem
1873 1164 2023 1188 sensum
2042 1151 2080 1187 in
2098 1152 2283 1189 effusione

1289 1212 1385 1255 olei,
1403 1225 1487 1248 cum
1509 1212 1548 1248 lit
1566 1211 1676 1248 nobis
1693 1225 1762 1261 per
1781 1211 1936 1260 gratiam
1960 1211 2101 1247 infusio
2115 1240 2125 1256 ,
2147 1226 2207 1248 cax
2218 1226 2286 1248 en-

1290 1271 1380 1308 dum
1407 1280 1483 1317 est,
1513 1284 1560 1307 ne
1590 1270 1805 1307 inordinate
1835 1271 1899 1306 liat
1918 1270 2064 1306 effusio.
2096 1271 2284 1319 Quiddam

1291 1331 1391 1367 enim
1413 1330 1522 1368 nobis
1539 1330 1753 1366 infunditur
1769 1328 1873 1378 quod
1890 1337 2060 1366 nostrum
2079 1338 2152 1376 est,
2175 1330 2286 1379 quid-

1290 1391 1375 1427 dam
1395 1390 1498 1440 quod
1526 1390 1705 1440 proximi.
1728 1393 1906 1426 Nostrum
1933 1398 1988 1426 est
2013 1390 2091 1425 sine
2110 1404 2187 1439 quo
2209 1404 2283 1426 non

1291 1451 1503 1496 salvamur,
1524 1458 1657 1486 eaetera
1673 1458 1762 1485 sunt
1781 1449 1956 1498 proximi.
1971 1449 2082 1497 Quod
2107 1458 2279 1487 nostrum

1290 1518 1345 1546 est
1365 1509 1394 1546 si
1416 1509 1646 1546 effundimus
1661 1537 1670 1554 ,
1691 1509 1794 1545 stulti
1820 1521 1948 1545 sumus
1971 1517 2007 1545 et
2026 1510 2134 1545 vacui
2150 1524 2159 1545 ε
2178 1510 2282 1559 quod

1289 1569 1453 1605 alienum
1487 1577 1543 1605 est
1575 1568 1604 1605 si
1627 1568 1853 1613 retinemus,
1890 1568 2131 1604 fraudulenti.
2171 1570 2283 1617 Quod

1289 1637 1460 1666 nostrum
1485 1636 1558 1674 est,
1580 1627 1673 1664 sides
1699 1636 1775 1673 est,
1801 1640 1886 1676 spes
1915 1636 1952 1663 et
1980 1628 2151 1665 charitas.
2173 1629 2283 1665 Fides

1289 1688 1374 1724 facit
1406 1700 1552 1732 servos,
1574 1699 1659 1735 spes
1688 1686 1964 1729 mercenarios,
1993 1687 2152 1723 charitas
2176 1688 2285 1725 lilios.

223 1750 382 1786 solatum
396 1777 405 1794 ‚
434 1757 520 1799 post
547 1746 750 1783 exhibitam
773 1745 948 1794 gratiam,
974 1754 1062 1794 post
1094 1745 1217 1782 (latam
1239 1744 1266 1779 C
1286 1747 1395 1785 Fides
1415 1747 1500 1782 facit
1521 1746 1691 1782 ancillam
1710 1745 1768 1781 vel
1793 1745 2059 1794 pedisequam,
2082 1760 2167 1796 spes
2184 1762 2280 1784 eon—

224 1809 422 1852 fiduciam,
445 1807 592 1843 dedisse
619 1806 651 1841 ei
677 1805 860 1841 osculum.
896 1807 1063 1853 Accepto
1081 1817 1219 1854 sponsa

224 1868 372 1913 osculo,
401 1875 438 1903 et
458 1867 543 1902 oleo
561 1878 644 1901 cum
670 1865 819 1908 osculo,
852 1863 889 1899 id
918 1871 995 1909 est,
1014 1876 1082 1912 per
1098 1864 1218 1900 inter-

224 1940 310 1962 nam
341 1926 626 1976 inspirationem
647 1924 883 1972 aliquatenus
915 1930 1070 1971 accepta
1090 1924 1220 1972 sponsi

225 1986 380 2031 notitia,
401 1994 437 2021 et
470 1998 555 2021 cum
577 1983 711 2019 notitia
738 1982 897 2027 amoris,
920 1981 1069 2027 laetitia,
1092 1983 1219 2019 excla-

226 2046 340 2082 mavit
375 2045 502 2081 (licens
531 2058 539 2080 :
573 2046 706 2080 Oleum
742 2040 899 2090 (ssimum
929 2055 1062 2077 nomen
1094 2052 1219 2087 tuum,

223 2108 305 2141 ideo
337 2107 629 2141 adolet-(feamloe
656 2105 869 2138 dilexerunt
897 2108 964 2137 [ε’.
1000 2104 1060 2147 Si,
1100 2101 1222 2150 inquit

221 2164 448 2213 Apostolus,
470 2171 592 2197 mente
609 2163 847 2204 excedimus,
871 2162 948 2195 Deo
960 2173 974 2202 ;
997 2168 1031 2194 et
1046 2163 1079 2194 .ςὶ
1104 2159 1218 2195 sobrii

221 2237 364 2267 manum,
395 2222 539 2258 val1i52.
567 2222 698 2256 Oleum
728 2218 893 2267 effusam
924 2232 1057 2254 nomen
1093 2227 1214 2264 tumn,

221 2281 337 2319 verba
359 2290 446 2318 sunt
473 2289 596 2317 mente
616 2279 833 2316 excedentis
859 2282 963 2315 Deo:
984 2280 1067 2313 ideo
1085 2280 1217 2313 adole-

219 2345 401 2379 scentaloe
421 2344 632 2377 dilexerunt
662 2349 713 2384 le,
744 2338 859 2375 verba
883 2347 970 2375 sunt
1005 2338 1216 2375 sobrietatis

221 2402 408 2451 proximo.
437 2404 638 2449 Postquam
658 2399 759 2435 enim
782 2406 908 2435 mente
927 2399 1085 2435 excessit
1115 2402 1214 2443 Deo,

221 2475 267 2497 cx
296 2460 525 2497 abundantia
554 2459 626 2495 olei
647 2458 790 2508 accepti
811 2472 831 2494 a
851 2461 951 2503 Deo,
977 2456 1102 2494 sobria
1123 2458 1217 2494 facta

1285 1806 1482 1852 cubinam,
1512 1805 1672 1842 charitas
1708 1817 1900 1854 sponsam.
1940 1805 2048 1842 Fides
2082 1806 2193 1853 dicit,
2220 1809 2279 1844 Si(-

1285 1875 1340 1903 est
1357 1881 1364 1902 z
1383 1879 1486 1915 spes,
1510 1864 1675 1902 Habebis
1694 1880 1701 1901 ;
1725 1865 1906 1911 charitas,
1927 1869 1981 1902 Da
2004 1867 2161 1916 gloriam
2189 1872 2280 1905 Deo.

1287 1925 1395 1963 Fides
1415 1934 1471 1961 est
1486 1925 1671 1961 malorum
1690 1925 1748 1961 vel
1766 1925 1956 1961 bonorum
1973 1927 2146 1973 seientia3
2175 1941 2280 1977 spes,

1288 1983 1444 2020 cavendi
1478 1983 1536 2019 vel
1570 1982 1803 2032 adipiscendi
1839 1983 1994 2030 fiducia,
2028 1994 2065 2021 et
2100 1986 2282 2032 charitas,

1287 2043 1483 2092 utriusque
1506 2043 1645 2091 gratia,
1667 2056 1750 2079 eum
1770 2056 1924 2079 securus
1947 2043 1993 2080 de
2014 2052 2176 2094 utroque
2198 2060 2282 2095 gra-

1288 2103 1356 2138 tias
1375 2102 1460 2151 agit.
1483 2106 1571 2138 l‘laec
1590 2101 1703 2150 igitur
1724 2115 1808 2138 cum
1828 2111 1955 2138 nostra
1980 2103 2071 2147 sint,
2098 2117 2173 2139 non
2195 2115 2279 2141 sunt

1283 2161 1534 2206 effundenda,
1574 2160 1611 2196 id
1642 2169 1719 2204 est,
1753 2174 1823 2210 pro
1855 2162 1934 2198 aliis
1966 2162 2190 2211 perdenda:
2216 2166 2280 2201 sed

1284 2220 1470 2269 agendum
1491 2229 1532 2257 ut
1549 2229 1758 2270 operentur
1778 2220 1815 2256 in
1833 2220 1941 2256 nobis
1958 2221 2062 2270 quod
2082 2235 2191 2258 suum
2209 2233 2278 2266 est,

1283 2279 1321 2315 id
1343 2287 1418 2324 est,
1441 2287 1481 2314 ut
1501 2292 1700 2324 sanemur,
1721 2288 1761 2315 ut
1782 2293 1997 2326 servemur,
2019 2289 2059 2317 ut
2079 2283 2279 2319 salvemur.

1283 2342 1467 2376 Sanemur
1492 2351 1560 2388 per
1581 2337 1750 2374 laborem
1777 2340 1971 2388 eorporis,
1993 2354 2189 2379 servemur
2215 2357 2281 2393 per

1283 2399 1483 2434 lectionem
1509 2406 1546 2434 et
1569 2398 1875 2443 meditationem,
1899 2400 2088 2437 salvemur
2108 2415 2176 2452 per
2191 2418 2280 2440 ora-

1285 2459 1437 2495 tionem.
1468 2457 1605 2495 Labori
1629 2458 1827 2495 insidiatur
1846 2459 2010 2506 desidia,
2026 2461 2178 2498 lectioni
2192 2491 2201 2506 ,
2222 2463 2279 2498 in-

222 2527 279 2556 est
296 2518 598 2556 adolescentulis,
619 2518 786 2555 Charitas
800 2518 942 2566 quippe
963 2517 1090 2566 sponsi
1106 2530 1213 2566 urge·
1231 2517 1265 2550 D
1281 2517 1466 2566 quietudo
1485 2517 1540 2553 vel
1568 2518 1757 2563 ‹›tiositas;
1785 2519 1972 2563 orationi,
2002 2521 2114 2557 nimia
2141 2523 2278 2557 securi-

222 2577 287 2614 bat
307 2591 400 2614 eam.
426 2577 482 2614 Ad
504 2590 641 2613 nomen
673 2577 771 2612 enim
797 2576 946 2626 sponsi,
971 2576 1081 2612 idest
1110 2577 1212 2613 noti·-

224 2638 310 2674 tiam
329 2637 475 2687 sponsi,
494 2636 540 2672 ab
565 2650 610 2672 eo
629 2636 675 2672 de
696 2635 802 2684 eujus
825 2636 1061 2685 plenitudine
1081 2650 1212 2673 omnes

222 2697 458 2746 accepimus,
483 2704 584 2731 tanta
615 2695 709 2731 facta
737 2703 792 2731 est
825 2695 919 2740 olei,
952 2695 988 2731 id
1009 2704 1064 2732 est
1090 2695 1212 2732 ehari-

225 2756 330 2801 tatis,
352 2755 502 2800 effusio,
521 2762 561 2790 ut
582 2755 692 2803 plena
713 2767 851 2804 sponsa
869 2767 939 2803 pro
963 2768 1001 2790 se
1025 2755 1211 2791 exclama-

223 2822 299 2860 ret,
328 2817 458 2849 (Meam
485 2812 642 2861 effluam
664 2827 797 2848 nntnmz
814 2824 915 2849 luam
933 2823 993 2850 :et
1021 2814 1066 2850 de
1093 2815 1214 2863 pleni-

225 2873 353 2909 tudine
371 2886 436 2908 sua
457 2872 659 2908 refundens
678 2873 713 2908 in
731 2873 1030 2909 adolescentulas
1048 2874 1210 2917 (liceret,

223 2935 303 2967 idea
320 2934 603 2968 mlo&:vccnmloe
622 2934 890 2968 ‹lil‹›.1·1,·runtt‹·.
911 2933 1052 2969 Effusio
1072 2933 1214 2982 quippe

225 3000 329 3027 notat
356 2991 638 3028 abumlantiam.
669 2995 755 3028 tta-‹-
775 3001 828 3028 est
846 2993 980 3028 ell'usio
1002 2992 1037 3027 in
1065 2992 1137 3027 lide
1157 2993 1213 3027 vel

224 3064 309 3099 spe,
332 3051 394 3087 sed
425 3051 460 3087 in
479 3051 669 3087 charitatis
701 3059 845 3087 tantum
867 3050 1115 3100 plenitudine.
1152 3052 1215 3087 tet

224 3111 430 3147 seeundum
472 3111 686 3160 superiores
723 3110 815 3146 duas
849 3110 1054 3146 sententias
1078 3125 1084 3146 :
1113 3110 1214 3154 nixi,

276 3237 417 3267 ¹(1antie.
440 3249 462 3273 ι,
485 3241 515 3268 2.
532 3255 573 3259 ff«
597 3243 607 3256 ⁷
628 3239 655 3267 ll
675 3238 746 3268 Cor.
767 3248 797 3273 v,
819 3240 868 3267 ta.

1281 2585 1345 2614 tas.
1384 2577 1494 2625 Quod
1537 2577 1651 2625 igitur
1694 2586 1863 2613 nostrum
1904 2587 1978 2624 est,
2013 2592 2213 2628 peccamus
2246 2583 2273 2617 si

1279 2635 1528 2679 effundimus,
1552 2644 1593 2671 ut
1610 2635 1750 2672 dietum
1780 2644 1835 2671 est
1854 2651 1860 2671 :
1882 2636 1916 2671 id
1947 2645 2023 2682 est,
2046 2638 2073 2674 si
2107 2638 2272 2675 laborem

1279 2695 1501 2744 negligimus
1533 2704 1690 2745 propter
1721 2695 1924 2740 desidiam,
1955 2697 2152 2734 lectionem
2186 2713 2275 2748 pro—

1280 2763 1364 2804 pter
1389 2753 1688 2802 inquietudinem
1712 2754 1769 2789 xel
1792 2755 2042 2801 otiositatem,
2064 2757 2273 2794 orationem

1281 2821 1438 2862 propter
1455 2813 1604 2847 nimiam
1619 2812 1868 2848 securitatem.
1893 2817 2068 2850 'Nostrum
2092 2828 2182 2852 xero
2199 2831 2273 2852 non

1280 2881 1355 2916 est,
1377 2871 1441 2908 sed
1461 2872 1641 2913 aliorum,
1668 2871 1852 2920 quidquid
1882 2872 2062 2909 habemus
2096 2875 2175 2910 sine
2197 2891 2274 2924 ‹pu›

1281 2931 1469 2966 salvamur
1498 2943 1503 2964 ς
1535 2938 1575 2964 ut
1607 2938 1693 2965 sunt
1729 2943 1853 2966 sermo
1887 2932 2107 2980 sapientiae,
2150 2948 2275 2970 serino

1282 2990 1463 3031 scientiae,
1488 2989 1602 3037 gratia
1625 2998 1863 3025 ‹au-:monum
1879 3019 1887 3031 ,
1905 3000 1938 3026 et
1956 3001 2087 3027 caetera
2107 3007 2190 3041 qua·
2210 2996 2274 3031 lm-

1284 3049 1361 3084 beri
1397 3057 1551 3098 possunt
1585 3058 1723 3098 pra-ter
1751 3050 1994 3095 charitatem,
2030 3053 2161 3101 inqua
2197 3057 2272 3091 sol..

1283 3109 1484 3144 salvamur.
1509 3113 1594 3145 ll-re
1629 3109 1656 3144 si
1696 3109 1900 3146 retinemus
1935 3111 1969 3146 in
2005 3121 2197 3161 tempore,
2235 3125 2268 3149 ιιι
