2418 3949
203 157 278 193 633

402 301 519 331 XLIII.
534 318 577 322 ——
593 299 795 342 Querimonia
812 300 993 331 Salvatoris.

257 414 318 451 52.
345 417 488 463 Populi:
507 428 622 460 mem,
646 415 697 452 ait
720 415 924 460 Dominus,
943 415 1037 462 (suicl
1055 412 1120 449 tibi
1137 415 1197 448 {lee-

205 472 419 521 buifacere,
440 484 475 510 et
498 488 571 510 mm
580 473 661 521 feci
679 477 712 511 ¹?
731 475 830 523 Quid
853 487 972 510 causae
993 481 1072 518 est,
1091 472 1192 522 quod

204 532 357 569 inimico
384 546 468 570 meo
494 542 698 582 vestroque
719 533 812 570 libet
828 533 969 570 servire
985 545 1097 581 quam
1125 532 1195 567 mi-

203 591 265 627 hi?
295 595 423 641 Neque
450 593 549 628 enim
578 593 640 629 ille
660 593 800 629 creavit
826 605 914 636 vos,
936 592 1000 628 sed
1031 605 1100 627 nec
1132 603 1196 641 pa-

203 651 272 687 scit
296 652 471 700 quidem3
494 661 558 688 aut
580 660 751 702 tempora
771 660 895 688 vestra
914 652 994 701 ipse
1016 651 1193 700 disponit.

203 710 241 747 Si
266 724 382 760 parva
408 711 487 747 liaec
509 711 688 747 videntur
712 711 866 760 ingratis
894 726 902 748 :
927 724 1003 747 non
1031 711 1113 756 ille,
1132 710 1195 747 sed

203 782 272 818 ego
302 770 443 806 redemi
475 783 554 806 vos.
577 770 649 808 Sed
672 784 750 819 quo
778 771 928 819 pretio?
953 774 1037 808 Non
1066 771 1197 819 utique

203 829 515 878 corruptibilibus
541 842 634 865 auro
660 838 697 865 et
727 838 884 877 argento
900 858 909 874 ,
934 843 1010 866 non
1034 830 1111 865 sole
1137 829 1196 865 vel

205 888 292 924 luna
307 917 316 934 ,
337 902 412 925 non
441 889 569 925 saltem
592 889 719 938 aliquo
740 889 993 938 Angelorum,
1018 889 1081 925 sed
1107 901 1199 938 pro-

203 948 288 996 prio
308 961 375 984 vos
396 962 531 985 cruore
552 948 706 984 redemi.
731 952 915 984 Caeterum
938 949 967 984 si
985 961 1106 996 neque
1125 956 1197 983 tam

202 1008 399 1058 multiplici
416 1008 503 1058 jure
531 1008 700 1044 debitum
726 1021 747 1044 a
771 1007 880 1044 vobis
903 1008 1039 1043 elicere
1063 1016 1118 1043 est
1145 1007 1197 1043 sa-

203 1068 411 1114 mulatum3
432 1068 577 1104 omissis
598 1068 653 1103 his
677 1066 875 1110 omnibus,
899 1079 1045 1102 mecum
1067 1066 1195 1102 saltem

203 1140 248 1162 ex
275 1126 411 1163 diurno
440 1127 597 1164 denario
631 1127 845 1163 convenite.
875 1125 974 1163 Mhi!
1000 1122 1107 1161 vobis
1136 1126 1198 1161 ille

203 1186 393 1231 nocuerit,
414 1187 504 1223 nihil
526 1187 604 1236 ipse
623 1186 752 1222 videar
769 1185 968 1236 profuisse.
990 1185 1034 1222 Ei
1053 1184 1198 1221 obtem-

201 1254 350 1294 perate,
373 1247 438 1296 qui
464 1247 573 1296 plura
600 1245 709 1283 vobis
739 1254 777 1282 et
801 1246 951 1295 potiora
973 1245 1195 1294 pollicetur,

201 1305 300 1354 apud
329 1319 439 1355 quem
470 1307 626 1351 certior,
648 1306 914 1355 copiosiorque
943 1304 1198 1341 remuneratio

202 1373 276 1411 est;
298 1373 339 1401 ut
366 1365 458 1402 illud
479 1379 631 1415 quoque
658 1365 926 1414 benignissima
956 1364 1197 1400 miseratione

203 1425 431 1461 dissimulem
449 1455 458 1471 ,
497 1425 599 1474 quod
635 1424 825 1461 bonorum
865 1432 1079 1460 vestrorum
1119 1436 1196 1459 non

203 1497 335 1533 egens,
359 1484 467 1521 vobis
497 1484 760 1520 tantummodo
789 1484 901 1519 velim
932 1496 1011 1519 esse
1042 1483 1197 1519 consul-

205 1552 281 1580 tum
298 1572 307 1589 ,
333 1557 380 1580 ne
409 1544 607 1594 praesentia
635 1544 825 1593 suscipere
854 1543 1090 1588 detrectetis,
1112 1556 1197 1591 quae

203 1616 304 1639 nunc
327 1603 447 1640 offero
467 1603 566 1639 dona
589 1603 737 1652 gratiae,
759 1602 894 1638 suturis
915 1602 1042 1651 gloriae
1063 1615 1196 1638 mune—

203 1662 308 1700 ribus
325 1662 454 1699 eadem
470 1662 687 1700 coronanda
704 1662 944 1712 promittens.

356 1797 471 1827 XLIV.
485 1814 529 1818 —
549 1798 596 1827 De
616 1795 814 1827 excusatione
833 1794 1038 1826 saecularium.

258 1904 320 1939 53.
341 1903 438 1951 Quid
459 1903 505 1939 ad
523 1904 601 1940 haec
617 1904 845 1940 conscientia
861 1903 1024 1939 humana
1045 1916 1198 1953 respon·

205 1961 292 1998 det?
315 1964 406 1999 Cum
446 1963 696 2013 improperari
729 1964 914 2012 coeperint
948 1963 1026 1999 liaec
1063 1962 1100 1998 in
1138 1962 1197 1999 die

200 2018 332 2067 judicii
351 2050 360 2066 ,
403 2021 595 2069 quomodo
630 2021 757 2057 miseri
791 2020 1031 2057 sustinebunt
1050 2023 1064 2057 ,³
1099 2021 1197 2068 Quid

206 2080 456 2117 excusationis
473 2089 651 2130 poterunt
666 2080 804 2117 habere
818 2081 863 2117 de
881 2082 1059 2130 peccato?
1079 2084 1196 2117 Kum-

206 2139 296 2187 quid
319 2149 405 2176 tunc
427 2141 551 2177 dicere
571 2142 775 2190 incipient:
799 2141 914 2177 Modo
927 2169 936 2186 ,
953 2154 1039 2177 ecce
1058 2141 1194 2188 modo;

205 2199 285 2235 sine
305 2200 527 2249 paululum?
548 2201 607 2237 sie
626 2201 725 2236 enim
748 2213 848 2236 nune
876 2200 1113 2236 dissimulant
1136 2201 1195 2236 in-

206 2258 348 2305 felices,
369 2268 405 2295 et
431 2260 565 2305 Modo,
583 2268 619 2296 et
637 2260 771 2305 modo,
792 2272 866 2295 non
887 2258 1000 2295 liabct
1020 2259 1193 2305 modum3

205 2326 241 2354 et
263 2319 350 2355 Sine
366 2320 584 2369 paululum,
605 2319 643 2355 in
662 2320 815 2368 longum
841 2319 956 2355 vadit.
976 2323 1102 2355 Bonus
1119 2327 1194 2365 est,

204 2377 400 2427 inquiunt,
429 2383 530 2415 Deus
555 2379 620 2428 qui
649 2379 686 2414 in
713 2379 890 2429 proximo
910 2378 1031 2428 juvat.
1062 2383 1194 2428 Magna

204 2437 354 2486 quidem
371 2437 498 2474 divina
514 2439 735 2488 promissio,
757 2438 820 2475 sed
842 2439 953 2486 longa
972 2439 1128 2474 nimium
1143 2438 1196 2474 di-

206 2496 314 2541 latio,
338 2505 374 2533 et
396 2498 552 2534 molesta
570 2498 800 2546 exspectatio
820 2506 886 2534 est.
910 2501 1112 2534 Terrenum
1137 2497 1197 2534 de-

821 162 977 196 nECLA
986 161 1228 196 MATIOMIS
1258 161 1321 195 ΕΧ
1352 162 1630 199 ΒΙΞΠΝΑΠΒΟ.

1204 234 1253 252 301

2180 168 2253 205 (334

1318 238 1378 272 54.
1415 237 1486 273 Sed
1508 247 1610 284 esto;
1632 240 1749 276 multa
1774 240 1838 277 tibi
1865 255 2052 279 annorum
2071 246 2259 282 curricula

1215 299 1246 331 A
1266 304 1418 331 restant.
1446 297 1673 335 Adolescens
1707 313 1763 344 es,
1797 314 1915 350 nsque
1948 303 1994 338 ad
2027 314 2258 341 senectutem

1263 354 1434 391 victurus
1459 364 1496 391 et
1516 358 1661 394 senium
1689 374 1696 395 :
1722 360 1812 408 quid
1836 374 1987 398 neccsse
2010 362 2124 399 habes
2148 365 2261 400 amit—

1265 422 1342 449 tere
1364 423 1535 464 tempora
1560 426 1678 463 tanta,
1702 420 1860 467 perdere
1883 429 1984 457 tanta
2004 422 2135 459 lucra?
2160 424 2262 460 §ihil

1262 474 1463 521 pretiosius
1490 483 1661 525 tempore
1676 507 1686 523 ,
1707 478 1771 513 sed
1792 478 1887 515 heu!
1907 481 1998 516 niliil
2020 481 2132 518 hodie
2150 483 2261 519 vilius

1262 533 1490 569 aestimatur!
1511 538 1723 572 Transeunt
1744 537 1822 573 dics
1843 539 1993 585 salutis,
2015 550 2051 576 et
2069 554 2181 578 nemo
2202 556 2263 578 re-

1262 592 1421 639 cogitat,
1445 606 1556 629 nemo
1577 594 1646 630 sibi
1674 608 1749 631 non
1772 597 1937 634 reditura
1959 610 2149 636 momenta
2169 614 2259 650 per-

1262 651 1332 687 isse
1359 660 1544 687 causatur.
1565 659 1623 689 An
1653 663 1784 702 putas,
1807 669 1829 691 o
1851 656 1986 703 houm,
2004 658 2147 696 biennii
2173 669 2261 697 tan-

1263 719 1343 746 tum
1378 719 1442 747 aut
1474 712 1625 748 triennii
1656 727 1752 763 opus
1781 714 1828 750 ab
1860 717 2119 766 Omnipotenti
2155 734 2264 769 posse

1263 772 1567 819 recompensari?
1598 772 1657 808 Sic
1685 772 1904 810 abbreviata
1935 784 1990 812 cst
2023 790 2154 814 manus
2183 783 2263 815 Do-

1265 830 1377 875 mini,
1403 838 1443 866 ut
1464 839 1614 867 centum
1636 845 1822 868 annorum
1852 846 1927 869 non
1950 836 2067 883 possit
2086 850 2263 873 remune—

1265 902 1349 925 rare
1383 888 1581 925 laborem?
1615 890 1732 935 Sede,
1767 902 1966 941 computa,
2005 895 2094 943 quid
2132 896 2266 934 dicbus

1267 949 1420 997 singulis
1443 950 1639 998 acquirere
1660 951 1805 996 xalcas,
1826 961 1951 989 certus
1971 955 2145 1002 equidem
2163 957 2265 1005 apud

1217 1013 1244 1046 B
1262 1012 1384 1045 Deum
1410 1007 1555 1044 nullum
1587 1010 1743 1045 omnino
1772 1010 1915 1048 bonum
1946 1013 2264 1051 irremuneratum

1264 1068 1366 1114 fore,
1383 1076 1420 1104 et
1444 1068 1539 1104 sicut
1555 1082 1631 1104 non
1652 1069 1829 1118 capillum
1855 1071 1900 1106 de
1922 1086 2106 1121 corpore,
2128 1074 2179 1109 sic
2197 1088 2266 1110 nec

1264 1136 1499 1164 momentum
1529 1127 1575 1163 de
1601 1137 1771 1177 tempore
1798 1130 2023 1178 periturum.
2047 1132 2146 1180 Quid
2172 1133 2265 1169 illud

1264 1187 1449 1237 Sapientis
1478 1188 1676 1224 consilium
1709 1188 1875 1238 ingeram
1900 1204 1907 1225 :
1939 1191 1994 1225 Ne
2020 1194 2143 1227 tardes
2173 1207 2264 1228 ccm—

1264 1252 1353 1282 veru*
1381 1250 1436 1282 ml
1461 1250 1704 1293 Dmniman23
1735 1253 1852 1284 nescis
1885 1252 1977 1297 quid
2000 1262 2264 1299 superventura

1258 1310 1394 1354 pariae
1420 1309 1496 1341 (lies
1512 1305 1551 1342 3?
1575 1307 1674 1354 Quid
1698 1308 1878 1344 insaniam
1910 1322 2041 1346 causer
2061 1310 2107 1347 de
2133 1312 2262 1348 futuro

1265 1374 1338 1401 tam
1370 1366 1566 1402 temerarie
1598 1368 1863 1415 praesumentis
1891 1384 1899 1404 :
1926 1371 2144 1418 quasivero
2167 1380 2265 1408 tem-

1263 1438 1355 1474 pora
1377 1434 1412 1461 et
1433 1435 1625 1462 momenta
1643 1430 1753 1462 Pater
1772 1427 1809 1462 in
1834 1435 1919 1471 tua,
1939 1437 1976 1464 et
1997 1442 2073 1465 non
2093 1431 2209 1479 magis
2226 1432 2263 1467 in

1262 1497 1327 1521 sua
1349 1485 1517 1534 posuerit
1538 1486 1756 1522 voluntate?
1776 1490 1971 1524 Postremo
1986 1517 1994 1532 ‚
2014 1490 2106 1538 quid
2127 1491 2172 1527 de
2197 1492 2261 1527 in-

1263 1553 1366 1579 certo
1395 1546 1468 1580 line
1483 1573 1492 1589 ,
1512 1544 1601 1593 quid
1625 1544 1670 1580 de
1696 1553 1796 1581 certa
1817 1545 1999 1583 brevitate
2024 1548 2162 1585 laboris
2177 1579 2186 1594 ,
2206 1564 2266 1586 re-

1265 1603 1481 1640 tributionis
1515 1605 1725 1641 aett=1'nitate
1755 1606 1912 1654 loquar?
1934 1607 2047 1643 Novit
2078 1610 2264 1646 Dominus

1265 1664 1485 1713 figmentum
1528 1672 1697 1700 nostrum
1715 1692 1724 1709 ,
1762 1665 1924 1701 consulit
1961 1667 2261 1714 pusillanimitati

1264 1731 1425 1766 nostum,
1456 1723 1630 1759 liumanae
1661 1722 1790 1759 obviat
1819 1725 2059 1778 cogitationi,
2089 1727 2261 1764 anxieta-

1215 1783 1241 1819 C
1264 1791 1337 1818 tem
1357 1781 1494 1831 abigit,
1518 1783 1703 1832 praevenit
1721 1783 2024 1833 trepidationem.

1464 1916 1564 1944 XLV.
1582 1932 1626 1936 —
1640 1916 1687 1944 De
1707 1913 1823 1956 duplici
1841 1915 2058 1956 promissione.

1318 2023 1378 2059 55.
1402 2022 1579 2071 Sequitur
1605 2023 1702 2058 enim
1727 2038 1734 2058 :
1757 2024 1806 2058 Et
1827 2029 1947 2059 omnis
1981 2029 2043 2072 qui
2072 2029 2266 2074 reliqui-me

1259 2091 1429 2130 patrem,
1451 2092 1517 2117 aut
1547 2091 1701 2117 mam-m
1720 2112 1729 2126 ,
1761 2093 1826 2118 aaz
1847 2086 1993 2119 domum
2010 2114 2020 2129 ,
2042 2094 2110 2120 aut
2128 2099 2260 2134 agrum

1257 2152 1413 2190 propter
1443 2155 1576 2176 leonton
1609 2155 1750 2185 mrum,
1782 2146 1994 2191 centuplum
2017 2149 2175 2193 accistict
2191 2175 2201 2190 ‚
2225 2156 2261 2181 et

1260 2207 1378 2236 vitam
1401 2211 1581 2236 (eternam
1594 2201 1800 2248 possidebit
1816 2202 1843 2237 4.
1865 2203 1962 2249 Quid
1988 2204 2085 2240 ultra
2108 2204 2238 2241 dicetis
2252 2234 2261 2249 ,

1262 2260 1325 2296 lilii
1349 2261 1567 2306 hominum,
1589 2261 1742 2309 quando
1766 2270 1802 2297 et
1833 2262 1868 2297 in
1895 2262 1965 2299 lioc
1997 2264 2138 2300 mundo
2162 2273 2263 2301 tanta

1263 2318 1370 2355 vobis
1388 2319 1571 2368 promissa
1593 2328 1704 2365 sunt,
1729 2329 1771 2356 ut
1788 2320 1983 2358 dormiatis
2002 2323 2101 2359 inter
2118 2324 2264 2360 medios

1261 2379 1404 2423 cleros,
1436 2378 1482 2414 de
1503 2378 1642 2427 quibus
1665 2380 1779 2428 paulo
1799 2389 1886 2416 ante
1907 2381 2164 2419 causabamini
2197 2398 2204 2419 :
2226 2392 2263 2419 ct

1262 2447 1443 2474 exeuntes
1464 2452 1483 2474 a
1512 2447 1613 2474 sorte
1648 2447 1797 2475 terrena
1819 2441 1982 2489 amplior
2010 2441 2133 2477 statim
2157 2443 2262 2479 exci-

1262 2498 1340 2546 piat
1365 2498 1598 2543 consolatio,
1618 2511 1692 2547 qua
1720 2512 1796 2534 non
1819 2499 1933 2535 modo
1964 2501 2175 2549 patienter,
2200 2503 2265 2539 scd

206 2568 330 2591 serere
350 2564 510 2600 sortem,
536 2565 572 2592 et
595 2556 754 2592 necdum
784 2556 957 2593 obtinere
982 2557 1194 2600 coelestem,
1215 2562 1246 2595 D
1264 2556 1374 2592 etiam
1391 2557 1624 2605 gratulanter
1640 2559 1864 2607 exspectetis
1885 2568 2024 2595 sortem
2048 2570 2265 2598 sanctorum

206 2615 359 2651 afflictio
375 2624 429 2651 est
447 2616 706 2661 intolerabilis,
721 2625 758 2652 ct
773 2615 1054 2653 inconsolabilis
1072 2617 1195 2653 dolor.

205 2675 304 2723 Quid
325 2676 532 2712 accelerare
548 2689 698 2712 necesse
715 2685 789 2722 est,
807 2685 847 2712 ut
866 2677 1014 2713 miseria
1036 2678 1200 2726 prolon—

206 2736 341 2783 getur?
370 2736 500 2771 Misera
524 2748 677 2784 prorsus
706 2744 741 2771 et
769 2735 983 2772 seductoria
1009 2737 1197 2785 cogitatio.

207 2798 312 2832 hova
331 2794 513 2843 siquidem
534 2795 610 2830 lizee
622 2795 773 2844 querela
787 2803 854 2841 est,
871 2809 938 2831 uec
953 2796 1198 2845 prolixiorem

207 2853 321 2889 vitam
341 2853 404 2889 lilii
420 2853 578 2889 hominu
587 2868 619 2890 m
639 2854 818 2890 hactenus
831 2854 1094 2891 causabantur.
1108 2859 1198 2891 Bre-

209 2925 273 2947 ves
289 2911 368 2948 dies
388 2912 550 2949 hominis
569 2922 655 2949 sunt
667 2943 676 2959 ,
693 2914 813 2949 donec
829 2915 1055 2951 conscicntia
1073 2915 1199 2951 stimu-

210 2972 309 3007 lante
323 3000 332 3017 ,
354 2972 399 3008 de
422 2972 640 3021 poi-nitentia
659 2981 696 3009 et
713 2974 959 3010 conversione,
982 2975 1038 3010 vel
1060 2975 1162 3010 intus
1182 2989 1202 3010 a

210 3031 363 3080 spiritu,
392 3032 449 3067 vel
474 3032 562 3068 l'oris
583 3041 868 3069 commoneatur
893 3033 939 3069 ab
963 3033 1128 3069 homine.
1160 3036 1203 3068 lit

212 3098 300 3125 tuuc
326 3103 414 3126 saue
438 3104 578 3127 novum
599 3092 815 3142 coneipitur
843 3092 992 3128 taedium
1024 3092 1203 3141 longioris

212 3149 296 3185 vitae
309 3178 318 3194 ,
336 3149 554 3187 diss'erendae
574 3152 707 3188 mortis
728 3153 848 3188 oritur
871 3151 1003 3187 liducia
1021 3165 1130 3187 noxa.

263 3280 268 3291 ¹
294 3274 358 3303 lm.
378 3286 406 3308 v,
428 3277 455 3304 fe.

529 3277 748 3311 11··.·‹ti.v,8.
789 3296 792 3297 ν
826 3276 949 3306 ³l'111x.
973 3288 1085 3310 xxxii,
1113 3281 1178 3307 I.-v

1219 3276 1358 3307 (ΜέΛΙΙι.
1378 3289 1433 3306 ,xix
1450 3302 1456 3309 ,
1476 3282 1528 3306 Ἠ).

1267 2615 1301 2651 in
1324 2616 1609 2663 regeneratione
1634 2617 1888 2664 promissam?
1911 2618 2102 2666 Siquidem
2128 2628 2164 2655 et
2185 2621 2266 2670 ipsa

1265 2676 1496 2724 exspectatio
1529 2675 1718 2723 justorum
1755 2677 1881 2713 laetitia
1915 2689 1982 2714 cst.
2019 2682 2265 2728 Ccmuplam,

1266 2734 1410 2782 inquit,
1436 2738 1596 2781 accipie!
1613 2762 1621 2775 ‚
1649 2744 1682 2769 et
1706 2739 1821 2770 vitam
1844 2745 2027 2772 (eternam
2048 2739 2267 2786 ptr.s-.x·i‹l‹·l11!.

1267 2793 1444 2838 llabctis,
1467 2794 1544 2829 alilii
1572 2793 1711 2839 Adam,
1744 2795 2034 2844 promissionem
2072 2798 2157 2834 vita:
2188 2799 2269 2847 ejus

1266 2867 1350 2902 qua·
1372 2866 1473 2888 nuuc
1494 2862 1573 2898 est,
1603 2855 1744 2903 pariter
1773 2864 1808 2890 ct
1838 2857 1991 2901 lutura-3
2021 2866 2061 2893 ut
2096 2857 2269 2896 obstrua-

1269 2921 1327 2948 tur
1348 2926 1461 2947 omnc
1482 2927 1523 2948 os
1541 2914 1778 2962 loquentium
1803 2915 1930 2965 iniqua
1946 2946 1954 2961 ,
1973 2925 2008 2952 et
2029 2917 2268 2966 ‹unt-linusan-

1270 2981 1330 3006 lut·
1351 2985 1475 3006 omncs
1498 2975 1625 3019 emqua
1650 2985 1801 3022 agentes
1833 2977 2096 3024 .wJ›‹·r‹·11·c11c⁵.
2121 2984 2175 3016 An
2195 2993 2270 3015 non

1269 3045 1489 3079 snpewncm·
1510 3033 1662 3081 penitus
1682 3035 1755 3083 agit
1778 3036 1903 3085 iniqua
1919 3065 1926 3078 ,
1959 3038 2022 3086 qui
2051 3052 2126 3074 uon
2156 3040 2270 3075 modo

1271 3092 1521 3137 fructuosius,
1540 3093 1604 3128 sed
1629 3093 1901 3142 etjucundius3
1923 3110 1997 3132 non
2024 3098 2138 3133 modo
2162 3101 2266 3135 salu—

1271 3150 1394 3195 brius,
1433 3150 1496 3186 scd
1540 3160 1574 3187 et
1615 3154 1766 3190 suavius
1806 3158 1850 3191 1)(
1863 3170 1885 3191 o
1919 3165 2065 3205 poterat
2101 3159 2262 3203 servii-c,

1613 3277 1623 3296 f·
1642 3279 1717 3308 l'sal.
1744 3290 1832 3309 xxix.
1860 3282 1881 3308 i.
