2504 3928
351 189 400 223 ⁸.):›
1115 191 1142 224 (ἱ
1151 191 1406 226 11,Lt·2131².n·1·1
1439 195 1462 226 A
1473 193 1634 227 tumus
2344 194 2393 230 96

349 264 394 299 ad
416 263 609 312 superiora
629 263 888 312 prtqwrautis,
911 271 945 298 et
968 263 1193 300 intendentis
1217 266 1252 302 iu
1269 280 1334 302 an·
1356 266 1384 284 ⁴⁰
1401 268 1536 303 sactum
1577 268 1732 303 iulirmis
1771 268 1960 304 infirmum
1982 268 2023 304 (ἱ.)
2045 270 2157 318 Quasi
2194 271 2393 320 spiritualis

354 323 501 358 teriora.
538 326 569 358 t)
597 323 727 357 misera
758 322 834 356 bzec
865 330 1035 371 tempora
1069 327 1218 360 nostra!
1239 339 1332 373 quo·
1353 327 1378 359 A
1402 325 1517 361 Adam
1549 329 1624 361 Eva
1652 326 1834 372 eflicitur,
1855 326 1943 362 dum
1970 327 2148 376 subjectis
2168 330 2394 378 compatitur

351 381 464 416 modo
485 381 613 416 abbae
631 381 754 427 regula
780 380 814 416 in
837 382 1066 418 contrarium
1091 397 1221 419 omncs
1243 397 1338 433 pene

351 441 553 482 resilimus,
574 439 682 474 etiam
699 453 781 486 qua¹
797 440 943 487 pietatis
961 441 1070 489 plena
1089 451 1175 477 sunt
1196 444 1336 491 specie,

352 498 397 534 ad
422 498 573 546 injurias
594 498 911 545 interpretamur?
928 498 1073 548 [bique
1095 500 1170 536 sere
1190 500 1336 537 obicem

351 557 525 606 patititur,
551 564 586 591 et
619 556 860 604 impingimus
894 557 928 592 iu
958 558 1097 606 planis,
1129 567 1165 594 et
1197 559 1338 595 lubrica

344 615 451 662 siu-ta
468 625 551 650 suu!
571 619 608 649 iu
627 618 764 662 plateis
787 619 943 663 vestigia
968 627 1114 660 nostra,
1136 618 1228 653 sicut
1252 618 1340 654 dicit

348 675 561 711 Jeremias¹.
587 674 720 711 Omnia
743 674 851 710 nobis
869 675 1040 712 obstrusa
1060 677 1267 725 ‹piei-imur,
1290 678 1340 713 si-

348 733 499 782 quidem
527 733 596 769 iter
618 733 809 782 pigrorum
843 735 946 783 quasi
973 749 1080 784 sepes
1109 737 1336 785 spinarum'.

351 792 406 829 Ad
430 792 668 841 querelarum
692 793 905 829 occasiones
925 795 1176 842 gratulamur,
1203 796 1248 831 ad
1273 809 1337 832 su-

348 852 533 902 spiciones
563 852 703 900 parati,
734 861 794 896 ut,
818 854 1136 901 quemadmodum
1158 855 1335 904 scriptum

346 921 400 948 est
416 941 425 957 ‚
444 920 583 948 terrere
602 925 670 947 nos
685 912 856 948 videatur
871 913 1015 949 sonitus
1040 914 1200 949 volantis
1221 915 1296 950 solii
1312 915 1336 961 3,

347 980 384 1007 et
403 970 516 1007 animi
540 971 727 1006 molestias
757 970 928 1007 manibus
948 980 984 1007 et
1005 971 1128 1008 verbis
1156 974 1337 1010 accersire

1403 384 1608 432 apostolica
1650 384 1803 421 firmitas
1828 399 1835 420 z
1862 393 1898 420 et
1930 385 2137 422 sublimitas
2172 388 2320 424 virtutis
2357 398 2393 425 et

1402 443 1566 478 scientim
1599 443 1802 479 sobrietate
1827 443 1986 492 quadam
2021 445 2212 495 capacitati
2247 455 2391 497 tempe-

1403 510 1506 537 ratur
1539 502 1788 538 intirmorum.
1819 506 1864 538 Et
1892 503 1920 539 si
1951 512 2074 540 mente
2111 506 2257 541 excedit
2292 510 2390 553 Deo,

1404 559 1553 596 sobrius
1578 570 1698 597 tamen
1722 563 1759 596 lit
1783 561 1899 597 aliis7.
1928 562 2061 597 Mentis
2081 576 2252 600 excessus
2272 563 2393 602 bonus

1406 627 1461 654 est
1477 633 1610 668 sopor:
1630 633 1705 655 uon
1725 619 1936 669 superbiam
1953 620 2146 667 inducens,
2166 622 2230 658 sed
2246 622 2391 659 sobrie-

1408 685 1518 713 tatem
1544 678 1694 713 docens.
1721 681 1865 724 ΑιζῙανο
1885 692 1950 714 vos
1973 693 2019 714 m:
2044 686 2271 716 exsuscitetis
2297 684 2392 717 ‹lile-

1927 751 1937 770 .·
1962 745 1998 772 et
2028 737 2058 773 si
2086 747 2210 774 mente
2244 739 2391 776 interim

1405 795 1551 830 excedit
1588 798 1690 840 Deo,
1729 795 1863 830 iterum
1906 803 2027 832 tamen
2069 796 2193 833 sobria
2237 799 2310 835 fiet.
2357 799 2393 834 Si

1404 853 1517 888 niodo
1550 853 1711 898 dormit,
1735 853 1925 902 evigilabit
1946 868 2114 901 rursum,
2143 865 2180 892 et
2201 857 2286 893 vina
2309 871 2392 906 quae

1404 911 1570 960 reperit,
1609 925 1693 947 cum
1733 919 2029 961 temperamento
2078 914 2241 962 quodam
2283 915 2392 952 vobis

1404 970 1586 1006 retundet.
1622 974 1706 1020 Ipsa
1741 971 1848 1006 novit
1877 972 2029 1020 quando
2057 972 2198 1010 dividat
2226 975 2389 1023 praedam

1406 746 1500 771 cmm
1515 764 1524 779 ,
1550 738 1665 770 donec
1691 740 1773 783 ipsa
1804 739 1897 771 velit

347 1031 523 1066 nitamur.
551 1029 642 1065 Inde
671 1038 726 1066 est
754 1030 858 1078 quod
883 1031 1132 1080 spiritualium
1163 1032 1331 1069 virorum
1353 1031 1379 1064 B
1398 1029 1634 1075 domesticiS,
1663 1039 1699 1066 et
1727 1030 1865 1066 cibaria
1892 1032 2049 1068 ancillis.
2084 1034 2283 1080 Quomodo
2315 1048 2391 1071 non

346 1089 455 1125 nimis
475 1088 607 1124 crebro
638 1088 888 1137 inquietamus
907 1090 1069 1138 quietem
1087 1119 1096 1135 ,
1130 1090 1332 1127 interrum-

347 1149 469 1197 pimus
487 1148 581 1193 otia,
597 1156 633 1183 et
649 1149 782 1184 mentis
803 1148 849 1184 ad
869 1150 1062 1198 superiora
1079 1150 1230 1186 intenta·
1243 1164 1332 1199 per-

347 1207 539 1243 turbamus
555 1220 730 1256 soporem
746 1235 754 1252 ,
779 1216 816 1243 et
837 1221 856 1244 a
874 1208 1083 1257 gratissimo
1095 1210 1222 1258 sponsi
1235 1210 1332 1246 avel-

345 1267 455 1302 limus
478 1266 664 1315 amplexu.

397 1327 432 1361 5.
459 1323 727 1372 llujuscemodi
743 1338 832 1373 ergo
847 1324 1054 1371 molestias,
1073 1339 1164 1374 quas
1179 1326 1235 1361 vel
1252 1339 1339 1375 per-

343 1384 497 1420 versitas
526 1384 685 1432 quaerit,
711 1385 769 1419 vel
788 1384 984 1420 infirmitas
1007 1385 1130 1434 parit,
1157 1398 1177 1421 a
1205 1385 1339 1422 dilecta

340 1456 407 1479 sua
419 1455 580 1492 sponsus
594 1443 747 1488 avertit,
766 1444 857 1479 lilias
870 1445 1075 1480 Jerusalem
1091 1443 1137 1479 ad
1155 1445 1337 1493 spiritua-

340 1502 412 1537 lem
434 1501 634 1549 quamdam
665 1502 893 1538 alacritatem
916 1502 1090 1539 invitans.
1121 1506 1202 1539 lloc
1232 1504 1332 1540 euim

340 1560 410 1596 sibi
431 1561 511 1596 vult
523 1560 624 1609 quod
647 1574 716 1610 per
733 1574 885 1610 capreas
906 1570 943 1597 et
960 1574 1090 1598 cervos
1107 1561 1277 1610 adjurat,
1294 1572 1335 1600 ut

341 1620 590 1669 spiritualium
617 1620 663 1656 ad
688 1621 964 1657 aemulationem
999 1630 1257 1670 provocentur
1276 1623 1333 1658 vi—

343 1692 470 1715 rorum
488 1707 497 1724 ‚
534 1688 570 1715 et
601 1679 647 1715 ab
666 1680 902 1716 infestatione
936 1680 1155 1729 importuna
1189 1681 1333 1718 dilectae

340 1738 548 1786 quiescant.
576 1740 718 1783 Adjaro
738 1752 804 1774 vos
825 1753 870 1774 ne
891 1744 1123 1775 eaeszmcitetis
1140 1742 1330 1785 (lt'lectmn,

1398 1088 1636 1125 miserebitur
1659 1089 1817 1125 tiliarum
1836 1090 1933 1126 uteri
1956 1091 2033 1137 sui,
2052 1105 2135 1140 quae
2156 1105 2223 1129 nee
2238 1095 2392 1130 ancillas

1397 1149 1587 1197 praeterit?
1603 1152 1714 1185 Bonae
1736 1157 1858 1187 tamen
1878 1149 1961 1185 filia:
1981 1150 2132 1186 ancillas
2144 1164 2182 1187 se
2202 1161 2388 1202 reputant,

1397 1216 1434 1243 et
1452 1209 1660 1244 naturalem
1682 1209 1853 1244 nesciunt
1873 1208 2101 1255 libertatem,
2116 1211 2204 1247 dum
2222 1212 2390 1248 veritatis

1404 1267 1534 1316 spiritu
1555 1266 1727 1303 liberatas
1744 1280 1782 1303 se
1799 1280 1877 1304 esse
1894 1277 2096 1305 recensent.
2112 1273 2207 1307 Vere
2223 1271 2322 1307 enim
2346 1273 2390 1308 li-

1402 1324 1502 1362 berae
1526 1335 1629 1371 sunt,
1651 1340 1742 1375 quas
1763 1326 1893 1363 liberat
1922 1328 2057 1365 veritas
2079 1342 2086 1365 :
2107 1337 2143 1365 et
2165 1329 2250 1366 ideo
2280 1331 2388 1367 aliam

1403 1383 1610 1421 libertatem
1644 1385 1840 1433 ignorant,
1870 1399 1953 1434 quae
1986 1399 2053 1437 per
2076 1387 2316 1437 adoptionem
2346 1391 2390 1426 li-

1403 1441 1549 1479 beratas
1568 1456 1607 1480 se
1636 1444 1810 1492 gaudent.
1834 1445 2006 1494 Denique
2033 1455 2175 1494 quanto
2196 1451 2312 1497 magis
2331 1457 2386 1485 est

1402 1501 1560 1549 gratuita
1591 1502 1765 1551 adoptio,
1799 1511 1900 1539 tanto
1930 1512 1985 1541 est
2015 1504 2175 1554 abjectio
2201 1506 2386 1544 devotior.

1399 1560 1546 1597 Eaedem
1571 1560 1660 1609 eigo
1675 1570 1712 1597 et
1736 1562 1875 1598 ancillae
1895 1571 2004 1608 sunt,
2034 1571 2071 1600 et
2090 1565 2193 1610 liliae3
2217 1565 2303 1614 quia
2323 1566 2389 1603 ubi

1399 1618 1518 1667 major
1543 1620 1653 1656 estin
1677 1620 1881 1669 adoptione
1901 1621 2090 1670 dignatio,
2116 1622 2167 1659 ibi
2184 1622 2322 1672 justior
2350 1626 2388 1661 in

1398 1677 1628 1726 subjectione
1649 1679 1812 1716 devotio.

1450 1738 1486 1772 6.
1512 1740 1568 1772 Ne
1593 1742 1768 1773 suscitetis
1789 1752 1870 1774 eam
1887 1766 1898 1782 ‚
1926 1740 2042 1774 donec
2061 1743 2143 1788 ipsa
2167 1743 2270 1777 velit.
2303 1745 2388 1792 Ipsa

342 1799 458 1831 ‹lom-c
476 1802 557 1844 ipsa
576 1800 676 1832 velit.
702 1797 800 1834 [tile
827 1796 932 1833 vobis
952 1806 1006 1833 cst
1028 1806 1069 1833 ut
1091 1797 1224 1834 dilecta
1248 1800 1330 1835 evi·
1352 1800 1378 1835 C
1399 1795 1503 1831 novit
1520 1795 1672 1844 quando
1695 1796 1837 1832 dividat
1855 1797 2019 1845 praedam
2038 1798 2261 1846 domesticis,
2279 1810 2316 1837 et
2333 1802 2388 1838 ei-

340 1856 446 1903 gilem
468 1855 531 1891 sed
552 1863 768 1905 exspectate
788 1856 907 1892 donec
929 1856 1006 1905 ipsa
1029 1857 1132 1892 velit.
1158 1857 1246 1905 Ejus
1264 1871 1332 1894 ex—

340 1924 529 1964 spectetur
543 1915 757 1960 arbitrium,
777 1916 823 1952 ad
838 1916 942 1964 cujus
956 1930 1044 1952 cura
1059 1918 1172 1953 vestri
1191 1926 1334 1966 spectat

339 1975 518 2011 osticium.
540 1979 643 2011 Tunc
669 1976 797 2019 volet,
825 1989 909 2011 cum
931 1976 1090 2024 Spiritus
1115 1977 1214 2012 illam
1238 1978 1334 2014 velle

338 2034 520 2070 docuerit.
544 2035 681 2070 Unctio
702 2035 863 2084 Spiritus
883 2034 1034 2070 docebit
1055 2036 1168 2072 illam.
1193 2036 1332 2073 Adbae-

339 2106 423 2129 rens
442 2094 540 2129 enim
563 2093 713 2139 dilecto,
735 2107 832 2131 unus
849 2108 934 2131 cuin
949 2095 1013 2130 illo
1033 2095 1164 2131 effecta
1183 2104 1238 2131 est
1255 2096 1333 2144 spi-

338 2151 440 2187 ritus.
462 2151 552 2188 Ideo
574 2151 697 2188 dicere
712 2161 835 2201 potest
852 2168 859 2189 :
878 2155 1037 2200 SpIrMus
1057 2156 1209 2189 Domini
1222 2168 1334 2202 super

337 2223 406 2253 me,
428 2224 469 2244 eo
487 2212 585 2257 qnod
600 2214 747 2244 amaverit
764 2225 833 2253 mc,
851 2214 1105 2259 evangelizam?
1122 2217 1221 2246 melsa
1233 2213 1328 2247 17164.

335 2273 432 2317 Ergo
459 2268 726 2317 evangelizabit
750 2269 880 2314 vobis,
914 2284 998 2306 cum
1024 2271 1211 2319 acceperit
1228 2280 1326 2307 tem-

335 2341 404 2377 pus
422 2342 442 2364 a
460 2328 612 2377 Spiritu.
632 2329 786 2364 Interim
812 2328 939 2365 bibula
967 2330 1111 2366 bauriat
1134 2331 1234 2379 quod
1262 2344 1324 2366 re—

335 2387 464 2423 fundat
483 2387 645 2423 uberius.
670 2389 1004 2436 Contemplationis
1024 2389 1141 2437 gratia
1156 2402 1324 2438 compas-

333 2447 476 2482 sionem
513 2460 587 2481 non
621 2455 791 2491 evacuat,
824 2447 887 2483 sed
910 2448 1108 2492 informat3
1132 2457 1169 2484 et
1189 2450 1323 2485 mentis

333 2518 506 2541 excessus
529 2513 800 2553 temperantem
821 2505 941 2542 reddit
962 2506 1131 2542 infirmis.
1155 2509 1325 2556 Denique

1401 1853 1505 1890 baria
1527 1856 1682 1891 ancillis.
1705 1859 1786 1892 Non
1808 1864 1864 1892 est
1883 1856 1929 1893 de
1943 1857 2010 1893 ista
2025 1859 2265 1895 metuendum
2284 1861 2387 1909 quod

1399 1913 1536 1962 legitur
1556 1928 1563 1949 t
1587 1917 1685 1950 Filia
1698 1918 1830 1962 papali
1843 1919 1915 1950 mei
1926 1915 2094 1961 crudelis,
2109 1922 2218 1965 quusi
2234 1920 2388 1954 struthm

1400 1977 1439 2007 in
1476 1975 1615 2009 deserta
1632 1972 1658 2009 ⁸.
1695 1974 1861 2011 Strutbio
1886 1987 2018 2024 pennae
2051 1977 2212 2026 speciem
2248 1977 2361 2015 babet
2375 2007 2385 2024 ,

1399 2041 1499 2069 caret
1521 2041 1643 2069 tamen
1671 2034 1805 2071 esl'ectu
1826 2035 1990 2072 volandi.
2012 2037 2136 2073 Nescit
2160 2050 2228 2086 per
2251 2038 2387 2075 mentis

1397 2104 1589 2128 excessum
1605 2093 1753 2138 volare3
1771 2103 1969 2143 propterea
1988 2095 2148 2143 speciem
2167 2109 2244 2132 non
2261 2097 2386 2133 visitat

1397 2163 1520 2196 suain,
1543 2151 1606 2187 sed
1622 2151 1851 2200 derelinquit
1870 2153 1908 2188 in
1929 2161 2026 2189 terra
2044 2167 2115 2190 ova
2136 2167 2214 2191 sua.
2237 2153 2385 2191 Oblivi-

1395 2210 1510 2245 seitur
1540 2210 1641 2258 quod
1670 2223 1736 2259 pes
1764 2212 1954 2247 conculcet
1972 2225 2013 2248 ea
2029 2240 2038 2258 ,
2063 2212 2180 2250 bestia
2199 2222 2380 2250 conterat.

1394 2271 1475 2304 Non
1507 2269 1611 2304 novit
1640 2270 1677 2305 in
1705 2271 2033 2320 contemplationis
2060 2284 2234 2320 soporem
2262 2285 2386 2309 assur-

1391 2340 1478 2376 gere
1501 2328 1659 2364 strutbio
1673 2356 1682 2373 ,
1708 2328 1792 2364 ideo
1810 2342 1848 2365 se
1868 2330 2138 2379 compassionis
2155 2331 2291 2367 affectu
2308 2344 2383 2367 non

1390 2386 1525 2422 induit.
1550 2386 1606 2422 Ad
1624 2387 1864 2424 commodum
1882 2389 1980 2424 enim
2002 2397 2144 2438 spectat
2166 2390 2324 2426 filiarum
2345 2391 2381 2427 in

1392 2446 1526 2482 mentis
1555 2458 1709 2482 excessu
1739 2446 1916 2483 dormitio
1938 2448 2085 2492 matris,
2117 2456 2154 2483 et
2182 2455 2301 2484 totum
2335 2449 2381 2486 de

1391 2504 1616 2553 compendio
1656 2514 1711 2541 est
1741 2505 1842 2554 quod
1879 2507 2079 2556 spiritualis
2110 2506 2191 2555 ejus
2225 2520 2381 2545 somnus

332 2577 416 2599 cum
439 2564 577 2599 dormit
594 2563 712 2600 Adam
727 2593 736 2609 ,
762 2565 880 2600 virilis
899 2573 999 2600 costa
1019 2565 1054 2600 in
1077 2565 1321 2602 infirmiorem
1342 2566 1372 2599 D
1390 2564 1633 2612 protrahitur.
1663 2564 1753 2601 Ideo
1773 2564 1883 2601 dicit:
1901 2568 2044 2611 Adsum
2067 2580 2130 2601 vos
2146 2580 2193 2601 ne
2211 2571 2380 2602 exsusci-

335 2623 520 2658 niolleseit
543 2636 696 2667 sexum3
719 2631 755 2658 et
776 2632 929 2672 propter
953 2624 1128 2659 socialem
1150 2626 1323 2674 copulam

333 2681 379 2717 de
398 2681 511 2717 latere
525 2681 595 2716 viri
612 2681 769 2717 formata
788 2690 843 2717 est
860 2683 1016 2719 mulier:
1035 2683 1111 2718 imo
1129 2683 1164 2718 in
1187 2684 1322 2720 sociam

334 2741 527 2776 mulierem
550 2740 668 2777 Adam
690 2741 768 2790 ipse
785 2742 1032 2788 convertitur,
1049 2751 1085 2778 et
1107 2743 1322 2779 conforma-

333 2800 435 2835 tione
459 2798 620 2847 quadam
650 2800 792 2835 transiit
815 2801 850 2835 in
877 2800 1089 2849 conjugem.
1125 2801 1214 2837 Ideo
1235 2801 1322 2837 dum

331 2858 503 2906 evigilat,
535 2858 722 2894 charitatis
743 2872 875 2894 vocem
910 2860 1067 2908 primam
1103 2861 1261 2904 emittit,
1284 2862 1319 2896 in

331 2917 496 2965 compari
523 2930 587 2953 sua
607 2930 644 2953 se
663 2917 782 2966 ipsum
805 2931 1009 2966 agnoscens
1031 2934 1038 2955 :
1057 2922 1134 2954 Hoc
1150 2933 1244 2954 mmc-
1260 2933 1318 2964 ος,

331 2976 473 3024 inquit,
492 2978 537 3010 de
557 2975 690 3011 omibus·
707 2981 798 3011 meis
810 3005 820 3020 ‚
839 2986 873 3012 et
895 2991 981 3012 caro
1001 2980 1046 3012 (le
1061 2991 1171 3012 carne
1195 2977 1315 3013 1111’115.

331 3039 386 3071 An
411 3047 484 3070 non
507 3034 571 3070 tibi
598 3035 730 3070 Paulus
752 3035 901 3071 videtur
932 3036 1076 3072 virilem
1103 3036 1318 3086 dignitatem

332 3094 367 3129 in
396 3093 632 3129 bumiliorcm
665 3107 794 3130 sexum
822 3094 1019 3131 deflectere
1053 3109 1136 3131 cum
1164 3095 1249 3131 dicit
1283 3110 1321 3131 se

379 3229 385 3242 ¹
408 3222 589 3258 T1u·‹·n.1v,
612 3227 661 3254 18.
681 3244 710 3245 Π
744 3230 754 3244 ²
775 3227 864 3255 l’rox.
886 3237 938 3261 xv,
960 3230 1008 3255 19.

330 3286 359 3303 ix
376 3299 383 3312 ,
406 3279 458 3306 ¹22.
510 3294 514 3295 ν
539 3282 551 3304 Τ
577 3280 601 3306 Η
622 3279 693 3306 tior.
712 3289 741 3312 x,
771 3280 862 3306 1.·ι.μ
895 3278 906 3296 ⁸
923 3278 1038 3308 ‘l‘brew
1060 3289 1102 3316 ix,
1126 3282 1155 3308 Ξῖ.

1389 2628 1470 2658 telis
1490 2625 1677 2668 dilectam,
1700 2626 1815 2659 donec
1831 2629 1914 2672 ipsa
1932 2628 2032 2660 velit.
2059 2628 2161 2661 Bona
2177 2624 2378 2673 adjuratio,

1390 2695 1457 2731 per
1476 2696 1587 2730 quam
1607 2691 1643 2718 et
1662 2684 1767 2719 matri
1784 2684 1964 2733 parcitur,
1983 2693 2020 2720 et
2037 2685 2228 2734 profectus
2245 2685 2382 2733 quaeri-

1391 2750 1452 2777 tur
1464 2742 1634 2778 tiliarum.
1649 2745 1797 2790 Quanto
1813 2743 1911 2778 enim
1929 2742 2081 2779 liberius
2091 2751 2197 2779 vacat
2212 2751 2250 2779 et
2266 2743 2380 2785 videt,

1391 2808 1494 2836 tanto
1524 2800 1676 2837 uberius
1712 2801 2012 2837 adolescentulas
2051 2801 2190 2837 revisit.
2225 2805 2377 2849 Quanto

1389 2858 1584 2895 sublimius
1598 2859 1852 2908 suspenditur,
1867 2869 1969 2896 tanto
1981 2859 2174 2896 descendit
2185 2859 2376 2904 humilius,

1387 2918 1653 2954 condescendit
1681 2919 1816 2954 utiliuS.
1840 2918 1937 2965 Quid
1970 2919 2083 2955 vultis
2105 2927 2274 2968 tempora
2296 2918 2376 2954 dis-

1388 2990 1544 3027 pensare
1561 3005 1569 3021 ,
1591 2991 1674 3025 quae
1694 2991 1852 3025 sponsus
1870 2978 1994 3026 posuit
2015 2978 2050 3013 in
2074 2979 2267 3014 voluntate
2281 2978 2377 3014 ‹lile-

1387 3038 1484 3072 ctae?
1508 3039 1565 3071 Ne
1585 3041 1829 3079 exsuscitetis,
1851 3036 1970 3085 inquit
1984 3065 1992 3081 ,
2014 3039 2133 3079 illam,
2155 3039 2273 3071 donec
2294 3041 2376 3085 ipsa

1387 3099 1489 3132 velit.
1508 3099 1612 3131 'l'unc
1632 3095 1731 3130 volet
1753 3109 1835 3131 cum
1859 3094 1905 3131 ab
1930 3096 2052 3131 oculis
2073 3095 2152 3144 ejus
2172 3097 2379 3132 evolaverit

1034 3246 1069 3248 νὴ
1106 3225 1116 3247 3
1144 3225 1238 3256 tevit.
1264 3237 1353 3260 xxvi,
1382 3231 1435 3256 iffi.
1460 3245 1495 3249 --κ
1524 3227 1616 3256 itsai.
1644 3239 1716 3264 ixi,
1743 3232 1768 3257 1.
1789 3246 1828 3249 —
1853 3225 1958 3257 5(‘=cn.
1983 3237 2025 3262 Η,
2051 3229 2165 3256 tlt-¹23.
2186 3245 2225 3249 ———
2244 3225 2373 3258 (Ἶρον.
