2418 3949
66 138 139 174 613

64 214 169 263 virga
199 212 528 260 caeditur,baculo
563 221 806 250 sustentetur,
842 218 918 252 Aut
951 222 1051 251 certe

682 137 1089 174 DECLAMATIONES
1119 137 1186 171 EX
1213 137 1492 172 BERNARDO.
2039 138 2112 174 614

1061 211 1109 230 29³

1121 213 1299 249 scentiam
1321 213 1538 258 oculorum,
1564 225 1810 262 quaecumque
1839 212 1886 249 ad
1907 214 2115 253 humanum

64 282 191 325 portat
209 282 338 323 pastor
353 273 495 322 virgam
510 282 547 310 et
565 273 740 311 baculum
753 303 763 320 ,
780 274 881 310 illam
899 273 1033 310 ovibus
1045 302 1055 320 ‚
1072 273 1103 306 A
1123 271 1220 307 diem
1239 271 1365 321 (quem
1396 272 1581 321 propheta
1604 272 1757 308 minime
1783 273 2053 325 conmpiviffl),
2075 284 2113 312 et

65 335 170 371 illum
191 334 300 384 lupo,
334 334 461 370 omnia
493 342 618 370 autem
641 342 799 384 propter
824 335 972 370 electos.
995 334 1055 369 Si-

64 393 216 443 quidem
238 402 274 431 et
300 394 406 443 virga
422 405 488 430 eos
508 393 724 429 consolatur
743 405 764 428 a
780 393 939 429 stimulis
964 405 1057 429 con-

65 453 247 499 scientiae,
267 452 356 489 dum
374 453 446 489 hoc
466 452 579 489 modo
606 453 773 489 sentiunt
805 451 875 488 sibi
903 459 1057 501 peccata

66 512 224 558 dimitti,
260 513 405 549 dicente
433 512 623 549 Domino:
642 513 723 561 Ego
744 526 844 556 sum,
879 525 945 559 ego
975 524 1055 546 sum

67 576 144 620 ipse
157 574 222 621 qui
234 574 336 608 deleo
351 577 566 620 iniquitates
581 580 664 607 tuas
677 578 702 607 ¹.
723 574 769 608 Et
784 569 1060 619 baculusjuvat

66 631 113 668 ad
138 632 372 668 tolerantiam
398 632 533 680 virgae,
559 631 648 666 dum
664 631 762 666 illius
777 630 1058 679 comparatione

66 692 108 728 fit
121 692 251 728 levior.
268 695 296 728 E
311 699 443 728 contra
456 703 549 727 vero
565 690 703 726 dicitur
715 689 919 735 induratis,
936 692 1058 725 Frons

66 754 228 787 mulieris
248 755 447 787 meretricis
457 750 566 798 sacta
589 759 642 785 est
656 749 724 785 tibi
735 764 748 794 ,·
768 750 980 786 erubescere
994 763 1059 785 120-

65 814 169 848 luisti
180 816 192 832 ²
209 825 218 847 ε
237 818 274 846 et
289 809 413 856 addit,
432 812 595 846 Recessit
610 813 709 846 zetus
725 823 824 846 meus
845 824 869 845 a
884 818 939 854 te,
961 812 1055 845 ultra

65 885 137 907 non
154 874 293 906 irascar
309 869 409 906 cibi3.
430 873 550 918 Quem
571 869 670 906 enim
692 869 833 917 diligit,
855 869 998 918 arguit,
1020 876 1058 905 et

66 929 228 979 flagellat
246 941 397 966 omnem
419 929 547 965 *filium
581 941 693 977 quem
727 927 898 977 recipit&
920 927 1058 976 Liquet

65 989 226 1039 proinde
245 1002 310 1026 eos
329 988 394 1039 qni
411 989 448 1025 in
479 987 607 1025 labore
629 987 826 1024 hominum
846 1000 923 1023 non
946 995 1054 1033 sunt,
1078 985 1106 1018 Β

66 1057 200 1086 etcum
218 1048 301 1085 filiis
318 1061 395 1085 non
413 1045 693 1097 flagellantur⁵‚
710 1059 779 1082 nec
795 1045 898 1095 diligi
915 1059 935 1082 a
948 1049 1030 1083 Deo
1045 1074 1055 1091 ,

66 1121 135 1145 nec
165 1108 294 1158 recipi.
317 1111 376 1144 An
403 1115 443 1144 tu
464 1107 559 1143 forte
577 1119 674 1156 quos
698 1107 735 1142 in
757 1104 902 1141 mundo
922 1105 1058 1141 florere

67 1167 272 1217 conspicis,
293 1165 340 1203 ab
360 1175 512 1203 auctore
532 1165 664 1202 mundi
678 1165 781 1214 diligi
800 1166 939 1215 putas?
960 1164 1060 1202 Audi

67 1226 158 1276 quid
173 1239 285 1277 super
303 1226 375 1263 hoc
395 1226 587 1276 Scriptura
601 1225 795 1275 loquatur.

270 1363 364 1392 XIX.
385 1378 429 1383 —
449 1359 528 1401 Quis
549 1360 588 1390 sit
608 1359 724 1390 amicus
739 1358 859 1391 mundi.

123 1466 185 1503 22.
219 1467 352 1502 Omnis
384 1469 449 1514 qui
481 1467 640 1501 voluerit
669 1469 811 1500 amicus
844 1477 920 1499 esse
954 1463 1063 1509 hujus

71 1526 222 1568 mundi,
245 1529 417 1561 iuimicus
426 1528 498 1561 Dei
518 1522 775 1560 constituiturfi
792 1531 851 1560 :et
867 1523 940 1560 alio
955 1523 1038 1565 loco
1051 1551 1060 1569 ‚

74 1586 296 1622 charissimi
306 1613 318 1630 ‚
339 1588 454 1621 nolite
474 1587 629 1634 diligere
647 1585 846 1628 mundum,
876 1596 993 1631 neque
1015 1596 1062 1618 ea

69 1658 155 1693 quae
189 1649 228 1681 iu
250 1647 386 1680 mundo
413 1654 510 1680 sunt.
541 1646 582 1680 Si
604 1648 687 1692 quis
716 1646 840 1691 diligit
860 1645 1060 1688 nitendum,

72 1718 146 1740 non
167 1715 221 1741 est
238 1705 402 1740 charitas
419 1705 545 1740 Patris
569 1707 606 1739 iu
626 1716 681 1738 eo.
713 1702 835 1740 Verba
855 1711 944 1739 sunt
965 1715 1061 1752 apo-

1121 331 1333 367 saecularem
1368 332 1550 379 gloriam,
1580 340 1617 367 et
1647 332 1894 368 extrinsecam
1925 334 2115 382 pertinent

1120 390 1336 426 vanitatem.
1368 394 1486 427 Porro
1511 391 1550 426 in
1577 391 1752 440 superbia
1776 392 1880 438 vitae,
1913 394 2112 430 elationem

1122 449 1246 486 cordis
1267 450 1444 498 intellige.
1465 454 1553 487 Haec
1571 450 1671 486 enim
1689 451 1758 487 tria
1769 452 1834 500 qui
1851 452 1990 501 diligit,
2007 467 2116 490 mun-

1123 508 1212 544 dum
1244 508 1384 557 diligit,
1420 517 1458 544 et
1481 509 1551 545 Dei
1584 510 1811 546 constitutus
1842 520 1897 547 est
1926 512 2112 551 inimicus.

1123 568 1307 617 Suscipiat
1327 576 1450 604 autem
1472 568 1536 616 qui
1567 567 1753 616 ejusmodi
1787 578 1860 615 est,
1894 573 2114 610 reconcilia-

1124 627 1236 664 tionis
1252 628 1437 672 officium,
1458 639 1534 662 non
1557 626 1793 672 mediatoris3
1815 629 1879 676 qui
1897 630 2007 667 etiam
2028 645 2116 681 pro-

1123 687 1256 723 ditoris
1278 687 1417 723 scelere
1442 685 1656 721 inimicitias
1675 687 1904 723 cumulavit:
1924 697 1964 724 ut
1982 691 2115 728 merito

1118 747 1196 796 jam
1218 759 1296 782 non
1312 754 1354 782 ut
1369 745 1506 789 hostis,
1531 744 1595 781 scd
1616 753 1658 780 ut
1675 744 2057 795 traditorjudicetur,
2075 758 2117 786 ut

1121 806 1238 844 Judas
1253 806 1404 855 utique,
1425 817 1502 841 non
1522 813 1564 841 ut
1583 804 1729 841 Saulus.

1412 943 1489 972 XX.
1506 959 1551 963 —
1567 943 1615 971 De
1634 939 1836 982 impudentia.

1177 1047 1239 1083 23.
1262 1049 1354 1083 Nam
1385 1059 1470 1082 cum
1491 1045 1727 1095 impudentia
1751 1053 1787 1081 et
1810 1046 2029 1085 frontositas
2053 1062 2118 1085 cor

1125 1105 1373 1143 obduraverit
1394 1114 1436 1142 ut
1460 1118 1538 1141 non
1561 1113 1720 1154 paveat,
1743 1118 1819 1141 non
1846 1106 2021 1154 horreat,
2042 1122 2119 1146 non

1125 1166 1418 1212 contremiscat;
1450 1178 1493 1202 ea
1511 1164 1589 1214 jam
1622 1164 1776 1201 demum
1808 1165 2020 1216 desperatio
2051 1178 2118 1206 est.

1124 1225 1223 1273 Quid
1244 1225 1372 1261 enim?
1394 1228 1540 1262 Horum
1569 1223 1640 1260 sibi
1662 1224 1834 1261 conscius
1865 1225 2004 1273 homo,
2037 1236 2122 1264 tan·

1127 1299 1239 1335 quam
1261 1286 1326 1335 qui
1341 1284 1525 1333 justitiam
1556 1284 1705 1331 fecerit,
1733 1284 1865 1321 divino
1891 1299 1971 1323 sese
2000 1288 2121 1325 vultui

1129 1347 1259 1383 sistere
1281 1359 1357 1382 non
1384 1353 1561 1391 veretur3
1588 1353 1766 1394 tanquam
1800 1345 2029 1385 domesticus
2058 1350 2120 1386 in-

1130 1414 1202 1442 trat
1219 1413 1256 1442 et
1276 1405 1374 1451 exit,
1396 1405 1615 1454 magistrum
1646 1404 1802 1450 salutat,
1836 1418 1959 1454 genua
1984 1407 2122 1454 flectit,

1130 1466 1322 1502 osculatur
1354 1478 1418 1501 ore
1450 1464 1653 1514 sacrilege,
1692 1464 1822 1501 dolose
1856 1465 1952 1515 agit,
1982 1467 2047 1504 sed
2081 1469 2120 1505 in

1129 1532 1334 1574 conspectu
1356 1523 1448 1569 Dei3
1476 1532 1514 1559 ut
1533 1527 1746 1559 inveniatur
1766 1526 1943 1572 iniquitas
1965 1531 2045 1572 ejus
2072 1531 2126 1563 ad

1128 1586 1250 1619 odium
1262 1590 1290 1619 9.
1306 1582 1465 1620 Odibilis
1484 1582 1597 1632 plane
1617 1586 1698 1620 Deo
1720 1583 1889 1620 frontosa
1911 1587 2121 1633 temeritas,

1128 1651 1165 1680 et
1189 1642 1425 1692 impudentia
1454 1641 1695 1678 exsecranda.
1723 1643 1883 1690 Propter
1909 1647 2000 1693 quicl
2023 1646 2122 1683 enim

1129 1706 1285 1738 irritavit
1315 1706 1449 1750 impius
1473 1704 1592 1737 Deum
1611 1730 1621 1745 ,
1651 1702 1890 1740 exacerbavit
1920 1706 2124 1742 Dominum

71 1764 276 1809 stolorum,
302 1764 407 1814 prius
425 1763 577 1812 quidem
595 1762 750 1809 Jacobi3
773 1762 962 1812 posterius
982 1761 1062 1810 ejus
1082 1764 1109 1800 C
1125 1771 1322 1811 peccator,
1356 1769 1399 1798 ut
1425 1764 1625 1797 secundum
1647 1764 1918 1799 multitudinem
1945 1766 2013 1800 iroe
2046 1780 2128 1802 suoe

72 1823 247 1874 discipuli
281 1836 393 1873 quem
428 1822 608 1872 diligebat
631 1827 757 1869 Jesus,
790 1822 855 1871 qui
881 1831 918 1858 et
948 1823 1066 1871 ipsius

73 1883 247 1932 ignorare
279 1895 357 1919 non
382 1890 508 1932 posset
535 1882 739 1918 animumn.
773 1882 844 1918 Sed
872 1881 928 1918 vis
956 1895 1066 1918 nosse

73 1942 157 1992 quis
172 1943 219 1979 sit
233 1943 298 1991 qui
317 1942 445 1991 diligat
459 1942 640 1978 mundum
657 1943 672 1977 Ρ
694 1945 823 1990 Neque
844 1941 944 1977 enim
964 1954 1066 1977 crea-

74 2011 176 2039 turas
208 2002 273 2039 Dei
291 2001 434 2050 juberis
463 2001 605 2046 odisse,
635 2001 698 2038 sed
729 2015 813 2050 quae
833 2015 854 2037 a
874 2005 955 2038 Deo
987 2014 1064 2037 non

74 2070 181 2108 sunt,
199 2075 242 2099 ea
257 2062 410 2111 diligere
422 2061 646 2112 prohiberis.
665 2065 757 2110 Quae
778 2075 868 2098 vero
883 2061 956 2097 sint
970 2061 1062 2107 haec,

73 2126 238 2160 Joannes
272 2122 352 2172 ipse
384 2121 553 2171 loquitur
584 2120 788 2170 adjiciens:
817 2122 962 2164 Nolite,
993 2121 1064 2167 ait,

74 2184 227 2231 diligere
243 2184 416 2217 mundum
428 2210 439 2226 ,
462 2195 582 2229 neque
595 2194 639 2216 ea
656 2194 742 2228 quoe
760 2185 799 2215 in
817 2183 953 2215 nitendo
969 2190 1063 2216 sunt.

77 2243 216 2277 Omnia
234 2245 331 2277 enim
351 2255 440 2289 quoe
460 2245 498 2276 iu
517 2242 652 2276 mundo
671 2249 774 2286 suut,
805 2244 1064 2288 concupiscen-

75 2304 130 2337 tI'a
150 2304 272 2336 curnis
290 2309 365 2344 est,
393 2309 432 2335 et
458 2303 755 2348 concupiscentia
791 2302 999 2342 oculorum,
1030 2309 1065 2335 et

74 2359 226 2396 ambitio
237 2362 365 2395 soeculi
380 2373 392 2394 .·
407 2373 491 2407 quoe
507 2372 581 2394 nou
596 2368 693 2403 suut,
711 2358 853 2408 inquit,
871 2372 920 2394 ex
936 2360 1063 2404 Patre,

71 2421 139 2455 sed
158 2434 206 2456 ιά-
233 2421 368 2455 ιηιιηιίο
390 2426 417 2454 7.
450 2418 596 2456 Viderit
621 2418 681 2454 hic
701 2419 860 2467 quisque
890 2417 997 2467 cujus
1016 2419 1064 2455 sit

73 2478 244 2527 spiritus,
260 2478 350 2528 quid
368 2478 517 2527 diligat,
552 2477 643 2527 quid
659 2478 805 2527 cupiat,
832 2477 922 2526 quid
942 2487 1064 2514 secte-

75 2546 148 2574 tur.
170 2540 265 2574 Ecce
282 2537 382 2573 enim
402 2537 597 2587 speculum
618 2538 786 2574 veritatis
813 2553 820 2574 ε

75 2597 158 2646 quis
178 2596 416 2634 considerato
434 2598 540 2634 vultu
558 2598 799 2634 conscientiae
815 2611 891 2634 suae
908 2607 1067 2647 praeter-

76 2666 154 2703 eat,
175 2665 212 2693 et
235 2657 355 2706 qualis
379 2657 490 2693 fuerit
511 2656 768 2693 obliviscatur.
785 2656 972 2703 Ambitio,
1002 2672 1067 2695 cu-

78 2716 226 2752 riositas
248 2724 284 2751 et
305 2716 477 2765 voluptas
498 2728 574 2752 non
601 2730 645 2752 ex
669 2720 776 2753 Patre
805 2725 910 2762 sunt,
940 2717 1004 2754 sed
1021 2731 1067 2754 ex

79 2775 233 2811 mundo.
256 2779 331 2812 Aut
361 2783 460 2811 certe
489 2775 577 2824 quia
613 2775 720 2812 inulti
748 2775 896 2812 codices
927 2776 1067 2814 habent

78 2847 153 2871 non
176 2834 429 2872 Ambitionein
456 2835 602 2881 saeculi,
624 2835 687 2872 sed
713 2836 934 2885 Superbiam
957 2837 1065 2883 vit;e;

80 2894 116 2929 in
140 2894 442 2943 concupiscentia
460 2895 581 2931 carnis
602 2895 813 2932 universam
832 2895 960 2945 accipe
981 2910 1069 2933 cor-

81 2954 264 3003 poralium
294 2968 469 2991 sensuum
490 2954 796 3001 delectationem,
813 2969 888 3005 qua
916 2956 1067 3005 quidem

82 3026 149 3049 nec
164 3014 243 3063 ipsa
259 3014 453 3051 curiositas
472 3023 591 3061 caret3
616 3028 657 3051 ac
678 3015 857 3065 deinceps
885 3016 1064 3064 concupi-

132 3153 139 3166 ¹
163 3147 239 3184 lsai,
260 3159 361 3184 xmn,
379 3151 432 3178 25».
447 3167 489 3170 —
507 3153 517 3168 ²
533 3151 647 3179 Jercin.
667 3161 725 3185 ιιι,
749 3152 778 3178 3.
802 3168 837 3170 ⁷—
861 3147 1095 3186 ³1zzvch.xv1‚
1119 3154 1171 3181 -ἰἴ)..
1194 3171 1225 3174 >⁴
1253 3151 1265 3175 4
1287 3150 1382 3181 llelvr.
1404 3163 1471 3186 xii.
1495 3156 1525 3181 G.
1606 3150 1617 3171 5

83 3211 129 3233 iv.
147 3202 177 3230 [ι.
197 3217 236 3221 -—
259 3202 297 3230 71
314 3202 408 3230 Joan.
427 3211 474 3237 ιι,
501 3203 538 3231 15
555 3225 561 3237 ,
591 3205 640 3231 10.
660 3219 701 3222 -—-
721 3203 734 3224 ὅ
761 3205 876 3232 Jerein.
900 3213 971 3232 xvii
988 3227 994 3238 ,
1026 3207 1074 3233 is).
1094 3222 1134 3225 -—-
1161 3211 1176 3233 ¹)
1199 3204 1277 3234 l‘sal.
1302 3215 1402 3238 xxxx,
1430 3208 1462 3234 53.
1498 3223 1527 3226 -ψ
1556 3210 1584 3223 ¹⁰
1610 3204 1687 3234 l‘sal.
1714 3216 1765 3236 ix,
1792 3207 1805 3233 si
1824 3229 1830 3238 ,
1857 3210 1906 3234 ist.
1930 3224 1958 3226 --

86 3263 188 3281 xcviii
202 3276 209 3287 ,
225 3256 254 3282 8.
279 3271 306 3274 “
329 3257 356 3273 ¹²
373 3253 446 3284 lsai.
465 3264 555 3291 xxvi,
579 3256 630 3285 10.
646 3274 681 3277 ---
707 3254 734 3276 ¹3
755 3255 833 3286 l‘sal.
855 3267 887 3284 ix
904 3280 910 3291 ,
939 3259 987 3286 11.

849 2546 993 2574 tantum
1019 2552 1065 2575 ne
1084 2544 1115 2578 D

1131 1836 1204 1858 non
1220 1830 1364 1871 quaerat
1380 1823 1394 1858 Ρ
1411 1825 1508 1859 Num
1535 1830 1695 1871 propter
1708 1822 1998 1871 fornicationes,
2024 1826 2127 1863 incc-

1131 1890 1232 1927 stus‚
1274 1889 1338 1917 aut
1367 1881 1558 1930 sacrilegia
1589 1882 1603 1916 Ρ
1630 1881 1729 1918 Nihil
1766 1881 1903 1918 horum
1938 1885 2128 1934 Propheta

1131 1949 1336 1987 memorat,
1358 1941 1423 1978 sed
1445 1940 1548 1990 quod
1574 1941 1611 1977 in
1632 1941 1747 1978 corde
1765 1955 1835 1978 suo
1861 1942 2018 1989 dixerit,
2042 1947 2126 1981 Non

1131 2003 1288 2049 requiret
1303 2008 1343 2037 ¹⁰.
1362 2004 1494 2038 Sermo
1515 2000 1640 2037 cordis
1659 2001 1809 2038 affectio
1830 2010 1905 2048 est,
1926 2012 1961 2039 et
1982 2004 2125 2050 dicere,

1131 2063 1214 2097 Non
1245 2065 1424 2109 requiret,
1458 2074 1535 2098 non
1558 2074 1810 2110 expavescere
1842 2063 2127 2112 requisiturum.

1132 2123 1221 2156 Haec
1239 2120 1431 2169 impictaS,
1453 2120 1513 2156 cui
1534 2120 1740 2157 secundum
1760 2122 2042 2159 multitudinem
2064 2124 2128 2160 iroe

1132 2193 1207 2216 suae
1226 2179 1427 2216 miseretur
1443 2178 1461 2202 1,
1486 2182 1605 2223 Deus,
1630 2192 1699 2215 nec
1720 2180 1874 2229 quaerit,
1893 2194 1963 2217 nec
1984 2182 2129 2231 arguit,

1133 2252 1201 2275 nec
1234 2239 1414 2287 flagellat,
1451 2252 1521 2275 nec
1549 2239 1742 2275 ulciscitur
1773 2240 1810 2275 in
1842 2240 2130 2279 adinventiones

1129 2312 1279 2345 eorum,
1300 2299 1394 2335 sicut
1411 2298 1457 2335 de
1472 2302 1602 2347 Moyse
1619 2307 1656 2335 ct
1674 2303 1801 2336 Aaron
1820 2309 1856 2336 et
1877 2302 2049 2339 Samuele
2077 2303 2130 2339 le-

1129 2357 1428 2407 gimus,quibus
1457 2358 1637 2395 nimirum
1666 2359 1858 2408 propitius
1888 2360 2013 2397 fuit¹¹.

1331 2497 1426 2526 xxl.
1443 2512 1484 2516 ——
1500 2496 1548 2525 De
1573 2494 1771 2525 miseratione
1795 2495 1925 2527 crudeli.

1187 2599 1248 2636 24.
1272 2599 1343 2637 Sed
1370 2611 1547 2648 expresse
1575 2607 1688 2647 atque
1719 2599 1912 2649 signanter
1944 2600 2052 2649 cujus
2084 2603 2131 2638 sit

1133 2659 1212 2696 liaec
1236 2659 1409 2708 impietas
1424 2686 1433 2703 ,
1465 2657 1674 2694 audiamus.
1710 2660 1964 2695 Misereamur
1987 2666 2127 2709 impio,

1135 2719 1184 2755 ait
1202 2719 1441 2763 Dominus¹²‚
1460 2718 1564 2753 velut
1586 2718 1621 2753 in
1642 2718 1803 2753 concilio
1819 2720 2072 2767 Angelorum,
2094 2729 2130 2757 et

1132 2779 1424 2828 congregatione
1445 2776 1669 2813 deliberans.
1693 2781 1768 2814 Nec
1784 2790 1848 2813 eos
1869 2779 1975 2815 latuit
1992 2780 2129 2816 crude-

1133 2839 1265 2875 liorem
1290 2838 1393 2873 omni
1416 2837 1673 2885 indignatione
1699 2838 1993 2875 misericordiam
2023 2840 2130 2877 Judi-

1134 2911 1214 2934 ceni
1247 2897 1439 2941 meditari,
1473 2909 1547 2944 qua
1568 2910 1643 2932 non
1678 2897 1794 2933 discat
1818 2898 2130 2948 lioniojustitiain

1136 2957 1257 2993 facere
1269 2986 1277 3001 ‚
1295 2956 1359 2992 sed
1374 2955 1658 2993 obdormiscens
1676 2958 1787 2993 miser
1803 2967 1840 2993 et
1860 2959 2007 3005 dicens,
2029 2960 2135 2996 Obli-

1137 3026 1191 3053 tus
1214 3026 1266 3052 est
1288 3019 1406 3060 Deus,
1437 3021 1567 3052 avertit
1583 3016 1727 3064 jucium
1755 3018 2020 3063 suan1¹³3dies
2049 3034 2134 3057 suos

1947 3172 1968 3175 r*
1993 3155 2008 3172 ‘'
2025 3154 2135 3184 ,lambi

2000 3212 2024 3226 ¹¹
2058 3207 2134 3236 l'sal.

1518 3259 1532 3279 Ι·
1550 3259 1633 3289 Alias
1651 3259 1729 3288 illidi·
1742 3283 1748 3295 ,
1769 3270 1830 3288 non
1848 3259 1946 3287 utinm
1959 3267 2015 3289 [κν.

1638 3153 1716 3181 rsal.
1743 3163 1856 3189 rxxu,
1878 3156 1906 3182 ξ».

1165 3260 1175 3272 ‘¹
1196 3257 1296 3294 Alias,
1315 3259 1444 3288 omnum.
