2504 3928
339 216 432 251 ttoss

321 294 447 340 gitium
477 303 651 330 somnus,
675 287 812 337 quibus
833 288 982 322 eti-licus
1013 287 1100 322 dicit
1127 287 1305 335 Spiritus,
1322 284 1347 302 ⁷¹

971 211 1133 246 SERMO
1160 211 1224 244 DF.
1257 208 1418 244 DECEM
1450 205 1740 242 vtnGIMBUS.

1356 286 1515 319 '‘anima·
1542 283 1617 318 suis
1651 279 1875 330 corporibus
1897 279 2076 324 redditar,
2109 289 2210 317 tanto
2237 282 2367 322 tutius,

2270 203 2365 239 l'tOi

327 354 340 384 I
361 362 372 385 .’
392 358 620 396 ›aquira-1112!
635 363 657 382 a
676 347 855 382 lnlwtilms
871 351 939 381 ›mlx
959 354 980 380 ¹.
1002 350 1081 382 λωιι
1103 355 1225 381 autem
1243 346 1313 381 hoe
1332 355 1361 386 Λ
1382 351 1522 390 quanto
1545 341 1798 389 incorruptius
1825 339 2054 387 gaudebunt.
2089 343 2193 375 'runc
2222 341 2257 376 in
2287 354 2366 375 mo-

327 411 434 446 fatnis
457 423 470 443 x
484 407 664 455 inentibus
682 407 831 449 dieitur,
853 419 919 441 nee
939 405 1018 441 talis
1037 405 1182 440 interim
1202 418 1316 453 sopor

321 482 462 504 e.u·mu.
496 471 622 515 Neque
653 466 751 501 enim
781 478 800 501 a
828 463 1020 500 laboribus
1051 465 1312 512 requiescunt,

323 541 482 576 «piarum
504 540 590 562 earo
612 525 710 561 ridet
732 523 1038 572 corruptionem,
1066 532 1104 558 nt
1127 522 1314 570 ingredia—

325 596 384 622 tur
405 585 566 635 putredo
586 586 621 620 in
639 583 784 620 ossibus
799 596 950 626 earum,
965 591 1001 617 et
1017 581 1146 617 subter
1161 595 1220 617 eas
1235 595 1315 617 sea—

324 654 408 680 teat.
439 649 478 680 tit
505 645 574 679 hoe
598 643 749 692 quidem
778 655 877 678 earo.
906 641 1040 677 Anima
1060 654 1148 676 vero
1169 640 1315 689 sepulta

323 705 359 740 in
381 705 525 739 inferno
546 702 738 751 quomodo
762 702 900 737 dormit
917 699 1161 745 conturbata,
1178 713 1260 748 (pue
1279 699 1314 734 in

324 763 519 799 tormentis
550 763 669 811 posita
700 770 779 797 aret
806 761 886 805 siti,
923 774 990 796 nec
1021 768 1145 810 sperat
1175 768 1317 807 ,guttam

323 822 517 870 refrigerii,
552 830 588 856 et
618 820 899 857 resurrectionis
925 819 1021 855 diem
1051 827 1087 854 et
1117 818 1318 854 adventum

321 881 462 918 Judieis
485 881 578 916 male
601 880 669 916 sibi
692 879 836 915 conseia
858 878 1133 928 perhorrestit?

377 943 409 975 ἴ).
434 944 727 975 immutaverunt
749 939 860 987 igitur
881 952 1006 973 omnes
1027 947 1059 972 el
1078 939 1314 972 dormierunt.

324 1002 455 1035 Media
467 1008 589 1034 aulem
609 1007 712 1033 nocte
730 996 999 1044 clamorfmwm·
1013 1006 1084 1031 est:
1098 999 1195 1032 Ecce
1208 1009 1316 1044 spon-

1382 410 1534 444 mento,
1571 401 1606 436 in
1644 400 1717 435 ietu
1752 399 1875 444 oculi,
1901 397 2010 446 justa
2044 400 2299 444 timebit-teni,
2331 400 2367 435 in

1380 474 1512 509 eampo
1535 461 1647 508 pleno
1665 458 1831 502 ossibus,
1850 466 2085 494 mortuorum
2106 471 2188 494 ossa
2206 458 2252 494 ad
2273 472 2368 502 ossa,

1380 529 1416 555 et
1438 520 1541 555 nervi
1563 519 1607 554 ad
1642 530 1797 562 nervos,
1827 525 1864 553 et
1890 516 2078 565 juncturae
2104 517 2149 554 ad
2171 517 2368 566 juncturas

1380 580 1505 615 ‹lenuo
1521 578 1744 625 colligentur
1760 583 1796 621 73
1817 576 1902 625 quia
1935 584 2060 623 surget
2085 589 2222 625 corpus
2256 577 2369 625 spiri-

1382 638 1479 673 tuale
1499 636 1600 685 quod
1631 636 1851 671 seminatum
1873 642 1927 669 est
1947 634 2107 670 animale
2124 634 2136 655 ⁸
2164 650 2171 671 :
2193 643 2229 671 et
2246 648 2370 671 resur-

1383 710 1472 745 gens
1492 710 1511 732 a
1532 696 1689 731 mortuis
1709 694 1786 743 jam
1815 707 1889 730 non
1914 694 2090 738 moritur,
2123 707 2224 730 mors
2247 695 2299 730 illi
2317 695 2371 730 ul-

1385 765 1439 792 tra
1475 769 1550 791 non
1586 753 1855 790 dominabitur.
1893 756 1997 789 Tunc
2035 754 2070 788 in
2111 754 2290 797 articulo,
2331 754 2370 789 in

1386 816 1551 851 diluculo
1584 814 1656 851 diei
1686 814 1808 858 illius,
1830 812 2004 848 veniente
2037 825 2194 862 sponso,
2229 812 2370 850 clamor

1381 888 1536 923 magnus
1563 886 1694 909 omnes
1711 872 1888 909 excitabit
1907 872 2155 918 dormientes,
2178 880 2214 908 et
2231 873 2369 908 clama-

1381 934 1434 970 bit
1455 934 1591 969 virtute
1609 945 1740 981 magna
1754 940 1790 967 et
1803 931 2052 967 efficacissima
2071 945 2077 966 :
2096 932 2211 966 Eat-ite
2230 930 2369 966 obvium

1382 999 1427 1030 ei.
1452 994 1580 1039 Exite,
1606 992 1858 1036 dormientes,
1881 999 1917 1026 et
1941 991 1978 1027 in
2007 1004 2204 1027 occursum
2226 991 2369 1028 Judicis

323 1073 382 1094 sus
400 1061 523 1094 venit!
538 1063 637 1093 aries·
654 1057 796 1092 obviam
815 1061 857 1092 ei.
876 1060 906 1094 Ο
924 1057 1124 1092 clamorem
1148 1055 1313 1105 pruden-
1333 1062 1361 1095 Β
1382 1053 1565 1089 festinate.
1584 1056 1688 1089 Tunc
1707 1051 1883 1101 plangent
1902 1063 1939 1086 se
1958 1063 2090 1086 omnes
2108 1050 2226 1086 tribus
2248 1058 2369 1086 terrae.

327 1117 425 1154 tibus
453 1117 661 1166 virginibus
691 1117 793 1153 omni
827 1116 1105 1160 modulatione,
1138 1115 1315 1151 omnibus

329 1176 490 1212 modulis
510 1177 736 1212 dulciorem!
765 1178 858 1210 Em·
882 1189 1037 1223 sponsus
1057 1177 1184 1209 venit!
1208 1178 1316 1210 Putas

327 1249 400 1271 vox
421 1236 488 1272 ista
505 1244 559 1271 est
580 1236 661 1272 Filii
684 1235 748 1271 Dei
766 1263 774 1279 ‚
795 1248 906 1283 quam
919 1263 928 1277 ,
944 1247 1028 1270 eum
1048 1235 1192 1269 venerit
1211 1232 1318 1269 beata

328 1296 387 1331 illa
409 1295 523 1339 hora,
546 1308 676 1330 omnes
702 1295 765 1343 qui
794 1295 830 1330 in
857 1293 1109 1329 monumentis
1139 1300 1226 1328 sunt
1250 1304 1318 1328 au-

328 1353 430 1389 dient
445 1381 453 1395 ‚
476 1362 512 1389 et
532 1354 594 1401 qui
617 1353 804 1389 audierint
835 1352 962 1387 vivent
978 1358 988 1372 ²
1008 1353 1021 1385 ,³
1048 1351 1209 1387 Domine
1231 1353 1318 1386 Jesu

328 1413 493 1456 Christe,
516 1412 582 1449 Fili
612 1412 678 1448 Dei
706 1412 803 1456 vivi,
828 1410 874 1446 da
899 1410 936 1446 in
969 1410 1030 1446 illa
1062 1409 1155 1445 hora
1175 1408 1319 1444 auditui

330 1483 413 1506 meo
443 1469 619 1519 gaudium
648 1478 683 1505 et
710 1469 895 1513 laetitiam,
913 1476 949 1503 et
969 1466 1210 1503 exsultabunt
1237 1478 1320 1502 ossa

328 1529 534 1565 humiliata.
558 1532 638 1565 Non
662 1529 809 1564 timeam
837 1536 943 1571 tune,
964 1539 1113 1574 quaeso,
1135 1525 1318 1569 Domine,

327 1588 375 1624 ab
396 1587 585 1624 auditione
615 1588 729 1632 mala,
751 1600 862 1635 quam
886 1585 1049 1622 audituri
1076 1592 1162 1620 sunt
1185 1582 1321 1632 quibus

329 1647 496 1683 dicturus
512 1660 550 1681 es
569 1661 575 1681 ι
596 1650 659 1690 Ite,
681 1647 882 1688 maledicti,
901 1650 938 1679 in
958 1646 1077 1691 ignem
1099 1652 1278 1678 (eternam
1292 1639 1318 1677 3.

329 1707 409 1743 Erit
431 1706 595 1742 fortassis
612 1719 686 1741 vox
705 1706 770 1741 ista
788 1705 885 1740 illius
907 1703 1073 1740 tubantis
1092 1701 1319 1750 archangeli,

331 1767 367 1802 in
397 1765 504 1814 cujus
535 1779 626 1801 voce
658 1773 694 1800 et
723 1765 760 1800 in
788 1764 989 1800 novissima
1022 1761 1109 1799 tuba
1138 1762 1322 1798 Dominus

332 1825 536 1862 descendet
555 1825 601 1861 de
631 1826 726 1861 cn’lo
742 1825 767 1860 4.
798 1828 913 1862 Canet
935 1823 1033 1859 enim
1063 1821 1171 1867 tuba,
1192 1821 1237 1858 ad
1258 1834 1324 1857 cu—
1342 1827 1369 1862 C

327 1884 390 1932 jus
408 1885 644 1933 clangorem,
667 1893 707 1919 ut
729 1883 947 1932 Hieronymi
969 1881 1093 1919 verbis
1111 1890 1206 1927 utar,
1224 1889 1324 1918 totus

333 1944 477 1980 timebit
494 1944 669 1980 mundns.
689 1947 829 1992 Fragor
848 1944 961 1992 igitur
980 1941 1080 1978 tubae
1096 1942 1213 1986 illius,
1235 1940 1323 1976 dum

334 2003 478 2040 tubabit
508 2005 661 2053 angelus
686 2033 695 2049 ,
731 2003 818 2039 dum
854 2002 1162 2052 expergiscentur
1199 2001 1324 2037 homi-

334 2077 418 2108 nes,
434 2072 571 2100 tartara
591 2065 699 2100 etiam
720 2063 919 2099 tenebrosa
938 2063 1139 2098 concutiet.
1162 2062 1327 2099 Audient

335 2123 459 2159 miseri
475 2123 540 2172 qui
557 2122 606 2159 ibi
628 2132 734 2169 sunt,
759 2123 823 2172 qui
841 2123 905 2158 illo
927 2130 1102 2158 tenentur
1126 2122 1326 2172 ergastulo,

334 2182 488 2218 audient
511 2191 619 2227 tunc,
641 2183 704 2231 qui
730 2195 829 2219 nune
857 2181 1016 2218 audiunt
1046 2189 1082 2217 et
1110 2182 1228 2218 facere
1258 2194 1328 2217 no-

334 2242 417 2277 lunt
437 2256 443 2277 :
469 2244 585 2277 Exite
602 2242 740 2277 almam
762 2246 807 2277 ei.
822 2245 980 2289 Magnus
996 2240 1147 2289 quidem
1164 2241 1325 2276 clamor:

341 2302 518 2349 quoniam
533 2329 542 2345 ,
563 2310 602 2336 ut
623 2300 762 2349 Sibylla
785 2300 874 2336 dicit
889 2306 901 2321 ³
916 2328 925 2344 ‚
946 2299 1100 2348 quando
1121 2298 1210 2334 tuba
1227 2298 1328 2334 soni—

338 2369 415 2395 tum
439 2360 580 2395 tristem
599 2360 760 2395 dimittet
780 2358 826 2394 ab
857 2360 930 2394 alto
957 2357 1069 2402 orbe,
1087 2366 1123 2394 et
1144 2357 1327 2393 Dominus

337 2419 470 2454 eoelum
489 2418 687 2454 advocabit
703 2418 897 2454 desursum
913 2427 947 2453 et
965 2426 1099 2453 terram
1116 2417 1327 2453 diseert‘fere

339 2478 469 2512 volens
504 2478 687 2526 populum
717 2490 824 2512 suum
855 2485 940 2512 ante
961 2489 1022 2521 se,
1051 2483 1087 2511 et
1121 2475 1326 2524 prudentes

338 2536 500 2585 rugitus
522 2535 568 2572 ab
595 2537 784 2572 infatuatis
814 2548 1005 2585 separare;
1029 2533 1226 2570 advocabit
1253 2547 1326 2569 eoe—

1387 1114 1484 1147 Tunc
1503 1114 1623 1147 dicem
1640 1110 1831 1153 viantibus,
1853 1110 1984 1145 leite
2001 1122 2112 1158 super
2132 1123 2198 1144 nos
2216 1124 2227 1144 .·
2241 1118 2276 1144 et
2294 1112 2370 1144 col-

1383 1171 1498 1214 libus,
1543 1174 1694 1219 Operite
1723 1183 1787 1205 teos
1815 1176 1841 1204 ⁹.
1877 1169 1983 1205 Exite
2015 1168 2060 1204 de
2094 1168 2246 1204 tumulis
2277 1181 2372 1217 quos

1383 1230 1620 1265 conscientia„¹
1657 1229 1838 1265 memoria
1873 1241 1949 1264 non
1983 1236 2152 1273 accusat,
2182 1237 2218 1264 et
2248 1228 2372 1264 videte

1383 1289 1552 1326 Judieem
1573 1288 1666 1324 bene
1687 1287 1756 1324 sibi
1791 1287 1931 1323 conscii
1957 1295 1994 1322 et
2018 1286 2109 1323 boni
2136 1287 2256 1323 meriti
2275 1300 2370 1336 gau-

1385 1347 1527 1383 dentes.

1438 1408 1472 1443 G.
1495 1405 1693 1456 Reprobos
1720 1414 1844 1441 autem
1868 1418 1945 1441 non
1973 1413 2044 1441 tam
2069 1405 2242 1441 voluntas
2261 1418 2373 1454 quam

1386 1474 1551 1516 potestas
1573 1465 1715 1502 Judicis
1736 1463 1952 1510 exhibebit,
1981 1478 2048 1500 nec
2072 1473 2144 1500 tam
2165 1464 2210 1501 de
2235 1477 2372 1500 monu-

1387 1526 1521 1562 mentis
1536 1525 1663 1561 exient
1678 1538 1790 1573 quam
1813 1525 2019 1561 trahentur.
2040 1524 2175 1560 Merito
2195 1523 2273 1560 dies
2290 1524 2371 1568 illa,

1387 1585 1465 1621 dies
1486 1586 1549 1621 irae
1566 1614 1575 1630 ‚
1597 1585 1674 1621 dies
1692 1585 1910 1621 calamitatis
1925 1592 1961 1620 et
1984 1584 2140 1620 miseriae
2155 1611 2164 1627 ,
2180 1583 2258 1619 dies
2275 1591 2375 1619 tene-

1387 1644 1541 1680 brarum
1565 1653 1602 1680 et
1622 1643 1788 1693 caliginis
1817 1643 2041 1693 praedicatur
2061 1649 2109 1686 ¹⁰,
2133 1643 2168 1679 in
2196 1656 2271 1692 qua

1479 1739 1592 1771 Judicii
1610 1740 1697 1781 signo
1707 1763 1714 1776 ‚
1737 1740 1827 1770 tellus
1840 1739 1951 1770 sudore
1964 1740 2116 1771 madescet
2135 1751 2142 1770 :

1480 1793 1609 1825 Decidet
1627 1805 1643 1823 e
1656 1794 1739 1824 coelis
1754 1793 1892 1834 ignisque
1909 1800 1936 1824 et
1953 1793 2108 1835 sulphuris
2124 1793 2223 1824 amnis
2236 1818 2244 1830 ‚

1482 1849 1727 1887 Tartareumque
1742 1845 1835 1877 chaos
1854 1846 2039 1877 monstrabit
2052 1852 2132 1877 terra
2150 1845 2311 1877 dehiscens
2319 1840 2346 1877 ι’.

1389 1943 1491 1992 Ignis
1507 1942 1607 1978 enim
1630 1950 1715 1978 ante
1734 1941 1935 1977 Dominum
1954 1941 2159 1991 praecedet,
2178 1950 2215 1978 et
2229 1942 2380 1978 inflam-

1391 2001 1508 2038 mabit
1538 2001 1574 2038 in
1605 2001 1764 2037 circuitu
1796 2000 1968 2037 inimicos
1999 1999 2079 2049 ejus
2100 2007 2146 2045 ¹¹,
2166 2014 2260 2050 quos
2292 2010 2381 2037 tunc

1392 2060 1508 2097 instar
1525 2060 1800 2097 Sodomitarum
1826 2059 1991 2095 inveniet
2009 2059 2130 2095 nudos
2153 2067 2189 2095 et
2207 2060 2378 2106 intectos.

1393 2121 1450 2156 Sic
1476 2120 1575 2156 enim
1601 2127 1836 2169 resurgentes
1864 2118 1960 2167 ignis
1979 2126 2015 2154 et
2037 2118 2228 2168 sulphuris
2256 2118 2379 2156 imber

1392 2177 1583 2215 inundans
1596 2177 1712 2226 igniet
1732 2185 1769 2213 et
1795 2176 2001 2213 comburet.
2020 2177 2099 2213 Erit
2117 2186 2206 2214 tnnc
2222 2178 2378 2214 omnino

1394 2236 1604 2273 miserabile
1624 2236 1728 2281 visu,
1754 2235 1856 2284 quod
1887 2235 2175 2285 incorruptibile
2191 2245 2228 2272 et
2251 2237 2376 2273 incre·-

1393 2296 1529 2333 mabile
1545 2309 1681 2346 corpus
1701 2294 1863 2340 ardebit,
1882 2308 1950 2331 nec
1968 2295 2133 2331 interibit
2151 2310 2158 2332 ε
2180 2295 2379 2332 combure-

1394 2363 1466 2400 tur,
1482 2368 1551 2391 nec
1569 2356 1770 2390 minuetur.
1789 2354 1952 2403 Capillus
1969 2355 2068 2389 enini
2095 2353 2140 2390 de
2162 2354 2282 2403 capite
2302 2367 2377 2390 non

1394 2413 1550 2464 peribit3
1568 2414 1656 2462 quia
1675 2413 1726 2449 nil
1744 2413 1912 2461 eorporis
1925 2440 1935 2457 ,
1955 2413 2056 2461 quod
2087 2413 2377 2462 incorruptelam

1395 2471 1577 2517 induerit,
1610 2472 1667 2507 vel
1695 2471 1808 2507 incidi
1837 2471 1974 2520 poterit
2003 2471 2060 2507 x‘el
2089 2471 2208 2508 aduri.
2246 2473 2379 2521 Aspice

1392 2530 1667 2567 Salamandram
1697 2542 1808 2578 super
1828 2530 1960 2579 ignitas
1989 2537 2025 2565 et
2048 2529 2221 2565 ardentes
2240 2543 2379 2578 prunas

336 2596 412 2630 lum
433 2594 629 2631 desursum
645 2623 653 2639 ,
679 2603 717 2630 ut
731 2595 886 2630 virtutes
901 2594 972 2629 illae
991 2594 1171 2629 coelorum
1191 2591 1235 2628 (le
1251 2592 1326 2627 suis
1343 2597 1375 2630 D
1393 2592 1506 2627 illaeso
1523 2602 1681 2640 corpore
1704 2588 1946 2638 gradientem.
1967 2592 2084 2625 Porro
2104 2587 2272 2625 asbestus
2289 2589 2380 2638 lapis

338 2653 488 2691 sedibus
518 2662 764 2698 moveantur,
796 2662 830 2689 et
852 2666 982 2689 omnes
1013 2652 1144 2701 Angeli
1165 2665 1249 2687 cum
1279 2664 1323 2686 eo

338 2713 382 2749 ad
412 2712 658 2760 judicandum
686 2720 972 2761 congregentur.
1001 2711 1217 2754 Psalmista,
1250 2711 1326 2744 Ad-

337 2772 478 2807 vocabit
517 2775 647 2807 cwlum
686 2774 871 2807 ‹lesia-,sum
900 2769 943 2815 53
981 2769 1016 2805 itl
1051 2778 1133 2814 est,
1175 2769 1325 2818 spiritus

337 2833 554 2881 animasque
572 2832 759 2881 justorum
774 2860 782 2876 ‚
803 2830 939 2879 quibus
966 2838 1051 2866 ante
1080 2829 1221 2865 dietum
1244 2829 1325 2864 fue-

339 2901 411 2936 rat,
437 2901 475 2927 ut
501 2892 775 2940 requiescerent
800 2899 946 2939 tempus
967 2889 1088 2925 adlmc
1115 2888 1325 2932 modicum,

336 2951 456 2986 donee
495 2952 714 2999 impleretur
745 2962 923 2985 numerus
959 2950 1112 2984 fratrum
1151 2945 1326 2983 eorumss.

337 3015 442 3047 'l'unc
461 3011 600 3046 coelesti
614 3011 673 3046 illa
694 3010 923 3046 habitatione
942 3009 1090 3054 relicta,
1105 3015 1241 3044 sanctae
1257 3007 1329 3043 illae

1391 2651 1471 2687 talis
1507 2651 1624 2686 fertur
1659 2661 1739 2685 esse
1779 2656 1922 2684 naturae
1937 2677 1945 2692 ‚
1987 2657 2028 2684 ut
2059 2649 2171 2684 semel
2201 2660 2382 2684 accensus

1391 2710 1747 2759 inexstinguibiliter
1762 2709 1902 2754 ardeat,
1921 2709 2005 2757 igne
2026 2708 2138 2758 lapidi
2156 2708 2380 2752 inhaerente,

1392 2783 1459 2805 nec
1490 2778 1611 2805 tamen
1643 2776 1885 2805 consumente
1914 2775 1939 2803 Γ.
1965 2767 2043 2804 Tali
2075 2779 2165 2802 vero
2189 2766 2319 2812 modo,
2342 2774 2383 2802 ut

1393 2830 1545 2879 opinor,
1566 2829 1660 2877 ignis
1678 2829 1737 2864 ille
1754 2827 1978 2877 sulphureus
1995 2825 2238 2862 inllammabit
2254 2825 2382 2861 inimi-

1394 2902 1458 2925 cos
1486 2888 1648 2925 Domini.
1667 2892 1794 2925 Justos
1818 2900 1920 2931 vero,
1941 2886 2035 2922 sieut
2053 2884 2278 2933 Babylonios
2308 2892 2382 2920 tres

1394 2961 1545 2998 pueros,
1562 2961 1638 2983 non
1661 2955 1785 2996 tanget
1805 2946 1959 2982 omnino
1980 2951 2021 2990 ¹²,
2044 2958 2110 2980 nee
2125 2942 2381 2988 contristabit,

1395 3021 1464 3044 nec
1483 3007 1659 3043 molestiae
1675 3006 1878 3056 quidquam
1896 3005 2045 3049 inseret,
2065 3017 2149 3041 cum
2167 3001 2384 3040 reformabit

389 3154 396 3169 ¹
417 3152 515 3189 Apoe.
531 3158 601 3183 xiv,
628 3150 678 3177 13.
701 3165 742 3168 —
760 3153 771 3167 ²
789 3149 878 3178 Joan.
896 3157 926 3182 v,
951 3148 1004 3176 25.
1023 3162 1064 3167 —
1081 3143 1094 3167 3
1108 3144 1222 3176 Manli.
1238 3156 1315 3181 xxv,
1334 3147 1387 3175 41.
1403 3163 1445 3167 —-
1462 3145 1475 3170 ⁴
1490 3148 1502 3175 1
1519 3144 1627 3175 Thess.
1644 3155 1688 3182 u,
1711 3148 1760 3175 15.
1779 3161 1823 3166 -—
1840 3141 1852 3164 ⁵
1872 3143 2045 3173 Psal.11.1x
2058 3165 2066 3178 ‚
2085 3143 2115 3171 4.
2130 3158 2175 3163 —
2191 3137 2206 3160 ⁶
2220 3143 2380 3181 Apoc.v1,

342 3205 392 3232 11.
408 3218 447 3221 —
465 3207 476 3229 Ἴ
497 3199 808 3230 1-11.‹›c11.xxxv11.—
830 3196 870 3227 81
889 3200 958 3229 Cor.
976 3209 1031 3232 xv,
1049 3199 1064 3228 4
1077 3199 1101 3227 'i.
1116 3216 1158 3220 —
1174 3203 1189 3226 9
1202 3201 1275 3227 Luc.
1293 3208 1380 3226 xxttt
1394 3220 1402 3234 ,
1421 3200 1472 3228 30.
1488 3215 1531 3219 -
1549 3196 1727 3238 ¹⁰Sophon.
1742 3207 1770 3233 1,
1793 3199 1844 3226 15.
1861 3214 1902 3217 -
1922 3201 1946 3215 ¹¹
1964 3194 2043 3225 Psal.
2060 3204 2149 3229 xcw,
2173 3195 2205 3229 3;
2227 3195 2301 3224 Luc.
2318 3203 2382 3229 xit,

344 3256 393 3283 tf).
411 3270 451 3274 ——
471 3257 498 3272 ¹²
516 3254 595 3282 Dan.
616 3262 666 3281 nt.
1202 3255 1216 3270 ³
1242 3247 1318 3278 Vide
1331 3249 1537 3290 Angustinum
1552 3273 1559 3285 ,
1585 3249 1623 3279 de
1639 3249 1769 3279 Civitate
1785 3248 1864 3284 Dei,
1885 3246 1938 3277 lib.
1965 3249 2015 3281 18,
2033 3256 2099 3287 cap.
2119 3248 2172 3276 23.

387 3306 400 3325 ¹¹
422 3303 496 3333 ΙᾞΙα
515 3303 718 3339 angustinum
731 3326 739 3340 ‚
761 3302 828 3333 loco
845 3302 947 3333 citato.
967 3320 1004 3323 ——
1027 3308 1039 3322 ⁰
1066 3300 1139 3331 Vide
1155 3301 1382 3342 Augustinum,
1401 3302 1440 3333 de
1453 3301 1584 3333 civitate
1598 3302 1676 3339 Dei,
1697 3301 1751 3331 lib.
1769 3304 1824 3336 21,
1843 3310 1930 3342 capp.
1952 3301 1967 3330 li
1983 3305 2010 3329 et
2031 3302 2061 3329 ὁ.
