2418 3949
165 242 238 278 525

656 243 798 277 LIBER
831 243 892 277 DE
922 242 1118 277 NATURA
1150 241 1207 274 ET
1237 240 1502 275 DIGMTATE
1533 240 1727 275 AMORIS.

2144 234 2218 269 :32ss

166 326 255 354 tunc
278 317 384 354 vobis
405 317 525 354 dicam
553 318 610 354 vel
635 317 794 354 indicam
818 318 927 367 longe
947 315 1047 353 aliud
1066 314 1285 365 quid²⁴⁷ti7e
1306 325 1470 351 mensam
1489 315 1672 364 praecipiti
1692 315 1904 351 transiliens
1919 312 2126 355 desidera),
2146 313 2218 347 ini-

163 385 201 413 et
225 376 408 413 divinum.
431 380 539 414 Nunc
563 377 711 413 interim
730 377 886 427 accipite
906 376 1006 414 istud
1023 376 1154 412 huma·
1174 376 1205 409 A
1226 374 1390 424 pudens,
1411 383 1447 411 et
1469 374 1569 410 illico
1591 374 1854 424 reexpellenda
1879 372 2038 410 assideat
2061 372 2221 408 conviva

164 450 255 473 num
273 452 280 474 :
299 446 340 474 ut
358 438 453 474 sicut
470 437 506 473 in
526 445 696 487 tempore
717 438 853 474 veteris
873 435 1107 485 negligentiae
1122 442 1159 471 et

163 497 326 546 peccati,
346 496 452 533 liberi
474 497 594 533 fuistis
612 496 789 545 justitiae,
804 495 957 544 justitiae
975 495 1013 531 in
1031 494 1136 530 nullo
1149 522 1158 539 ,

165 556 202 592 in
225 555 402 593 omnibus
422 564 544 593 autem
560 564 715 606 peccato
730 555 950 592 exhibentes
965 552 1160 590 membro-—

165 629 247 652 rum
266 616 451 662 officium,
473 625 510 653 et
526 616 596 652 hoc
613 615 658 653 ad
673 615 908 665 iniquitatem
928 629 935 650 :
957 614 1009 651 sic
1023 612 1160 649 amodo

164 675 372 712 exhibeatis
401 675 569 713 membra
601 683 724 712 vestra
761 675 902 713 servire
932 673 1086 723 justitiae
1119 673 1156 709 in

165 736 510 772 sanctificationem.
529 739 572 772 In
590 749 665 784 quo
682 735 711 772 si
728 735 866 781 fidelis,
878 742 917 771 ut
934 734 1073 770 dictum
1089 741 1158 778 est,

165 795 402 844 apparuerit,
430 794 586 844 incipiet
613 795 649 830 in
680 807 719 830 se
746 795 830 844 ipso
860 793 1023 844 experiri
1056 791 1159 842 quod

163 852 284 889 David
302 852 397 889 dixit
415 867 423 889 :
440 856 485 888 In
504 857 654 889 nomine
674 862 733 888 tim
755 852 878 888 levabo
899 866 1028 888 manns
1045 864 1158 887 meas.

163 914 263 949 Sicut
275 914 390 961 adipe
405 921 440 948 et
448 914 679 961 pinguedine
694 914 882 960 repleatur
892 917 1021 947 anima
1035 925 1118 946 mea
1133 917 1156 946 ¹.

164 972 201 1009 Si
226 971 326 1008 enim
353 971 488 1021 spiritu
519 971 614 1008 facta
640 972 762 1008 carnis
788 971 1072 1008 mortificaverit
1084 975 1110 1017 ²,
1128 969 1159 1006 si

165 1033 284 1068 Deum
306 1032 344 1068 in
361 1044 476 1082 opere
496 1045 564 1068 suo
579 1031 864 1081 glorificaverit,
882 1044 927 1068 ex
944 1031 1016 1067 hoc
1034 1030 1159 1067 anima

1224 444 1261 472 et
1293 434 1441 480 audiat,
1477 436 1687 478 Comedite,
1725 439 1858 478 antici,⁸
1890 443 1926 469 et
1956 431 2220 474 inebriamini,

1225 494 1471 530 charissimffi.
1490 497 1542 530 Ex
1564 494 1636 529 hoc
1653 493 1730 541 jam
1750 493 1957 530 innascitur
1973 500 2108 528 sanctae
2127 504 2221 540 pau-

1226 553 1382 603 pertatis
1404 566 1528 598 amor,
1550 552 1690 588 latendi
1710 553 1874 589 studium
1889 582 1898 598 ,
1919 552 2047 588 odium
2069 551 2221 588 saecula—-

1228 613 1323 648 rium
1346 612 1654 655 distractionum,
1680 612 1862 647 orationis
1883 624 1992 657 usus,
2013 609 2222 660 psalmodia

1228 672 1414 720 frequens.

1595 742 1770 780 GAPL‘T
1802 743 1853 781 V.

1269 855 1316 883 De
1336 850 1481 893 periculis
1496 857 1525 882 et
1543 850 1664 881 damnis
1684 849 1829 891 neglectae
1845 849 1970 890 gratiae.
1990 855 2019 879 et
2039 849 2184 879 laudibus·

1588 915 1670 936 verae
1689 903 1859 936 charitatis.

1283 1034 1339 1069 ll.
1362 1031 1433 1070 Sed
1455 1045 1589 1082 grave,
1611 1031 1682 1067 nisi
1700 1031 1942 1080 impediatur,
1957 1031 2122 1067 occurrit
2144 1038 2226 1066 ten-

163 1091 273 1141 adipe
292 1093 436 1141 gratiae,
461 1101 498 1129 et
518 1092 746 1142 pinguedine
770 1092 889 1128 sancti
915 1091 1076 1142 Spiritus
1099 1104 1159 1126 re-
1175 1084 1204 1118 Β
1225 1091 1378 1128 tationis
1405 1090 1743 1141 impedimentum,
1765 1088 1869 1139 quod
1901 1089 2108 1125 multorum
2137 1102 2223 1124 cur—

163 1149 281 1197 pleta‚
303 1150 476 1186 renovari
509 1150 644 1200 incipit
674 1150 808 1200 spiritu
837 1150 973 1187 mentis
998 1163 1095 1195 suae,
1121 1157 1159 1185 et

163 1209 320 1246 induere
337 1223 480 1247 novum
497 1210 688 1247 hominem
700 1239 709 1256 ,
728 1210 793 1259 qui
810 1209 1017 1246 secundum
1037 1214 1156 1246 Deum

164 1277 310 1306 creatus
329 1278 385 1306 est
402 1270 439 1306 in
455 1269 600 1319 justitia
622 1279 658 1306 et
680 1271 877 1307 sanctitate
899 1270 1066 1306 veritatis
1076 1268 1103 1305 3.

221 1329 278 1366 10.
298 1332 351 1366 Ex
370 1330 442 1366 hoe
457 1330 556 1366 enim
571 1329 649 1379 jam
669 1343 794 1366 rerum
814 1330 923 1366 facies
940 1343 1036 1366 nova
1054 1330 1087 1366 ei
1103 1329 1159 1366 in-

165 1388 255 1437 cipit
273 1401 474 1439 apparere3
494 1389 716 1425 charismata
738 1389 914 1434 meliora,
940 1389 977 1425 in
998 1402 1160 1438 quorum

165 1448 403 1485 aemulatione
419 1449 601 1485 hactenus
616 1448 873 1494 laboraverat,
893 1449 1109 1485 familiarius
1123 1462 1161 1485 se

165 1507 198 1543 ei
217 1509 381 1557 aperire;
404 1521 543 1558 corpus
569 1508 704 1544 sanetis
728 1509 965 1545 humiliatum
993 1508 1161 1558 discipli—

165 1567 242 1612 nis,
266 1581 313 1604 ex
333 1567 609 1605 consuetudine
623 1567 700 1617 jam
723 1567 822 1605 bona
848 1568 884 1604 in
906 1569 1159 1617 spontaneum

164 1626 319 1674 spiritus
343 1627 537 1664 servitium
561 1628 740 1673 transire;
760 1628 849 1664 novi
875 1627 1038 1664 hominis
1062 1628 1160 1665 inte-

168 1686 245 1722 rior
264 1688 374 1725 facies
391 1687 438 1724 de
455 1687 514 1723 die
534 1687 572 1723 in
593 1687 691 1724 diem
710 1688 906 1734 renovari,
923 1696 960 1724 et
977 1701 1097 1738 usque
1113 1688 1161 1725 ad

165 1747 393 1795 speculanda
414 1747 482 1784 Dei
506 1746 607 1784 bona
636 1748 796 1785 revelari
817 1763 825 1785 :
842 1746 922 1797 jam
946 1749 1162 1798 frequentes

165 1813 203 1841 et
221 1806 438 1856 improvisae
458 1807 716 1857 theophaniae,
737 1817 774 1844 et
793 1817 1010 1845 sanctorum
1031 1809 1162 1858 splen-

1224 1165 1305 1189 sum
1333 1164 1453 1200 usque
1480 1151 1555 1187 huc
1580 1162 1806 1201 prosperum
1827 1157 1865 1185 et
1884 1149 2137 1185 felicissimum
2166 1150 2225 1184 vel

1223 1211 1389 1260 graviter
1424 1209 1611 1255 retardet,
1641 1210 1700 1245 vel
1736 1217 1837 1245 retro
1875 1220 2149 1256 nonnunquam
2189 1207 2226 1242 in

1224 1271 1426 1321 quamdam
1445 1271 1586 1320 teporis
1602 1270 1787 1319 ignaviam
1803 1269 1981 1305 reflectat.
2000 1267 2111 1315 Quod
2125 1268 2226 1303 enim

1224 1344 1245 1368 a
1272 1336 1380 1369 Patre
1404 1331 1469 1381 pio
1497 1330 1534 1366 in
1562 1330 1622 1366 via
1645 1329 1782 1378 accipit
1806 1342 1852 1364 ne
1871 1328 2040 1372 deficiat,
2064 1328 2115 1363 sic
2139 1327 2229 1363 inci-

1228 1392 1283 1441 pit
1298 1390 1438 1427 habere
1455 1389 1560 1440 quasi
1577 1389 1760 1426 sufficiat:
1780 1388 1892 1425 ethic
1909 1387 2130 1437 proficiendi
2151 1400 2229 1422 me-

1229 1459 1302 1487 tam
1335 1451 1586 1495 constituens,
1606 1449 1669 1485 ubi
1700 1448 1837 1485 desinit
1867 1448 2070 1497 proficere,
2094 1446 2143 1482 ibi
2174 1447 2231 1483 in-

1228 1510 1319 1560 cipit
1345 1510 1518 1546 deficere.
1550 1509 1650 1556 Quin
1679 1508 1791 1544 etiam
1818 1507 2045 1543 conculcans
2071 1507 2226 1555 gratiam

1227 1570 1316 1615 Dei,
1332 1578 1370 1605 et
1395 1581 1530 1605 vanam
1552 1568 1598 1604 de
1618 1567 1699 1617 ipsa
1722 1574 1853 1603 contra
1878 1566 1996 1615 ipsam
2019 1565 2088 1602 sihi
2113 1565 2228 1601 fabri-

1226 1643 1315 1666 cans
1342 1630 1540 1673 fiduciam,
1563 1628 1621 1664 vel
1652 1628 1689 1664 in
1720 1640 1809 1673 ore,
1830 1627 1888 1663 vel
1916 1626 1952 1662 in
1980 1626 2095 1663 corde
2113 1625 2230 1674 jactat

1227 1702 1265 1726 se
1292 1703 1367 1727 non
1395 1700 1665 1738 usquequaque
1695 1700 1715 1723 a
1743 1690 1824 1723 Deo
1854 1686 2098 1731 derelictum,
2120 1687 2230 1722 toties

1227 1748 1494 1799 sibijudieium
1516 1748 1748 1785 manducans
1767 1754 1804 1783 et
1828 1745 1983 1792 bibens,
2004 1747 2153 1795 quotics
2174 1747 2226 1782 vi-

1228 1808 1414 1846 sitationis
1431 1817 1468 1845 et
1483 1806 1752 1844 consolationis
1768 1819 1787 1842 a
1807 1810 1885 1842 Deo
1903 1807 2039 1855 accipit
2055 1806 2227 1855 gratiam,

166 1864 277 1902 dores
304 1867 466 1903 animam
496 1867 677 1904 continuo
710 1867 945 1905 laborantem
977 1868 1162 1905 desiderio
1182 1863 1209 1898 C
1231 1878 1268 1905 et
1287 1868 1374 1905 inde
1391 1881 1467 1904 non
1485 1867 1522 1904 in
1544 1865 1718 1910 Domini,
1733 1865 1798 1902 sed
1820 1865 1856 1901 in
1876 1865 2116 1901 voluntatum
2139 1879 2227 1902 sua-

166 1925 353 1975 incipiunt
366 1928 573 1965 refocillare
585 1957 594 1973 ,
611 1936 648 1964 et
660 1928 846 1964 illustrare
859 1944 868 1974 ;
883 1929 971 1977 quia
982 1929 1165 1978 sapientia

167 1997 372 2022 occurrens
392 1987 431 2022 in
452 1988 523 2024 viis
539 1987 723 2033 hilariter,
740 1988 834 2023 sicut
848 1987 937 2024 dicit
952 1987 1047 2033 Jol),
1069 1987 1164 2023 Abs—

167 2046 292 2080 condit
313 2048 435 2082 lumen
456 2051 491 2082 in
515 2047 703 2091 manibus,
728 2056 763 2082 et
774 2052 951 2097 prtecipit
970 2053 1004 2083 ei
1023 2057 1063 2083 ut
1081 2062 1164 2084 rur-

166 2118 226 2139 sus
241 2107 435 2150 adveniat,
452 2116 486 2141 et
499 2112 696 2142 annuntiat
708 2109 753 2142 de
769 2121 812 2142 ea
829 2112 949 2142 amico
966 2121 1046 2150 sim,
1066 2109 1169 2155 qnod

162 2167 343 2211 possessio
370 2171 448 2212 ejas
472 2171 536 2210 sit,
565 2176 599 2202 et
617 2169 670 2202 ad
688 2181 768 2202 enm
784 2171 902 2215 possit
922 2168 1158 2203 asccmlerffl.

169 2228 222 2262 Ex
242 2239 319 2275 quo
335 2225 412 2274 jam
431 2226 495 2263 diu
513 2226 689 2263 laborans
705 2227 848 2271 anima,
867 2227 1034 2263 insolitas
1049 2239 1162 2276 quas·

168 2284 251 2320 dam
272 2293 309 2321 et
325 2285 454 2322 dulces
470 2286 751 2323 affectiunculas
769 2286 899 2336 incipit
917 2287 1109 2335 colligere,
1125 2287 1162 2323 in

167 2343 306 2392 quibus
322 2353 450 2381 tenere
468 2346 669 2394 requiescit
686 2359 769 2382 cum
792 2346 947 2392 adsunt3
961 2347 1163 2392 cruciatur,

169 2417 255 2440 cum
277 2405 521 2452 auferuntur,
540 2415 577 2442 et
597 2407 840 2443 nonredeunt
856 2405 902 2442 ad
922 2414 1066 2442 votum.
1086 2407 1163 2443 Sic-

166 2471 206 2499 ut
226 2464 324 2500 enim
348 2465 426 2501 ruri
445 2465 609 2502 enutrita
629 2474 666 2502 et
687 2465 876 2502 ruralibus
895 2473 1040 2502 assueta
1062 2464 1163 2501 ciba-

166 2522 252 2569 riis,
272 2536 357 2560 cum
383 2525 600 2562 affectiones
623 2525 710 2571 has,
731 2538 824 2574 quas
850 2525 1032 2571 diximus,
1058 2524 1164 2574 quasi

167 2582 205 2618 in
224 2582 348 2632 primo
370 2584 540 2633 ingressu
561 2585 656 2621 aulae
677 2587 788 2634 regiae
810 2585 968 2635 coeperit
989 2585 1164 2634 degusta-

169 2653 233 2685 re,
252 2654 524 2692 nonnunquam
549 2644 798 2693 ignominiose
821 2644 997 2693 depulsa,
1015 2644 1162 2680 violen-

170 2709 225 2737 ter
254 2703 428 2752 e.xpulsa,
459 2703 497 2739 in
528 2703 683 2740 domum
715 2705 946 2754 paupertatis
980 2717 1056 2741 suae
1069 2733 1078 2750 ,
1099 2705 1161 2740 vix

168 2760 287 2796 ultra³
318 2761 439 2798 redire
466 2763 675 2812 acquiescet
702 2778 709 2800 ε
740 2772 776 2799 et
803 2764 1017 2813 frequenter
1041 2764 1086 2800 ad
1103 2763 1162 2813 ja-

171 2833 283 2856 nuam
307 2835 524 2869 recurrens,
554 2824 788 2873 importuna,
815 2823 1007 2873 improba,
1029 2832 1065 2860 et
1095 2837 1162 2860 an-

172 2881 229 2916 xia
242 2908 252 2925 ,
270 2881 362 2917 sicut
380 2882 490 2932 inops
503 2911 512 2927 ,
532 2883 625 2919 sicut
643 2883 831 2929 nwndica,
849 2896 1003 2933 sperans
1018 2913 1026 2929 ‚
1043 2885 1163 2934 suspi-

172 2952 258 2976 rans
279 2940 448 2990 inspicit,
468 2942 622 2991 suspicit
643 2943 670 2979 si
687 2942 777 2992 quid
794 2942 863 2979 sibi
884 2943 1112 2993 porrigatur,
1133 2944 1162 2980 si

171 3000 324 3048 quando
347 3003 537 3051 aperiatur
562 3018 569 3038 :
588 3011 625 3039 et
644 3004 844 3052 aliquando
865 3004 1107 3054 improbitate
1127 3013 1164 3040 et

174 3060 458 3109 importunitate
489 3075 553 3099 sua
580 3062 630 3099 sic
654 3063 793 3100 evincit
817 3064 942 3099 omnia
971 3063 1164 3100 obstacula

173 3127 207 3154 et
226 3120 514 3168 transgreditiu·;
534 3131 572 3158 ut
592 3123 769 3171 usquead
786 3123 1004 3159 interiorem
1021 3124 1165 3172 sapien-

225 3253 230 3265 ·
253 3248 488 3284 vsal.1.x11,s›,
512 3253 541 3278 (ἲ,
566 3266 600 3270 —
620 3255 629 3269 ²
649 3252 737 3280 Rom.
757 3262 830 3284 vni,
857 3255 905 3280 13,
929 3268 967 3271 —-
998 3249 1134 3290 ¹1⁴2pl=‹·-·.
1154 3261 1197 3285 u,
1219 3254 1256 3279 ’,Α
1272 3274 1278 3282 ,
1305 3254 1356 3279 Ἠ.

180 3300 193 3315 ⁴'
210 3300 286 3329 l'sal.
307 3309 393 3328 rxxx
407 3324 414 3334 ,
440 3303 490 3333 Ιϋ,
517 3304 564 3331 17.

223 3364 234 3375 “”
255 3358 335 3388 alias
352 3383 356 3391 ,

378 3359 485 3387 mmm
503 3359 602 3390 nlo-m.-
625 3361 768 3391 incudo-⁴·

1231 1942 1314 1965 rum
1340 1927 1619 1964 exsecutionem
1650 1924 1844 1974 praesumit
1865 1924 2051 1960 fiduciam.
2079 1928 2229 1960 Inimici

1231 1990 1400 2029 Domini,
1424 1986 1475 2022 ait
1501 1985 1715 2029 Psalmista‚
1745 1986 1887 2018 mentiti
1913 1993 1996 2019 sunt
2021 1988 2073 2027 ei,
2097 1994 2132 2019 ct
2159 1989 2230 2020 crit

1231 2057 1373 2095 tempus
1389 2059 1510 2081 eorum
1532 2050 1570 2080 in
1591 2046 1744 2080 soecula.
1759 2045 1809 2078 Et
1828 2042 1960 2079 cibavit
1977 2046 2060 2079 illos
2074 2057 2124 2078 cuz·
2143 2046 2229 2079 adi—

1226 2122 1278 2156 pe
1293 2106 1479 2155 frinm’nti
1489 2133 1500 2150 ,
1523 2114 1556 2140 et
1576 2107 1622 2140 (le
1638 2112 1766 2152 petra,
1796 2105 1904 2138 melle
1922 2108 2102 2138 satio-(wit
2129 2117 2187 2139 eos
2200 2103 2227 2140 ⁴³.

1227 2167 1325 2205 Audi
1347 2166 1488 2203 cibatos
1502 2194 1511 2211 ,
1529 2173 1565 2201 et
1586 2164 1672 2200 audi
1694 2162 1866 2199 inimicos
1890 2176 1897 2197 :
1919 2162 2004 2198 audi
2022 2171 2206 2200 saturatos
2220 2192 2228 2207 ‚

1228 2235 1264 2263 et
1287 2226 1373 2262 audi
1395 2225 1572 2261 mentitos
1594 2239 1601 2260 ε
1626 2223 1712 2259 audi
1736 2235 1811 2259 non
1834 2223 1955 2258 solum
1977 2223 2229 2268 frumentum,

1229 2286 1293 2322 sed
1314 2285 1462 2334 adipem
1483 2283 1659 2320 frumenti
1680 2297 1686 2318 t
1712 2295 1789 2318 non
1810 2290 1955 2332 petram
1970 2310 1980 2327 ,
2003 2282 2066 2318 sed
2088 2283 2159 2318 mel
2183 2283 2230 2318 de

1231 2354 1359 2396 petra,
1382 2345 1567 2382 occultam
1598 2343 1737 2380 scilicet
1765 2350 1802 2379 et
1824 2341 1990 2378 divinam
2017 2355 2230 2379 sacramen-

1232 2415 1356 2443 torum
1371 2405 1526 2456 gratiam
1540 2433 1548 2449 ,
1566 2403 1612 2440 de
1626 2417 1701 2452 qua
1716 2403 1870 2439 saturati
1885 2401 2146 2452 perhibentur,
2167 2404 2230 2452 qui

1230 2467 1370 2503 inimici
1391 2465 1691 2509 convincuntur3
1713 2462 1816 2512 quod
1837 2463 1866 2499 si
1884 2476 1961 2498 non
1983 2463 2138 2500 fuissent
2158 2464 2232 2500 ini-

1232 2528 1319 2564 mici
1337 2540 1413 2563 nou
1432 2535 1506 2563 tam
1528 2525 1603 2562 cito
1622 2525 1833 2574 potuissent
1851 2525 2022 2560 saturari.
2040 2525 2112 2572 Qui
2128 2525 2228 2561 enim

1231 2595 1420 2624 saturatus
1435 2595 1507 2631 est,
1525 2598 1601 2621 non
1624 2585 1709 2634 plus
1729 2585 1822 2634 petit
1841 2598 1952 2634 quam
1972 2585 2129 2635 accipit,
2144 2586 2231 2634 qnia

1178 2649 1211 2682 D
1232 2646 1366 2696 plenus
1383 2653 1438 2681 est
1456 2660 1463 2681 :
1482 2652 1518 2681 et
1536 2644 1638 2693 quod
1661 2642 1791 2688 hahet,
1810 2643 1844 2679 ci
1865 2643 1954 2680 satis
1969 2651 2035 2680 est.
2052 2647 2133 2680 Hoc
2153 2652 2206 2680 est
2219 2673 2227 2685 .

1224 2714 1310 2754 post
1327 2709 1492 2754 pronam
1515 2707 1849 2746 illuminationem,
1873 2711 1912 2739 ut
1933 2703 1983 2739 ait
2005 2704 2227 2752 Apostolus,

1225 2774 1308 2813 post
1326 2773 1468 2813 gnsttcm
1491 2766 1580 2799 (loni
1599 2766 1777 2806 antestis,
1795 2771 1881 2810 post
1894 2767 2228 2810 participationem

1230 2826 1389 2872 Spiritus
1421 2828 1561 2866 sancti,
1588 2832 1673 2871 post
1700 2832 1845 2871 gnitum
1876 2823 2115 2858 nihilominus
2144 2822 2232 2858 boni

1230 2883 1332 2919 verbi
1352 2886 1439 2925 Dei,
1472 2886 1714 2930 virttitmnqite
1730 2880 1852 2929 ficturi
1874 2885 2005 2917 κατ-ΝΗ
2020 2910 2030 2925 ,
2052 2882 2226 2918 volunta-

1231 2944 1283 2980 ric
1306 2942 1499 2993 peccando
1521 2950 1606 2992 post
1633 2950 1821 2992 acceptam
1845 2942 2014 2977 notitiam
2039 2943 2204 2978 veritatis
2219 2972 2226 2981 ,

1232 3015 1379 3038 rursum
1412 3001 1653 3050 sibimetipsis
1689 3001 1822 3038 Filium
1854 3001 1919 3037 Dei
1950 3002 2167 3050 crucifigere
2194 3011 2228 3038 et

1233 3061 1474 3105 conculcare,
1496 3069 1531 3096 et
1557 3060 1776 3109 sanguinem
1809 3061 2019 3096 testamenti
2043 3061 2228 3110 pollutum

1234 3121 1389 3163 ducere,
1408 3121 1443 3156 in
1462 3133 1538 3169 quo
1555 3119 1774 3156 sanctificati
1795 3128 1880 3155 sunt
1893 3149 1901 3163 ‚
1923 3129 1958 3155 et
1979 3120 2126 3169 spiritui
2145 3134 2207 3167 gra

1395 3269 1407 3271 -
1438 3253 1449 3274 ⁴
1466 3250 1526 3280 ,1011
1556 3261 1669 3280 xum.
1690 3255 1754 3284 Ate,
1779 3255 1818 3278 ,ιςι
1926 3259 1929 3266 ·
1952 3255 2067 3278 tantu,
2090 3261 2118 3279 x,
2143 3253 2148 3276 ι
