2418 3949
178 232 276 268 1377
773 232 838 266 DE
865 231 1060 267 V1LLlco
1089 230 1410 276 moun-Ans,
1440 233 1615 268 SERMO.
2125 232 2221 267 1378

172 308 290 357 legem
301 336 312 353 ,
325 304 395 342 sub
410 306 510 355 lege,
528 305 598 342 sub
612 305 729 355 gratia
743 320 752 351 ;
769 314 806 341 et
822 318 890 354 per
903 313 977 341 tres
995 305 1161 349 nuntios,

170 379 239 416 per
257 379 353 415 quos
374 366 500 402 omnia
515 378 581 402 sua
604 365 715 402 nobis
734 365 889 402 consilia
908 365 1017 410 dicit,
1039 363 1075 400 id
1096 371 1164 410 est,
1184 364 1212 396 A

169 439 239 475 per
256 426 446 462 hominem
458 454 468 470 ‚
485 438 554 474 per
566 425 738 474 spiritum
750 454 760 471 ‚
778 438 847 475 per
861 424 1040 461 familiare
1058 435 1165 460 man-

170 484 311 521 datum.
327 484 394 520 His
407 484 594 520 Dominus
607 492 748 520 secreta
764 496 830 520 sua
843 484 939 520 solet
957 482 1163 527 notificare,

168 552 282 591 atque
298 555 366 592 per
377 542 446 578 hos
458 542 538 578 aliis
553 541 765 591 quibusque
775 541 886 591 jubet
901 556 908 578 :
924 555 1009 578 cum
1023 540 1163 590 quibus

167 603 224 639 ire
244 602 340 639 solet
366 602 497 646 timor,
528 609 566 637 et
595 601 708 637 modo
725 600 898 651 jungitur
924 601 1016 646 illis,
1038 601 1161 637 ferens

168 661 239 698 ista
254 661 329 701 tria
344 673 429 709 quae
446 673 595 709 semper
611 659 749 696 habere
765 660 878 705 solet,
897 659 1039 695 clavam
1056 671 1161 696 com-

169 721 404 766 minationis,
421 719 565 756 radium
583 719 828 769 cognitionis,
841 719 984 769 virgam
1000 718 1160 764 doloris;

169 779 217 816 ad
238 779 500 816 incutiendum
527 787 709 815 terrorem
724 807 733 823 ,
755 778 802 814 ad
821 777 1026 814 videndum
1053 789 1162 813 erro-

169 851 249 876 rem
261 867 272 884 ‚
298 838 346 875 ad
374 837 592 874 habendum
623 850 846 882 moerorem;
877 836 1137 886 incipientium
1151 864 1160 881 ,

167 898 446 947 proficientium
458 927 467 943 ,
484 897 775 947 perficientium.
794 899 891 933 Nota
910 895 1013 944 quod
1030 895 1070 931 in
1090 894 1162 930 hoc

169 959 267 994 facto
280 957 521 1007 cognoscitur
534 956 718 993 mirabilis
730 956 850 1006 pietas
865 954 978 1004 hujus
996 953 1161 999 Domini,

169 1019 235 1068 qui
252 1031 329 1054 non
352 1017 599 1055 circumvenit
615 1029 764 1053 servum
780 1029 887 1052 suum
901 1043 910 1061 ,
931 1014 996 1051 sed
1013 1014 1060 1050 ad
1077 1013 1163 1050 red-

1171 302 1218 320 6³8

1230 304 1318 353 quia
1353 316 1511 356 propter
1541 308 1639 344 illam
1673 308 1822 357 operari
1854 308 1954 344 bona
1986 310 2223 357 contempsit.

1285 363 1320 399 8.
1343 367 1544 415 Sequitur:
1569 368 1787 402 Manlia-are
1808 366 1988 402 erubesco.
2010 369 2092 403 Hoc
2111 367 2226 415 igitur

1230 422 1277 458 ad
1314 423 1478 461 litteram
1513 433 1670 461 tantum.
1702 428 1796 462 Sunt
1825 425 1924 461 enim
1949 425 2100 474 quidam
2113 454 2123 470 ,
2158 426 2223 474 qui

1229 483 1422 531 erogando
1438 482 1538 520 bona
1552 496 1617 520 sua
1634 482 1864 533 pauperibus
1879 485 2007 534 culpas
2022 498 2107 520 suas
2123 485 2225 520 redi-

1230 554 1332 578 mere
1350 542 1508 587 vellent,
1528 551 1564 578 et
1580 542 1652 578 hoc
1667 542 1867 593 cogitando
1888 551 2116 591 pertractant
2133 558 2139 578 z
2157 543 2223 578 sed

1227 601 1471 650 postmodum
1503 602 1676 638 timentes
1704 614 1751 637 ne
1779 610 1933 650 egeant,
1956 613 2042 649 erga
2073 610 2223 650 egentes

1227 668 1374 697 tenaces
1390 661 1485 696 fiunt
1496 689 1505 705 ,
1521 669 1558 697 et
1574 660 1620 697 ab
1634 674 1679 696 eo
1693 660 1796 709 quod
1813 670 1937 696 mente
1953 670 2220 710 conceperant,

1227 732 1265 756 se
1293 719 1554 769 suspendunt;
1577 721 1766 770 praecipue
1787 721 1874 769 quia
1902 719 2032 756 vident
2052 720 2220 768 aliquos,

1226 778 1291 827 qui
1310 791 1376 815 sua
1396 792 1434 815 se
1455 779 1507 816 sic
1528 778 1675 815 dedisse
1692 779 1875 824 fatentur,
1892 787 1927 814 et
1947 779 2131 828 poenitent
2148 794 2155 814 ε
2175 779 2222 815 de

1227 837 1363 886 quibus
1378 837 1475 874 bene
1491 851 1559 888 per
1574 839 1812 876 Salomonem
1830 838 1986 883 dicitur,
2011 840 2082 884 Qui
2098 838 2219 874 obser-

1227 907 1286 934 vat
1304 907 1473 945 ventum,
1493 913 1566 935 non
1581 904 1765 942 seminat;
1786 909 1822 935 et
1840 913 1902 947 qm
1925 901 2137 934 considerat
2152 913 2223 934 rm-

1228 956 1306 1001 bes,
1332 971 1520 1006 nunquam
1553 963 1656 994 metit
1670 957 1696 994 ⁵.
1725 959 1833 995 Venti
1862 959 2014 994 nomine
2039 958 2223 1007 malignus

1228 1015 1404 1065 spiritus,
1425 1017 1489 1065 qui
1510 1025 1674 1053 mentem
1696 1016 1966 1053 tentationibus
1986 1017 2168 1066 impellit;
2186 1026 2223 1052 et

169 1076 333 1113 dendam
353 1077 538 1113 rationem
563 1076 670 1126 prius
695 1074 898 1112 submonet
923 1086 1028 1118 eum,
1049 1086 1162 1122 quam
1179 1079 1207 1113 B
1228 1074 1340 1112 nubis
1376 1076 1630 1125 appellatione
1662 1084 1836 1125 peccator
1874 1075 2110 1125 exprimitur.
2150 1076 2223 1123 Qui

163 1134 322 1184 judicet.
345 1137 403 1173 Sic
420 1148 572 1184 quoque
592 1134 694 1171 visus
711 1141 766 1170 est
789 1132 977 1169 Abraham
1001 1131 1137 1168 dixisse
1150 1159 1159 1177 ,

168 1207 255 1230 cum
285 1195 504 1244 loqueretur
529 1192 575 1230 ad
600 1206 686 1230 eum
707 1192 754 1229 de
774 1191 974 1229 Sodomis:
999 1194 1161 1227 Descen-

168 1256 256 1289 dam
277 1263 313 1289 et
330 1253 467 1289 videbo
482 1266 554 1301 per
570 1256 825 1301 memehpsum
842 1256 875 1287 si
889 1255 943 1287 sic
951 1279 962 1296 5
983 1260 1024 1287 ut
1042 1264 1165 1286 rumor

167 1321 238 1357 est,
255 1325 367 1361 opere
379 1315 640 1360 compleverint
652 1318 676 1347 ¹.
697 1314 743 1348 Et
755 1310 815 1347 hic
829 1311 1067 1356 instruimur,
1085 1323 1162 1347 non

166 1372 289 1409 statim
323 1371 460 1408 debere
492 1371 572 1408 dari
604 1371 715 1407 [idem
750 1370 982 1420 quibuslibet
1009 1369 1162 1415 verbis;

169 1431 234 1468 sed
261 1431 292 1468 si
321 1432 373 1468 sic
401 1439 479 1476 est,
504 1439 545 1468 ut
570 1430 723 1476 dicitur,
744 1430 849 1480 prius
872 1428 1051 1466 adhibere
1077 1442 1167 1465 cau-

169 1491 296 1528 telam.

224 1550 260 1587 7.
281 1550 482 1599 Sequitur:
508 1547 803 1597 Quidsaciam?
818 1552 908 1586 Haec
928 1548 1166 1598 querimonia

169 1609 216 1646 de
232 1609 426 1659 praemissa
445 1610 740 1645 comminatione
756 1608 943 1658 procedit.
962 1609 1021 1645 Sic
1032 1608 1166 1657 utique

167 1671 322 1721 quidam
350 1683 434 1708 cum
463 1679 623 1707 mortem
652 1670 722 1707 sibi
744 1671 875 1707 venire
902 1670 948 1706 de
966 1682 1086 1720 prope
1106 1670 1166 1706 vi·-

169 1731 282 1777 dent‚
309 1744 348 1768 se
373 1731 470 1768 male
495 1731 633 1768 vixisse
659 1731 838 1775 scientes,
863 1731 998 1766 timore
1018 1737 1165 1779 perter-

169 1791 255 1837 riti,
284 1791 377 1840 quid
411 1791 590 1836 fecerint,
627 1791 685 1827 vel
716 1791 876 1840 qualiter
901 1790 938 1827 id
965 1789 1165 1827 emendare

1227 1148 1317 1183 ergo
1332 1134 1492 1171 attendit
1505 1143 1661 1171 ventum
1676 1163 1685 1180 ‚
1704 1148 1781 1171 non
1797 1135 1978 1180 seminat;
1994 1143 2032 1170 et
2051 1135 2115 1183 qui
2131 1147 2223 1171 con—

1227 1193 1366 1229 siderat
1394 1193 1535 1237 nubes,
1562 1206 1755 1242 nunquam
1777 1194 1883 1229 metit
1906 1207 1913 1228 :
1936 1193 2022 1242 quia
2044 1193 2108 1242 qui
2138 1202 2223 1229 ten-

1229 1254 1390 1290 tationes
1410 1254 1563 1302 maligni
1583 1253 1736 1303 spiritus
1757 1253 1916 1298 metuit,
1945 1261 1982 1289 et
2004 1252 2223 1301 iniquorum

1231 1314 1357 1362 lapsus
1377 1313 1583 1362 conspicit;
1605 1313 1642 1349 in
1664 1312 1766 1349 bono
1787 1326 1902 1362 opere
1923 1325 1991 1348 nec
2010 1320 2222 1357 exercetur,

1231 1385 1300 1408 nec
1321 1372 1358 1408 in
1377 1371 1521 1420 judicio
1541 1384 1617 1420 quo
1643 1371 1860 1408 consoletur
1878 1370 2068 1415 inveniet,
2092 1370 2157 1407 sed
2187 1379 2224 1406 et

1232 1443 1333 1467 nunc
1352 1444 1504 1480 quoque
1523 1431 1680 1467 vilescit.
1706 1434 1910 1479 Propterea
1931 1430 2102 1478 quamvis
2122 1429 2223 1464 villi-

1232 1503 1297 1527 cus
1310 1491 1425 1539 paulo
1439 1498 1524 1527 ante
1539 1490 1705 1535 dixerat,
1721 1491 1865 1525 Foclere
1879 1503 1951 1524 non
1973 1491 2082 1524 valeo
2092 1517 2104 1532 ‚
2121 1502 2226 1524 men-

1231 1551 1358 1584 dicare
1371 1548 1562 1593 erubesco,
1577 1549 1763 1599 poenitens
1778 1557 1900 1584 tamen
1916 1546 2110 1597 subjungit
2121 1547 2225 1596 quod

1231 1609 1402 1658 sequitur
1429 1624 1436 1645 :
1462 1611 1544 1645 Scio
1565 1611 1658 1657 quid
1677 1607 1833 1656 faciam.
1866 1607 1997 1644 Videte
2025 1607 2116 1656 quid
2138 1607 2225 1643 sacit

1232 1669 1365 1713 timor,
1397 1669 1538 1719 quippe
1568 1668 1738 1718 perutilis
1764 1667 1920 1704 domino
1949 1680 2029 1703 suo.
2059 1670 2145 1716 Ipse
2169 1676 2227 1703 est

1230 1729 1296 1777 qui
1315 1727 1417 1777 quod
1439 1727 1615 1764 dominus
1628 1726 1758 1776 jubet,
1780 1726 1952 1762 homines
1973 1727 2094 1762 facere
2112 1726 2222 1775 cogit.

1231 1789 1338 1824 Certe
1354 1787 1422 1823 iste
1442 1786 1590 1822 villicus
1611 1785 1725 1822 hodie
1743 1797 1819 1821 non
1840 1784 2014 1829 dixisset,
2036 1786 2117 1820 Scio
2135 1786 2230 1832 quid

169 1850 358 1896 debeant,
393 1863 518 1888 secum
548 1850 636 1887 satis
671 1850 902 1886 amarissime
930 1849 1159 1898 exquirunt,
1183 1846 1394 1893 Csaciom,
1415 1846 1445 1882 si
1469 1858 1545 1882 non
1566 1845 1760 1881 timuisset.
1783 1844 1855 1881 Sed
1877 1844 2018 1889 timuit,
2042 1845 2222 1893 quoniam

169 1909 337 1948 dicentes
369 1925 377 1946 t
412 1911 514 1956 Quid
531 1908 678 1958 faciam
695 1913 715 1945 ,³
749 1912 894 1945 Foclere
924 1923 997 1944 non
1028 1911 1160 1952 valeo,

169 1973 383 2007 mendicare
400 1970 583 2006 erubesco.
601 1973 690 2007 Haec
711 1969 787 2006 duo
810 1968 925 2006 verba
944 1969 981 2005 in
1002 1981 1165 2018 persona

169 2029 320 2066 illorum
338 2030 526 2078 loquitur,
555 2029 620 2078 qui
638 2028 716 2065 haec
737 2028 812 2065 duo
834 2029 966 2064 timent
980 2029 1017 2063 in
1037 2026 1164 2077 poeni—

171 2089 306 2135 tentia;
328 2089 469 2126 scilicet
485 2088 725 2125 afflictionem
746 2088 918 2138 corporis
943 2095 980 2124 et
1002 2099 1167 2136 pauper-

170 2155 283 2184 tatem
303 2162 310 2184 :
332 2161 494 2197 quorum
517 2148 674 2184 alterum
695 2147 916 2197 intelligitur
929 2145 1163 2196 perfodere,

171 2207 329 2244 alterum
342 2236 352 2253 ,
376 2219 445 2257 per
464 2209 690 2243 mendicare.
708 2210 760 2244 Ut
776 2207 875 2243 enim
900 2206 953 2243 sic
973 2204 1166 2241 moraliter

172 2266 292 2303 dicam
310 2296 320 2314 ,
355 2267 484 2304 fodere
512 2276 568 2304 est
596 2267 743 2303 sarculo
771 2265 1099 2316 compunctioniS,
1117 2272 1165 2307 ‘et

175 2334 302 2363 aratro
318 2327 565 2364 consessionis
583 2327 619 2363 in
638 2326 780 2363 fructus
795 2325 907 2362 bonae
931 2324 1164 2375 operationis

171 2385 296 2422 cordis
325 2386 444 2422 nostri
472 2385 606 2435 jugera
635 2385 839 2422 dissulcare
871 2399 878 2421 :
910 2383 1014 2434 quod
1044 2384 1164 2420 facere

174 2444 358 2494 propheta
383 2458 451 2482 nos
478 2445 657 2482 admonet
686 2445 838 2490 dicens,
860 2445 1026 2480 Scimltte
1053 2445 1165 2478 corda

172 2512 316 2548 vestra,
340 2514 376 2540 et
395 2518 468 2540 non
495 2508 716 2540 vestimenta
743 2513 865 2539 vestra
878 2508 903 2538 ².
934 2505 981 2539 Et
1002 2502 1088 2538 hinc
1111 2509 1167 2537 est

173 2562 266 2599 illud
283 2564 387 2612 quod
403 2564 454 2600 ait
467 2572 592 2600 custos
609 2564 729 2599 vineae
745 2562 792 2598 de
809 2562 925 2599 sterili
945 2561 1104 2597 liculnea
1120 2559 1166 2596 ad

173 2621 372 2659 dominum
393 2636 501 2659 suum
527 2637 535 2659 :

175 2695 240 2730 ego
271 2687 426 2718 veniens
447 2681 599 2730 fodiam
629 2686 725 2717 circa
753 2684 881 2725 Illam,
913 2689 949 2715 et
976 2692 1166 2728 apponam

173 2750 332 2776 stercora
346 2739 371 2777 ³.
391 2741 461 2779 Sed
480 2742 550 2778 lioc
567 2742 634 2778 iste
649 2740 695 2777 de
711 2754 788 2789 quo
804 2740 863 2776 liic
884 2740 1025 2789 agitur,
1046 2739 1168 2788 primo

177 2800 297 2836 facere
321 2800 612 2849 pertimescens,
646 2800 696 2836 ait
726 2813 733 2835 :
769 2801 910 2834 Fnclvre
943 2812 1015 2834 mm
1044 2801 1166 2834 valeo.

175 2862 314 2897 Contra
345 2873 457 2909 quein
491 2869 590 2896 recte
622 2873 690 2909 per
722 2859 962 2896 Salomonem
993 2857 1131 2894 dicitur
1157 2871 1164 2892 :

176 2921 292 2968 Piger
313 2929 467 2968 propter
488 2918 609 2968 frigus
640 2933 750 2955 arare
777 2921 914 2961 ιιυίιιίις
944 2916 1171 2954 mendicabit

177 2993 261 3028 vrgo
281 2988 432 3024 aestate,
451 2989 484 3016 et
502 2994 572 3015 mm
595 2980 744 3016 dabitur
756 2979 828 3015 (⁵1⁴⁴.
852 2979 923 3026 Qui
949 2978 1047 3014 enim
1070 2990 1170 3013 nunc

177 3047 335 3089 propter
354 3052 532 3089 pavorem
557 3041 712 3084 mentis,
739 3047 802 3076 aut
828 3047 1020 3088 torporem
1045 3050 1169 3073 macc-

179 3111 262 3135 rare
288 3111 325 3134 se
349 3112 416 3148 per
445 3099 705 3148 poenitentiam
737 3107 773 3134 ct
801 3098 966 3146 affligere
996 3096 1168 3146 negligit3

177 3170 262 3194 cum
289 3158 349 3195 Sol
379 3157 532 3207 justitia:
562 3159 598 3195 in
625 3158 789 3207 judicio,
818 3158 921 3195 velut
949 3157 986 3193 in
1020 3164 1169 3199 restate,

180 3217 377 3262 claruerit,
404 3227 547 3267 quaeret
576 3218 766 3268 requiem,
787 3216 852 3254 scd
883 3229 959 3253 non
992 3214 1170 3263 accipiet,

1230 1907 1284 1942 illi
1304 1905 1429 1942 subito
1455 1905 1568 1941 timor
1588 1904 1814 1949 adveniens,
1841 1904 1946 1940 clava
1963 1904 2226 1940 comminatio-

1231 1966 1288 2002 nis
1307 1966 1397 2002 tales
1413 1966 1445 2002 ei
1460 1966 1556 2002 ictus
1575 1965 1784 2015 impressit,
1806 1963 1933 2000 dicens
1952 1978 1958 1999 :
1979 1963 2095 2010 Audi,
2113 1964 2228 2000 mise—

1232 2024 1379 2071 rabilis,
1396 2025 1507 2071 audi,
1522 2025 1657 2074 evigila
1676 2024 1824 2061 tandem
1838 2052 1846 2068 ‚
1864 2025 1951 2073 quia
1969 2024 2060 2060 liora
2080 2023 2226 2072 estjam

1233 2093 1268 2121 te
1288 2084 1334 2120 de
1364 2085 1514 2134 pigritia
1544 2098 1709 2133 surgere.
1742 2084 1777 2120 Si
1810 2097 1886 2119 non
1916 2096 2045 2119 amore
2058 2111 2068 2128 ‚
2096 2083 2227 2119 saltem

1233 2143 1368 2179 timore
1386 2143 1536 2192 evigila.
1558 2145 1659 2180 Crux
1682 2143 1782 2178 enim
1801 2141 1867 2178 tibi
1889 2141 2028 2191 duplex
2047 2141 2140 2177 dura
2159 2154 2227 2191 pa-

1232 2211 1363 2239 ratur:
1387 2203 1505 2239 altera
1523 2202 1601 2251 jam
1624 2202 1796 2251 corporis
1811 2230 1820 2246 ,
1845 2202 1960 2237 altera
1982 2201 2226 2250 postmodum

1231 2262 1402 2311 corporis
1422 2269 1459 2297 et
1478 2262 1611 2298 animae
1631 2260 1862 2310 gehennalis.
1886 2260 2014 2308 Cogita
2033 2273 2121 2308 crgo
2139 2273 2227 2295 cru-

1230 2321 1347 2356 ciatus
1367 2329 1450 2357 tuos
1465 2349 1474 2366 ,
1492 2334 1588 2370 quos
1604 2319 1886 2370 praesentialiter
1903 2319 2119 2355 medullitus
2137 2332 2225 2355 sen-

1229 2381 1298 2416 ties
1312 2380 1389 2429 jam
1408 2381 1445 2416 in
1468 2389 1603 2417 morte.
1626 2383 1747 2424 Nom,
1765 2379 1919 2428 inquam
1932 2406 1941 2422 ‚
1963 2379 2042 2428 ipsa
2063 2387 2117 2415 cst
2135 2392 2227 2415 crux

1229 2439 1442 2485 horribilis,
1473 2440 1518 2476 ad
1543 2453 1655 2489 quam
1687 2438 1857 2488 quotidie
1885 2439 2056 2484 festinas,
2083 2447 2120 2474 et
2152 2452 2229 2474 non

1232 2500 1405 2537 attendis.
1421 2500 1513 2536 Vide
1526 2498 1721 2549 quomodo
1737 2512 1838 2534 mors
1852 2507 1887 2534 tc
1901 2498 2095 2546 crucifigit.
2112 2500 2229 2535 Crura

1233 2560 1519 2606 distenduntur,
1543 2572 1676 2596 manus
1696 2567 1731 2594 et
1755 2557 1905 2594 brachia
1927 2557 2103 2593 decidunt
2118 2586 2126 2601 ,
2160 2571 2229 2607 pe-

566 2624 723 2658 Dimttte
745 2636 825 2657 eam
847 2631 882 2657 et
901 2622 967 2656 lmc
987 2635 1106 2663 (ιιιηο,
1129 2629 1167 2655 ut
1186 2623 1216 2655 D
1234 2627 1315 2655 ctus
1335 2620 1504 2662 anhelat,
1524 2619 1650 2654 cvi-vix
1668 2618 1895 2666 languescit,
1917 2616 2012 2652 labia
2033 2626 2229 2666 spumant,

1235 2678 1333 2713 oculi
1353 2685 1594 2726 stupescunt,
1618 2676 1743 2711 vultus
1761 2676 2004 2719 horrescunt,
2029 2676 2139 2711 facies
2159 2688 2229 2711 ex-

1236 2736 1366 2781 sudat,
1389 2746 1425 2772 et
1454 2745 1572 2772 iuni-te
1600 2743 1695 2771 tacta
1726 2735 1904 2784 pallescit.
1937 2737 1981 2770 Et
2004 2735 2078 2770 lut-c
2100 2736 2229 2784 utique

1234 2809 1318 2845 quae
1348 2796 1519 2831 videmus
1543 2795 1683 2830 deforis
1701 2823 1710 2838 ,
1735 2803 1769 2829 vt
1799 2807 1882 2842 quae
1903 2794 2108 2837 scutimus,
2133 2794 2226 2830 levia

1235 2863 1321 2891 sunt
1339 2855 1383 2891 ad
1398 2870 1437 2890 eu
1457 2868 1540 2903 quar
1555 2854 1653 2890 intus
1668 2853 1789 2889 anima
1808 2852 2025 2888 miserabilis
2037 2853 2114 2901 jam
2133 2866 2227 2902 prat·-

1235 2923 1370 2964 gustat.
1392 2918 1482 2950 Nam
1506 2927 1634 2950 sensus
1652 2928 1670 2949 a
1694 2926 1853 2962 corpore
1874 2913 1947 2948 cito
1966 2912 2103 2948 recedit
2122 2927 2129 2948 ε
2148 2914 2227 2949 .ιηί-

1238 2988 1334 3010 mam
1368 2988 1431 3010 sua
1454 2987 1554 3009 mors
1578 2973 1778 3009 mimitatur
1809 2980 1974 3007 cuntem.
2005 2972 2075 3019 Qui
2103 2980 2227 3008 autem

1235 3035 1421 3070 cruciatus
1446 3043 1479 3069 tc
1513 3041 1710 3076 maneant,
1731 3032 1817 3090 audi
1847 3031 1937 3080 quid
1966 3031 2149 3080 propheta
2184 3032 2229 3068 de

1237 3093 1393 3144 perditis
1416 3093 1511 3129 dicat
1543 3108 1549 3128 :
1581 3097 1676 3128 Sicu!
1708 3104 1810 3133 orvs,
1840 3092 1982 3140 iuquit,
2018 3105 2054 3125 m
2086 3091 2228 3138 [qu-mm

1230 3158 1348 3202 posili
1364 3163 1448 3189 suut
1467 3169 1476 3196 ,-
1496 3168 1588 3187 mom
1607 3155 1753 3201 delum]
1768 3162 1780 3187 ι
1798 3167 1853 3186 νυν
1867 3150 1893 3186 ⁶.
1916 3154 1957 3186 lit
1974 3150 2045 3186 jol)
2062 3165 2068 3185 :
2101 3153 2228 3185 Tram-

1239 3223 1347 3258 cum,
1380 3213 1523 3261 lnquit,
1545 3228 1566 3247 ιι
1585 3212 1728 3260 ,li-[gon
1756 3216 1872 3246 mmm
1905 3213 1957 3244 ml
1980 3213 2134 3245 salntem
2169 3225 2228 3244 m-

233 3348 240 3362 ¹
263 3345 342 3374 ch.
358 3353 443 3372 xviii
460 3367 466 3380 ,
486 3347 540 3375 21.
558 3362 596 3368 -
614 3350 625 3366 ²
641 3344 849 3380 Joeln,13.
866 3360 904 3365 -
923 3339 935 3364 3
952 3344 1022 3371 Luc.
1050 3351 1132 3374 λιιι,
1151 3343 1182 3371 8.
1200 3339 1380 3370 ›—41'1·ox.
1401 3349 1442 3367 xx
1457 3363 1463 3373 ,
1488 3340 1512 3367 ἲ.
1531 3356 1562 3360 ——
1587 3334 2229 3369 ⁵1·3c‹·li.,x1,'·.†‡¹·1‘xal..ux111.i:·.

340 3414 429 3436 Tou.
461 3415 495 3437 V.

2034 3393 2069 3427 ii
