2504 3928
323 244 390 280 to?

1029 242 1058 277 G
1067 243 1262 279 UIGONIS
1291 245 1348 278 CA
1356 244 1630 279 R'l'USlENSlS

2281 248 2356 284 468

376 323 431 355 ll.
462 322 545 354 lla-c
566 319 601 353 in
632 314 909 365 spiritualibus,
938 317 1030 353 etin
1060 318 1131 363 eis,
1152 331 1236 367 quae
1255 318 1491 355 ad⁹²“aul'ert
1514 332 1552 355 se
1575 323 1685 355 Deus.
1726 319 1821 355 Hinc
1846 319 1945 355 enini
1980 319 2118 357 dicitur
2146 322 2248 370 quod
2270 337 2359 371 per-

323 381 441 414 neum
464 385 568 418 sunt,
600 389 684 411 cuin
717 375 795 410 vult
817 375 918 423 quod
940 385 1085 425 potest,
1120 377 1303 414 laudanda
1324 387 1352 419 Α
1371 392 1483 413 versw
1501 382 1739 426 cogitationes
1757 387 1932 426 separant
1946 392 1970 414 a
1992 382 2093 423 Dm,
2116 387 2154 415 et
2172 381 2259 429 quia
2274 385 2360 429 Spe·-

317 446 371 473 est
389 451 395 472 :
414 449 497 472 cum
520 436 601 470 vult
627 434 727 482 quod
748 448 821 470 non
854 443 999 484 potest,
1018 445 1055 472 et
1083 437 1166 485 plus
1194 450 1304 486 quam

321 504 461 545 potest,
482 493 643 542 regenda
659 502 713 530 est
733 508 739 528 :
759 507 842 530 cuni
866 508 940 531 non
955 496 1033 531 vult
1050 496 1151 544 quod
1167 505 1303 545 potest,

317 553 510 589 excitanda
531 561 585 588 est
602 561 637 588 et
659 553 909 601 provocanda.
932 557 1036 604 Sa‘pe
1056 555 1154 591 enim
1175 556 1203 591 si
1229 569 1305 592 non

321 614 506 655 frenatur,
525 613 706 661 impetum
738 613 840 658 facit,
858 622 895 649 et
923 615 1045 662 agitur
1062 615 1098 650 in
1122 628 1301 664 przrceps.

318 676 422 721 Scepe
446 672 475 708 si
507 685 582 708 non
615 672 818 716 excitatur,
852 673 1007 717 dormit,
1039 681 1075 709 et
1105 673 1244 717 tardat,
1271 682 1308 710 et

317 731 550 767 obliviscitur
563 745 639 780 quo
649 731 826 767 tendebat
837 761 845 775 ‚
861 740 897 767 et
911 732 1014 768 facile
1027 732 1187 769 declinat
1201 734 1305 781 quasi

318 804 337 826 a
370 790 483 826 latere
512 791 549 826 in
576 790 849 840 obligationes³
871 790 1006 827 oblatae
1036 791 1304 828 delectationis.

320 849 482 898 Ideoque
502 850 594 886 sicut
623 850 657 885 in
679 863 838 898 corpore
855 850 965 886 etiam
995 850 1089 886 solet
1109 851 1186 886 lieri
1215 851 1309 900 (ine-

320 909 389 945 lius
405 909 504 945 enim
525 922 662 958 corpus
681 909 843 945 hominis
860 908 907 944 ab
927 910 999 945 alio
1012 910 1178 954 videtur,
1196 923 1306 958 quam

318 981 356 1004 se
376 969 498 1017 ipsum
520 969 671 1013 videati,
688 969 723 1004 in
743 968 957 1016 liujusmodi
975 981 1042 1005 nos
1061 982 1159 1018 saepe
1178 970 1308 1005 melius

320 1027 577 1064 videtalienus
597 1028 750 1072 oculus,
769 1041 881 1076 quain
904 1037 1053 1072 noster;
1076 1037 1113 1064 et
1133 1029 1226 1064 alius
1243 1029 1306 1077 qui

1372 442 1460 472 ritus
1480 447 1624 472 sam-tus
1643 435 1766 483 aufal
1783 451 1823 473 se
1839 451 1862 473 a
1879 438 2159 485 cogitationibus
2173 452 2261 487 qnoe
2277 450 2362 476 sunt

1370 501 1449 532 sine
1467 499 1650 532 intellectu
1667 502 1691 531 ².
1715 500 1752 532 {n
1772 496 1908 544 quibus
1931 496 2054 533 verbis
2087 497 2358 535 advertendum

1371 565 1444 600 est,
1467 556 1552 604 quia
1574 556 1654 591 sine
1680 556 1780 591 omni
1812 556 1999 592 intellectu
2021 557 2233 594 nullatenus
2259 559 2360 607 cogi-

1374 615 1441 650 tari
1478 622 1622 662 potest,
1663 622 1700 649 ct
1734 614 1833 649 nulla
1867 614 2022 650 omnino
2065 615 2240 662 cogitatio
2281 617 2360 652 sine

1375 673 1478 708 omni
1499 673 1688 708 intellectu
1715 681 1782 708 est.
1809 672 1879 708 Sed
1901 672 1994 708 alius
2014 681 2069 708 est
2088 673 2298 710 intellectus
2314 688 2360 710 ex

1374 733 1408 768 vi
1437 733 1615 768 naturalis
1643 732 1821 776 rationis,
1858 732 1951 768 alius
1980 745 2026 768 ex
2055 733 2194 769 virtute
2227 734 2362 770 mentis

1375 793 1575 828 rationalis.
1615 792 1829 827 Intellectus
1857 792 2007 840 quidem
2042 792 2139 828 idem
2173 793 2251 842 ipsc
2285 802 2359 839 est,

1375 851 1437 900 qni
1467 864 1708 899 (piorumque
1735 864 1798 886 scu
1819 851 1855 886 in
1878 850 2021 886 bonum
2038 879 2047 896 ,
2073 864 2136 888 seu
2162 852 2199 888 in
2223 853 2360 889 malum

1375 910 1573 958 applicitus
1606 910 1735 954 suerit,
1766 910 1986 945 naturaliter
2016 910 2143 958 viget:
2170 910 2234 946 sed
2267 911 2361 947 alius

1376 969 1567 1005 invenitur
1586 967 1654 1004 sibi
1677 969 1848 1014 relictus,
1872 970 1966 1005 alius
1985 982 2004 1005 a
2031 970 2148 1017 gratia
2173 970 2362 1007 illumina-

1377 1037 1446 1063 tus.
1478 1028 1543 1063 llle
1567 1027 1689 1063 saeculi
1718 1026 1830 1063 rebus
1850 1036 1886 1063 et
1907 1027 2011 1063 scriis
2031 1035 2068 1062 et
2094 1028 2299 1075 nugatoriis
2323 1041 2361 1064 se

318 1080 395 1122 non
422 1096 475 1123 est
497 1088 635 1137 pariter
658 1088 694 1123 in
723 1088 869 1123 fervore
885 1087 1052 1135 ejusdem
1081 1088 1305 1132 voluntatis,
1332 1090 1357 1123 B
1378 1099 1452 1121 non
1477 1094 1585 1134 negat
1609 1100 1616 1122 :
1643 1086 1702 1122 hic
1720 1095 1843 1122 autem
1868 1085 2017 1121 nonnisi
2037 1085 2156 1134 dignis
2173 1098 2211 1122 se
2229 1085 2360 1132 rebus,

321 1147 456 1182 rectior
477 1160 573 1195 saepe
596 1146 713 1194 judex
737 1155 791 1182 est
815 1147 970 1182 actionis
989 1161 996 1181 :
1017 1147 1104 1195 quia
1132 1160 1229 1196 saepe
1251 1148 1306 1183 vel

322 1205 563 1254 negligentia,
593 1206 651 1240 vel
682 1205 827 1254 privato
851 1218 978 1241 amore
999 1206 1116 1242 nostri
1141 1219 1308 1242 erramus

321 1265 358 1300 in
390 1263 510 1300 nobis.
533 1268 634 1300 Bona
654 1278 743 1313 ergo
766 1273 889 1300 custos
914 1265 1116 1300 voluntatis
1142 1273 1196 1300 est
1217 1264 1308 1301 obe-

320 1322 480 1367 dientia,
507 1323 583 1358 sive
601 1323 747 1371 imperii
772 1323 831 1358 illa
850 1323 915 1366 sit,
941 1323 1019 1358 sive
1045 1323 1213 1365 consilii;
1232 1323 1308 1359 sive

321 1381 587 1429 subjectionis,
609 1382 686 1418 sive
706 1382 821 1417 solius
837 1382 1039 1417 charitatis.
1061 1382 1194 1418 Purius
1207 1382 1306 1417 enim

321 1454 362 1476 ac
372 1440 518 1477 dulcius
529 1454 639 1490 saepe,
651 1440 855 1476 secundum
865 1441 1077 1488 apostolum
1090 1440 1308 1484 Petrum,ad

322 1513 451 1548 pares,
472 1499 658 1535 seuctiani
678 1499 723 1534 ad
743 1499 906 1534 minores
925 1512 1012 1534 suos
1027 1527 1036 1543 ‚
1054 1499 1116 1534 lilii
1133 1498 1311 1534 obedieu—

323 1558 381 1593 tiae
401 1558 605 1594 castificant
625 1556 738 1593 corda
765 1569 830 1592 sua
855 1557 891 1591 in
912 1555 1128 1592 obedientia
1148 1555 1310 1592 charita-

323 1616 387 1660 tis,
420 1629 532 1664 quam
552 1615 598 1651 ad
633 1615 793 1664 majores
818 1614 993 1663 subigant
1023 1628 1091 1664 per
1123 1614 1307 1651 obedien-

321 1675 407 1711 tiam
424 1675 686 1711 necessitatis¹.
706 1678 749 1711 In
762 1675 823 1710 illa
839 1675 938 1711 enim
951 1675 1030 1710 sola
1044 1675 1103 1710 vel
1122 1674 1309 1723 praecipit,

322 1734 378 1770 vel
403 1734 584 1779 consulit,
602 1741 639 1769 et
655 1733 785 1770 obedit
807 1734 967 1770 charitas
986 1748 993 1770 :
1009 1734 1067 1770 hic
1087 1742 1211 1769 autem
1233 1747 1310 1782 poe-

323 1806 406 1829 nam
426 1793 551 1838 timet,
572 1793 629 1828 vel
648 1793 812 1828 minatur
832 1793 1030 1842 imperiosa
1053 1793 1255 1828 auctoritas
1275 1800 1312 1828 et

1374 1154 1410 1181 et
1430 1144 1612 1181 similibus
1631 1145 1698 1181 sibi
1720 1158 1757 1181 se
1779 1146 1899 1195 ipsum
1925 1145 2194 1181 accommodat.
2216 1145 2282 1181 Ille
2298 1158 2359 1181 sae-

1374 1218 1420 1254 pe
1441 1213 1621 1253 operatur
1639 1205 1732 1241 sieut
1752 1204 1820 1240 sibi
1844 1205 2015 1249 relictus,
2037 1213 2075 1240 et
2097 1204 2188 1240 vitio
2205 1205 2364 1241 infectus

1374 1277 1419 1299 ex
1442 1264 1534 1299 vitio
1561 1264 1732 1309 rationis,
1754 1272 1790 1300 ct
1815 1264 1905 1299 vitio
1932 1271 2121 1312 corruptae
2141 1264 2363 1309 voluntatis,

1375 1331 1504 1358 texens
1537 1335 1733 1371 perversas
1755 1322 2023 1371 cogitationes,
2059 1321 2197 1370 quibus
2228 1331 2363 1358 semet-

1375 1381 1496 1428 ipsum
1527 1382 1591 1429 qui
1620 1382 1776 1429 cogitat,
1800 1389 1935 1430 sponte
1962 1389 2111 1430 separat
2130 1395 2150 1417 a
2171 1385 2249 1418 Deo
2275 1397 2282 1419 :
2305 1383 2364 1419 hic

1376 1447 1500 1474 autem
1521 1452 1670 1488 semper
1697 1440 1792 1476 sicut
1819 1441 2068 1483 illuminatus,
2101 1449 2138 1476 et
2159 1441 2287 1477 virtuti
2305 1442 2364 1477 af-

1378 1497 1496 1533 fectus
1511 1525 1520 1542 ,
1557 1506 1738 1546 operatur
1781 1498 1956 1547 pietatem
1971 1525 1980 1542 ,
2019 1511 2103 1547 quae
2138 1500 2364 1548 cogitantem

1376 1555 1576 1605 conjungit
1592 1560 1686 1593 Deo.

1434 1615 1491 1651 13.
1522 1618 1613 1662 Quae
1641 1629 1732 1652 vero
1754 1616 1920 1652 secundo
1945 1617 2029 1653 loco
2050 1626 2246 1666 ponuntur
2263 1620 2368 1669 cogi-

1377 1674 1534 1711 tationes
1554 1675 1633 1711 sinc
1652 1676 1867 1721 intellectu,
1896 1676 1987 1724 ipsae
2007 1685 2095 1712 sunt
2114 1690 2220 1714 vanae
2239 1678 2310 1714 iuae
2330 1687 2367 1715 et

1376 1732 1524 1778 otiosae,
1544 1742 1679 1769 neutro
1700 1733 1905 1769 intellectui
1926 1747 1994 1783 per
2019 1735 2216 1783 cogitantis
2238 1736 2363 1773 inten-

1377 1792 1516 1829 tionem
1532 1806 1570 1830 se
1590 1793 1821 1842 applicantes
1834 1820 1844 1837 ,
1865 1805 1941 1828 non
1956 1802 2111 1842 repente
2127 1795 2366 1843 perimentes,

322 1851 540 1887 meticulosa
558 1850 767 1886 necessitas.
788 1853 833 1886 Et
855 1850 894 1886 in
916 1851 978 1886 illa
998 1850 1192 1886 obedienti
1210 1863 1308 1899 saepe
1331 1850 1356 1886 C
1376 1852 1441 1888 sed
1470 1853 1607 1889 sensim
1638 1861 1674 1889 et
1707 1852 1887 1901 paulatim
1923 1862 2227 1902 corrumpentes,
2257 1868 2366 1891 occu-

321 1910 482 1946 debetur
503 1909 624 1958 major
642 1910 759 1957 gloria
772 1908 788 1931 ¹)
806 1925 813 1945 :
833 1910 870 1945 in
892 1910 959 1945 ista
978 1923 1069 1946 vero
1082 1909 1315 1946 inobedienti

322 1969 443 2017 major
454 1982 603 2018 semper
620 1970 828 2005 intentatur
848 1981 971 2017 poena.
994 1972 1091 2017 Ergo
1108 1969 1145 2005 in
1162 1969 1314 2005 homine

321 2042 469 2065 sursum
501 2042 567 2065 cor
589 2028 750 2064 habente
776 2036 932 2078 propter
952 2029 1139 2065 exteriora
1167 2042 1233 2065 sua
1256 2042 1314 2065 re—

322 2088 462 2137 genda,
487 2087 741 2133 moderanda,
763 2088 1050 2137 componenda,
1078 2089 1203 2137 palam
1229 2102 1314 2125 om-

323 2146 434 2183 nibus
450 2155 506 2183 est
520 2159 633 2195 quani
654 2147 860 2183 necessaria
874 2147 921 2182 sit
943 2147 1127 2183 voluntati
1143 2147 1313 2183 custodia

322 2219 408 2251 sua,
450 2206 611 2255 amplius
650 2214 775 2242 autem
821 2214 978 2255 propter
1014 2206 1194 2242 interiora
1235 2220 1310 2243 sua.

321 2265 460 2300 Animo
479 2265 578 2300 enim
596 2278 695 2314 saepe
709 2278 747 2301 se
761 2265 883 2314 ipsum
901 2266 960 2301 vel
979 2269 1099 2302 Deum
1115 2266 1312 2314 cogitanti,

322 2325 400 2373 ipsa
422 2324 595 2360 voluntas
617 2324 652 2360 in
674 2325 777 2360 omni
794 2325 1020 2373 cogitatione
1040 2326 1216 2374 princeps
1233 2334 1310 2370 est3

323 2391 359 2418 et
399 2383 608 2418 necessario
640 2383 866 2431 principium
907 2382 1112 2419 voluntatis
1143 2384 1314 2432 sequitur

324 2442 447 2478 omnis
468 2450 576 2478 tenor
593 2442 842 2490 cogitationis.

382 2501 438 2537 12.
478 2501 560 2537 Tria
591 2502 691 2537 enim
727 2511 814 2537 sunt
846 2514 929 2550 quae
964 2501 1227 2549 cogitationem
1261 2502 1314 2538 sa—

324 2561 449 2605 ciunt;
467 2561 664 2604 voluntas,
688 2561 868 2596 memoria
884 2589 893 2605 ,
921 2568 957 2595 et
984 2560 1210 2596 intellectus.
1240 2564 1314 2597 Vo-

325 2621 449 2656 luntas
476 2620 575 2667 cogit
602 2620 820 2655 memoriam
843 2627 883 2654 ut
904 2620 1071 2668 proferat
1095 2620 1310 2663 materiam,
1329 2617 1361 2650 D

325 2679 424 2726 cogit
458 2678 568 2715 etiam
598 2679 828 2714 intellectum
861 2678 907 2714 ad
938 2679 1175 2715 formandum
1211 2679 1314 2728 quod

327 2738 538 2786 profertur,
573 2736 755 2773 adhibens
789 2737 1018 2774 intellectum
1052 2739 1242 2774 memoriae
1274 2747 1315 2775 ut

328 2796 414 2832 inde
433 2797 638 2841 fornietur3
661 2796 865 2833 intellectui
881 2810 991 2842 vero,
1013 2797 1127 2833 aciem
1152 2797 1316 2846 cogitan-

330 2856 373 2891 tis
388 2885 396 2900 ‚
420 2864 459 2892 ut
481 2856 566 2892 inde
589 2855 786 2904 cogitetur.
805 2860 896 2903 Quae
912 2856 1000 2905 quia
1024 2856 1060 2892 in
1081 2869 1198 2891 unum
1217 2857 1317 2905 cogit

328 2915 526 2959 voluntas,
544 2923 580 2951 et
597 2915 691 2951 sacili
713 2914 876 2963 quodam
898 2923 991 2951 nutu
1012 2915 1186 2963 copulat,
1210 2928 1230 2951 a
1247 2928 1314 2951 co-

326 2974 449 3021 gendo
476 2974 652 3021 cogitatio
670 2986 808 3009 nomen
831 2974 1016 3022 accepisse
1038 2973 1198 3010 videtur.
1221 2974 1317 3010 Hinc

328 3035 420 3069 liunt
438 3035 683 3081 cogitationes
703 3047 834 3069 omncs
848 3062 858 3078 ,
878 3034 957 3069 aliae
980 3033 1090 3069 bonae
1105 3042 1141 3069 et
1156 3042 1312 3078 sanctae‚

326 3101 362 3128 et
378 3093 499 3142 dignm
525 3097 624 3129 Deo:
642 3094 722 3128 aliae
740 3094 844 3128 mala:
863 3102 898 3129 et
917 3107 1103 3143 perversae
1117 3123 1126 3139 ,
1145 3106 1229 3142 quae
1253 3107 1314 3129 se-

326 3160 457 3200 parant
477 3165 497 3187 a
520 3156 598 3188 Deo
619 3166 625 3186 :
653 3152 732 3187 aliae
761 3153 889 3187 otiosa¹
910 3161 943 3188 et
969 3166 1096 3198 vanae,
1125 3166 1145 3188 a
1174 3152 1312 3201 quibus

374 3283 380 3297 ¹
405 3280 564 3311 11‘‹·ir.1.
591 3281 652 3312 22,
671 3283 698 3307 et
719 3289 749 3314 v,
771 3283 787 3307 ’λ
803 3301 810 3312 .
834 3283 862 3308 13.
880 3297 920 3300 —
943 3284 952 3297 '¹
970 3282 1041 3319 Sap.
1061 3291 1083 3313 ι,
1105 3282 1135 3313 3,
1154 3283 1183 3309 ζ).

1381 1919 1511 1959 pantes
1533 1919 1680 1960 tempus
1693 1939 1702 1956 ,
1722 1912 1928 1947 necessaria
1948 1911 2213 1960 impedientes,
2236 1922 2273 1950 et
2287 1915 2367 1950 ani-

1380 1982 1482 2006 mum
1512 1970 1745 2007 inficientes:
1768 1983 1843 2006 non
1872 1978 1944 2006 tam
1969 1971 2234 2019 cogitationes,
2255 1986 2367 2022 quani

1380 2041 1426 2064 ex
1452 2029 1552 2065 veris
1571 2030 1628 2065 vel
1651 2029 1879 2078 imaginariis
1905 2029 2230 2067 recordationibus
2250 2032 2368 2068 simu-

1381 2088 1479 2124 lacra
1493 2088 1663 2137 quaedam
1681 2088 1973 2138 cogitationum,
2000 2101 2065 2125 seu
2082 2089 2172 2139 ipsae
2190 2090 2368 2127 recorda-

1381 2148 1500 2184 tiones
1519 2149 1618 2185 ultro
1638 2157 1675 2185 et
1695 2148 1953 2198 multiplieiter
1977 2147 2022 2184 de
2043 2149 2223 2185 memoria
2241 2158 2368 2186 scatu-

1380 2208 1529 2244 rientes.
1566 2212 1607 2244 In
1629 2208 1768 2257 quibus
1801 2208 1923 2257 passio
1952 2207 2123 2256 quaedam
2162 2209 2367 2245 voluntatis

1378 2266 1503 2314 potius
1523 2266 1673 2302 videtur
1692 2279 1771 2302 esse
1799 2279 1910 2314 quam
1932 2266 2028 2302 actio
2042 2294 2052 2311 ,
2083 2279 2167 2302 cum
2198 2267 2300 2303 nulla
2321 2267 2369 2303 sit

1378 2325 1416 2360 in
1448 2325 1500 2360 eis
1534 2325 1732 2373 cogitantis
1765 2325 1926 2360 intentio
1950 2340 1957 2360 :
1978 2337 2063 2360 cum
2099 2324 2202 2373 quod
2233 2333 2368 2374 sponte

1379 2383 1510 2419 ebullit
1531 2384 1577 2419 de
1596 2384 1794 2428 memoria,
1816 2384 2055 2420 formandum
2069 2397 2108 2420 se
2125 2384 2236 2420 offert
2257 2385 2367 2421 intel-

1380 2443 1491 2479 lectui
1506 2456 1582 2478 non
1604 2443 1770 2488 curanti,
1796 2451 1831 2478 et
1850 2442 2033 2491 quidquid
2053 2443 2195 2492 agitur,
2221 2443 2369 2481 videtur

1381 2503 1506 2551 potius
1526 2503 1583 2551 agi
1602 2503 1638 2538 in
1660 2503 1806 2538 somnio
1836 2502 2076 2547 dormientis,
2105 2515 2217 2551 quam
2239 2503 2275 2539 in
2293 2504 2369 2540 acie

1381 2561 1588 2609 cogitantis.
1607 2560 1680 2597 Ubi
1705 2561 1849 2597 tametsi
1879 2574 1899 2597 a
1921 2574 1959 2597 se
1983 2562 2165 2610 repellere
2188 2562 2368 2611 Spiritum

1379 2629 1547 2656 sanctum
1567 2633 1641 2656 non
1667 2629 1721 2657 est
1753 2621 1790 2656 in
1818 2629 1908 2657 voto
1929 2621 2148 2670 cogitantis,
2175 2622 2216 2657 fit
2245 2630 2367 2658 tamen

1381 2693 1425 2715 ex
1445 2680 1554 2729 culpa
1575 2680 1794 2729 negligentis
1807 2709 1816 2725 ,
1832 2688 1873 2716 ut
1896 2680 2048 2729 spiritus
2064 2680 2270 2730 disciplinae
2289 2694 2370 2717 me—

1381 2738 1454 2774 rito
1480 2739 1623 2774 auferat
1651 2752 1689 2774 sc
1709 2753 1728 2775 a
1749 2739 2039 2788 cogitationibus
2070 2739 2366 2789 indisciplinatis.

1382 2802 1473 2845 Quze
1494 2799 1666 2846 quamvis
1697 2800 1786 2834 liant
1817 2811 1885 2848 per
1915 2799 1990 2835 vim
2015 2799 2215 2848 quamdam
2241 2800 2370 2836 occul—

1385 2865 1456 2892 tam
1487 2857 1663 2902 rationis,
1689 2870 1765 2893 non
1797 2866 1918 2894 tamen
1951 2858 2046 2894 liunt
2069 2871 2113 2894 ex
2143 2859 2308 2904 ratione,
2330 2868 2370 2895 ut

1383 2916 1610 2952 attraliatur‘
1627 2918 1661 2952 in
1681 2930 1742 2952 eas
1765 2917 1998 2962 intellectus,
2018 2931 2102 2954 cum
2125 2918 2249 2954 nullus
2266 2918 2313 2954 sit
2333 2919 2369 2954 in

1382 2976 1434 3011 eis
1446 2976 1686 3023 intelligentis
1700 2989 1882 3012 assensus.
1902 2975 1975 3012 Ubi
1989 2989 2078 3012 vero
2089 2977 2186 3012 serio
2198 2977 2243 3012 de
2260 2976 2370 3012 rebus

1381 3034 1486 3070 seriis
1506 3034 1602 3071 benc
1631 3036 1835 3083 cogitatur,
1863 3036 2038 3071 voluntas
2069 3035 2188 3072 libero
2216 3035 2370 3073 arbitrio

1382 3093 1427 3130 de
1449 3095 1626 3130 memoria
1656 3103 1786 3130 evocat
1813 3094 2081 3143 quodcumque
2111 3108 2208 3144 opus
2237 3095 2367 3140 habet,

1381 3162 1417 3189 et
1447 3154 1676 3190 intellectum
1708 3155 1931 3190 formantem
1967 3155 2157 3190 memoriae
2191 3154 2371 3200 adhibet,

370 3338 380 3350 ⁸
403 3336 480 3365 &han
495 3359 503 3375 ‚
522 3334 814 3379 (1l1l1'711(1!i0nex.-
835 3330 848 3351 l*
873 3337 968 3373 Xlias,
988 3338 1203 3376 11c‹>c.ui1a.=.·‚
1220 3359 1259 3362 ς
1277 3347 1288 3358 ·’
1309 3341 1393 3371 Aluan
1409 3365 1414 3377 ,
1432 3348 1459 3369 rt
1483 3341 1626 3370 trahitur.
1649 3344 1670 3377 ᾗ
