2504 3928
341 249 430 285 1111

334 333 567 363 sanctorum,
591 318 734 366 abjecta
761 315 1088 366 philosophorum.
1111 317 1233 353 Sancti
1251 330 1317 352 au-

1093 242 1254 277 Sicano
1285 242 1329 276 IN
1363 241 1613 282 anx‘m'rt',

1329 316 1378 332 15:3ss

2274 236 2369 275 1112

1447 316 1502 350 15.
1544 313 1723 350 tfltimum
1759 326 1847 348 (mus
1878 320 1931 349 est
1958 318 2207 360 jumentorum
2242 319 2369 350 (uiuri.

336 394 406 420 tem
439 394 515 429 quo
547 378 666 425 magis
696 376 922 425 proliciunt,
962 389 1007 411 eo
1042 376 1174 424 majori
1206 389 1321 411 onere
1340 376 1367 407 Α
1393 379 1542 417 Auster,
1561 373 1623 421 qui
1643 381 1776 408 ventus
1793 380 1848 408 est
1868 372 2028 417 calidus,
2050 373 2168 421 signat
2193 374 2370 422 Spiritum

338 439 509 478 vanitatis
528 437 730 484 fatigantur
751 448 757 469 z
778 443 812 469 et
829 435 880 469 sic
897 434 942 469 ad
957 434 1087 470 altiora
1107 448 1144 470 se
1160 435 1322 483 erigunt,

337 509 376 537 ut
403 496 632 547 quandoque
653 493 758 529 inviti
779 493 890 528 etiam
911 493 956 528 ad
980 493 1154 529 inferiora
1175 493 1322 530 traban-

337 569 408 596 tur.
427 557 465 594 Si
481 555 580 591 enim
598 554 715 588 virtus
734 553 881 601 prolicit
896 580 905 596 ,
926 561 1095 588 servatur
1111 552 1320 588 humilitas:

336 620 365 655 si
387 623 540 657 (inerat,
570 611 714 647 vanitas
737 618 803 646 est.
830 610 960 652 Scitis,
993 611 1145 655 fratres,
1174 611 1321 659 qualem

335 687 485 714 neeesse
502 680 557 708 est
575 679 615 706 nt
631 670 809 705 sustineat
827 682 990 718 pugnam
1008 683 1113 705 mens
1128 670 1323 719 prolicien—

336 737 404 779 tis;
435 746 481 769 ne
506 733 611 767 favor
633 729 801 764 humanae
825 728 943 765 laudis
963 728 1161 779 subrepat,
1189 742 1234 765 ne
1252 729 1325 765 dis—

335 795 455 831 solvat
481 789 669 833 adulatio,
697 801 743 823 ne
771 801 836 823 eor
861 787 1002 824 ambitu
1024 788 1256 824 intumescat.
1277 793 1324 825 At

337 853 411 897 illi,
438 850 502 899 qui
527 850 627 896 quod
655 856 778 882 uotum
806 856 858 882 est
881 849 973 892 Dei,
994 857 1118 882 notum
1145 858 1197 882 est
1223 850 1325 890 illis,-

338 911 402 962 qui
421 907 618 945 invisibilia
635 908 717 950 Dei,
736 920 806 954 pei·
823 920 866 941 cu
886 904 1092 954 quoesaeta
1112 915 1210 950 suut,
1234 919 1324 942 eon—

336 969 500 1019 spieiunt
520 982 528 1003 :
558 974 782 1001 evanuerunt
804 969 841 1000 iu
866 964 1147 1013 cogitationibus
1168 970 1264 1009 suis,
1293 975 1326 1001 et

334 1028 562 1063 obscuratum
590 1033 643 1059 est
664 1028 844 1071 insipieus
862 1037 924 1058 eor
938 1037 1084 1066 eorum5
1107 1032 1144 1059 et
1161 1037 1180 1059 a
1198 1032 1325 1060 monte

1389 441 1578 474 sanetum,
1603 432 1697 467 sieut
1725 430 1839 466 habes
1865 431 1902 466 in
1933 431 2085 466 Cantico
2115 432 2369 468 canticorum:

1389 496 1520 539 &ngat
1544 494 1686 539 aquilo,
1718 500 1752 525 et
1777 494 1882 533 veni,
1913 500 2060 534 auster‚·
2080 492 2201 539 perfla
2230 493 2372 527 lem-ium

1390 565 1506 586 mrum
1523 548 1547 585 3.
1574 550 1674 586 Felix
1693 549 1835 593 anima,
1859 562 1942 598 quae
1962 548 2073 597 hujus
2096 550 2211 586 austri
2225 549 2374 598 jumen-

1390 618 1466 644 tum
1486 617 1564 643 est:
1584 621 1667 656 quse
1684 608 1788 643 freno
1807 607 2076 644 moderationis
2093 607 2203 656 hujus
2221 608 2374 658 regitur;

1390 682 1472 717 qua„¹
1494 669 1527 703 in
1548 667 1724 703 omnibus
1752 666 1833 714 ejus
1853 666 2024 702 subditur
2050 668 2246 703 voluntati.
2272 668 2373 704 Felix

1390 728 1500 777 plane
1520 728 1663 771 anima,
1683 727 1742 762 cui
1765 726 1923 775 Spiritus
1947 735 2095 762 sanctus
2120 727 2315 775 praesidet,
2339 736 2375 763 et

1390 787 1515 822 omnia
1543 799 1657 834 opera
1674 785 1754 834 ejus
1771 785 1915 833 dirigit,
1939 785 2183 833 cogitationes
2199 785 2280 833 ejus
2300 785 2375 822 dis-

1391 846 1517 894 ponit,
1544 853 1667 880 motus
1687 844 1856 889 ordinat,
1879 856 2076 893 moresque
2093 845 2297 894 componit.
2323 849 2376 882 De

1392 904 1526 940 talibus
1548 904 1727 952 scriptum
1753 911 1807 939 est
1836 917 1842 937 :

1391 966 1544 1010 Spiritus
1557 991 1566 1006 ‚
1593 965 1680 997 illuc
1693 961 1981 1008 gradiebantur,
2000 975 2078 996 cum
2095 962 2327 998 ambularent
2343 964 2371 999 ⁴.

1875 902 2094 950 ls'bicumque
2114 913 2195 939 erat
2218 909 2376 952 impetus

1392 1026 1445 1058 De
1465 1021 1600 1070 quibus
1617 1021 1800 1070 propheta
1818 1035 1825 1056 z
1849 1023 1955 1055 Viam
1966 1019 2093 1066 fi·‹.·i.s'ti
2109 1026 2147 1055 in
2163 1026 2259 1056 mari
2277 1026 2378 1069 equis

334 1083 662 1134 contemplationis
691 1082 905 1118 ceciderunt
938 1083 973 1118 in
1005 1083 1138 1118 vallem
1173 1082 1323 1118 erroris.
1347 1078 1371 1111 Β
1392 1085 1462 1115 tuis
1484 1079 1511 1116 5.
1534 1079 1655 1128 Hujus
1669 1079 1882 1128 jumentum
1903 1078 2018 1115 austri
2039 1079 2175 1116 Paulus
2191 1088 2291 1125 erat,
2312 1081 2376 1129 qui

337 1146 425 1183 Ideo
449 1151 674 1180 mutaverunt
695 1145 855 1189 gloriam
879 1141 1161 1189 incorruptibilis
1178 1144 1260 1186 Dei,
1286 1146 1323 1176 iu

337 1205 613 1240 similitudinem
635 1203 809 1249 imaginis
832 1200 1076 1249 corruptibilis
1095 1201 1268 1244 hominis,
1293 1208 1327 1235 et

336 1266 539 1305 volucrum,
558 1270 592 1296 et
607 1262 903 1308 quadrupedium,
925 1269 959 1294 et
977 1264 1213 1307 serpentium.
1238 1262 1281 1294 Et
1297 1259 1326 1294 si

336 1323 429 1359 seire
453 1320 617 1357 volueris
645 1332 722 1367 qno
742 1319 800 1354 isti
821 1319 921 1366 digni
953 1326 1041 1355 sunt
1068 1331 1208 1363 onere,
1240 1318 1327 1354 audi

336 1381 438 1429 quod
458 1379 628 1427 sequitur
651 1391 658 1412 :
682 1380 840 1424 Propter
853 1378 957 1424 quod
974 1378 1128 1412 tradidit
1149 1390 1210 1412 eos
1230 1379 1328 1412 Deus

335 1444 374 1475 ite
399 1439 580 1474 desideria
601 1438 719 1471 cordis
748 1449 870 1470 eorum
895 1444 930 1470 et
947 1440 984 1470 in
1000 1439 1193 1483 passiones
1216 1440 1326 1484 igno-

336 1501 486 1539 miuioe,
517 1504 552 1531 et
577 1497 732 1530 tradidit
752 1508 812 1529 eos
842 1497 940 1530 Deus
967 1498 1004 1529 iu
1033 1493 1226 1541 reprobum
1246 1507 1327 1529 sen-

334 1570 414 1591 sum
440 1562 462 1590 ¹.
492 1553 561 1590 Sed
589 1561 627 1589 et
657 1553 708 1588 illi
736 1553 798 1601 qui
826 1552 1019 1588 scientiam
1050 1552 1328 1601 Scripturarum

335 1615 392 1650 vel
418 1613 626 1649 doctrinam
655 1612 842 1648 coelestem
863 1611 1072 1648 intentione
1101 1624 1177 1647 non
1201 1620 1300 1647 recta
1317 1640 1326 1657 ,

334 1681 425 1723 puta
459 1672 504 1708 ad
536 1671 664 1707 laudes
697 1671 918 1716 hominum,
954 1672 1012 1707 vel
1044 1671 1089 1706 ad
1123 1672 1329 1720 temporale

336 1735 480 1770 lucrum
497 1739 738 1780 retorquent,
756 1731 802 1767 ad
817 1732 952 1767 vallem
968 1730 1124 1767 visionis
1140 1732 1329 1780 pertinere

337 1800 567 1836 noscuntur,
598 1799 640 1827 ut
668 1791 822 1827 scientia
847 1791 1028 1826 visionem
1044 1818 1053 1834 ,
1078 1791 1185 1826 vallis
1205 1790 1330 1826 inten-

1391 1139 1539 1177 dicebat
1561 1153 1567 1174 τ
1593 1141 1675 1174 Nou
1692 1140 1861 1186 spiritum
1878 1139 1987 1183 husus
2004 1141 2134 1173 mundi
2150 1143 2376 1186 accepimus,

1390 1201 1456 1234 sed
1473 1202 1645 1246 ⁴S'piritum
1666 1202 1730 1245 qui
1748 1211 1796 1232 ex
1814 1200 1890 1232 Deo
1911 1206 1965 1232 est
1980 1211 1991 1239 ;
2016 1206 2055 1232 ut
2071 1202 2232 1232 sciamus
2250 1211 2337 1245 qua?
2354 1212 2378 1233 a

1393 1261 1468 1293 Deo
1497 1261 1635 1293 domitu
1661 1266 1744 1292 sunt
1775 1257 1878 1292 nabis
1903 1255 1931 1291 ⁶.
1966 1260 2011 1292 lit
2038 1256 2162 1292 videte
2187 1257 2380 1305 quomodo

1389 1317 1605 1365 jumentum
1635 1317 1750 1352 austri
1779 1315 1920 1364 ubique
1948 1316 2087 1365 regitur
2116 1316 2221 1352 freno
2250 1317 2380 1365 praesi-

1393 1376 1527 1412 dentis.
1549 1376 1774 1413 Prohibetur
1799 1389 1818 1412 a
1839 1376 1998 1424 Spiritu,
2026 1389 2072 1412 ne
2098 1376 2136 1411 in
2167 1376 2252 1413 Asia
2282 1389 2381 1425 prae-

1394 1435 1522 1471 dicet?
1553 1449 1560 1470 :
1590 1443 1766 1470 monetur
1803 1448 1823 1470 a
1861 1435 2022 1483 Spiritu,
2056 1443 2097 1470 ut
2123 1435 2381 1477 Macedoniam

1393 1493 1519 1529 visitet
1535 1492 1548 1515 ⁸
1567 1508 1575 1529 :
1598 1493 1774 1530 incitatur
1798 1506 1819 1529 a
1844 1493 2008 1542 Spiritu,
2035 1501 2075 1528 ut
2093 1493 2384 1531 Atheniensibus

1395 1552 1625 1601 evangelizet
1652 1559 1667 1582 9
1698 1567 1705 1588 :
1740 1552 1910 1601 alligatus
1937 1552 2078 1600 Spiritu
2108 1553 2384 1602 ierosolymam

1395 1619 1574 1661 properat
1591 1618 1632 1647 ¹¹¹.
1651 1610 1762 1647 Vides
1778 1609 1972 1659 quomodo
1989 1609 2155 1647 insidens
2176 1611 2209 1646 ei
2225 1612 2385 1661 Spiritus

1397 1679 1546 1708 sanctus
1564 1671 1668 1719 quasi
1680 1669 1855 1719 jumento
1873 1683 1942 1706 suo
1958 1697 1967 1715 ‚
1990 1682 2092 1706 nunc.
2109 1670 2258 1719 stringit
2274 1671 2386 1708 habe-

1397 1743 1486 1776 nas,
1515 1743 1562 1766 ne
1587 1738 1646 1766 eat
1671 1742 1749 1778 quo
1777 1729 1880 1774 vult;
1909 1742 2007 1765 nunc
2030 1737 2138 1778 urget
2160 1730 2384 1774 calcaribus,

1397 1798 1438 1825 ut
1462 1797 1521 1825 eat
1540 1802 1616 1838 quo
1634 1788 1793 1837 Spiritus
1812 1788 1902 1823 vult.
1921 1787 2019 1835 Quid
2037 1796 2233 1836 putamus,
2254 1789 2385 1825 fratres

336 1852 476 1888 tionem
494 1850 688 1899 significet.
707 1853 810 1897 Quos
826 1862 957 1885 omnes
972 1850 1081 1898 quale
1098 1862 1219 1898 poen-‘e
1236 1862 1334 1899 pon·
1354 1851 1381 1887 C
1400 1849 1495 1884 mei?
1512 1848 1651 1883 nihilne
1676 1847 1801 1883 oneris
1823 1855 1973 1896 portant
1995 1845 2210 1894 hujusmodi
2228 1847 2385 1896 jumen-

334 1911 404 1947 dus
425 1917 639 1958 exspectet,
662 1909 905 1958 propheticus
921 1922 1044 1945 sermo
1066 1909 1242 1946 declarat.

392 1970 449 2005 14.
481 1969 660 2017 Sequenti
686 1969 770 2004 loco
792 1969 946 2017 ponitur
979 1970 1063 2015 'JJyri
1092 1983 1201 2011 onus,
1227 1969 1332 2018 quod

336 2041 475 2065 nomen
501 2027 682 2076 Angustia
707 2027 977 2076 interpretatur
1002 2042 1009 2063 :
1031 2027 1137 2076 eujus
1159 2040 1255 2064 onus
1277 2037 1332 2064 est

337 2089 375 2124 in
396 2086 644 2124 amaritudine
663 2087 914 2135 poenitentiae,
932 2086 969 2121 in
988 2086 1117 2122 labore
1136 2087 1331 2123 eontinen-

339 2149 420 2193 tiae,
451 2148 488 2183 in
520 2147 707 2196 corporali
736 2146 970 2195 aegritudine.
1001 2146 1099 2194 Quid
1120 2147 1247 2183 enim?
1268 2147 1329 2183 ni-

338 2208 439 2243 hilne
459 2207 585 2242 oneris
605 2214 660 2241 est
680 2206 716 2241 in
738 2205 806 2241 hae
827 2205 1013 2254 corporali
1036 2205 1328 2249 exercitatione,

339 2267 395 2303 vel
417 2265 624 2314 disciplinae
645 2264 826 2313 regularis
851 2264 1146 2300 observatione?
1172 2264 1272 2311 Quid
1295 2264 1331 2300 in

339 2325 468 2361 labore
485 2323 754 2359 eontinentiae?
771 2322 869 2370 Quid
887 2322 1114 2358 laboriosius
1126 2350 1135 2366 ,
1154 2323 1244 2370 quid
1261 2322 1333 2357 dif-

342 2384 501 2420 ficilius?
520 2382 610 2431 quid
637 2381 898 2430 periculiosius
916 2382 1113 2416 servatur?
1136 2380 1225 2428 quid
1245 2380 1336 2415 saci-

343 2444 414 2478 lius
445 2441 650 2477 amittitur?
673 2443 716 2475 Et
738 2447 793 2474 est
815 2439 884 2474 alia
911 2439 1081 2487 qua’dam
1113 2438 1236 2473 cordis
1265 2451 1334 2474 an-

341 2501 461 2549 gustia
477 2529 485 2545 ,
512 2512 623 2548 quam
649 2498 735 2533 savit
755 2511 861 2533 amor
882 2498 937 2532 sui
960 2512 967 2533 :
991 2497 1051 2533 eui
1075 2497 1261 2532 contraria
1280 2505 1335 2532 est

341 2559 466 2595 cordis
483 2557 655 2602 latitudo,
675 2570 785 2605 quam
803 2557 887 2592 facit
900 2569 1006 2592 amor
1023 2556 1088 2592 Dei
1108 2564 1144 2591 et
1161 2556 1334 2604 proximi.

1399 1909 1460 1944 ta?
1475 1907 1546 1944 Sed
1559 1906 1730 1956 jumenta
1746 1906 1862 1941 austri
1882 1914 1990 1950 sunt,
2014 1905 2101 1941 ideo
2120 1915 2326 1943 onerantur
2338 1907 2386 1943 ab

1398 1974 1538 2003 austro.
1561 1966 1669 2012 Quali
1693 1978 1830 2010 onere,
1850 1964 1997 2013 inquis?
2015 1964 2113 2000 Audi
2130 1966 2352 2014 Apostolum
2376 1981 2384 2002 ε

1401 2026 1570 2060 Charitas
1593 2028 1662 2077 Qei
1687 2022 1828 2071 diffusa
1852 2033 1904 2058 est
1930 2028 1967 2058 in
1994 2023 2159 2059 cordibus
2175 2029 2306 2060 uostris
2318 2039 2391 2073 per

1397 2085 1574 2131 Spiritum
1599 2091 1767 2118 sanctum
1792 2087 1856 2130 qui
1875 2084 1980 2117 datus
2003 2091 2056 2117 est
2076 2081 2232 2118 nobis¹¹.
2255 2085 2298 2118 In
2319 2082 2389 2119 hac

1396 2142 1521 2191 itaque
1539 2142 1717 2178 charitate
1738 2141 1847 2190 quale
1868 2154 1964 2177 onus
1987 2141 2162 2177 sustinuit
2187 2143 2388 2191 Apostolus

1396 2202 1476 2251 ipse
1492 2201 1601 2237 dicat.
1629 2203 1719 2246 Quis
1733 2202 1952 2247 infirmatur,
1970 2209 2004 2235 et
2018 2213 2083 2248 ego
2107 2213 2179 2236 non
2198 2202 2390 2250 infirmor?

1398 2264 1481 2307 quis
1493 2261 1779 2302 scandalizatur,
1797 2267 1832 2294 et
1848 2272 1912 2307 ego
1925 2272 1995 2293 non
2014 2272 2101 2294 uror
2114 2261 2166 2295 ¹²?
2183 2261 2225 2295 Et
2236 2260 2387 2304 iterum,

1406 2321 1571 2353 Tristitia
1591 2319 1684 2353 milii
1703 2331 1840 2365 magna
1861 2327 1913 2353 est
1933 2326 1966 2352 et
1981 2322 2172 2353 concinnus
2189 2317 2304 2362 tabor,
2317 2333 2388 2367 pro

1390 2376 1574 2423 sionibus
1604 2381 1693 2411 meis
1721 2377 1918 2410 secuudum
1947 2374 2151 2410 carnem¹³.
2182 2376 2249 2413 Ille
2277 2377 2391 2425 igitur

1400 2436 1463 2483 qui
1484 2435 1697 2483 jumentum
1721 2442 1777 2471 est
1805 2435 1940 2479 austri,
1967 2442 2147 2470 oneratur
2173 2435 2294 2471 aliena
2329 2436 2390 2472 in-

1403 2495 1597 2539 firmitate,
1621 2502 1801 2529 oneratur
1821 2494 1941 2529 aliena
1968 2494 2164 2541 iniquitate
2179 2523 2188 2539 ,
2211 2503 2392 2531 oneratur

1403 2553 1522 2589 aliena
1543 2553 1759 2588 necessitate
1779 2561 1815 2588 et
1835 2553 2093 2601 perversitate.
2114 2556 2219 2590 Onus
2235 2562 2289 2589 est
2305 2568 2390 2591 esu-

342 2624 460 2656 Amor
481 2625 604 2652 autem
627 2617 681 2652 sui
703 2628 747 2651 ex
771 2616 924 2664 propria
940 2616 1135 2651 voluntate
1151 2614 1332 2663 procedit.
1354 2623 1386 2655 D
1405 2614 1475 2648 ries
1497 2613 1694 2661 pauperis,
1720 2613 1916 2661 oppressio
1938 2612 2080 2660 inopis,
2102 2612 2249 2649 miseria
2269 2626 2391 2662 aegro—

344 2677 416 2724 Qui
433 2677 543 2725 igitur
558 2683 655 2711 amat
673 2674 864 2723 propriam
884 2675 1115 2709 voluntatem
1132 2702 1140 2719 ‚
1160 2673 1267 2709 oneri
1284 2674 1337 2709 illi

345 2745 400 2773 est
420 2736 591 2771 voluntas
609 2734 728 2770 aliena
747 2748 754 2769 :
775 2741 810 2769 et
833 2733 921 2768 ideo
944 2746 1028 2780 quae
1049 2745 1113 2768 sua
1131 2740 1218 2768 sunt
1234 2745 1337 2780 quae-

347 2796 414 2839 rit,
437 2808 511 2830 non
538 2806 621 2842 quae
648 2792 820 2828 aliorum.
846 2792 902 2828 Ad
931 2792 1057 2827 omnia
1077 2804 1160 2840 quae
1178 2790 1246 2827 sibi
1268 2804 1337 2826 vo-

345 2856 467 2890 luntas
491 2853 640 2902 propria
663 2851 844 2900 suggerit,
869 2859 1068 2899 promptus
1094 2864 1101 2885 :
1122 2843 1167 2885 ad
1188 2863 1229 2885 ea
1251 2863 1334 2898 qum

345 2913 412 2949 sibi
448 2912 718 2960 injunguntur,
750 2910 854 2958 piger
877 2917 914 2944 et
943 2909 1082 2945 tardus.
1115 2912 1169 2945 De
1201 2908 1335 2944 talibus

345 2971 434 3007 divit
456 2971 657 3019 Apostolus
680 2982 686 3003 :

347 3039 398 3065 tes
414 3035 440 3064 ².
461 3030 532 3075 Qui
550 3029 718 3077 profecto
736 3027 885 3075 pondus
900 3039 1035 3074 poenae,
1053 3026 1155 3074 quod
1172 3027 1207 3061 in
1224 3038 1338 3061 onere

347 3088 435 3136 Tyri
454 3087 652 3132 scribitur,
676 3100 751 3122 non
775 3085 948 3121 evadent.

711 2971 827 3003 Erunt
850 2970 1011 3002 homines
1034 2981 1073 3003 SC
1091 2972 1186 3015 ῘΙἈῪΙΧ
1203 2980 1337 3001 annm-

397 3229 402 3241 '
424 3225 513 3252 Rom.
533 3232 562 3253 ι,
591 3223 696 3249 ΙὶΙ-Ἡζ.
718 3239 737 3241 --

351 3280 398 3304 17.⁴
430 3294 433 3295 ν
477 3280 488 3302 7
517 3276 727 3307 Λι·Ι.3»ιι,ι“ι.
804 3271 1065 3306 ⁸1‹l.xx‚t‚53.

350 3331 402 3356 ΤΗΙ,
491 3322 516 3344 ¹3
539 3328 625 3354 llum.
649 3336 699 3355 ix,
725 3328 762 3356 ¹),
785 3328 812 3352 lt.

778 3224 788 3239 ²
807 3219 924 3249 ιιἩιιι.
943 3229 1001 3253 ιιι,
1027 3223 1056 3247 ’)..
1073 3235 1113 3241 κ
1134 3216 1145 3239 ³
1164 3218 1281 3248 (munic.
1300 3230 1343 3255 n,
1367 3222 1415 3247 m.
1449 3235 1478 3238 β
1502 3216 1513 3241 4
1532 3215 1640 3245 tvm-h.
1658 3225 1687 3246 ι.
1712 3218 1759 3244 152.
1779 3233 1801 3235 ψ

1152 3278 1165 3299 9
1181 3270 1222 3299 ld.
1243 3281 1331 3305 xxii,
1359 3274 1408 3300 tu.
1428 3289 1431 3291 >
1452 3288 1460 3290 Δ

1405 2671 1532 2714 tantis,
1565 2671 1721 2706 tentatio
1752 2671 2002 2719 proficientis,
2034 2683 2144 2706 eausa
2171 2671 2389 2710 deficientis.

1404 2733 1634 2767 Oneraverat
1660 2738 1697 2765 et
1718 2742 1802 2765 eum
1825 2729 1944 2778 plebis
1966 2729 2179 2775 tribulatio,
2197 2731 2391 2780 orphano-

1404 2802 1485 2825 rum
1504 2789 1686 2824 desolatio
1701 2816 1710 2833 ,
1734 2787 1932 2825 viduarum
1952 2788 2132 2836 gemitus,
2154 2789 2307 2826 afflictio
2327 2804 2392 2827 ca·-

1403 2848 1606 2896 ptivornm.
1633 2850 1766 2883 Nonne
1782 2846 2018 2883 beatissimus
2040 2848 2177 2884 Paulus
2197 2849 2301 2897 quasi
2321 2850 2393 2886 hoc

1402 2919 1517 2942 onere
1534 2919 1704 2954 pressus,
1726 2919 1745 2941 a
1763 2906 1915 2942 secretis
1935 2906 2115 2942 coelorum
2138 2906 2330 2944 descendit
2345 2908 2392 2945 ad

1403 2965 1527 3002 cubile
1554 2966 1821 3001 intirmorum?
1851 2965 1921 3001 Sed
1951 2974 1988 3001 et
2017 2979 2108 3011 vos,
2144 2967 2295 3013 fratres,
2327 2969 2392 3017 qui

1407 3025 1550 3073 fugistis
1568 3024 1614 3060 ab
1634 3025 1809 3072 aquilone
1826 3025 1871 3060 de
1890 3024 2014 3060 medio
2031 3024 2246 3073 Babylonis,
2266 3034 2302 3062 et
2313 3026 2391 3075 jam

1407 3083 1579 3119 habitatis
1613 3083 1649 3118 in
1679 3091 1775 3119 terra
1804 3083 1940 3127 austri,
1974 3085 2078 3117 Alter
2103 3085 2255 3118 alterius
2280 3098 2393 3120 onera

1835 3213 1847 3235 5
1869 3214 2059 3247 11ει1).ἰ(’.ιιι,
2083 3218 2132 3244 Ιζ).
2152 3233 2193 3236 Ἠ
2209 3213 2223 3234 6
2247 3217 2339 3246 icor.
2355 3227 2389 3249 Ιι,

1492 3275 1518 3287 ···
1537 3267 1580 3297 ld.
1599 3279 1660 3301 xx,
1683 3270 1734 3296 ¹42.
1753 3284 1792 3288 -
1819 3272 1842 3285 ¹¹
1867 3269 1956 3296 ltoni.
1978 3279 2006 3298 v.
2029 3271 2057 3295 J».
2082 3284 2117 3288 -<
2145 3272 2172 3286 '³
2197 3270 2222 3296 11
2250 3269 2318 3297 (lor.
2345 3279 2390 3305 xi,
