<?xml version="1.0" encoding="UTF-8"?>
<!DOCTYPE html PUBLIC "-//W3C//DTD XHTML 1.0 Transitional//EN"
    "http://www.w3.org/TR/xhtml1/DTD/xhtml1-transitional.dtd">
<html xmlns="http://www.w3.org/1999/xhtml" xml:lang="en" lang="en">
 <head>
  <title>
</title>
<meta http-equiv="Content-Type" content="text/html;charset=utf-8" />
  <meta name='ocr-system' content='tesseract 3.04.00' />
  <meta name='ocr-capabilities' content='ocr_page ocr_carea ocr_par ocr_line ocrx_word'/>
</head>
<body>
  <div class='ocr_page' id='page_1' title='image "./operaomniapostho05bern_0244.png"; bbox 0 0 2504 3928; ppageno 0'>
   <div class='ocr_carea' id='block_1_1' title="bbox 323 260 397 282">
    <p class='ocr_par' dir='ltr' id='par_1_1' title="bbox 323 260 397 282">
     <span class='ocr_line' id='line_1_1' title="bbox 323 260 397 282; baseline -0.027 0"><span class='ocrx_word' id='word_1_1' title='bbox 323 260 397 282; x_wconf 63' lang='lat'>41.)</span> 
     </span>
    </p>
   </div>
   <div class='ocr_carea' id='block_1_2' title="bbox 332 245 1649 281">
    <p class='ocr_par' dir='ltr' id='par_1_2' title="bbox 332 245 1649 281">
     <span class='ocr_line' id='line_1_2' title="bbox 332 245 1649 281; baseline -0.001 -2"><span class='ocrx_word' id='word_1_2' title='bbox 332 248 393 257; x_wconf 78' lang='grc'>’““’</span> <span class='ocrx_word' id='word_1_3' title='bbox 1046 246 1278 281; x_wconf 71' lang='lat' dir='ltr'>GUtGONJS</span> <span class='ocrx_word' id='word_1_4' title='bbox 1306 245 1649 280; x_wconf 52' lang='lat' dir='ltr'>CAR‘rtJSIEthtS</span> 
     </span>
    </p>
   </div>
   <div class='ocr_carea' id='block_1_3' title="bbox 2292 242 2366 277">
    <p class='ocr_par' dir='ltr' id='par_1_3' title="bbox 2292 242 2366 277">
     <span class='ocr_line' id='line_1_3' title="bbox 2292 242 2366 277; baseline -0.014 0"><span class='ocrx_word' id='word_1_5' title='bbox 2292 242 2366 277; x_wconf 68' lang='lat'>4713</span> 
     </span>
    </p>
   </div>
   <div class='ocr_carea' id='block_1_4' title="bbox 319 316 2367 370">
    <p class='ocr_par' dir='ltr' id='par_1_4' title="bbox 319 316 2367 370">
     <span class='ocr_line' id='line_1_4' title="bbox 319 316 2367 370; baseline -0.003 -10"><span class='ocrx_word' id='word_1_6' title='bbox 319 338 423 366; x_wconf 83' lang='lat' dir='ltr'>nius,</span> <span class='ocrx_word' id='word_1_7' title='bbox 455 333 491 359; x_wconf 86' lang='lat' dir='ltr'>et</span> <span class='ocrx_word' id='word_1_8' title='bbox 521 323 689 359; x_wconf 78' lang='lat' dir='ltr'>videntes</span> <span class='ocrx_word' id='word_1_9' title='bbox 718 322 752 357; x_wconf 90' lang='lat' dir='ltr'>in</span> <span class='ocrx_word' id='word_1_10' title='bbox 790 321 941 370; x_wconf 78' lang='lat' dir='ltr'>speculo</span> <span class='ocrx_word' id='word_1_11' title='bbox 973 329 1009 356; x_wconf 89' lang='lat' dir='ltr'>et</span> <span class='ocrx_word' id='word_1_12' title='bbox 1039 321 1076 356; x_wconf 90' lang='lat' dir='ltr'>in</span> <span class='ocrx_word' id='word_1_13' title='bbox 1113 320 1461 370; x_wconf 76' lang='lat' dir='ltr'>aeiiigiiiat‹·&#39;³⁰tiatn</span> <span class='ocrx_word' id='word_1_14' title='bbox 1483 319 1622 361; x_wconf 83' lang='lat' dir='ltr'>carnis,</span> <span class='ocrx_word' id='word_1_15' title='bbox 1644 317 1723 353; x_wconf 82' lang='lat' dir='ltr'>sive</span> <span class='ocrx_word' id='word_1_16' title='bbox 1743 317 1962 358; x_wconf 87' lang='lat' dir='ltr'>oculorum,</span> <span class='ocrx_word' id='word_1_17' title='bbox 1985 316 2063 353; x_wconf 84' lang='lat' dir='ltr'>sive</span> <span class='ocrx_word' id='word_1_18' title='bbox 2083 317 2266 367; x_wconf 79' lang='lat' dir='ltr'>superbiae</span> <span class='ocrx_word' id='word_1_19' title='bbox 2295 319 2367 354; x_wconf 85' lang='lat' dir='ltr'>hu-</span> 
     </span>
    </p>
   </div>
   <div class='ocr_carea' id='block_1_5' title="bbox 318 383 1312 1080">
    <p class='ocr_par' dir='ltr' id='par_1_5' title="bbox 318 383 1312 665">
     <span class='ocr_line' id='line_1_5' title="bbox 318 383 827 430; baseline -0.01 -11"><span class='ocrx_word' id='word_1_20' title='bbox 318 383 506 419; x_wconf 80' lang='lat' dir='ltr'>eredimus</span> <span class='ocrx_word' id='word_1_21' title='bbox 530 392 566 418; x_wconf 85' lang='lat' dir='ltr'>et</span> <span class='ocrx_word' id='word_1_22' title='bbox 598 394 789 430; x_wconf 79' lang='lat' dir='ltr'>speramus</span> <span class='ocrx_word' id='word_1_23' title='bbox 821 394 827 414; x_wconf 89' lang='lat'>:</span> 
     </span>
     <span class='ocr_line' id='line_1_6' title="bbox 320 438 1311 478; baseline -0.004 0"><span class='ocrx_word' id='word_1_24' title='bbox 320 451 358 478; x_wconf 87' lang='lat' dir='ltr'>ut</span> <span class='ocrx_word' id='word_1_25' title='bbox 383 456 467 477; x_wconf 81' lang='lat' dir='ltr'>eum</span> <span class='ocrx_word' id='word_1_26' title='bbox 492 441 684 476; x_wconf 76' lang='lat' dir='ltr'>videamus</span> <span class='ocrx_word' id='word_1_27' title='bbox 713 440 746 474; x_wconf 88' lang='lat' dir='ltr'>in</span> <span class='ocrx_word' id='word_1_28' title='bbox 776 439 1085 475; x_wconf 65' lang='lat' dir='ltr'>manifestatione.</span> <span class='ocrx_word' id='word_1_29' title='bbox 1116 438 1311 475; x_wconf 72' lang='lat' dir='ltr'>Abstinere</span> 
     </span>
     <span class='ocr_line' id='line_1_7' title="bbox 321 498 1310 547; baseline -0.002 -12"><span class='ocrx_word' id='word_1_30' title='bbox 321 515 411 536; x_wconf 72' lang='lat' dir='ltr'>vero</span> <span class='ocrx_word' id='word_1_31' title='bbox 427 514 445 535; x_wconf 92' lang='lat' dir='ltr'>a</span> <span class='ocrx_word' id='word_1_32' title='bbox 465 501 590 541; x_wconf 85' lang='lat' dir='ltr'>malis,</span> <span class='ocrx_word' id='word_1_33' title='bbox 609 500 759 535; x_wconf 78' lang='lat' dir='ltr'>scientia</span> <span class='ocrx_word' id='word_1_34' title='bbox 790 499 1050 547; x_wconf 78' lang='lat' dir='ltr'>temporalium</span> <span class='ocrx_word' id='word_1_35' title='bbox 1075 506 1149 540; x_wconf 75' lang='lat' dir='ltr'>est,</span> <span class='ocrx_word' id='word_1_36' title='bbox 1175 498 1210 532; x_wconf 89' lang='lat' dir='ltr'>iu</span> <span class='ocrx_word' id='word_1_37' title='bbox 1231 499 1310 545; x_wconf 87' lang='lat' dir='ltr'>qui-</span> 
     </span>
     <span class='ocr_line' id='line_1_8' title="bbox 322 556 1312 606; baseline -0.004 -11"><span class='ocrx_word' id='word_1_38' title='bbox 322 559 390 595; x_wconf 73' lang='lat' dir='ltr'>bus</span> <span class='ocrx_word' id='word_1_39' title='bbox 418 572 485 594; x_wconf 85' lang='lat' dir='ltr'>uos</span> <span class='ocrx_word' id='word_1_40' title='bbox 509 571 637 594; x_wconf 86' lang='lat' dir='ltr'>sumus</span> <span class='ocrx_word' id='word_1_41' title='bbox 662 573 668 593; x_wconf 91' lang='lat'><strong>:</strong></span> <span class='ocrx_word' id='word_1_42' title='bbox 694 558 730 593; x_wconf 85' lang='lat' dir='ltr'>iu</span> <span class='ocrx_word' id='word_1_43' title='bbox 755 557 892 606; x_wconf 86' lang='lat' dir='ltr'>quibus</span> <span class='ocrx_word' id='word_1_44' title='bbox 921 558 955 593; x_wconf 84' lang='lat' dir='ltr'>in</span> <span class='ocrx_word' id='word_1_45' title='bbox 985 565 1124 592; x_wconf 83' lang='lat' dir='ltr'>tautum</span> <span class='ocrx_word' id='word_1_46' title='bbox 1154 556 1312 591; x_wconf 80' lang='lat' dir='ltr'>abstine-</span> 
     </span>
     <span class='ocr_line' id='line_1_9' title="bbox 322 616 1310 665; baseline -0.004 -11"><span class='ocrx_word' id='word_1_47' title='bbox 322 631 403 654; x_wconf 87' lang='lat' dir='ltr'>mus</span> <span class='ocrx_word' id='word_1_48' title='bbox 434 632 452 652; x_wconf 86' lang='lat' dir='ltr'>a</span> <span class='ocrx_word' id='word_1_49' title='bbox 482 618 606 657; x_wconf 76' lang='lat' dir='ltr'>malis,</span> <span class='ocrx_word' id='word_1_50' title='bbox 638 618 673 652; x_wconf 89' lang='lat' dir='ltr'>iu</span> <span class='ocrx_word' id='word_1_51' title='bbox 698 625 879 665; x_wconf 84' lang='lat' dir='ltr'>quantum</span> <span class='ocrx_word' id='word_1_52' title='bbox 907 616 951 652; x_wconf 88' lang='lat' dir='ltr'>ad</span> <span class='ocrx_word' id='word_1_53' title='bbox 982 616 1077 651; x_wconf 83' lang='lat' dir='ltr'>bona</span> <span class='ocrx_word' id='word_1_54' title='bbox 1106 616 1310 651; x_wconf 77' lang='lat' dir='ltr'>studemus.</span> 
     </span>
    </p>

    <p class='ocr_par' dir='ltr' id='par_1_6' title="bbox 319 675 1312 1080">
     <span class='ocr_line' id='line_1_10' title="bbox 376 675 1309 714; baseline -0.003 -2"><span class='ocrx_word' id='word_1_55' title='bbox 376 678 437 712; x_wconf 77' lang='lat'>21.</span> <span class='ocrx_word' id='word_1_56' title='bbox 464 677 518 714; x_wconf 75' lang='lat' dir='ltr'>Ad</span> <span class='ocrx_word' id='word_1_57' title='bbox 540 677 634 712; x_wconf 82' lang='lat' dir='ltr'>lianc</span> <span class='ocrx_word' id='word_1_58' title='bbox 656 677 845 712; x_wconf 82' lang='lat' dir='ltr'>seientiam</span> <span class='ocrx_word' id='word_1_59' title='bbox 869 685 905 711; x_wconf 88' lang='lat' dir='ltr'>et</span> <span class='ocrx_word' id='word_1_60' title='bbox 925 675 969 711; x_wconf 87' lang='lat' dir='ltr'>ad</span> <span class='ocrx_word' id='word_1_61' title='bbox 999 675 1092 710; x_wconf 78' lang='lat' dir='ltr'>lianc</span> <span class='ocrx_word' id='word_1_62' title='bbox 1121 675 1309 710; x_wconf 82' lang='lat' dir='ltr'>abstineu—</span> 
     </span>
     <span class='ocr_line' id='line_1_11' title="bbox 321 734 1310 785; baseline -0.004 -13"><span class='ocrx_word' id='word_1_63' title='bbox 321 737 407 772; x_wconf 89' lang='lat' dir='ltr'>tiam</span> <span class='ocrx_word' id='word_1_64' title='bbox 437 745 606 785; x_wconf 87' lang='lat' dir='ltr'>spectare</span> <span class='ocrx_word' id='word_1_65' title='bbox 628 735 875 771; x_wconf 73' lang='lat' dir='ltr'>inveniuntur</span> <span class='ocrx_word' id='word_1_66' title='bbox 894 735 1016 783; x_wconf 88' lang='lat' dir='ltr'>primo</span> <span class='ocrx_word' id='word_1_67' title='bbox 1039 734 1206 769; x_wconf 78' lang='lat' dir='ltr'>«nimium</span> <span class='ocrx_word' id='word_1_68' title='bbox 1240 735 1310 768; x_wconf 72' lang='lat' dir='ltr'>vir—</span> 
     </span>
     <span class='ocr_line' id='line_1_12' title="bbox 322 793 1311 838; baseline -0.002 -8"><span class='ocrx_word' id='word_1_69' title='bbox 322 803 441 830; x_wconf 87' lang='lat' dir='ltr'>tutum</span> <span class='ocrx_word' id='word_1_70' title='bbox 462 794 657 837; x_wconf 61' lang='lat' dir='ltr'>exercitia3</span> <span class='ocrx_word' id='word_1_71' title='bbox 681 794 841 838; x_wconf 87' lang='lat' dir='ltr'>deinde,</span> <span class='ocrx_word' id='word_1_72' title='bbox 864 794 1032 829; x_wconf 88' lang='lat' dir='ltr'>omnium</span> <span class='ocrx_word' id='word_1_73' title='bbox 1062 793 1197 829; x_wconf 90' lang='lat' dir='ltr'>artium</span> <span class='ocrx_word' id='word_1_74' title='bbox 1228 793 1311 828; x_wconf 60' lang='lat' dir='ltr'>vitae</span> 
     </span>
     <span class='ocr_line' id='line_1_13' title="bbox 321 853 1310 902; baseline -0.002 -13"><span class='ocrx_word' id='word_1_75' title='bbox 321 853 434 902; x_wconf 75' lang='lat' dir='ltr'>liujus</span> <span class='ocrx_word' id='word_1_76' title='bbox 466 854 503 889; x_wconf 94' lang='lat' dir='ltr'>in</span> <span class='ocrx_word' id='word_1_77' title='bbox 537 866 609 902; x_wconf 88' lang='lat' dir='ltr'>qua</span> <span class='ocrx_word' id='word_1_78' title='bbox 640 866 858 897; x_wconf 76' lang='lat' dir='ltr'>versamur,</span> <span class='ocrx_word' id='word_1_79' title='bbox 893 853 1101 901; x_wconf 80' lang='lat' dir='ltr'>disciplina.</span> <span class='ocrx_word' id='word_1_80' title='bbox 1142 855 1310 899; x_wconf 86' lang='lat' dir='ltr'>Quorum</span> 
     </span>
     <span class='ocr_line' id='line_1_14' title="bbox 320 911 1312 960; baseline -0.001 -12"><span class='ocrx_word' id='word_1_81' title='bbox 320 914 502 957; x_wconf 85' lang='lat' dir='ltr'>alterum,</span> <span class='ocrx_word' id='word_1_82' title='bbox 534 913 571 948; x_wconf 90' lang='lat' dir='ltr'>id</span> <span class='ocrx_word' id='word_1_83' title='bbox 600 921 655 948; x_wconf 87' lang='lat' dir='ltr'>est</span> <span class='ocrx_word' id='word_1_84' title='bbox 682 913 847 948; x_wconf 88' lang='lat' dir='ltr'>studium</span> <span class='ocrx_word' id='word_1_85' title='bbox 878 912 1084 956; x_wconf 88' lang='lat' dir='ltr'>virtutum,</span> <span class='ocrx_word' id='word_1_86' title='bbox 1127 911 1312 960; x_wconf 78' lang='lat' dir='ltr'>respicere</span> 
     </span>
     <span class='ocr_line' id='line_1_15' title="bbox 320 971 1312 1021; baseline -0.002 -14"><span class='ocrx_word' id='word_1_87' title='bbox 320 973 444 1021; x_wconf 89' lang='lat' dir='ltr'>potius</span> <span class='ocrx_word' id='word_1_88' title='bbox 475 972 625 1008; x_wconf 85' lang='lat' dir='ltr'>videtur</span> <span class='ocrx_word' id='word_1_89' title='bbox 657 971 703 1007; x_wconf 91' lang='lat' dir='ltr'>ad</span> <span class='ocrx_word' id='word_1_90' title='bbox 732 972 944 1020; x_wconf 78' lang='lat' dir='ltr'>superiora,</span> <span class='ocrx_word' id='word_1_91' title='bbox 975 971 1080 1020; x_wconf 87' lang='lat' dir='ltr'>quasi</span> <span class='ocrx_word' id='word_1_92' title='bbox 1108 971 1312 1019; x_wconf 87' lang='lat' dir='ltr'>superioris</span> 
     </span>
     <span class='ocr_line' id='line_1_16' title="bbox 319 1029 1312 1080; baseline -0.003 -13"><span class='ocrx_word' id='word_1_93' title='bbox 319 1031 509 1080; x_wconf 84' lang='lat' dir='ltr'>sapientiae</span> <span class='ocrx_word' id='word_1_94' title='bbox 543 1030 776 1080; x_wconf 51' lang='lat' dir='ltr'>praeferentia</span> <span class='ocrx_word' id='word_1_95' title='bbox 805 1031 1003 1074; x_wconf 88' lang='lat' dir='ltr'>virtutem,</span> <span class='ocrx_word' id='word_1_96' title='bbox 1036 1038 1073 1066; x_wconf 91' lang='lat' dir='ltr'>et</span> <span class='ocrx_word' id='word_1_97' title='bbox 1106 1029 1312 1066; x_wconf 82' lang='lat' dir='ltr'>redolentia</span> 
     </span>
    </p>
   </div>
   <div class='ocr_carea' id='block_1_6' title="bbox 857 379 1547 428">
    <p class='ocr_par' dir='ltr' id='par_1_7' title="bbox 857 379 1547 428">
     <span class='ocr_line' id='line_1_17' title="bbox 857 379 1547 428; baseline -0.003 -13"><span class='ocrx_word' id='word_1_98' title='bbox 857 388 893 415; x_wconf 89' lang='lat' dir='ltr'>et</span> <span class='ocrx_word' id='word_1_99' title='bbox 925 381 960 415; x_wconf 86' lang='lat' dir='ltr'>iu</span> <span class='ocrx_word' id='word_1_100' title='bbox 991 380 1061 415; x_wconf 77' lang='lat' dir='ltr'>lior</span> <span class='ocrx_word' id='word_1_101' title='bbox 1091 381 1308 428; x_wconf 85' lang='lat' dir='ltr'>prolicimus</span> <span class='ocrx_word' id='word_1_102' title='bbox 1331 379 1434 428; x_wconf 78' lang='lat' dir='ltr'>Ajus</span> <span class='ocrx_word' id='word_1_103' title='bbox 1452 379 1547 415; x_wconf 67' lang='lat' dir='ltr'>vitm.</span> 
     </span>
    </p>
   </div>
   <div class='ocr_carea' id='block_1_7' title="bbox 1377 438 2378 1081">
    <p class='ocr_par' dir='ltr' id='par_1_8' title="bbox 1377 438 2378 1081">
     <span class='ocr_line' id='line_1_18' title="bbox 1429 438 2367 486; baseline -0.001 -11"><span class='ocrx_word' id='word_1_104' title='bbox 1429 439 1490 476; x_wconf 74' lang='lat'>22.</span> <span class='ocrx_word' id='word_1_105' title='bbox 1529 442 1620 474; x_wconf 79' lang='lat' dir='ltr'>Cum</span> <span class='ocrx_word' id='word_1_106' title='bbox 1650 451 1738 486; x_wconf 65' lang='lat' dir='ltr'>ergo</span> <span class='ocrx_word' id='word_1_107' title='bbox 1770 438 1862 475; x_wconf 87' lang='lat' dir='ltr'>ratio</span> <span class='ocrx_word' id='word_1_108' title='bbox 1895 438 2085 486; x_wconf 82' lang='lat' dir='ltr'>sapientiae</span> <span class='ocrx_word' id='word_1_109' title='bbox 2117 439 2367 482; x_wconf 79' lang='lat' dir='ltr'>conformata,</span> 
     </span>
     <span class='ocr_line' id='line_1_19' title="bbox 1379 497 2369 542; baseline -0.001 -7"><span class='ocrx_word' id='word_1_110' title='bbox 1379 500 1508 535; x_wconf 76' lang='lat' dir='ltr'>format</span> <span class='ocrx_word' id='word_1_111' title='bbox 1535 499 1603 535; x_wconf 78' lang='lat' dir='ltr'>sibi</span> <span class='ocrx_word' id='word_1_112' title='bbox 1634 498 1894 534; x_wconf 69' lang='lat' dir='ltr'>conscientiam</span> <span class='ocrx_word' id='word_1_113' title='bbox 1910 526 1918 541; x_wconf 92' lang='lat'>,</span> <span class='ocrx_word' id='word_1_114' title='bbox 1941 505 1976 533; x_wconf 89' lang='lat' dir='ltr'>ct</span> <span class='ocrx_word' id='word_1_115' title='bbox 1997 497 2145 534; x_wconf 88' lang='lat' dir='ltr'>ordinat</span> <span class='ocrx_word' id='word_1_116' title='bbox 2161 498 2298 542; x_wconf 83' lang='lat' dir='ltr'>vitam3</span> <span class='ocrx_word' id='word_1_117' title='bbox 2332 499 2369 535; x_wconf 91' lang='lat' dir='ltr'>in</span> 
     </span>
     <span class='ocr_line' id='line_1_20' title="bbox 1379 556 2372 606; baseline 0 -12"><span class='ocrx_word' id='word_1_118' title='bbox 1379 558 1616 594; x_wconf 71' lang='lat' dir='ltr'>iuli-rioribus</span> <span class='ocrx_word' id='word_1_119' title='bbox 1637 557 1801 594; x_wconf 68' lang='lat' dir='ltr'>scientim</span> <span class='ocrx_word' id='word_1_120' title='bbox 1818 565 1918 606; x_wconf 88' lang='lat' dir='ltr'>aptat</span> <span class='ocrx_word' id='word_1_121' title='bbox 1939 556 2008 593; x_wconf 90' lang='lat' dir='ltr'>sibi</span> <span class='ocrx_word' id='word_1_122' title='bbox 2033 558 2248 593; x_wconf 83' lang='lat' dir='ltr'>servitutem</span> <span class='ocrx_word' id='word_1_123' title='bbox 2267 556 2303 601; x_wconf 60' lang='grc' dir='ltr'>ι’,</span> <span class='ocrx_word' id='word_1_124' title='bbox 2335 567 2372 594; x_wconf 88' lang='lat' dir='ltr'>et</span> 
     </span>
     <span class='ocr_line' id='line_1_21' title="bbox 1378 617 2373 662; baseline 0.001 -8"><span class='ocrx_word' id='word_1_125' title='bbox 1378 619 1636 655; x_wconf 70' lang='lat' dir='ltr'>sufficientiam</span> <span class='ocrx_word' id='word_1_126' title='bbox 1678 626 1846 662; x_wconf 71' lang='lat' dir='ltr'>natm-m,</span> <span class='ocrx_word' id='word_1_127' title='bbox 1881 617 1916 652; x_wconf 91' lang='lat' dir='ltr'>in</span> <span class='ocrx_word' id='word_1_128' title='bbox 1956 617 2304 655; x_wconf 77' lang='lat' dir='ltr'>ratiocinationibus</span> <span class='ocrx_word' id='word_1_129' title='bbox 2336 627 2373 655; x_wconf 85' lang='lat' dir='ltr'>et</span> 
     </span>
     <span class='ocr_line' id='line_1_22' title="bbox 1378 676 2373 721; baseline -0.001 -7"><span class='ocrx_word' id='word_1_130' title='bbox 1378 678 1661 714; x_wconf 83' lang='lat' dir='ltr'>rationabilibus</span> <span class='ocrx_word' id='word_1_131' title='bbox 1681 676 1850 712; x_wconf 82' lang='lat' dir='ltr'>ordinem</span> <span class='ocrx_word' id='word_1_132' title='bbox 1870 676 1988 721; x_wconf 70' lang='lat' dir='ltr'>vitree,</span> <span class='ocrx_word' id='word_1_133' title='bbox 2011 676 2048 712; x_wconf 96' lang='lat' dir='ltr'>in</span> <span class='ocrx_word' id='word_1_134' title='bbox 2075 676 2231 713; x_wconf 87' lang='lat' dir='ltr'>obtentu</span> <span class='ocrx_word' id='word_1_135' title='bbox 2254 677 2373 714; x_wconf 86' lang='lat' dir='ltr'>virtu-</span> 
     </span>
     <span class='ocr_line' id='line_1_23' title="bbox 1378 734 2374 783; baseline 0 -11"><span class='ocrx_word' id='word_1_136' title='bbox 1378 745 1454 772; x_wconf 89' lang='lat' dir='ltr'>tum</span> <span class='ocrx_word' id='word_1_137' title='bbox 1475 737 1628 771; x_wconf 73' lang='lat' dir='ltr'>formam</span> <span class='ocrx_word' id='word_1_138' title='bbox 1650 735 1900 771; x_wconf 69' lang='lat' dir='ltr'>conscientia».</span> <span class='ocrx_word' id='word_1_139' title='bbox 1924 735 2057 783; x_wconf 88' lang='lat' dir='ltr'>Sicque</span> <span class='ocrx_word' id='word_1_140' title='bbox 2070 734 2117 771; x_wconf 90' lang='lat' dir='ltr'>ab</span> <span class='ocrx_word' id='word_1_141' title='bbox 2134 735 2374 772; x_wconf 80' lang='lat' dir='ltr'>inferioribus</span> 
     </span>
     <span class='ocr_line' id='line_1_24' title="bbox 1378 792 2374 844; baseline 0.001 -14"><span class='ocrx_word' id='word_1_142' title='bbox 1378 804 1570 844; x_wconf 87' lang='lat' dir='ltr'>promota,</span> <span class='ocrx_word' id='word_1_143' title='bbox 1596 808 1615 830; x_wconf 89' lang='lat' dir='ltr'>a</span> <span class='ocrx_word' id='word_1_144' title='bbox 1636 792 1895 843; x_wconf 88' lang='lat' dir='ltr'>superioribus</span> <span class='ocrx_word' id='word_1_145' title='bbox 1926 793 2076 841; x_wconf 81' lang='lat' dir='ltr'>adjuta3</span> <span class='ocrx_word' id='word_1_146' title='bbox 2100 807 2259 843; x_wconf 81' lang='lat' dir='ltr'>pergens</span> <span class='ocrx_word' id='word_1_147' title='bbox 2279 794 2315 831; x_wconf 89' lang='lat' dir='ltr'>in</span> <span class='ocrx_word' id='word_1_148' title='bbox 2337 794 2374 831; x_wconf 90' lang='lat' dir='ltr'>id</span> 
     </span>
     <span class='ocr_line' id='line_1_25' title="bbox 1379 852 2376 902; baseline 0.001 -13"><span class='ocrx_word' id='word_1_149' title='bbox 1379 853 1479 902; x_wconf 87' lang='lat' dir='ltr'>quod</span> <span class='ocrx_word' id='word_1_150' title='bbox 1515 862 1655 889; x_wconf 86' lang='lat' dir='ltr'>rectum</span> <span class='ocrx_word' id='word_1_151' title='bbox 1685 861 1758 898; x_wconf 86' lang='lat' dir='ltr'>est,</span> <span class='ocrx_word' id='word_1_152' title='bbox 1791 861 1828 889; x_wconf 87' lang='lat' dir='ltr'>et</span> <span class='ocrx_word' id='word_1_153' title='bbox 1857 852 2002 901; x_wconf 85' lang='lat' dir='ltr'>judicio</span> <span class='ocrx_word' id='word_1_154' title='bbox 2040 853 2214 898; x_wconf 88' lang='lat' dir='ltr'>rationis,</span> <span class='ocrx_word' id='word_1_155' title='bbox 2247 862 2284 890; x_wconf 90' lang='lat' dir='ltr'>et</span> <span class='ocrx_word' id='word_1_156' title='bbox 2317 866 2376 890; x_wconf 89' lang='lat' dir='ltr'>as-</span> 
     </span>
     <span class='ocr_line' id='line_1_26' title="bbox 1377 912 2377 962; baseline -0.001 -12"><span class='ocrx_word' id='word_1_157' title='bbox 1377 927 1487 950; x_wconf 85' lang='lat' dir='ltr'>sensu</span> <span class='ocrx_word' id='word_1_158' title='bbox 1520 913 1745 957; x_wconf 77' lang='lat' dir='ltr'>voluntatis,</span> <span class='ocrx_word' id='word_1_159' title='bbox 1775 921 1810 948; x_wconf 90' lang='lat' dir='ltr'>et</span> <span class='ocrx_word' id='word_1_160' title='bbox 1839 912 1974 948; x_wconf 87' lang='lat' dir='ltr'>mentis</span> <span class='ocrx_word' id='word_1_161' title='bbox 2001 912 2162 957; x_wconf 79' lang='lat' dir='ltr'>affectu,</span> <span class='ocrx_word' id='word_1_162' title='bbox 2191 921 2227 949; x_wconf 90' lang='lat' dir='ltr'>et</span> <span class='ocrx_word' id='word_1_163' title='bbox 2251 914 2377 962; x_wconf 87' lang='lat' dir='ltr'>operis</span> 
     </span>
     <span class='ocr_line' id='line_1_27' title="bbox 1377 972 2378 1023; baseline 0 -14"><span class='ocrx_word' id='word_1_164' title='bbox 1377 973 1511 1009; x_wconf 76' lang='lat' dir='ltr'>effectu</span> <span class='ocrx_word' id='word_1_165' title='bbox 1539 985 1736 1022; x_wconf 84' lang='lat' dir='ltr'>erumpere</span> <span class='ocrx_word' id='word_1_166' title='bbox 1758 972 1905 1009; x_wconf 81' lang='lat' dir='ltr'>festinat</span> <span class='ocrx_word' id='word_1_167' title='bbox 1937 972 1974 1008; x_wconf 92' lang='lat' dir='ltr'>in</span> <span class='ocrx_word' id='word_1_168' title='bbox 1997 972 2206 1009; x_wconf 87' lang='lat' dir='ltr'>libertatem</span> <span class='ocrx_word' id='word_1_169' title='bbox 2225 973 2378 1023; x_wconf 90' lang='lat' dir='ltr'>spiritus</span> 
     </span>
     <span class='ocr_line' id='line_1_28' title="bbox 1378 1031 2376 1081; baseline 0 -12"><span class='ocrx_word' id='word_1_170' title='bbox 1378 1041 1414 1069; x_wconf 92' lang='lat' dir='ltr'>et</span> <span class='ocrx_word' id='word_1_171' title='bbox 1444 1033 1624 1069; x_wconf 89' lang='lat' dir='ltr'>unitatem</span> <span class='ocrx_word' id='word_1_172' title='bbox 1650 1040 1740 1076; x_wconf 89' lang='lat' dir='ltr'>:ut‚</span> <span class='ocrx_word' id='word_1_173' title='bbox 1773 1032 1867 1068; x_wconf 90' lang='lat' dir='ltr'>sicut</span> <span class='ocrx_word' id='word_1_174' title='bbox 1891 1031 1968 1080; x_wconf 89' lang='lat' dir='ltr'>jam</span> <span class='ocrx_word' id='word_1_175' title='bbox 2000 1045 2098 1081; x_wconf 81' lang='lat' dir='ltr'>saepe</span> <span class='ocrx_word' id='word_1_176' title='bbox 2127 1032 2266 1069; x_wconf 88' lang='lat' dir='ltr'>dictum</span> <span class='ocrx_word' id='word_1_177' title='bbox 2297 1041 2376 1077; x_wconf 89' lang='lat' dir='ltr'>est,</span> 
     </span>
    </p>
   </div>
   <div class='ocr_carea' id='block_1_8' title="bbox 320 1089 2378 1141">
    <p class='ocr_par' dir='ltr' id='par_1_9' title="bbox 320 1089 2378 1141">
     <span class='ocr_line' id='line_1_29' title="bbox 320 1089 2378 1141; baseline -0 -15"><span class='ocrx_word' id='word_1_178' title='bbox 320 1091 555 1126; x_wconf 80' lang='lat' dir='ltr'>suavitatem.</span> <span class='ocrx_word' id='word_1_179' title='bbox 587 1091 753 1127; x_wconf 82' lang='lat' dir='ltr'>Alterum</span> <span class='ocrx_word' id='word_1_180' title='bbox 781 1089 883 1139; x_wconf 89' lang='lat' dir='ltr'>quod</span> <span class='ocrx_word' id='word_1_181' title='bbox 912 1090 1007 1126; x_wconf 83' lang='lat' dir='ltr'>circa</span> <span class='ocrx_word' id='word_1_182' title='bbox 1037 1089 1248 1138; x_wconf 89' lang='lat' dir='ltr'>corporalia</span> <span class='ocrx_word' id='word_1_183' title='bbox 1277 1089 1316 1124; x_wconf 86' lang='lat' dir='ltr'>lit</span> <span class='ocrx_word' id='word_1_184' title='bbox 1333 1094 1361 1128; x_wconf 88' lang='grc' dir='ltr'>Β</span> <span class='ocrx_word' id='word_1_185' title='bbox 1383 1092 1502 1129; x_wconf 74' lang='lat' dir='ltr'>tidelis</span> <span class='ocrx_word' id='word_1_186' title='bbox 1532 1093 1644 1128; x_wconf 83' lang='lat' dir='ltr'>homo</span> <span class='ocrx_word' id='word_1_187' title='bbox 1663 1104 1761 1128; x_wconf 86' lang='lat' dir='ltr'>unus</span> <span class='ocrx_word' id='word_1_188' title='bbox 1788 1091 1942 1141; x_wconf 87' lang='lat' dir='ltr'>spiritus</span> <span class='ocrx_word' id='word_1_189' title='bbox 1963 1091 2147 1127; x_wconf 82' lang='lat' dir='ltr'>efficiatur</span> <span class='ocrx_word' id='word_1_190' title='bbox 2171 1105 2256 1128; x_wconf 91' lang='lat' dir='ltr'>cum</span> <span class='ocrx_word' id='word_1_191' title='bbox 2285 1095 2378 1129; x_wconf 88' lang='lat' dir='ltr'>Deo.</span> 
     </span>
    </p>
   </div>
   <div class='ocr_carea' id='block_1_9' title="bbox 319 1147 1326 1845">
    <p class='ocr_par' dir='ltr' id='par_1_10' title="bbox 319 1147 1326 1845">
     <span class='ocr_line' id='line_1_30' title="bbox 319 1147 1315 1198; baseline -0.003 -13"><span class='ocrx_word' id='word_1_192' title='bbox 319 1150 494 1185; x_wconf 80' lang='lat' dir='ltr'>exercitia</span> <span class='ocrx_word' id='word_1_193' title='bbox 513 1177 522 1192; x_wconf 88' lang='lat'>‚</span> <span class='ocrx_word' id='word_1_194' title='bbox 553 1149 622 1185; x_wconf 88' lang='lat' dir='ltr'>nisi</span> <span class='ocrx_word' id='word_1_195' title='bbox 655 1149 738 1185; x_wconf 87' lang='lat' dir='ltr'>lidei</span> <span class='ocrx_word' id='word_1_196' title='bbox 769 1149 949 1198; x_wconf 80' lang='lat' dir='ltr'>religione</span> <span class='ocrx_word' id='word_1_197' title='bbox 977 1149 1166 1198; x_wconf 82' lang='lat' dir='ltr'>religetur,</span> <span class='ocrx_word' id='word_1_198' title='bbox 1186 1147 1315 1183; x_wconf 86' lang='lat' dir='ltr'>‹lelluit</span> 
     </span>
     <span class='ocr_line' id='line_1_31' title="bbox 320 1207 1316 1257; baseline -0.003 -13"><span class='ocrx_word' id='word_1_199' title='bbox 320 1209 358 1244; x_wconf 91' lang='lat' dir='ltr'>in</span> <span class='ocrx_word' id='word_1_200' title='bbox 377 1209 595 1245; x_wconf 83' lang='lat' dir='ltr'>inferiorum</span> <span class='ocrx_word' id='word_1_201' title='bbox 613 1209 830 1244; x_wconf 84' lang='lat' dir='ltr'>vanitatem.</span> <span class='ocrx_word' id='word_1_202' title='bbox 857 1213 896 1245; x_wconf 88' lang='lat' dir='ltr'>lu</span> <span class='ocrx_word' id='word_1_203' title='bbox 921 1207 1079 1257; x_wconf 87' lang='lat' dir='ltr'>quibus,</span> <span class='ocrx_word' id='word_1_204' title='bbox 1093 1221 1177 1244; x_wconf 89' lang='lat' dir='ltr'>cum</span> <span class='ocrx_word' id='word_1_205' title='bbox 1195 1208 1316 1242; x_wconf 77' lang='lat' dir='ltr'>scieu-</span> 
     </span>
     <span class='ocr_line' id='line_1_32' title="bbox 321 1266 1316 1315; baseline -0.002 -12"><span class='ocrx_word' id='word_1_206' title='bbox 321 1268 369 1303; x_wconf 90' lang='lat' dir='ltr'>tia</span> <span class='ocrx_word' id='word_1_207' title='bbox 392 1268 438 1302; x_wconf 88' lang='lat' dir='ltr'>sit</span> <span class='ocrx_word' id='word_1_208' title='bbox 459 1280 538 1311; x_wconf 89' lang='lat' dir='ltr'>res,</span> <span class='ocrx_word' id='word_1_209' title='bbox 557 1268 636 1303; x_wconf 81' lang='lat' dir='ltr'>sive</span> <span class='ocrx_word' id='word_1_210' title='bbox 658 1268 821 1311; x_wconf 88' lang='lat' dir='ltr'>ratione,</span> <span class='ocrx_word' id='word_1_211' title='bbox 845 1267 922 1302; x_wconf 85' lang='lat' dir='ltr'>sive</span> <span class='ocrx_word' id='word_1_212' title='bbox 949 1266 1120 1303; x_wconf 86' lang='lat' dir='ltr'>sensibus</span> <span class='ocrx_word' id='word_1_213' title='bbox 1149 1266 1316 1315; x_wconf 82' lang='lat' dir='ltr'>corporis</span> 
     </span>
     <span class='ocr_line' id='line_1_33' title="bbox 321 1324 1317 1375; baseline -0.001 -14"><span class='ocrx_word' id='word_1_214' title='bbox 321 1326 590 1375; x_wconf 80' lang='lat' dir='ltr'>comprehensa</span> <span class='ocrx_word' id='word_1_215' title='bbox 615 1354 624 1370; x_wconf 95' lang='lat'>,</span> <span class='ocrx_word' id='word_1_216' title='bbox 660 1335 696 1361; x_wconf 87' lang='lat' dir='ltr'>et</span> <span class='ocrx_word' id='word_1_217' title='bbox 740 1326 929 1361; x_wconf 70' lang='lat' dir='ltr'>memoria»</span> <span class='ocrx_word' id='word_1_218' title='bbox 963 1324 1222 1361; x_wconf 86' lang='lat' dir='ltr'>commendata</span> <span class='ocrx_word' id='word_1_219' title='bbox 1242 1340 1250 1367; x_wconf 83' lang='lat'>3</span> <span class='ocrx_word' id='word_1_220' title='bbox 1288 1325 1317 1360; x_wconf 91' lang='lat' dir='ltr'>si</span> 
     </span>
     <span class='ocr_line' id='line_1_34' title="bbox 322 1384 1321 1434; baseline -0.002 -13"><span class='ocrx_word' id='word_1_221' title='bbox 322 1384 419 1421; x_wconf 86' lang='lat' dir='ltr'>bene</span> <span class='ocrx_word' id='word_1_222' title='bbox 443 1399 499 1421; x_wconf 85' lang='lat' dir='ltr'>res</span> <span class='ocrx_word' id='word_1_223' title='bbox 521 1385 788 1434; x_wconf 72' lang='lat' dir='ltr'>perpenditur,</span> <span class='ocrx_word' id='word_1_224' title='bbox 812 1385 847 1420; x_wconf 91' lang='lat' dir='ltr'>id</span> <span class='ocrx_word' id='word_1_225' title='bbox 869 1386 1023 1433; x_wconf 82' lang='lat' dir='ltr'>proprie</span> <span class='ocrx_word' id='word_1_226' title='bbox 1051 1385 1153 1433; x_wconf 86' lang='lat' dir='ltr'>quod</span> <span class='ocrx_word' id='word_1_227' title='bbox 1185 1397 1321 1432; x_wconf 80' lang='lat' dir='ltr'>appre-</span> 
     </span>
     <span class='ocr_line' id='line_1_35' title="bbox 324 1443 1313 1492; baseline -0.002 -12"><span class='ocrx_word' id='word_1_228' title='bbox 324 1444 525 1481; x_wconf 84' lang='lat' dir='ltr'>hendimus</span> <span class='ocrx_word' id='word_1_229' title='bbox 545 1444 716 1479; x_wconf 80' lang='lat' dir='ltr'>sensibus</span> <span class='ocrx_word' id='word_1_230' title='bbox 739 1473 747 1487; x_wconf 91' lang='lat'><strong>‚</strong></span> <span class='ocrx_word' id='word_1_231' title='bbox 769 1445 926 1479; x_wconf 89' lang='lat' dir='ltr'>omnino</span> <span class='ocrx_word' id='word_1_232' title='bbox 947 1444 1110 1478; x_wconf 66' lang='lat' dir='ltr'>scienti-”e</span> <span class='ocrx_word' id='word_1_233' title='bbox 1130 1443 1313 1492; x_wconf 79' lang='lat' dir='ltr'>deputan-</span> 
     </span>
     <span class='ocr_line' id='line_1_36' title="bbox 323 1501 1321 1550; baseline -0.003 -11"><span class='ocrx_word' id='word_1_234' title='bbox 323 1503 412 1539; x_wconf 90' lang='lat' dir='ltr'>dum</span> <span class='ocrx_word' id='word_1_235' title='bbox 440 1512 505 1538; x_wconf 86' lang='lat' dir='ltr'>est.</span> <span class='ocrx_word' id='word_1_236' title='bbox 536 1502 646 1550; x_wconf 90' lang='lat' dir='ltr'>Quod</span> <span class='ocrx_word' id='word_1_237' title='bbox 673 1515 763 1538; x_wconf 83' lang='lat' dir='ltr'>vero</span> <span class='ocrx_word' id='word_1_238' title='bbox 792 1515 859 1550; x_wconf 87' lang='lat' dir='ltr'>per</span> <span class='ocrx_word' id='word_1_239' title='bbox 889 1502 1125 1550; x_wconf 78' lang='lat' dir='ltr'>semetipsam</span> <span class='ocrx_word' id='word_1_240' title='bbox 1160 1501 1256 1536; x_wconf 87' lang='lat' dir='ltr'>ratio</span> <span class='ocrx_word' id='word_1_241' title='bbox 1284 1501 1321 1536; x_wconf 93' lang='lat' dir='ltr'>in</span> 
     </span>
     <span class='ocr_line' id='line_1_37' title="bbox 322 1559 1323 1609; baseline -0.003 -12"><span class='ocrx_word' id='word_1_242' title='bbox 322 1560 538 1609; x_wconf 86' lang='lat' dir='ltr'>hujusmodi</span> <span class='ocrx_word' id='word_1_243' title='bbox 562 1560 835 1609; x_wconf 75' lang='lat' dir='ltr'>apprehendit,</span> <span class='ocrx_word' id='word_1_244' title='bbox 858 1560 928 1595; x_wconf 76' lang='lat' dir='ltr'>hoc</span> <span class='ocrx_word' id='word_1_245' title='bbox 945 1559 1023 1608; x_wconf 85' lang='lat' dir='ltr'>jam</span> <span class='ocrx_word' id='word_1_246' title='bbox 1044 1568 1098 1595; x_wconf 89' lang='lat' dir='ltr'>est</span> <span class='ocrx_word' id='word_1_247' title='bbox 1122 1560 1158 1595; x_wconf 94' lang='lat' dir='ltr'>in</span> <span class='ocrx_word' id='word_1_248' title='bbox 1181 1572 1257 1607; x_wconf 84' lang='lat' dir='ltr'>quo</span> <span class='ocrx_word' id='word_1_249' title='bbox 1285 1572 1323 1594; x_wconf 88' lang='lat' dir='ltr'>se</span> 
     </span>
     <span class='ocr_line' id='line_1_38' title="bbox 323 1617 1326 1667; baseline -0.002 -12"><span class='ocrx_word' id='word_1_250' title='bbox 323 1619 393 1655; x_wconf 89' lang='lat' dir='ltr'>sibi</span> <span class='ocrx_word' id='word_1_251' title='bbox 412 1620 566 1655; x_wconf 88' lang='lat' dir='ltr'>scientia</span> <span class='ocrx_word' id='word_1_252' title='bbox 584 1626 695 1667; x_wconf 89' lang='lat' dir='ltr'>atque.</span> <span class='ocrx_word' id='word_1_253' title='bbox 710 1619 890 1667; x_wconf 85' lang='lat' dir='ltr'>sapientia</span> <span class='ocrx_word' id='word_1_254' title='bbox 905 1620 1194 1655; x_wconf 86' lang='lat' dir='ltr'>conterminant.</span> <span class='ocrx_word' id='word_1_255' title='bbox 1211 1617 1326 1665; x_wconf 89' lang='lat' dir='ltr'>Quid-</span> 
     </span>
     <span class='ocr_line' id='line_1_39' title="bbox 327 1677 1326 1727; baseline -0.002 -13"><span class='ocrx_word' id='word_1_256' title='bbox 327 1678 418 1727; x_wconf 87' lang='lat' dir='ltr'>quid</span> <span class='ocrx_word' id='word_1_257' title='bbox 439 1679 538 1714; x_wconf 89' lang='lat' dir='ltr'>enim</span> <span class='ocrx_word' id='word_1_258' title='bbox 557 1677 709 1714; x_wconf 85' lang='lat' dir='ltr'>aliunde</span> <span class='ocrx_word' id='word_1_259' title='bbox 729 1677 904 1723; x_wconf 82' lang='lat' dir='ltr'>discitur,</span> <span class='ocrx_word' id='word_1_260' title='bbox 922 1679 1063 1714; x_wconf 89' lang='lat' dir='ltr'>scilicet</span> <span class='ocrx_word' id='word_1_261' title='bbox 1078 1683 1090 1699; x_wconf 82' lang='lat'>‘¹</span> <span class='ocrx_word' id='word_1_262' title='bbox 1109 1691 1176 1727; x_wconf 88' lang='lat' dir='ltr'>per</span> <span class='ocrx_word' id='word_1_263' title='bbox 1195 1689 1326 1713; x_wconf 86' lang='lat' dir='ltr'>sensus</span> 
     </span>
     <span class='ocr_line' id='line_1_40' title="bbox 324 1736 1326 1786; baseline -0.002 -13"><span class='ocrx_word' id='word_1_264' title='bbox 324 1737 515 1786; x_wconf 85' lang='lat' dir='ltr'>corporis,</span> <span class='ocrx_word' id='word_1_265' title='bbox 543 1737 648 1785; x_wconf 86' lang='lat' dir='ltr'>quasi</span> <span class='ocrx_word' id='word_1_266' title='bbox 678 1737 841 1772; x_wconf 90' lang='lat' dir='ltr'>alienum</span> <span class='ocrx_word' id='word_1_267' title='bbox 871 1745 907 1773; x_wconf 84' lang='lat' dir='ltr'>ct</span> <span class='ocrx_word' id='word_1_268' title='bbox 935 1737 1182 1773; x_wconf 84' lang='lat' dir='ltr'>adventitium</span> <span class='ocrx_word' id='word_1_269' title='bbox 1210 1736 1326 1772; x_wconf 85' lang='lat' dir='ltr'>menti</span> 
     </span>
     <span class='ocr_line' id='line_1_41' title="bbox 326 1796 1323 1845; baseline -0.001 -13"><span class='ocrx_word' id='word_1_270' title='bbox 326 1797 519 1845; x_wconf 72' lang='lat' dir='ltr'>ingeritur.</span> <span class='ocrx_word' id='word_1_271' title='bbox 541 1796 650 1843; x_wconf 90' lang='lat' dir='ltr'>Quod</span> <span class='ocrx_word' id='word_1_272' title='bbox 671 1809 760 1832; x_wconf 78' lang='lat' dir='ltr'>vero</span> <span class='ocrx_word' id='word_1_273' title='bbox 784 1805 918 1845; x_wconf 86' lang='lat' dir='ltr'>sponte</span> <span class='ocrx_word' id='word_1_274' title='bbox 937 1796 1041 1832; x_wconf 78' lang='lat' dir='ltr'>venit</span> <span class='ocrx_word' id='word_1_275' title='bbox 1071 1797 1108 1832; x_wconf 91' lang='lat' dir='ltr'>in</span> <span class='ocrx_word' id='word_1_276' title='bbox 1138 1804 1298 1831; x_wconf 79' lang='lat' dir='ltr'>mentem</span> <span class='ocrx_word' id='word_1_277' title='bbox 1314 1823 1323 1839; x_wconf 89' lang='lat'>‚</span> 
     </span>
    </p>
   </div>
   <div class='ocr_carea' id='block_1_10' title="bbox 1379 1151 2389 1847">
    <p class='ocr_par' dir='ltr' id='par_1_11' title="bbox 1379 1151 2389 1847">
     <span class='ocr_line' id='line_1_42' title="bbox 1381 1151 2381 1201; baseline 0 -13"><span class='ocrx_word' id='word_1_278' title='bbox 1381 1156 1425 1189; x_wconf 85' lang='lat' dir='ltr'>Et</span> <span class='ocrx_word' id='word_1_279' title='bbox 1447 1152 1526 1201; x_wconf 93' lang='lat' dir='ltr'>ipsa</span> <span class='ocrx_word' id='word_1_280' title='bbox 1547 1160 1602 1188; x_wconf 84' lang='lat' dir='ltr'>est</span> <span class='ocrx_word' id='word_1_281' title='bbox 1624 1180 1633 1196; x_wconf 88' lang='lat'><strong>‚</strong></span> <span class='ocrx_word' id='word_1_282' title='bbox 1660 1151 1706 1187; x_wconf 89' lang='lat' dir='ltr'>de</span> <span class='ocrx_word' id='word_1_283' title='bbox 1730 1164 1803 1200; x_wconf 90' lang='lat' dir='ltr'>qua</span> <span class='ocrx_word' id='word_1_284' title='bbox 1830 1151 1944 1200; x_wconf 88' lang='lat' dir='ltr'>paulo</span> <span class='ocrx_word' id='word_1_285' title='bbox 1967 1159 2053 1187; x_wconf 89' lang='lat' dir='ltr'>ante</span> <span class='ocrx_word' id='word_1_286' title='bbox 2081 1151 2268 1196; x_wconf 85' lang='lat' dir='ltr'>diximus,</span> <span class='ocrx_word' id='word_1_287' title='bbox 2303 1151 2381 1188; x_wconf 86' lang='lat' dir='ltr'>vita</span> 
     </span>
     <span class='ocr_line' id='line_1_43' title="bbox 1382 1210 2379 1260; baseline 0 -13"><span class='ocrx_word' id='word_1_288' title='bbox 1382 1211 1473 1254; x_wconf 82' lang='lat' dir='ltr'>Dei,</span> <span class='ocrx_word' id='word_1_289' title='bbox 1495 1224 1578 1260; x_wconf 73' lang='lat' dir='ltr'>quse</span> <span class='ocrx_word' id='word_1_290' title='bbox 1600 1224 1674 1246; x_wconf 88' lang='lat' dir='ltr'>non</span> <span class='ocrx_word' id='word_1_291' title='bbox 1696 1219 1767 1246; x_wconf 89' lang='lat' dir='ltr'>tam</span> <span class='ocrx_word' id='word_1_292' title='bbox 1791 1210 1946 1247; x_wconf 88' lang='lat' dir='ltr'>rationis</span> <span class='ocrx_word' id='word_1_293' title='bbox 1963 1218 2018 1247; x_wconf 89' lang='lat' dir='ltr'>est</span> <span class='ocrx_word' id='word_1_294' title='bbox 2039 1210 2251 1259; x_wconf 78' lang='lat' dir='ltr'>profectus,</span> <span class='ocrx_word' id='word_1_295' title='bbox 2268 1224 2379 1259; x_wconf 90' lang='lat' dir='ltr'>quam</span> 
     </span>
     <span class='ocr_line' id='line_1_44' title="bbox 1379 1269 2379 1319; baseline 0 -13"><span class='ocrx_word' id='word_1_296' title='bbox 1379 1269 1514 1317; x_wconf 77' lang='lat' dir='ltr'>jamin</span> <span class='ocrx_word' id='word_1_297' title='bbox 1537 1270 1714 1319; x_wconf 81' lang='lat' dir='ltr'>sapientia</span> <span class='ocrx_word' id='word_1_298' title='bbox 1730 1269 1967 1318; x_wconf 76' lang='lat' dir='ltr'>perfectionis</span> <span class='ocrx_word' id='word_1_299' title='bbox 1987 1269 2152 1305; x_wconf 82' lang='lat' dir='ltr'>affectus.</span> <span class='ocrx_word' id='word_1_300' title='bbox 2178 1272 2264 1306; x_wconf 89' lang='lat' dir='ltr'>Haec</span> <span class='ocrx_word' id='word_1_301' title='bbox 2279 1270 2379 1306; x_wconf 89' lang='lat' dir='ltr'>enim</span> 
     </span>
     <span class='ocr_line' id='line_1_45' title="bbox 1385 1328 2383 1377; baseline 0.002 -14"><span class='ocrx_word' id='word_1_302' title='bbox 1385 1329 1472 1376; x_wconf 90' lang='lat' dir='ltr'>quia</span> <span class='ocrx_word' id='word_1_303' title='bbox 1498 1328 1572 1376; x_wconf 90' lang='lat' dir='ltr'>jam</span> <span class='ocrx_word' id='word_1_304' title='bbox 1603 1328 1755 1377; x_wconf 90' lang='lat' dir='ltr'>sapiunt</span> <span class='ocrx_word' id='word_1_305' title='bbox 1781 1328 1961 1376; x_wconf 90' lang='lat' dir='ltr'>sapienti,</span> <span class='ocrx_word' id='word_1_306' title='bbox 1988 1328 2138 1376; x_wconf 86' lang='lat' dir='ltr'>sapiens</span> <span class='ocrx_word' id='word_1_307' title='bbox 2166 1337 2221 1365; x_wconf 90' lang='lat' dir='ltr'>est</span> <span class='ocrx_word' id='word_1_308' title='bbox 2251 1342 2258 1364; x_wconf 76' lang='grc' dir='ltr'>ε</span> <span class='ocrx_word' id='word_1_309' title='bbox 2295 1329 2383 1377; x_wconf 89' lang='lat' dir='ltr'>quia</span> 
     </span>
     <span class='ocr_line' id='line_1_46' title="bbox 1387 1387 2384 1438; baseline 0.002 -16"><span class='ocrx_word' id='word_1_310' title='bbox 1387 1387 1503 1423; x_wconf 86' lang='lat' dir='ltr'>sactus</span> <span class='ocrx_word' id='word_1_311' title='bbox 1534 1395 1589 1423; x_wconf 87' lang='lat' dir='ltr'>est</span> <span class='ocrx_word' id='word_1_312' title='bbox 1621 1400 1719 1423; x_wconf 88' lang='lat' dir='ltr'>unus</span> <span class='ocrx_word' id='word_1_313' title='bbox 1749 1387 1901 1436; x_wconf 86' lang='lat' dir='ltr'>spiritus</span> <span class='ocrx_word' id='word_1_314' title='bbox 1933 1400 2016 1423; x_wconf 83' lang='lat' dir='ltr'>eum</span> <span class='ocrx_word' id='word_1_315' title='bbox 2045 1390 2150 1432; x_wconf 91' lang='lat' dir='ltr'>Deo,</span> <span class='ocrx_word' id='word_1_316' title='bbox 2181 1388 2384 1438; x_wconf 84' lang='lat' dir='ltr'>spiritualis</span> 
     </span>
     <span class='ocr_line' id='line_1_47' title="bbox 1387 1445 2329 1495; baseline 0.002 -14"><span class='ocrx_word' id='word_1_317' title='bbox 1387 1453 1453 1481; x_wconf 84' lang='lat' dir='ltr'>est.</span> <span class='ocrx_word' id='word_1_318' title='bbox 1476 1448 1522 1481; x_wconf 87' lang='lat' dir='ltr'>Et</span> <span class='ocrx_word' id='word_1_319' title='bbox 1544 1445 1620 1481; x_wconf 83' lang='lat' dir='ltr'>haec</span> <span class='ocrx_word' id='word_1_320' title='bbox 1638 1446 1675 1481; x_wconf 90' lang='lat' dir='ltr'>in</span> <span class='ocrx_word' id='word_1_321' title='bbox 1698 1446 1765 1481; x_wconf 79' lang='lat' dir='ltr'>hac</span> <span class='ocrx_word' id='word_1_322' title='bbox 1787 1446 1862 1481; x_wconf 73' lang='lat' dir='ltr'>vita</span> <span class='ocrx_word' id='word_1_323' title='bbox 1883 1446 2046 1482; x_wconf 83' lang='lat' dir='ltr'>hominis</span> <span class='ocrx_word' id='word_1_324' title='bbox 2066 1447 2243 1495; x_wconf 82' lang='lat' dir='ltr'>perfectio</span> <span class='ocrx_word' id='word_1_325' title='bbox 2263 1455 2329 1483; x_wconf 87' lang='lat' dir='ltr'>est.</span> 
     </span>
     <span class='ocr_line' id='line_1_48' title="bbox 1442 1503 2383 1552; baseline 0.004 -13"><span class='ocrx_word' id='word_1_326' title='bbox 1442 1504 1502 1540; x_wconf 81' lang='lat'>23.</span> <span class='ocrx_word' id='word_1_327' title='bbox 1523 1507 1603 1540; x_wconf 88' lang='lat' dir='ltr'>Jam</span> <span class='ocrx_word' id='word_1_328' title='bbox 1625 1504 1726 1540; x_wconf 87' lang='lat' dir='ltr'>enim</span> <span class='ocrx_word' id='word_1_329' title='bbox 1749 1504 1813 1552; x_wconf 88' lang='lat' dir='ltr'>qui</span> <span class='ocrx_word' id='word_1_330' title='bbox 1834 1503 2014 1541; x_wconf 86' lang='lat' dir='ltr'>hactenus</span> <span class='ocrx_word' id='word_1_331' title='bbox 2035 1505 2103 1541; x_wconf 87' lang='lat' dir='ltr'>fuit</span> <span class='ocrx_word' id='word_1_332' title='bbox 2122 1506 2308 1542; x_wconf 88' lang='lat' dir='ltr'>solitarius</span> <span class='ocrx_word' id='word_1_333' title='bbox 2326 1508 2383 1543; x_wconf 86' lang='lat' dir='ltr'>vel</span> 
     </span>
     <span class='ocr_line' id='line_1_49' title="bbox 1389 1563 2386 1615; baseline 0.004 -17"><span class='ocrx_word' id='word_1_334' title='bbox 1389 1563 1512 1607; x_wconf 90' lang='lat' dir='ltr'>solus,</span> <span class='ocrx_word' id='word_1_335' title='bbox 1548 1563 1710 1598; x_wconf 80' lang='lat' dir='ltr'>eflicitur</span> <span class='ocrx_word' id='word_1_336' title='bbox 1738 1575 1859 1607; x_wconf 88' lang='lat' dir='ltr'>unus,</span> <span class='ocrx_word' id='word_1_337' title='bbox 1892 1572 1929 1599; x_wconf 91' lang='lat' dir='ltr'>et</span> <span class='ocrx_word' id='word_1_338' title='bbox 1961 1564 2124 1600; x_wconf 90' lang='lat' dir='ltr'>solitudo</span> <span class='ocrx_word' id='word_1_339' title='bbox 2155 1565 2188 1601; x_wconf 86' lang='lat' dir='ltr'>ei</span> <span class='ocrx_word' id='word_1_340' title='bbox 2216 1566 2386 1615; x_wconf 85' lang='lat' dir='ltr'>corporis</span> 
     </span>
     <span class='ocr_line' id='line_1_50' title="bbox 1389 1622 2385 1672; baseline 0.004 -15"><span class='ocrx_word' id='word_1_341' title='bbox 1389 1622 1549 1658; x_wconf 63' lang='lat' dir='ltr'>vertitur</span> <span class='ocrx_word' id='word_1_342' title='bbox 1568 1622 1604 1658; x_wconf 92' lang='lat' dir='ltr'>in</span> <span class='ocrx_word' id='word_1_343' title='bbox 1627 1622 1808 1658; x_wconf 88' lang='lat' dir='ltr'>unitatem</span> <span class='ocrx_word' id='word_1_344' title='bbox 1830 1623 1976 1659; x_wconf 88' lang='lat' dir='ltr'>mentis.</span> <span class='ocrx_word' id='word_1_345' title='bbox 1997 1627 2042 1660; x_wconf 88' lang='lat' dir='ltr'>Et</span> <span class='ocrx_word' id='word_1_346' title='bbox 2059 1623 2238 1672; x_wconf 88' lang='lat' dir='ltr'>impletur</span> <span class='ocrx_word' id='word_1_347' title='bbox 2257 1624 2296 1660; x_wconf 93' lang='lat' dir='ltr'>in</span> <span class='ocrx_word' id='word_1_348' title='bbox 2316 1637 2361 1661; x_wconf 88' lang='lat' dir='ltr'>eo</span> <span class='ocrx_word' id='word_1_349' title='bbox 2375 1653 2385 1670; x_wconf 91' lang='lat'>,</span> 
     </span>
     <span class='ocr_line' id='line_1_51' title="bbox 1391 1680 2388 1730; baseline 0.005 -15"><span class='ocrx_word' id='word_1_350' title='bbox 1391 1680 1492 1729; x_wconf 91' lang='lat' dir='ltr'>quod</span> <span class='ocrx_word' id='word_1_351' title='bbox 1523 1681 1707 1716; x_wconf 84' lang='lat' dir='ltr'>Dominus</span> <span class='ocrx_word' id='word_1_352' title='bbox 1725 1693 1793 1729; x_wconf 88' lang='lat' dir='ltr'>pro</span> <span class='ocrx_word' id='word_1_353' title='bbox 1814 1681 2004 1730; x_wconf 86' lang='lat' dir='ltr'>discipulis</span> <span class='ocrx_word' id='word_1_354' title='bbox 2025 1682 2061 1718; x_wconf 95' lang='lat' dir='ltr'>in</span> <span class='ocrx_word' id='word_1_355' title='bbox 2083 1682 2247 1720; x_wconf 89' lang='lat' dir='ltr'>clausula</span> <span class='ocrx_word' id='word_1_356' title='bbox 2265 1684 2388 1720; x_wconf 87' lang='lat' dir='ltr'>omnis</span> 
     </span>
     <span class='ocr_line' id='line_1_52' title="bbox 1391 1739 2389 1789; baseline 0.003 -14"><span class='ocrx_word' id='word_1_357' title='bbox 1391 1739 1630 1789; x_wconf 82' lang='lat' dir='ltr'>perfectionis</span> <span class='ocrx_word' id='word_1_358' title='bbox 1653 1740 1775 1776; x_wconf 88' lang='lat' dir='ltr'>oravit</span> <span class='ocrx_word' id='word_1_359' title='bbox 1793 1740 1919 1776; x_wconf 87' lang='lat' dir='ltr'>dicens</span> <span class='ocrx_word' id='word_1_360' title='bbox 1938 1755 1945 1776; x_wconf 94' lang='lat'><strong>:</strong></span> <span class='ocrx_word' id='word_1_361' title='bbox 1971 1743 2104 1785; x_wconf 81' lang='lat' dir='ltr'>Pater,</span> <span class='ocrx_word' id='word_1_362' title='bbox 2129 1744 2213 1777; x_wconf 81' lang='lat' dir='ltr'><em>volo</em></span> <span class='ocrx_word' id='word_1_363' title='bbox 2239 1753 2277 1779; x_wconf 86' lang='lat' dir='ltr'>ut</span> <span class='ocrx_word' id='word_1_364' title='bbox 2299 1747 2389 1778; x_wconf 79' lang='lat' dir='ltr'>sicut</span> 
     </span>
     <span class='ocr_line' id='line_1_53' title="bbox 1393 1801 2384 1847; baseline 0.005 -15"><span class='ocrx_word' id='word_1_365' title='bbox 1393 1812 1457 1846; x_wconf 74' lang='lat' dir='ltr'>ego</span> <span class='ocrx_word' id='word_1_366' title='bbox 1478 1808 1513 1834; x_wconf 79' lang='lat' dir='ltr'>et</span> <span class='ocrx_word' id='word_1_367' title='bbox 1528 1808 1565 1833; x_wconf 81' lang='lat' dir='ltr'>m</span> <span class='ocrx_word' id='word_1_368' title='bbox 1586 1812 1695 1833; x_wconf 82' lang='lat' dir='ltr'>mmm</span> <span class='ocrx_word' id='word_1_369' title='bbox 1716 1813 1856 1843; x_wconf 73' lang='lat' dir='ltr'>sumus,</span> <span class='ocrx_word' id='word_1_370' title='bbox 1878 1804 1929 1834; x_wconf 81' lang='lat' dir='ltr'>ita</span> <span class='ocrx_word' id='word_1_371' title='bbox 1947 1809 1983 1835; x_wconf 77' lang='lat' dir='ltr'>et</span> <span class='ocrx_word' id='word_1_372' title='bbox 2001 1804 2074 1847; x_wconf 78' lang='lat' dir='ltr'>ipsi</span> <span class='ocrx_word' id='word_1_373' title='bbox 2098 1805 2135 1835; x_wconf 83' lang='lat' dir='ltr'>in</span> <span class='ocrx_word' id='word_1_374' title='bbox 2153 1801 2254 1837; x_wconf 63' lang='lat' dir='ltr'>&#39;mbr&#39;s</span> <span class='ocrx_word' id='word_1_375' title='bbox 2274 1815 2384 1837; x_wconf 80' lang='lat' dir='ltr'>unum</span> 
     </span>
    </p>
   </div>
   <div class='ocr_carea' id='block_1_11' title="bbox 326 1855 2388 1905">
    <p class='ocr_par' dir='ltr' id='par_1_12' title="bbox 326 1855 2388 1905">
     <span class='ocr_line' id='line_1_54' title="bbox 326 1855 2388 1905; baseline 0.002 -13"><span class='ocrx_word' id='word_1_376' title='bbox 326 1856 404 1892; x_wconf 79' lang='lat' dir='ltr'>sive</span> <span class='ocrx_word' id='word_1_377' title='bbox 435 1869 479 1892; x_wconf 79' lang='lat' dir='ltr'>ex</span> <span class='ocrx_word' id='word_1_378' title='bbox 513 1855 592 1904; x_wconf 89' lang='lat' dir='ltr'>ipsa</span> <span class='ocrx_word' id='word_1_379' title='bbox 622 1855 658 1890; x_wconf 80' lang='lat' dir='ltr'>vi</span> <span class='ocrx_word' id='word_1_380' title='bbox 688 1855 862 1899; x_wconf 89' lang='lat' dir='ltr'>rationis,</span> <span class='ocrx_word' id='word_1_381' title='bbox 888 1855 966 1891; x_wconf 76' lang='lat' dir='ltr'>sive</span> <span class='ocrx_word' id='word_1_382' title='bbox 995 1868 1042 1890; x_wconf 84' lang='lat' dir='ltr'>ex</span> <span class='ocrx_word' id='word_1_383' title='bbox 1073 1855 1326 1890; x_wconf 85' lang='lat' dir='ltr'>incommuta-</span> <span class='ocrx_word' id='word_1_384' title='bbox 1348 1859 1373 1893; x_wconf 94' lang='lat' dir='ltr'>C</span> <span class='ocrx_word' id='word_1_385' title='bbox 1393 1862 1507 1893; x_wconf 78' lang='lat' dir='ltr'>s1&#39;n12.</span> <span class='ocrx_word' id='word_1_386' title='bbox 1534 1860 1622 1893; x_wconf 82' lang='lat' dir='ltr'>Haec</span> <span class='ocrx_word' id='word_1_387' title='bbox 1642 1857 1740 1893; x_wconf 88' lang='lat' dir='ltr'>enim</span> <span class='ocrx_word' id='word_1_388' title='bbox 1763 1857 1884 1893; x_wconf 87' lang='lat' dir='ltr'>unitas</span> <span class='ocrx_word' id='word_1_389' title='bbox 1904 1858 2068 1895; x_wconf 86' lang='lat' dir='ltr'>hominis</span> <span class='ocrx_word' id='word_1_390' title='bbox 2087 1872 2170 1894; x_wconf 90' lang='lat' dir='ltr'>cum</span> <span class='ocrx_word' id='word_1_391' title='bbox 2194 1862 2299 1905; x_wconf 89' lang='lat' dir='ltr'>Deo,</span> <span class='ocrx_word' id='word_1_392' title='bbox 2328 1861 2388 1896; x_wconf 80' lang='lat' dir='ltr'>vel</span> 
     </span>
    </p>
   </div>
   <div class='ocr_carea' id='block_1_12' title="bbox 326 1912 1331 2671">
    <p class='ocr_par' dir='ltr' id='par_1_13' title="bbox 326 1912 1331 2671">
     <span class='ocr_line' id='line_1_55' title="bbox 328 1912 1327 1963; baseline -0.003 -12"><span class='ocrx_word' id='word_1_393' title='bbox 328 1915 458 1951; x_wconf 87' lang='lat' dir='ltr'>bilium</span> <span class='ocrx_word' id='word_1_394' title='bbox 491 1915 613 1963; x_wconf 78' lang='lat' dir='ltr'>legum</span> <span class='ocrx_word' id='word_1_395' title='bbox 641 1912 960 1950; x_wconf 89' lang='lat' dir='ltr'>incommutabilis</span> <span class='ocrx_word' id='word_1_396' title='bbox 980 1914 1146 1950; x_wconf 78' lang='lat' dir='ltr'>veritatis</span> <span class='ocrx_word' id='word_1_397' title='bbox 1168 1913 1327 1949; x_wconf 86' lang='lat' dir='ltr'>naturali</span> 
     </span>
     <span class='ocr_line' id='line_1_56' title="bbox 327 1972 1330 2023; baseline -0.002 -13"><span class='ocrx_word' id='word_1_398' title='bbox 327 1974 573 2023; x_wconf 82' lang='lat' dir='ltr'>intelligentia</span> <span class='ocrx_word' id='word_1_399' title='bbox 588 2002 597 2018; x_wconf 92' lang='lat'>,</span> <span class='ocrx_word' id='word_1_400' title='bbox 629 1986 673 2009; x_wconf 80' lang='lat' dir='ltr'>ex</span> <span class='ocrx_word' id='word_1_401' title='bbox 695 1986 768 2021; x_wconf 91' lang='lat' dir='ltr'>qua</span> <span class='ocrx_word' id='word_1_402' title='bbox 787 1973 897 2008; x_wconf 89' lang='lat' dir='ltr'>etiam</span> <span class='ocrx_word' id='word_1_403' title='bbox 919 1973 1129 2022; x_wconf 89' lang='lat' dir='ltr'>impiissimi</span> <span class='ocrx_word' id='word_1_404' title='bbox 1159 1972 1330 2009; x_wconf 86' lang='lat' dir='ltr'>homines</span> 
     </span>
     <span class='ocr_line' id='line_1_57' title="bbox 326 2032 1329 2082; baseline -0.002 -13"><span class='ocrx_word' id='word_1_405' title='bbox 326 2046 598 2082; x_wconf 88' lang='lat' dir='ltr'>nonuunquam</span> <span class='ocrx_word' id='word_1_406' title='bbox 627 2032 831 2069; x_wconf 86' lang='lat' dir='ltr'>rectissime</span> <span class='ocrx_word' id='word_1_407' title='bbox 858 2032 1028 2081; x_wconf 84' lang='lat' dir='ltr'>judicare</span> <span class='ocrx_word' id='word_1_408' title='bbox 1058 2032 1329 2077; x_wconf 82' lang='lat' dir='ltr'>inveniuntur3</span> 
     </span>
     <span class='ocr_line' id='line_1_58' title="bbox 326 2091 1331 2142; baseline -0.003 -13"><span class='ocrx_word' id='word_1_409' title='bbox 326 2094 398 2129; x_wconf 90' lang='lat' dir='ltr'>hoc</span> <span class='ocrx_word' id='word_1_410' title='bbox 429 2093 480 2128; x_wconf 87' lang='lat' dir='ltr'>sic</span> <span class='ocrx_word' id='word_1_411' title='bbox 510 2093 579 2142; x_wconf 91' lang='lat' dir='ltr'>ipsi</span> <span class='ocrx_word' id='word_1_412' title='bbox 608 2092 704 2128; x_wconf 87' lang='lat' dir='ltr'>inest</span> <span class='ocrx_word' id='word_1_413' title='bbox 735 2092 894 2136; x_wconf 90' lang='lat' dir='ltr'>rationi,</span> <span class='ocrx_word' id='word_1_414' title='bbox 931 2100 970 2127; x_wconf 94' lang='lat' dir='ltr'>ut</span> <span class='ocrx_word' id='word_1_415' title='bbox 1001 2092 1071 2127; x_wconf 85' lang='lat' dir='ltr'>hoc</span> <span class='ocrx_word' id='word_1_416' title='bbox 1100 2091 1220 2140; x_wconf 89' lang='lat' dir='ltr'>ipsum</span> <span class='ocrx_word' id='word_1_417' title='bbox 1252 2091 1331 2140; x_wconf 89' lang='lat' dir='ltr'>ipsa</span> 
     </span>
     <span class='ocr_line' id='line_1_59' title="bbox 327 2150 1327 2199; baseline -0.003 -11"><span class='ocrx_word' id='word_1_418' title='bbox 327 2153 423 2188; x_wconf 84' lang='lat' dir='ltr'>ratio</span> <span class='ocrx_word' id='word_1_419' title='bbox 444 2153 490 2188; x_wconf 92' lang='lat' dir='ltr'>sit</span> <span class='ocrx_word' id='word_1_420' title='bbox 512 2166 518 2186; x_wconf 92' lang='lat'>:</span> <span class='ocrx_word' id='word_1_421' title='bbox 542 2164 609 2187; x_wconf 88' lang='lat' dir='ltr'>nec</span> <span class='ocrx_word' id='word_1_422' title='bbox 632 2160 703 2187; x_wconf 89' lang='lat' dir='ltr'>tam</span> <span class='ocrx_word' id='word_1_423' title='bbox 725 2150 1012 2187; x_wconf 88' lang='lat' dir='ltr'>commendatur</span> <span class='ocrx_word' id='word_1_424' title='bbox 1030 2151 1062 2186; x_wconf 84' lang='lat' dir='ltr'>ei</span> <span class='ocrx_word' id='word_1_425' title='bbox 1084 2163 1152 2199; x_wconf 85' lang='lat' dir='ltr'>per</span> <span class='ocrx_word' id='word_1_426' title='bbox 1184 2150 1327 2186; x_wconf 84' lang='lat' dir='ltr'>doetri—</span> 
     </span>
     <span class='ocr_line' id='line_1_60' title="bbox 327 2209 1326 2259; baseline -0.004 -11"><span class='ocrx_word' id='word_1_427' title='bbox 327 2225 413 2248; x_wconf 88' lang='lat' dir='ltr'>nam</span> <span class='ocrx_word' id='word_1_428' title='bbox 450 2212 611 2259; x_wconf 87' lang='lat' dir='ltr'>aliquam</span> <span class='ocrx_word' id='word_1_429' title='bbox 645 2218 685 2246; x_wconf 93' lang='lat' dir='ltr'>ut</span> <span class='ocrx_word' id='word_1_430' title='bbox 715 2210 868 2246; x_wconf 84' lang='lat' dir='ltr'>scientia</span> <span class='ocrx_word' id='word_1_431' title='bbox 906 2210 982 2254; x_wconf 89' lang='lat' dir='ltr'>sit,</span> <span class='ocrx_word' id='word_1_432' title='bbox 1015 2222 1127 2258; x_wconf 87' lang='lat' dir='ltr'>quam</span> <span class='ocrx_word' id='word_1_433' title='bbox 1159 2210 1217 2245; x_wconf 86' lang='lat' dir='ltr'>vel</span> <span class='ocrx_word' id='word_1_434' title='bbox 1254 2209 1326 2245; x_wconf 88' lang='lat' dir='ltr'>alio</span> 
     </span>
     <span class='ocr_line' id='line_1_61' title="bbox 327 2269 1327 2318; baseline -0.003 -12"><span class='ocrx_word' id='word_1_435' title='bbox 327 2279 612 2313; x_wconf 81' lang='lat' dir='ltr'>commonente,</span> <span class='ocrx_word' id='word_1_436' title='bbox 633 2270 690 2305; x_wconf 74' lang='lat' dir='ltr'>vel</span> <span class='ocrx_word' id='word_1_437' title='bbox 722 2270 801 2318; x_wconf 89' lang='lat' dir='ltr'>ipsa</span> <span class='ocrx_word' id='word_1_438' title='bbox 830 2277 1148 2305; x_wconf 79' lang='lat' dir='ltr'>cmmnemorante</span> <span class='ocrx_word' id='word_1_439' title='bbox 1170 2269 1240 2304; x_wconf 90' lang='lat' dir='ltr'>hoc</span> <span class='ocrx_word' id='word_1_440' title='bbox 1269 2269 1327 2317; x_wconf 88' lang='lat' dir='ltr'>ip-</span> 
     </span>
     <span class='ocr_line' id='line_1_62' title="bbox 327 2327 1326 2375; baseline -0.005 -9"><span class='ocrx_word' id='word_1_441' title='bbox 327 2343 409 2366; x_wconf 89' lang='lat' dir='ltr'>sum</span> <span class='ocrx_word' id='word_1_442' title='bbox 440 2329 510 2365; x_wconf 90' lang='lat' dir='ltr'>sibi</span> <span class='ocrx_word' id='word_1_443' title='bbox 545 2329 664 2364; x_wconf 85' lang='lat' dir='ltr'>inesse</span> <span class='ocrx_word' id='word_1_444' title='bbox 702 2329 922 2364; x_wconf 84' lang='lat' dir='ltr'>naturaliter</span> <span class='ocrx_word' id='word_1_445' title='bbox 956 2327 1141 2375; x_wconf 78' lang='lat' dir='ltr'>intelligit.</span> <span class='ocrx_word' id='word_1_446' title='bbox 1174 2330 1215 2363; x_wconf 93' lang='lat' dir='ltr'>In</span> <span class='ocrx_word' id='word_1_447' title='bbox 1250 2339 1326 2375; x_wconf 90' lang='lat' dir='ltr'>quo</span> 
     </span>
     <span class='ocr_line' id='line_1_63' title="bbox 328 2385 1325 2437; baseline -0.004 -13"><span class='ocrx_word' id='word_1_448' title='bbox 328 2389 400 2424; x_wconf 88' lang='lat' dir='ltr'>hoc</span> <span class='ocrx_word' id='word_1_449' title='bbox 420 2388 654 2437; x_wconf 90' lang='lat' dir='ltr'>potissimum</span> <span class='ocrx_word' id='word_1_450' title='bbox 680 2395 754 2431; x_wconf 91' lang='lat' dir='ltr'>est,</span> <span class='ocrx_word' id='word_1_451' title='bbox 777 2401 860 2423; x_wconf 87' lang='lat' dir='ltr'>cum</span> <span class='ocrx_word' id='word_1_452' title='bbox 881 2386 982 2435; x_wconf 88' lang='lat' dir='ltr'>quod</span> <span class='ocrx_word' id='word_1_453' title='bbox 1004 2395 1132 2421; x_wconf 89' lang='lat' dir='ltr'>notum</span> <span class='ocrx_word' id='word_1_454' title='bbox 1154 2394 1210 2422; x_wconf 85' lang='lat' dir='ltr'>est</span> <span class='ocrx_word' id='word_1_455' title='bbox 1232 2385 1298 2421; x_wconf 88' lang='lat' dir='ltr'>Dei</span> <span class='ocrx_word' id='word_1_456' title='bbox 1316 2414 1325 2430; x_wconf 95' lang='lat'>,</span> 
     </span>
     <span class='ocr_line' id='line_1_64' title="bbox 329 2443 1329 2489; baseline -0.004 -6"><span class='ocrx_word' id='word_1_457' title='bbox 329 2451 409 2483; x_wconf 88' lang='lat' dir='ltr'>Deo</span> <span class='ocrx_word' id='word_1_458' title='bbox 440 2447 659 2482; x_wconf 84' lang='lat' dir='ltr'>naturaliter</span> <span class='ocrx_word' id='word_1_459' title='bbox 689 2446 898 2489; x_wconf 75' lang='lat' dir='ltr'>revelante,</span> <span class='ocrx_word' id='word_1_460' title='bbox 922 2445 1155 2480; x_wconf 85' lang='lat' dir='ltr'>manifestum</span> <span class='ocrx_word' id='word_1_461' title='bbox 1188 2445 1226 2479; x_wconf 85' lang='lat' dir='ltr'>lit</span> <span class='ocrx_word' id='word_1_462' title='bbox 1258 2443 1329 2479; x_wconf 89' lang='lat' dir='ltr'>ho-</span> 
     </span>
     <span class='ocr_line' id='line_1_65' title="bbox 329 2504 1326 2554; baseline -0.004 -12"><span class='ocrx_word' id='word_1_463' title='bbox 329 2507 442 2551; x_wconf 89' lang='lat' dir='ltr'>mini,</span> <span class='ocrx_word' id='word_1_464' title='bbox 478 2507 588 2542; x_wconf 85' lang='lat' dir='ltr'>etiam</span> <span class='ocrx_word' id='word_1_465' title='bbox 622 2505 752 2554; x_wconf 87' lang='lat' dir='ltr'>impio.</span> <span class='ocrx_word' id='word_1_466' title='bbox 787 2505 930 2541; x_wconf 87' lang='lat' dir='ltr'>Deinde</span> <span class='ocrx_word' id='word_1_467' title='bbox 957 2505 1111 2540; x_wconf 76' lang='lat' dir='ltr'>affectus</span> <span class='ocrx_word' id='word_1_468' title='bbox 1145 2504 1326 2539; x_wconf 76' lang='lat' dir='ltr'>virtutum</span> 
     </span>
     <span class='ocr_line' id='line_1_66' title="bbox 331 2563 1328 2613; baseline -0.004 -10"><span class='ocrx_word' id='word_1_469' title='bbox 331 2567 530 2611; x_wconf 86' lang='lat' dir='ltr'>naturalis,</span> <span class='ocrx_word' id='word_1_470' title='bbox 561 2565 607 2602; x_wconf 82' lang='lat' dir='ltr'>de</span> <span class='ocrx_word' id='word_1_471' title='bbox 633 2578 709 2613; x_wconf 91' lang='lat' dir='ltr'>quo</span> <span class='ocrx_word' id='word_1_472' title='bbox 738 2564 841 2600; x_wconf 81' lang='lat' dir='ltr'>licuit</span> <span class='ocrx_word' id='word_1_473' title='bbox 869 2564 992 2600; x_wconf 82' lang='lat' dir='ltr'>dicere</span> <span class='ocrx_word' id='word_1_474' title='bbox 1014 2563 1205 2599; x_wconf 83' lang='lat' dir='ltr'>ethnicum</span> <span class='ocrx_word' id='word_1_475' title='bbox 1236 2575 1328 2612; x_wconf 88' lang='lat' dir='ltr'>poe-</span> 
     </span>
     <span class='ocr_line' id='line_1_67' title="bbox 334 2635 428 2671; baseline 0 -9"><span class='ocrx_word' id='word_1_476' title='bbox 334 2635 428 2671; x_wconf 86' lang='lat' dir='ltr'>tam,</span> 
     </span>
    </p>
   </div>
   <div class='ocr_carea' id='block_1_13' title="bbox 447 2745 1134 2788">
    <p class='ocr_par' dir='ltr' id='par_1_14' title="bbox 447 2745 1134 2788">
     <span class='ocr_line' id='line_1_68' title="bbox 447 2745 1134 2788; baseline -0.006 -11"><span class='ocrx_word' id='word_1_477' title='bbox 447 2746 589 2777; x_wconf 86' lang='lat' dir='ltr'>Oderunt</span> <span class='ocrx_word' id='word_1_478' title='bbox 610 2755 737 2788; x_wconf 80' lang='lat' dir='ltr'>peccare</span> <span class='ocrx_word' id='word_1_479' title='bbox 753 2745 827 2776; x_wconf 87' lang='lat' dir='ltr'>boni</span> <span class='ocrx_word' id='word_1_480' title='bbox 846 2745 968 2775; x_wconf 71' lang='lat' dir='ltr'>virtutis</span> <span class='ocrx_word' id='word_1_481' title='bbox 989 2754 1093 2774; x_wconf 83' lang='lat' dir='ltr'>amore</span> <span class='ocrx_word' id='word_1_482' title='bbox 1113 2749 1134 2773; x_wconf 89' lang='lat'>¹.</span> 
     </span>
    </p>
   </div>
   <div class='ocr_carea' id='block_1_14' title="bbox 332 2861 1332 3150">
    <p class='ocr_par' dir='ltr' id='par_1_15' title="bbox 332 2861 1332 3150">
     <span class='ocr_line' id='line_1_69' title="bbox 332 2861 1328 2912; baseline -0.005 -12"><span class='ocrx_word' id='word_1_483' title='bbox 332 2863 478 2901; x_wconf 85' lang='lat' dir='ltr'>Deinde</span> <span class='ocrx_word' id='word_1_484' title='bbox 493 2877 560 2912; x_wconf 85' lang='lat' dir='ltr'>per</span> <span class='ocrx_word' id='word_1_485' title='bbox 578 2863 858 2912; x_wconf 77' lang='lat' dir='ltr'>inquisitionem</span> <span class='ocrx_word' id='word_1_486' title='bbox 881 2861 1209 2897; x_wconf 86' lang='lat' dir='ltr'>ratiocinationum</span> <span class='ocrx_word' id='word_1_487' title='bbox 1232 2873 1328 2909; x_wconf 79' lang='lat' dir='ltr'>quae-</span> 
     </span>
     <span class='ocr_line' id='line_1_70' title="bbox 335 2921 1332 2968; baseline -0.004 -8"><span class='ocrx_word' id='word_1_488' title='bbox 335 2923 425 2960; x_wconf 87' lang='lat' dir='ltr'>libet</span> <span class='ocrx_word' id='word_1_489' title='bbox 452 2924 626 2959; x_wconf 84' lang='lat' dir='ltr'>discretio</span> <span class='ocrx_word' id='word_1_490' title='bbox 654 2921 945 2959; x_wconf 82' lang='lat' dir='ltr'>rationabilium.</span> <span class='ocrx_word' id='word_1_491' title='bbox 977 2921 1108 2957; x_wconf 71' lang='lat' dir='ltr'>Infima</span> <span class='ocrx_word' id='word_1_492' title='bbox 1131 2933 1221 2955; x_wconf 87' lang='lat' dir='ltr'>vero</span> <span class='ocrx_word' id='word_1_493' title='bbox 1248 2933 1332 2968; x_wconf 86' lang='lat' dir='ltr'>pars</span> 
     </span>
     <span class='ocr_line' id='line_1_71' title="bbox 333 2978 1330 3030; baseline -0.007 -10"><span class='ocrx_word' id='word_1_494' title='bbox 333 2992 389 3020; x_wconf 90' lang='lat' dir='ltr'>est</span> <span class='ocrx_word' id='word_1_495' title='bbox 418 2983 580 3019; x_wconf 82' lang='lat' dir='ltr'>scientiae</span> <span class='ocrx_word' id='word_1_496' title='bbox 613 2991 649 3018; x_wconf 88' lang='lat' dir='ltr'>et</span> <span class='ocrx_word' id='word_1_497' title='bbox 687 2981 861 3017; x_wconf 88' lang='lat' dir='ltr'>deorsum</span> <span class='ocrx_word' id='word_1_498' title='bbox 899 2993 1056 3030; x_wconf 75' lang='lat' dir='ltr'>vergens</span> <span class='ocrx_word' id='word_1_499' title='bbox 1099 2978 1330 3016; x_wconf 88' lang='lat' dir='ltr'>sensibilium</span> 
     </span>
     <span class='ocr_line' id='line_1_72' title="bbox 333 3039 1332 3091; baseline -0.004 -13"><span class='ocrx_word' id='word_1_500' title='bbox 333 3042 504 3078; x_wconf 83' lang='lat' dir='ltr'>animalis</span> <span class='ocrx_word' id='word_1_501' title='bbox 526 3041 778 3091; x_wconf 79' lang='lat' dir='ltr'>experientia,</span> <span class='ocrx_word' id='word_1_502' title='bbox 806 3052 888 3088; x_wconf 84' lang='lat' dir='ltr'>quae</span> <span class='ocrx_word' id='word_1_503' title='bbox 908 3041 946 3075; x_wconf 84' lang='lat' dir='ltr'>lit</span> <span class='ocrx_word' id='word_1_504' title='bbox 967 3052 1033 3088; x_wconf 89' lang='lat' dir='ltr'>per</span> <span class='ocrx_word' id='word_1_505' title='bbox 1053 3039 1222 3088; x_wconf 87' lang='lat' dir='ltr'>quinque</span> <span class='ocrx_word' id='word_1_506' title='bbox 1245 3051 1332 3074; x_wconf 88' lang='lat' dir='ltr'>sen-</span> 
     </span>
     <span class='ocr_line' id='line_1_73' title="bbox 335 3098 1332 3150; baseline -0.003 -14"><span class='ocrx_word' id='word_1_507' title='bbox 335 3114 398 3137; x_wconf 86' lang='lat' dir='ltr'>sus</span> <span class='ocrx_word' id='word_1_508' title='bbox 415 3100 585 3150; x_wconf 86' lang='lat' dir='ltr'>corporis</span> <span class='ocrx_word' id='word_1_509' title='bbox 599 3128 607 3144; x_wconf 90' lang='lat'>,</span> <span class='ocrx_word' id='word_1_510' title='bbox 633 3108 668 3135; x_wconf 90' lang='lat' dir='ltr'>et</span> <span class='ocrx_word' id='word_1_511' title='bbox 687 3099 1026 3148; x_wconf 86' lang='lat' dir='ltr'>concupiscentiam</span> <span class='ocrx_word' id='word_1_512' title='bbox 1045 3128 1055 3141; x_wconf 79' lang='grc'>,</span> <span class='ocrx_word' id='word_1_513' title='bbox 1077 3107 1113 3134; x_wconf 89' lang='lat' dir='ltr'>et</span> <span class='ocrx_word' id='word_1_514' title='bbox 1132 3098 1332 3146; x_wconf 84' lang='lat' dir='ltr'>experien-</span> 
     </span>
    </p>
   </div>
   <div class='ocr_carea' id='block_1_15' title="bbox 1392 1915 2394 2612">
    <p class='ocr_par' dir='ltr' id='par_1_16' title="bbox 1392 1915 2394 2612">
     <span class='ocr_line' id='line_1_74' title="bbox 1393 1915 2390 1968; baseline 0.003 -17"><span class='ocrx_word' id='word_1_515' title='bbox 1393 1915 1599 1952; x_wconf 91' lang='lat' dir='ltr'>similitudo</span> <span class='ocrx_word' id='word_1_516' title='bbox 1629 1916 1675 1952; x_wconf 88' lang='lat' dir='ltr'>ad</span> <span class='ocrx_word' id='word_1_517' title='bbox 1705 1920 1845 1961; x_wconf 86' lang='lat' dir='ltr'>Deum,</span> <span class='ocrx_word' id='word_1_518' title='bbox 1879 1917 1916 1952; x_wconf 90' lang='lat' dir='ltr'>in</span> <span class='ocrx_word' id='word_1_519' title='bbox 1947 1925 2127 1966; x_wconf 88' lang='lat' dir='ltr'>quantum</span> <span class='ocrx_word' id='word_1_520' title='bbox 2160 1919 2390 1968; x_wconf 85' lang='lat' dir='ltr'>propinquat</span> 
     </span>
     <span class='ocr_line' id='line_1_75' title="bbox 1394 1974 2390 2020; baseline 0.001 -9"><span class='ocrx_word' id='word_1_521' title='bbox 1394 1977 1494 2020; x_wconf 89' lang='lat' dir='ltr'>Deo,</span> <span class='ocrx_word' id='word_1_522' title='bbox 1516 1974 1552 2010; x_wconf 93' lang='lat' dir='ltr'>in</span> <span class='ocrx_word' id='word_1_523' title='bbox 1579 1982 1721 2011; x_wconf 86' lang='lat' dir='ltr'>tantum</span> <span class='ocrx_word' id='word_1_524' title='bbox 1742 1975 1899 2011; x_wconf 84' lang='lat' dir='ltr'>inferius</span> <span class='ocrx_word' id='word_1_525' title='bbox 1924 1987 2032 2011; x_wconf 90' lang='lat' dir='ltr'>suum</span> <span class='ocrx_word' id='word_1_526' title='bbox 2062 1975 2270 2012; x_wconf 83' lang='lat' dir='ltr'>conformat</span> <span class='ocrx_word' id='word_1_527' title='bbox 2299 1975 2390 2020; x_wconf 89' lang='lat' dir='ltr'>sibi,</span> 
     </span>
     <span class='ocr_line' id='line_1_76' title="bbox 1396 2033 2390 2084; baseline 0.002 -15"><span class='ocrx_word' id='word_1_528' title='bbox 1396 2033 1565 2069; x_wconf 82' lang='lat' dir='ltr'>intimum</span> <span class='ocrx_word' id='word_1_529' title='bbox 1585 2034 1636 2069; x_wconf 92' lang='lat' dir='ltr'>illi</span> <span class='ocrx_word' id='word_1_530' title='bbox 1657 2048 1664 2068; x_wconf 90' lang='lat'>:</span> <span class='ocrx_word' id='word_1_531' title='bbox 1684 2043 1725 2070; x_wconf 91' lang='lat' dir='ltr'>ut</span> <span class='ocrx_word' id='word_1_532' title='bbox 1745 2034 1899 2083; x_wconf 88' lang='lat' dir='ltr'>spiritus</span> <span class='ocrx_word' id='word_1_533' title='bbox 1910 2042 1946 2070; x_wconf 88' lang='lat' dir='ltr'>et</span> <span class='ocrx_word' id='word_1_534' title='bbox 1967 2034 2090 2070; x_wconf 89' lang='lat' dir='ltr'>anima</span> <span class='ocrx_word' id='word_1_535' title='bbox 2111 2042 2148 2070; x_wconf 87' lang='lat' dir='ltr'>et</span> <span class='ocrx_word' id='word_1_536' title='bbox 2167 2047 2306 2084; x_wconf 89' lang='lat' dir='ltr'>corpus</span> <span class='ocrx_word' id='word_1_537' title='bbox 2323 2047 2390 2071; x_wconf 89' lang='lat' dir='ltr'>suo</span> 
     </span>
     <span class='ocr_line' id='line_1_77' title="bbox 1397 2091 2393 2142; baseline 0.001 -15"><span class='ocrx_word' id='word_1_538' title='bbox 1397 2092 1510 2128; x_wconf 88' lang='lat' dir='ltr'>modo</span> <span class='ocrx_word' id='word_1_539' title='bbox 1530 2091 1701 2128; x_wconf 89' lang='lat' dir='ltr'>ordinata</span> <span class='ocrx_word' id='word_1_540' title='bbox 1714 2122 1722 2137; x_wconf 94' lang='lat'>‚</span> <span class='ocrx_word' id='word_1_541' title='bbox 1744 2093 1819 2129; x_wconf 87' lang='lat' dir='ltr'>suis</span> <span class='ocrx_word' id='word_1_542' title='bbox 1839 2093 1930 2129; x_wconf 91' lang='lat' dir='ltr'>locis</span> <span class='ocrx_word' id='word_1_543' title='bbox 1946 2092 2145 2142; x_wconf 86' lang='lat' dir='ltr'>disposita,</span> <span class='ocrx_word' id='word_1_544' title='bbox 2177 2093 2253 2130; x_wconf 90' lang='lat' dir='ltr'>suis</span> <span class='ocrx_word' id='word_1_545' title='bbox 2280 2093 2393 2129; x_wconf 90' lang='lat' dir='ltr'>meri-</span> 
     </span>
     <span class='ocr_line' id='line_1_78' title="bbox 1398 2150 2392 2202; baseline 0.001 -15"><span class='ocrx_word' id='word_1_546' title='bbox 1398 2152 1442 2187; x_wconf 89' lang='lat' dir='ltr'>tis</span> <span class='ocrx_word' id='word_1_547' title='bbox 1461 2151 1636 2187; x_wconf 82' lang='lat' dir='ltr'>aestimata</span> <span class='ocrx_word' id='word_1_548' title='bbox 1651 2180 1660 2195; x_wconf 97' lang='lat'>,</span> <span class='ocrx_word' id='word_1_549' title='bbox 1683 2151 1758 2188; x_wconf 87' lang='lat' dir='ltr'>suis</span> <span class='ocrx_word' id='word_1_550' title='bbox 1778 2151 1888 2187; x_wconf 87' lang='lat' dir='ltr'>etiam</span> <span class='ocrx_word' id='word_1_551' title='bbox 1909 2150 2204 2200; x_wconf 89' lang='lat' dir='ltr'>proprietatibus</span> <span class='ocrx_word' id='word_1_552' title='bbox 2222 2152 2392 2202; x_wconf 81' lang='lat' dir='ltr'>cogiten-</span> 
     </span>
     <span class='ocr_line' id='line_1_79' title="bbox 1394 2209 2390 2260; baseline 0.001 -15"><span class='ocrx_word' id='word_1_553' title='bbox 1394 2218 1453 2245; x_wconf 90' lang='lat' dir='ltr'>tur</span> <span class='ocrx_word' id='word_1_554' title='bbox 1475 2224 1482 2245; x_wconf 94' lang='lat'><strong>:</strong></span> <span class='ocrx_word' id='word_1_555' title='bbox 1505 2218 1545 2245; x_wconf 91' lang='lat' dir='ltr'>ut</span> <span class='ocrx_word' id='word_1_556' title='bbox 1566 2210 1721 2258; x_wconf 90' lang='lat' dir='ltr'>incipiat</span> <span class='ocrx_word' id='word_1_557' title='bbox 1741 2210 1854 2246; x_wconf 91' lang='lat' dir='ltr'>homo</span> <span class='ocrx_word' id='word_1_558' title='bbox 1874 2209 2038 2260; x_wconf 87' lang='lat' dir='ltr'>perfecte</span> <span class='ocrx_word' id='word_1_559' title='bbox 2056 2222 2166 2246; x_wconf 91' lang='lat' dir='ltr'>nosse</span> <span class='ocrx_word' id='word_1_560' title='bbox 2185 2223 2224 2246; x_wconf 91' lang='lat' dir='ltr'>se</span> <span class='ocrx_word' id='word_1_561' title='bbox 2241 2210 2363 2259; x_wconf 89' lang='lat' dir='ltr'>ipsum</span> <span class='ocrx_word' id='word_1_562' title='bbox 2379 2238 2390 2255; x_wconf 91' lang='lat'>‚</span> 
     </span>
     <span class='ocr_line' id='line_1_80' title="bbox 1392 2266 2391 2317; baseline -0.001 -14"><span class='ocrx_word' id='word_1_563' title='bbox 1392 2275 1428 2303; x_wconf 85' lang='lat' dir='ltr'>et</span> <span class='ocrx_word' id='word_1_564' title='bbox 1456 2280 1523 2317; x_wconf 90' lang='lat' dir='ltr'>per</span> <span class='ocrx_word' id='word_1_565' title='bbox 1551 2267 1803 2317; x_wconf 74' lang='lat' dir='ltr'>cognitionem</span> <span class='ocrx_word' id='word_1_566' title='bbox 1828 2267 1883 2303; x_wconf 90' lang='lat' dir='ltr'>sui</span> <span class='ocrx_word' id='word_1_567' title='bbox 1911 2267 2167 2316; x_wconf 80' lang='lat' dir='ltr'>proficiendo,</span> <span class='ocrx_word' id='word_1_568' title='bbox 2190 2266 2391 2303; x_wconf 85' lang='lat' dir='ltr'>ascendere</span> 
     </span>
     <span class='ocr_line' id='line_1_81' title="bbox 1393 2326 2393 2375; baseline -0.002 -12"><span class='ocrx_word' id='word_1_569' title='bbox 1393 2327 1438 2363; x_wconf 88' lang='lat' dir='ltr'>ad</span> <span class='ocrx_word' id='word_1_570' title='bbox 1458 2327 1758 2375; x_wconf 81' lang='lat' dir='ltr'>cognoscendtmi</span> <span class='ocrx_word' id='word_1_571' title='bbox 1777 2330 1910 2363; x_wconf 88' lang='lat' dir='ltr'>Deum.</span> <span class='ocrx_word' id='word_1_572' title='bbox 1934 2329 2018 2373; x_wconf 92' lang='lat' dir='ltr'>Quo</span> <span class='ocrx_word' id='word_1_573' title='bbox 2039 2339 2122 2362; x_wconf 88' lang='lat' dir='ltr'>cum</span> <span class='ocrx_word' id='word_1_574' title='bbox 2144 2326 2306 2375; x_wconf 89' lang='lat' dir='ltr'>primum</span> <span class='ocrx_word' id='word_1_575' title='bbox 2327 2339 2393 2361; x_wconf 80' lang='lat' dir='ltr'>ex-</span> 
     </span>
     <span class='ocr_line' id='line_1_82' title="bbox 1392 2385 2392 2435; baseline -0.002 -14"><span class='ocrx_word' id='word_1_576' title='bbox 1392 2399 1543 2435; x_wconf 81' lang='lat' dir='ltr'>surgere</span> <span class='ocrx_word' id='word_1_577' title='bbox 1571 2394 1607 2421; x_wconf 85' lang='lat' dir='ltr'>et</span> <span class='ocrx_word' id='word_1_578' title='bbox 1634 2385 1800 2434; x_wconf 87' lang='lat' dir='ltr'>aspirare</span> <span class='ocrx_word' id='word_1_579' title='bbox 1822 2385 1952 2433; x_wconf 90' lang='lat' dir='ltr'>incipit</span> <span class='ocrx_word' id='word_1_580' title='bbox 1973 2385 2200 2432; x_wconf 80' lang='lat' dir='ltr'>proficientis</span> <span class='ocrx_word' id='word_1_581' title='bbox 2225 2385 2392 2431; x_wconf 79' lang='lat' dir='ltr'>affectus,</span> 
     </span>
     <span class='ocr_line' id='line_1_83' title="bbox 1394 2443 2391 2493; baseline -0.002 -12"><span class='ocrx_word' id='word_1_582' title='bbox 1394 2445 1432 2481; x_wconf 91' lang='lat' dir='ltr'>in</span> <span class='ocrx_word' id='word_1_583' title='bbox 1461 2445 1685 2493; x_wconf 74' lang='lat' dir='ltr'>cogitatione</span> <span class='ocrx_word' id='word_1_584' title='bbox 1703 2444 1813 2492; x_wconf 87' lang='lat' dir='ltr'>hujus</span> <span class='ocrx_word' id='word_1_585' title='bbox 1829 2443 2085 2479; x_wconf 89' lang='lat' dir='ltr'>similitudinis</span> <span class='ocrx_word' id='word_1_586' title='bbox 2103 2443 2307 2493; x_wconf 87' lang='lat' dir='ltr'>plurimum</span> <span class='ocrx_word' id='word_1_587' title='bbox 2328 2456 2391 2479; x_wconf 91' lang='lat' dir='ltr'>ca—</span> 
     </span>
     <span class='ocr_line' id='line_1_84' title="bbox 1396 2502 2394 2539; baseline 0 0"><span class='ocrx_word' id='word_1_588' title='bbox 1396 2504 1540 2539; x_wconf 87' lang='lat' dir='ltr'>vendus</span> <span class='ocrx_word' id='word_1_589' title='bbox 1573 2511 1628 2539; x_wconf 90' lang='lat' dir='ltr'>est</span> <span class='ocrx_word' id='word_1_590' title='bbox 1658 2515 1764 2539; x_wconf 90' lang='lat' dir='ltr'>error</span> <span class='ocrx_word' id='word_1_591' title='bbox 1796 2502 2110 2539; x_wconf 86' lang='lat' dir='ltr'>dissimilitudinis</span> <span class='ocrx_word' id='word_1_592' title='bbox 2140 2517 2147 2538; x_wconf 75' lang='grc' dir='ltr'>ε</span> <span class='ocrx_word' id='word_1_593' title='bbox 2180 2503 2319 2539; x_wconf 87' lang='lat' dir='ltr'>scilicet</span> <span class='ocrx_word' id='word_1_594' title='bbox 2354 2512 2394 2539; x_wconf 88' lang='lat' dir='ltr'>ut</span> 
     </span>
     <span class='ocr_line' id='line_1_85' title="bbox 1394 2561 2394 2612; baseline -0.002 -13"><span class='ocrx_word' id='word_1_595' title='bbox 1394 2561 1651 2612; x_wconf 87' lang='lat' dir='ltr'>spiritualibus</span> <span class='ocrx_word' id='word_1_596' title='bbox 1671 2562 1898 2611; x_wconf 88' lang='lat' dir='ltr'>spiritualia,</span> <span class='ocrx_word' id='word_1_597' title='bbox 1919 2570 1955 2597; x_wconf 90' lang='lat' dir='ltr'>et</span> <span class='ocrx_word' id='word_1_598' title='bbox 1982 2561 2118 2598; x_wconf 85' lang='lat' dir='ltr'>divinis</span> <span class='ocrx_word' id='word_1_599' title='bbox 2139 2561 2267 2598; x_wconf 90' lang='lat' dir='ltr'>divina</span> <span class='ocrx_word' id='word_1_600' title='bbox 2283 2574 2394 2598; x_wconf 91' lang='lat' dir='ltr'>com-</span> 
     </span>
    </p>
   </div>
   <div class='ocr_carea' id='block_1_16' title="bbox 1345 2621 2393 2672">
    <p class='ocr_par' dir='ltr' id='par_1_17' title="bbox 1345 2621 2393 2672">
     <span class='ocr_line' id='line_1_86' title="bbox 1345 2621 2393 2672; baseline -0.004 -12"><span class='ocrx_word' id='word_1_601' title='bbox 1345 2621 1562 2672; x_wconf 88' lang='lat' dir='ltr'>Dparando</span> <span class='ocrx_word' id='word_1_602' title='bbox 1581 2651 1590 2667; x_wconf 84' lang='lat'>,</span> <span class='ocrx_word' id='word_1_603' title='bbox 1622 2635 1697 2657; x_wconf 88' lang='lat' dir='ltr'>non</span> <span class='ocrx_word' id='word_1_604' title='bbox 1737 2621 1843 2657; x_wconf 79' lang='lat' dir='ltr'>aliter</span> <span class='ocrx_word' id='word_1_605' title='bbox 1875 2621 1921 2657; x_wconf 89' lang='lat' dir='ltr'>de</span> <span class='ocrx_word' id='word_1_606' title='bbox 1949 2621 2002 2656; x_wconf 89' lang='lat' dir='ltr'>eis</span> <span class='ocrx_word' id='word_1_607' title='bbox 2033 2621 2216 2670; x_wconf 82' lang='lat' dir='ltr'>cogitetur</span> <span class='ocrx_word' id='word_1_608' title='bbox 2237 2649 2247 2666; x_wconf 93' lang='lat'>,</span> <span class='ocrx_word' id='word_1_609' title='bbox 2280 2634 2393 2670; x_wconf 80' lang='lat' dir='ltr'>quam</span> 
     </span>
    </p>
   </div>
   <div class='ocr_carea' id='block_1_17' title="bbox 1395 2679 2396 3145">
    <p class='ocr_par' dir='ltr' id='par_1_18' title="bbox 1395 2679 2396 3145">
     <span class='ocr_line' id='line_1_87' title="bbox 1395 2679 2396 2731; baseline -0.003 -13"><span class='ocrx_word' id='word_1_610' title='bbox 1395 2682 1498 2731; x_wconf 88' lang='lat' dir='ltr'>quod</span> <span class='ocrx_word' id='word_1_611' title='bbox 1521 2694 1578 2718; x_wconf 87' lang='lat' dir='ltr'>res</span> <span class='ocrx_word' id='word_1_612' title='bbox 1605 2680 1730 2717; x_wconf 88' lang='lat' dir='ltr'>habet.</span> <span class='ocrx_word' id='word_1_613' title='bbox 1751 2680 1925 2729; x_wconf 76' lang='lat' dir='ltr'>Cogitans</span> <span class='ocrx_word' id='word_1_614' title='bbox 1944 2693 2032 2729; x_wconf 78' lang='lat' dir='ltr'>ergo</span> <span class='ocrx_word' id='word_1_615' title='bbox 2053 2680 2201 2716; x_wconf 84' lang='lat' dir='ltr'>animus</span> <span class='ocrx_word' id='word_1_616' title='bbox 2220 2679 2396 2716; x_wconf 89' lang='lat' dir='ltr'>similitu-</span> 
     </span>
     <span class='ocr_line' id='line_1_88' title="bbox 1396 2739 2395 2789; baseline -0.004 -11"><span class='ocrx_word' id='word_1_617' title='bbox 1396 2742 1521 2778; x_wconf 87' lang='lat' dir='ltr'>dinem</span> <span class='ocrx_word' id='word_1_618' title='bbox 1546 2741 1615 2777; x_wconf 87' lang='lat' dir='ltr'>Dei</span> <span class='ocrx_word' id='word_1_619' title='bbox 1637 2749 1673 2776; x_wconf 82' lang='lat' dir='ltr'>et</span> <span class='ocrx_word' id='word_1_620' title='bbox 1693 2741 1749 2776; x_wconf 87' lang='lat' dir='ltr'>sui</span> <span class='ocrx_word' id='word_1_621' title='bbox 1765 2768 1774 2785; x_wconf 92' lang='lat'>‚</span> <span class='ocrx_word' id='word_1_622' title='bbox 1803 2740 1925 2789; x_wconf 91' lang='lat' dir='ltr'>primo</span> <span class='ocrx_word' id='word_1_623' title='bbox 1941 2740 1977 2775; x_wconf 89' lang='lat' dir='ltr'>in</span> <span class='ocrx_word' id='word_1_624' title='bbox 1996 2739 2065 2775; x_wconf 88' lang='lat' dir='ltr'>hoc</span> <span class='ocrx_word' id='word_1_625' title='bbox 2086 2739 2220 2775; x_wconf 85' lang='lat' dir='ltr'>formet</span> <span class='ocrx_word' id='word_1_626' title='bbox 2239 2746 2276 2775; x_wconf 85' lang='lat' dir='ltr'>et</span> <span class='ocrx_word' id='word_1_627' title='bbox 2292 2746 2395 2788; x_wconf 84' lang='lat' dir='ltr'>aptet</span> 
     </span>
     <span class='ocr_line' id='line_1_89' title="bbox 1397 2797 2394 2850; baseline -0.004 -13"><span class='ocrx_word' id='word_1_628' title='bbox 1397 2800 1661 2850; x_wconf 80' lang='lat' dir='ltr'>cogitationem</span> <span class='ocrx_word' id='word_1_629' title='bbox 1679 2811 1782 2835; x_wconf 88' lang='lat' dir='ltr'>suam</span> <span class='ocrx_word' id='word_1_630' title='bbox 1797 2827 1806 2842; x_wconf 91' lang='lat'><strong>‚</strong></span> <span class='ocrx_word' id='word_1_631' title='bbox 1823 2806 1864 2835; x_wconf 88' lang='lat' dir='ltr'>ut</span> <span class='ocrx_word' id='word_1_632' title='bbox 1881 2799 2038 2834; x_wconf 92' lang='lat' dir='ltr'>omnino</span> <span class='ocrx_word' id='word_1_633' title='bbox 2055 2798 2170 2846; x_wconf 82' lang='lat' dir='ltr'>fugiat</span> <span class='ocrx_word' id='word_1_634' title='bbox 2189 2797 2394 2834; x_wconf 84' lang='lat' dir='ltr'>secundum</span> 
     </span>
     <span class='ocr_line' id='line_1_90' title="bbox 1397 2858 2395 2908; baseline -0.003 -13"><span class='ocrx_word' id='word_1_635' title='bbox 1397 2872 1535 2908; x_wconf 89' lang='lat' dir='ltr'>corpus</span> <span class='ocrx_word' id='word_1_636' title='bbox 1556 2859 1718 2908; x_wconf 79' lang='lat' dir='ltr'>cogitare</span> <span class='ocrx_word' id='word_1_637' title='bbox 1745 2870 1782 2893; x_wconf 84' lang='lat' dir='ltr'>se</span> <span class='ocrx_word' id='word_1_638' title='bbox 1803 2858 1926 2906; x_wconf 88' lang='lat' dir='ltr'>ipsum</span> <span class='ocrx_word' id='word_1_639' title='bbox 1949 2871 1956 2892; x_wconf 72' lang='grc' dir='ltr'>ε</span> <span class='ocrx_word' id='word_1_640' title='bbox 1982 2860 2103 2893; x_wconf 88' lang='lat' dir='ltr'>Demn</span> <span class='ocrx_word' id='word_1_641' title='bbox 2122 2868 2213 2892; x_wconf 90' lang='lat' dir='ltr'>vero</span> <span class='ocrx_word' id='word_1_642' title='bbox 2235 2869 2310 2892; x_wconf 91' lang='lat' dir='ltr'>non</span> <span class='ocrx_word' id='word_1_643' title='bbox 2331 2868 2395 2893; x_wconf 91' lang='lat' dir='ltr'>so—</span> 
     </span>
     <span class='ocr_line' id='line_1_91' title="bbox 1398 2915 2394 2965; baseline -0.003 -11"><span class='ocrx_word' id='word_1_644' title='bbox 1398 2920 1473 2954; x_wconf 91' lang='lat' dir='ltr'>lum</span> <span class='ocrx_word' id='word_1_645' title='bbox 1502 2930 1578 2954; x_wconf 90' lang='lat' dir='ltr'>non</span> <span class='ocrx_word' id='word_1_646' title='bbox 1608 2916 1813 2953; x_wconf 90' lang='lat' dir='ltr'>secundum</span> <span class='ocrx_word' id='word_1_647' title='bbox 1846 2929 2008 2965; x_wconf 89' lang='lat' dir='ltr'>corpus,</span> <span class='ocrx_word' id='word_1_648' title='bbox 2039 2916 2134 2951; x_wconf 88' lang='lat' dir='ltr'>sicut</span> <span class='ocrx_word' id='word_1_649' title='bbox 2161 2915 2302 2960; x_wconf 88' lang='lat' dir='ltr'>locale;</span> <span class='ocrx_word' id='word_1_650' title='bbox 2331 2915 2394 2951; x_wconf 88' lang='lat' dir='ltr'>sed</span> 
     </span>
     <span class='ocr_line' id='line_1_92' title="bbox 1398 2973 2395 3026; baseline -0.005 -12"><span class='ocrx_word' id='word_1_651' title='bbox 1398 2990 1521 3026; x_wconf 87' lang='lat' dir='ltr'>neque</span> <span class='ocrx_word' id='word_1_652' title='bbox 1541 2975 1748 3014; x_wconf 88' lang='lat' dir='ltr'>secundum</span> <span class='ocrx_word' id='word_1_653' title='bbox 1767 2975 1959 3024; x_wconf 87' lang='lat' dir='ltr'>spiritum,</span> <span class='ocrx_word' id='word_1_654' title='bbox 1981 2974 2075 3010; x_wconf 88' lang='lat' dir='ltr'>sicut</span> <span class='ocrx_word' id='word_1_655' title='bbox 2094 2973 2283 3010; x_wconf 89' lang='lat' dir='ltr'>mutabile.</span> <span class='ocrx_word' id='word_1_656' title='bbox 2304 2976 2395 3020; x_wconf 84' lang='lat' dir='ltr'>Quae</span> 
     </span>
     <span class='ocr_line' id='line_1_93' title="bbox 1399 3033 2396 3085; baseline -0.005 -12"><span class='ocrx_word' id='word_1_657' title='bbox 1399 3037 1497 3073; x_wconf 90' lang='lat' dir='ltr'>enim</span> <span class='ocrx_word' id='word_1_658' title='bbox 1525 3034 1731 3085; x_wconf 90' lang='lat' dir='ltr'>spiritualia</span> <span class='ocrx_word' id='word_1_659' title='bbox 1760 3042 1870 3078; x_wconf 88' lang='lat' dir='ltr'>sunt,</span> <span class='ocrx_word' id='word_1_660' title='bbox 1903 3041 2047 3069; x_wconf 89' lang='lat' dir='ltr'>tantum</span> <span class='ocrx_word' id='word_1_661' title='bbox 2082 3033 2229 3069; x_wconf 87' lang='lat' dir='ltr'>diversa</span> <span class='ocrx_word' id='word_1_662' title='bbox 2260 3041 2348 3068; x_wconf 89' lang='lat' dir='ltr'>sunt</span> <span class='ocrx_word' id='word_1_663' title='bbox 2375 3046 2396 3068; x_wconf 85' lang='lat' dir='ltr'>a</span> 
     </span>
     <span class='ocr_line' id='line_1_94' title="bbox 1400 3090 2396 3145; baseline -0.005 -13"><span class='ocrx_word' id='word_1_664' title='bbox 1400 3107 1601 3145; x_wconf 90' lang='lat' dir='ltr'>corporum</span> <span class='ocrx_word' id='word_1_665' title='bbox 1645 3093 1821 3142; x_wconf 88' lang='lat' dir='ltr'>qualitate</span> <span class='ocrx_word' id='word_1_666' title='bbox 1855 3101 1891 3128; x_wconf 87' lang='lat' dir='ltr'>et</span> <span class='ocrx_word' id='word_1_667' title='bbox 1926 3100 2058 3128; x_wconf 89' lang='lat' dir='ltr'>natura</span> <span class='ocrx_word' id='word_1_668' title='bbox 2083 3120 2092 3137; x_wconf 91' lang='lat'>,</span> <span class='ocrx_word' id='word_1_669' title='bbox 2129 3100 2309 3141; x_wconf 89' lang='lat' dir='ltr'>quantum</span> <span class='ocrx_word' id='word_1_670' title='bbox 2348 3090 2396 3128; x_wconf 86' lang='lat' dir='ltr'>ab</span> 
     </span>
    </p>
   </div>
   <div class='ocr_carea' id='block_1_18' title="bbox 389 3223 1768 3267">
    <p class='ocr_par' dir='ltr' id='par_1_19' title="bbox 389 3223 1768 3267">
     <span class='ocr_line' id='line_1_95' title="bbox 389 3223 1768 3267; baseline -0.005 -10"><span class='ocrx_word' id='word_1_671' title='bbox 389 3233 396 3247; x_wconf 85' lang='lat'><em>¹</em></span> <span class='ocrx_word' id='word_1_672' title='bbox 418 3226 563 3257; x_wconf 84' lang='lat' dir='ltr'>Horatius</span> <span class='ocrx_word' id='word_1_673' title='bbox 578 3250 584 3260; x_wconf 81' lang='lat'><strong>.</strong></span> <span class='ocrx_word' id='word_1_674' title='bbox 604 3225 808 3267; x_wconf 78' lang='lat' dir='ltr'>Epistolarum</span> <span class='ocrx_word' id='word_1_675' title='bbox 827 3224 905 3254; x_wconf 88' lang='lat' dir='ltr'>libro</span> <span class='ocrx_word' id='word_1_676' title='bbox 931 3228 959 3257; x_wconf 83' lang='grc'>1,</span> <span class='ocrx_word' id='word_1_677' title='bbox 980 3224 1069 3265; x_wconf 78' lang='lat' dir='ltr'>epist.</span> <span class='ocrx_word' id='word_1_678' title='bbox 1095 3227 1147 3258; x_wconf 76' lang='grc'>16,</span> <span class='ocrx_word' id='word_1_679' title='bbox 1169 3234 1244 3253; x_wconf 69' lang='lat' dir='ltr'>vers.</span> <span class='ocrx_word' id='word_1_680' title='bbox 1266 3227 1318 3255; x_wconf 74' lang='lat'>52.</span> <span class='ocrx_word' id='word_1_681' title='bbox 1336 3241 1377 3245; x_wconf 81' lang='lat'>—</span> <span class='ocrx_word' id='word_1_682' title='bbox 1394 3229 1405 3244; x_wconf 88' lang='lat'>²</span> <span class='ocrx_word' id='word_1_683' title='bbox 1421 3226 1513 3254; x_wconf 89' lang='lat' dir='ltr'>Joan.</span> <span class='ocrx_word' id='word_1_684' title='bbox 1530 3232 1612 3259; x_wconf 79' lang='lat' dir='ltr'>xvxi,</span> <span class='ocrx_word' id='word_1_685' title='bbox 1636 3224 1669 3251; x_wconf 82' lang='lat'>11</span> <span class='ocrx_word' id='word_1_686' title='bbox 1688 3244 1694 3253; x_wconf 82' lang='lat'>.</span> <span class='ocrx_word' id='word_1_687' title='bbox 1718 3223 1768 3251; x_wconf 88' lang='grc'>21.</span> 
     </span>
    </p>
   </div>
   <div class='ocr_carea' id='block_1_19' title="bbox 387 3274 2394 3323">
    <p class='ocr_par' dir='ltr' id='par_1_20' title="bbox 387 3274 2394 3323">
     <span class='ocr_line' id='line_1_96' title="bbox 387 3274 2394 3323; baseline -0.005 -7"><span class='ocrx_word' id='word_1_688' title='bbox 387 3293 393 3305; x_wconf 92' lang='grc'><em>“</em></span> <span class='ocrx_word' id='word_1_689' title='bbox 414 3285 510 3322; x_wconf 77' lang='lat' dir='ltr'>Alias,</span> <span class='ocrx_word' id='word_1_690' title='bbox 528 3285 562 3315; x_wconf 77' lang='lat' dir='ltr'>si.</span> <span class='ocrx_word' id='word_1_691' title='bbox 586 3303 626 3307; x_wconf 43' lang='grc'>*-</span> <span class='ocrx_word' id='word_1_692' title='bbox 651 3285 664 3304; x_wconf 84' lang='lat'>¹¹</span> <span class='ocrx_word' id='word_1_693' title='bbox 682 3283 783 3319; x_wconf 74' lang='lat' dir='ltr'>Alias,</span> <span class='ocrx_word' id='word_1_694' title='bbox 813 3289 842 3312; x_wconf 79' lang='lat' dir='ltr'>et</span> <span class='ocrx_word' id='word_1_695' title='bbox 867 3283 962 3311; x_wconf 61' lang='lat' dir='ltr'>vitam</span> <span class='ocrx_word' id='word_1_696' title='bbox 989 3283 1021 3311; x_wconf 80' lang='lat' dir='ltr'>in</span> <span class='ocrx_word' id='word_1_697' title='bbox 1044 3280 1241 3318; x_wconf 47' lang='lat' dir='ltr'>inferioribus</span> <span class='ocrx_word' id='word_1_698' title='bbox 1266 3280 1417 3318; x_wconf 76' lang='lat' dir='ltr'>orditmt;</span> <span class='ocrx_word' id='word_1_699' title='bbox 1443 3281 1580 3311; x_wconf 67' lang='lat' dir='ltr'>scientia-</span> <span class='ocrx_word' id='word_1_700' title='bbox 1607 3286 1693 3323; x_wconf 80' lang='lat' dir='ltr'>aptat</span> <span class='ocrx_word' id='word_1_701' title='bbox 1719 3276 1775 3308; x_wconf 79' lang='lat' dir='ltr'>sihi</span> <span class='ocrx_word' id='word_1_702' title='bbox 1797 3278 1977 3308; x_wconf 73' lang='lat' dir='ltr'>servitutem.</span> <span class='ocrx_word' id='word_1_703' title='bbox 2001 3278 2025 3315; x_wconf 83' lang='lat'>†</span> <span class='ocrx_word' id='word_1_704' title='bbox 2048 3295 2090 3300; x_wconf 86' lang='lat'>--</span> <span class='ocrx_word' id='word_1_705' title='bbox 2113 3281 2126 3297; x_wconf 54' lang='grc' dir='ltr'><strong>Γ</strong></span> <span class='ocrx_word' id='word_1_706' title='bbox 2142 3277 2239 3312; x_wconf 77' lang='lat' dir='ltr'>Alias.</span> <span class='ocrx_word' id='word_1_707' title='bbox 2261 3283 2290 3306; x_wconf 80' lang='lat' dir='ltr'>et</span> <span class='ocrx_word' id='word_1_708' title='bbox 2309 3274 2394 3318; x_wconf 70' lang='lat' dir='ltr'>suffi-</span> 
     </span>
    </p>
   </div>
   <div class='ocr_carea' id='block_1_20' title="bbox 340 3333 1655 3370">
    <p class='ocr_par' dir='ltr' id='par_1_21' title="bbox 340 3333 1655 3370">
     <span class='ocr_line' id='line_1_97' title="bbox 340 3333 1655 3370; baseline -0.004 -4"><span class='ocrx_word' id='word_1_709' title='bbox 340 3339 483 3367; x_wconf 67' lang='lat' dir='ltr'>.‹ruliam</span> <span class='ocrx_word' id='word_1_710' title='bbox 507 3344 629 3366; x_wconf 69' lang='lat' dir='ltr'>natura*</span> <span class='ocrx_word' id='word_1_711' title='bbox 653 3338 683 3365; x_wconf 81' lang='lat' dir='ltr'>in</span> <span class='ocrx_word' id='word_1_712' title='bbox 713 3333 1003 3365; x_wconf 59' lang='lat' dir='ltr'>ratiocinationibus</span> <span class='ocrx_word' id='word_1_713' title='bbox 1028 3343 1054 3363; x_wconf 70' lang='lat' dir='ltr'>et</span> <span class='ocrx_word' id='word_1_714' title='bbox 1079 3333 1348 3364; x_wconf 72' lang='lat' dir='ltr'>ratiocinabilihus</span> <span class='ocrx_word' id='word_1_715' title='bbox 1373 3333 1511 3364; x_wconf 74' lang='lat' dir='ltr'>ordinem</span> <span class='ocrx_word' id='word_1_716' title='bbox 1540 3333 1622 3364; x_wconf 60' lang='lat' dir='ltr'>rimu</span> <span class='ocrx_word' id='word_1_717' title='bbox 1651 3352 1655 3370; x_wconf 76' lang='lat' dir='ltr'>t</span> 
     </span>
    </p>
   </div>
   <div class='ocr_carea' id='block_1_21' title="bbox 1641 3333 1665 3349">
    <p class='ocr_par' dir='ltr' id='par_1_22' title="bbox 1641 3333 1665 3349">
     <span class='ocr_line' id='line_1_98' title="bbox 1641 3333 1665 3349; baseline 0 0"><span class='ocrx_word' id='word_1_718' title='bbox 1641 3333 1665 3349; x_wconf 56' lang='lat'>„1-</span> 
     </span>
    </p>
   </div>
  </div>
 </body>
</html>
