2418 3949
148 217 240 254 1281

784 219 946 255 SERMO
975 218 1041 253 DE
1070 217 1301 254 PASSIONE
1329 220 1517 255 DOMINI.

2091 221 2190 257 1282

347 525 624 594 SERMO
672 526 780 592 DE
829 526 1024 596 VITA
1071 527 1172 592 ET
1223 521 1626 591 PASSIONE
1679 525 1992 593 DOMINI.

507 743 544 746 ‡--
555 743 656 746 -—
1107 728 1281 756 -Θόῦῡ

197 865 338 904 Sancto
350 865 535 904 Anselmo
550 865 740 905 tribuitur
753 870 775 905 a
790 867 1031 918 Trhhemio,
1051 870 1291 908 Bellarmino
1303 900 1312 917 ,
1332 879 1372 908 et
1387 869 1470 908 aliis
1482 899 1492 917 ‚
1514 870 1588 908 sub
1607 870 1737 918 titulo,
1758 889 1770 903 «
1788 869 1981 909 Stimulus
2000 873 2157 910 amoris.
2179 893 2190 905 Α.

143 929 256 968 Certe
276 929 462 968 Bemardi
485 929 621 969 stilum
640 945 719 969 non
735 933 854 983 sapit,
876 947 945 971 nec
961 935 1154 985 reperitur
1172 936 1214 973 in
1233 935 1405 986 antiquis
1426 937 1712 986 manuscriptis,
1732 950 1799 973 nec
1819 937 1858 973 in
1877 937 2005 986 prima
2024 936 2193 976 editione

145 995 398 1048 Lugdunensi
417 995 491 1034 suh
511 998 667 1035 nomine
691 997 893 1036 Bernatdi.

839 1158 857 1162 κ
881 1160 884 1162 ψ
935 1148 1499 1173 νὴ--ὀοῦῢῡ--ηὴηᾉ

205 1297 237 1332 l.
269 1299 395 1333 Jesum
420 1299 651 1333 Nazarenum
667 1325 676 1342 ,
701 1311 721 1333 a
751 1296 892 1334 Judaeis
920 1297 1181 1335 innocenter-⁶⁴

1187 1297 1276 1348 9(Ῑιιί
1304 1298 1383 1335 sola
1413 1296 1540 1334 odoris
1564 1295 1617 1331 tui
1638 1295 1820 1331 suavitate
1850 1295 2099 1332 inaestimabili
2127 1300 2198 1333 Pa-

143 1355 1140 1401 condemnatum,aGentibuscrucifixum‚Christiani
1160 1359 1186 1392 Α
1210 1366 1302 1394 trem
1323 1385 1333 1403 ,
1364 1357 1430 1406 qui
1462 1357 1500 1392 in
1528 1355 1611 1392 altis
1646 1353 1812 1400 habitat,
1844 1354 1890 1390 ad
1921 1356 2200 1405 respiciendum

147 1415 283 1452 divinis
302 1416 534 1452 honoremus
547 1414 752 1465 obsequiis.
773 1416 976 1453 Salvatoris
993 1417 1142 1453 infirma

147 1486 217 1511 nos
230 1502 241 1519 ,
255 1475 319 1524 qui
331 1474 531 1512 Christiani
552 1487 680 1512 sumus
696 1504 704 1519 ‚
725 1482 941 1512 reverenter
956 1477 1139 1522 venerari,

147 1543 317 1570 amanter
337 1535 534 1584 amplecti,
563 1535 707 1571 fortiter
726 1534 862 1570 imitari
890 1534 1044 1585 dignum
1061 1544 1138 1581 est,

147 1593 297 1631 salubre
317 1601 354 1630 et
376 1593 640 1630 honorificum.
660 1598 747 1631 Haec
762 1594 862 1630 euim
885 1603 974 1631 sunt
997 1595 1140 1630 instru-

148 1661 274 1690 menta
300 1653 499 1690 fortissima
513 1683 522 1699 ,
540 1653 680 1703 quibus
700 1654 939 1704 omnipotens
963 1655 1084 1691 virtus
1103 1662 1141 1690 et

149 1711 421 1762 investigabilis
466 1713 649 1762 sapientia
693 1714 787 1758 Dei,
832 1714 1139 1750 restaurationem

149 1770 281 1808 mundi
301 1780 477 1822 potenter
500 1780 612 1821 atque
634 1772 790 1809 mirifice
818 1781 973 1822 operata
999 1781 1077 1817 est,
1105 1781 1142 1809 et

148 1843 268 1879 usque
284 1830 398 1867 modo
413 1839 604 1881 operatur.
622 1831 790 1868 Christus
809 1832 992 1868 Dominus
1012 1832 1140 1868 mino-

154 1898 257 1927 ratus
281 1898 337 1927 est
363 1889 410 1926 ab
429 1890 603 1940 Angelis,
630 1899 673 1927 ut
692 1904 760 1928 nos
788 1899 953 1940 aequaret
976 1892 1140 1942 Angelis.

149 1950 198 1984 Et
227 1948 312 1997 quis
342 1956 500 1998 propter
535 1948 722 1986 Christum
755 1962 832 1985 non
868 1961 906 1986 se
946 1949 1142 1987 humiliet?

152 2007 323 2045 Christus
343 2008 527 2046 Dominus
559 2021 630 2058 pro
660 2010 821 2059 pcccatis
851 2010 990 2046 nostris
1022 2011 1143 2047 cruci-

1206 1417 1361 1453 humilia
1388 1414 1596 1460 inclinasti,
1617 1421 1654 1449 et
1682 1413 1766 1449 filiis
1795 1413 1845 1449 ita
1864 1413 2087 1463 placabilem
2111 1415 2199 1451 red-

1207 1473 1346 1510 didisti.
1362 1476 1474 1517 Tuas,
1492 1471 1651 1514 Christe,
1668 1471 1925 1507 miserationes
1940 1473 2201 1521 praedicamus,

1205 1542 1277 1569 tuae
1293 1532 1485 1569 suavitatis
1500 1530 1718 1566 memoriam
1748 1543 1833 1566 cum
1863 1529 2094 1568 abundantia
2115 1545 2202 1569 eru-

1205 1602 1363 1629 ctamus.
1385 1590 1494 1636 Tibi,
1518 1590 1688 1635 Christe,
1721 1591 1943 1626 sacrificium
1975 1592 2095 1629 laudis
2131 1592 2203 1628 im-

1206 1653 1390 1688 molamus
1414 1663 1484 1700 pro
1504 1648 1747 1685 multitudine
1767 1647 1947 1686 bonitatis
1976 1659 2063 1696 tuse,
2091 1664 2202 1700 quam

1207 1710 1401 1748 ostendisti
1423 1708 1550 1753 nobis,
1565 1708 1699 1744 semini
1714 1721 1874 1757 nequam
1886 1738 1894 1754 ,
1914 1710 1998 1747 filiis
2014 1711 2204 1747 sceleratis

1207 1779 1244 1806 et
1274 1769 1443 1819 perditis.
1478 1770 1569 1805 Cum
1602 1767 1724 1804 adhuc
1752 1768 1895 1804 inimici
1929 1769 1982 1805 tui
2015 1782 2200 1815 essemus,

1207 1830 1368 1867 Domine
1384 1858 1394 1875 ,
1428 1837 1465 1865 et
1503 1840 1605 1864 mors
1638 1828 1767 1877 iniqua
1798 1829 1835 1864 in
1870 1842 2020 1865 onmem
2053 1843 2203 1866 earnem

1209 1897 1401 1926 exerceret
1423 1887 1658 1932 dominium,
1690 1887 1750 1923 cui
1781 1900 1893 1924 omne
1925 1901 2051 1924 semen
2082 1890 2200 1926 Adam

1209 1957 1289 1986 erat
1305 1948 1514 1985 obnoxium
1533 1948 1614 1996 lege
1634 1947 1891 1997 primordialis
1912 1949 2051 1998 culpae,
2075 1963 2203 1986 recor—

1210 2008 1318 2046 datus
1334 2021 1373 2045 es
1392 2006 1496 2044 verbi
1518 2006 1784 2043 misericordiae
1806 2015 1878 2043 tute
1892 2036 1901 2052 ‚
1921 2016 1958 2044 et
1977 2010 2205 2058 prospexisti

151 2067 248 2105 fixus
272 2077 346 2114 est,
366 2077 404 2104 et
424 2068 579 2118 :crucem
610 2082 775 2106 amaram
805 2072 880 2108 suis
911 2071 1142 2108 amatoribus
1161 2072 1188 2106 B
1208 2081 1255 2105 ex
1268 2067 1419 2104 sublimi
1435 2066 1666 2103 habitatione
1684 2075 1745 2103 tua
1762 2067 1799 2103 in
1816 2067 1912 2102 hanc
1927 2068 2059 2104 vallem
2078 2069 2206 2118 plora-

150 2127 372 2164 dulcoravit.
393 2131 565 2166 Mortuus
581 2137 654 2173 est,
675 2137 712 2166 et
730 2139 891 2168 mortem
919 2131 1081 2177 necavit,
1102 2139 1142 2168 ut

149 2187 365 2224 viveremus
396 2200 464 2237 per
491 2187 608 2224 illum.
627 2191 673 2224 Et
700 2189 784 2237 quis
813 2202 889 2226 non
913 2199 1011 2227 amet
1041 2190 1144 2228 Chri-

150 2255 249 2283 stum
267 2247 494 2283 Dominum?
511 2247 594 2296 quis
611 2261 686 2284 non
705 2249 869 2298 patiatur
885 2264 954 2300 pro
973 2251 1143 2288 Christo?

151 2307 321 2344 Christus
334 2320 401 2356 per
415 2307 537 2344 crucis
555 2308 800 2357 ignominiam
817 2309 862 2345 ad
880 2322 1053 2360 supernae
1069 2310 1144 2346 cla-

152 2365 271 2402 ritatis
289 2366 446 2416 gloriam
470 2367 628 2412 transit,
660 2375 696 2404 et
727 2367 812 2405 data
834 2378 889 2405 est
918 2370 951 2406 ei
982 2383 1050 2419 pro
1076 2382 1141 2405 sua

152 2425 361 2461 reverentia
379 2438 399 2461 a
415 2428 496 2461 Deo
513 2428 621 2462 Patre
642 2427 765 2464 omnis
792 2436 956 2477 potestas
982 2429 1018 2464 in
1048 2428 1143 2464 coelo

151 2483 241 2520 etin
258 2487 374 2530 terra,
394 2492 435 2520 ut
449 2484 610 2522 adorent
632 2498 717 2522 eum
741 2499 873 2524 omnes
895 2488 1030 2539 Angeli
1051 2488 1141 2532 Dei,

151 2551 189 2579 et
207 2543 245 2579 in
268 2544 420 2580 nomine
441 2548 531 2581 Jesu
562 2557 676 2581 omne
703 2558 803 2594 genu
832 2546 1006 2584 flectatur
1031 2547 1144 2584 coele-

151 2602 282 2647 stium,
301 2604 531 2639 terrestrium
545 2633 554 2649 ‚
570 2613 606 2640 et
623 2605 871 2642 infernorum.

207 2662 242 2698 2.
272 2661 346 2699 Ubi
365 2671 419 2698 est
434 2663 607 2712 gloriatio
624 2672 686 2700 tua
699 2693 708 2709 ,
726 2677 749 2700 o
768 2665 969 2702 christiane
983 2694 992 2710 ,
1016 2666 1086 2701 nisi
1106 2665 1143 2700 in

153 2721 305 2757 nomine
327 2721 493 2758 crucilixi
515 2722 667 2758 Domini
698 2723 765 2758 Dei
789 2723 862 2769 tui,
891 2732 928 2759 et
951 2724 989 2759 in
1010 2723 1145 2760 Christi

152 2781 324 2826 nomine,
341 2781 443 2830 quod
473 2790 528 2818 est
545 2795 658 2832 super
681 2796 794 2819 omne
822 2796 980 2829 nomen,
1008 2783 1045 2819 iu
1067 2796 1144 2832 quo

1210 2127 1322 2164 tionis
1358 2134 1495 2163 nostrae
1519 2134 1556 2162 et
1586 2126 1758 2162 miseriae.
1795 2126 1929 2163 Vidisti
1963 2127 2204 2164 afflictionem

1207 2187 1339 2238 populi
1364 2187 1436 2232 tui,
1458 2194 1495 2222 et
1513 2194 1632 2222 tactus
1650 2185 1804 2222 dulcore
1821 2186 2010 2223 charitatis
2027 2188 2206 2225 intrinse-

1209 2260 1295 2292 cus,
1317 2246 1523 2296 apposuisti
1547 2247 1711 2295 cogitare
1735 2259 1849 2295 super
1870 2259 1938 2283 nos
1961 2247 2206 2297 cogitationes

1209 2306 1310 2356 pacis
1325 2314 1361 2341 et
1382 2305 1671 2354 redemptionis.

1263 2366 1297 2402 3.
1330 2368 1376 2401 Et
1408 2365 1562 2414 quidem
1591 2378 1675 2401 cum
1709 2377 1807 2401 esses
1839 2365 1954 2402 Filius
1978 2366 2070 2410 Dei,
2106 2370 2207 2403 Deus

1209 2437 1344 2468 verus,
1375 2427 1454 2460 Deo
1484 2424 1606 2469 Patri,
1631 2432 1835 2472 sanctoque
1862 2424 2016 2473 Spiritui
2050 2434 2206 2462 eoaeter-

1211 2498 1300 2529 nus,
1321 2493 1357 2521 et
1384 2483 1732 2530 consubstantialis,
1761 2484 1880 2520 lucem
1905 2484 2075 2522 habitans
2101 2486 2208 2522 inac-

1210 2543 1444 2588 cessibilem,
1475 2551 1708 2592 portansque
1747 2545 1876 2579 onmia
1906 2543 2024 2580 verbo
2059 2545 2208 2582 virtutis

1213 2612 1306 2648 tuae,
1331 2615 1407 2638 non
1431 2601 1633 2651 despexisti
1654 2603 1690 2638 in
1714 2602 1783 2638 hoe
1813 2611 1949 2638 nostrae
1970 2604 2208 2641 mortalitatis

1210 2662 1436 2710 ergastulum
1453 2660 1688 2697 altitudinem
1707 2669 1807 2697 tuam
1830 2661 2026 2706 inclinare,
2049 2662 2112 2699 ubi
2136 2677 2208 2699 no-

1211 2730 1323 2757 stram
1345 2728 1382 2756 et
1402 2728 1569 2768 gustares
1591 2728 1627 2755 et
1647 2719 1870 2756 absorberes
1894 2721 2096 2765 miseriam,
2118 2736 2208 2759 nos-

1210 2793 1283 2829 que
1311 2792 1505 2828 reparares
1525 2779 1570 2814 ad
1592 2779 1760 2827 gloriam.
1781 2783 1914 2816 Parum
1943 2780 2011 2816 suit
2037 2781 2205 2818 charitati

152 2841 217 2890 qui
246 2840 463 2877 benedictus
494 2850 549 2878 est
579 2854 693 2892 super
719 2851 877 2888 terram,
901 2841 1146 2878 benedicetur
1166 2848 1192 2883 C
1215 2848 1286 2876 tua»
1317 2839 1362 2875 ad
1393 2838 1733 2874 consummandum
1774 2852 1869 2888 opus
1895 2848 2031 2876 nostra?
2059 2842 2208 2885 salutis,

152 2900 190 2935 in
213 2899 340 2936 coelis?
356 2900 577 2937 Gloriamini
595 2900 632 2936 in
653 2900 805 2936 nomine
822 2900 901 2937 Filii
919 2899 1146 2950 Redempto-

153 2958 223 3003 ris,
245 2966 283 2995 et
310 2958 395 2994 date
415 2958 596 2995 honorem
621 2959 673 2995 illi
695 2959 880 2996 Salvatori
902 2967 1032 2996 nostro
1047 2987 1056 3004 ‚
1083 2959 1146 3008 qui

154 3031 288 3067 magna
319 3018 405 3054 fecit
436 3019 474 3054 in
507 3017 635 3063 nobis,
668 3027 704 3055 et
737 3019 970 3068 magnificate
1006 3031 1145 3054 nomen

153 3078 235 3127 ejus
256 3091 423 3123 mecum,
445 3078 614 3115 dicentes
636 3093 642 3114 ε
677 3078 898 3122 Adoramus,
918 3087 951 3115 te
966 3107 975 3123 ,
1005 3078 1147 3115 Christe

154 3151 220 3175 rex
240 3139 352 3175 Israel
370 3138 510 3189 pariter
529 3147 566 3175 et
591 3139 768 3176 Gentium
783 3168 792 3185 ,
818 3140 993 3189 princeps
1016 3151 1143 3186 regum

156 3206 285 3243 terrae,
311 3199 473 3235 Domine
501 3202 600 3235 Deus
619 3198 796 3244 sabaoth,
829 3199 947 3235 virtus
970 3198 1148 3246 omnipo-

157 3259 267 3294 tentis
295 3259 365 3295 Dei
396 3259 606 3296 fortissima.
636 3259 850 3297 Adon-amus
879 3267 913 3295 te
945 3259 1151 3308 pretiosum

156 3318 317 3367 pretium
332 3318 600 3368 redemptionis
613 3327 762 3363 uostra‘,
775 3318 930 3354 hostiam
945 3318 1152 3368 pacificam,

290 3397 379 3418 rou.
405 3397 439 3418 v.

1213 2898 1415 2938 Cherubim
1437 2907 1499 2934 aut
1526 2898 1740 2947 Seraphim,
1760 2907 1823 2934 aut
1848 2912 1963 2934 uuum
1984 2913 2028 2935 ex
2055 2902 2209 2950 Angelis

1213 2959 1401 2995 destinare
1427 2958 1534 3006 :ipse
1561 2957 1691 2993 venire
1717 2957 1762 2993 ad
1785 2971 1853 2994 nos
1873 2958 2046 3006 dignatus
2074 2973 2112 2996 es
2140 2974 2208 3009 per

1215 3017 1430 3054 mandatum
1450 3016 1585 3060 PatriS‚
1605 3015 1713 3064 cujus
1731 3016 1882 3053 nimiam
1899 3017 2117 3054 charitatem
2135 3033 2206 3055 cx—

1214 3077 1310 3126 perti
1328 3089 1457 3113 sumus
1475 3076 1511 3111 in
1534 3084 1579 3111 te.
1599 3076 1761 3121 Venisti,
1780 3076 1932 3125 inquam
1947 3105 1955 3119 ‚
1980 3090 2056 3113 non
2085 3078 2206 3115 locum

1217 3135 1399 3173 mutando
1416 3164 1425 3180 ,
1445 3135 1508 3172 sed
1527 3136 1763 3185 praesentiam
1783 3144 1883 3171 tuam
1906 3135 2014 3171 nobis
2037 3150 2102 3185 per
2121 3151 2206 3173 ear-

1218 3211 1302 3234 nem
1326 3195 1555 3233 exhibendo.
1574 3196 1716 3231 Venisti
1737 3210 1756 3232 a
1784 3197 1895 3243 regali
1915 3197 2010 3231 sulio
2040 3196 2212 3234 sublimis

1218 3256 1345 3306 gloriae
1371 3264 1442 3292 tuae
1467 3256 1503 3291 in
1534 3255 1713 3291 humilem
1744 3265 1777 3290 ‹·t
1814 3255 1996 3304 abjectam
2031 3257 2066 3291 iu
2092 3258 2211 3294 oeulis

1220 3318 1295 3353 suis
1324 3316 1511 3366 puellam.
1544 3316 1607 3364 pio
1637 3315 1827 3364 virginalis
1847 3315 2091 3352 contineutiae
2125 3327 2214 3351 voto

1962 3380 1993 3415 'tl
