2504 3928
337 193 380 228 91
1106 189 1396 229 GlLLEBERTI
1426 195 1624 231 ABBATIS
2327 196 2378 232 92

337 277 509 313 tuorum,
529 279 576 303 ne
591 264 768 316 pestilens
787 276 877 299 aura
893 263 939 299 de
955 264 1079 301 vicino
1097 279 1300 317 erumpens
1313 297 1323 314 ,
1339 268 1370 287 ³⁸
1391 270 1551 320 Spiritus
1573 270 1741 314 Domini,
1766 278 1799 306 et
1819 270 1855 306 in
1879 284 1969 320 pace
1988 271 2092 307 locus
2109 270 2203 320 ejus.
2227 271 2297 308 Sed
2318 271 2378 309 hic

336 329 449 364 salem
471 326 662 375 sapientiae
681 324 716 360 in
737 322 844 359 nobis
858 323 1026 360 infatuet.
1047 328 1173 360 Serum
1192 337 1323 372 vester,
1346 329 1375 361 A
1392 330 1557 378 quiescat
1574 330 1720 366 interim
1737 342 1861 366 sermo
1881 338 2009 367 noster
2021 359 2031 375 ,
2050 331 2165 380 magis
2184 344 2275 368 vero
2291 344 2379 368 sen-

338 388 471 425 paulus
499 385 637 434 inquit,
668 395 812 430 sempe-1·
839 387 878 417 iu
905 387 1029 431 gratia
1058 388 1138 420 suli·
1164 389 1328 423 conditus

335 452 422 486 sit'.
435 443 622 492 Numquid
644 442 745 478 solus
759 454 897 487 sermo,
914 451 950 478 et
966 456 1040 479 non
1061 444 1186 492 potius
1204 446 1324 491 visus,

335 505 508 546 auditus,
532 503 696 539 incessus
712 529 721 544 ,
746 501 868 537 omnis
889 501 1052 551 denique
1076 503 1242 540 exterior
1259 518 1327 553 ge-

336 574 415 602 stus
434 564 509 600 sale
531 561 677 599 condiri
697 560 1019 605 domandam—ee,
1043 563 1185 612 inquit,
1207 569 1327 600 omni-

335 625 398 661 bus
417 637 491 672 per
507 626 652 666 onmia,
672 625 766 656 sicut
784 631 818 658 ct
843 635 908 669 ego
928 628 954 657 ².
976 622 1086 669 Quod
1108 622 1135 658 si
1156 623 1324 660 infatuati

334 693 422 721 sunt
440 682 612 720 Ecclesiae
633 681 822 731 principes
838 709 848 726 ,
867 680 995 730 plebes
1016 682 1053 718 in
1086 696 1162 731 quo
1187 684 1324 719 salien—

336 749 418 780 tur³
432 744 446 778 Ρ

387 804 420 839 7.
443 804 488 837 Et
509 813 597 845 nos,
622 799 774 843 fratres»,
799 799 863 847 qui
884 799 1072 848 religionis
1092 801 1324 850 professores

333 874 483 905 sumus,
503 860 555 896 sal
581 872 661 895 esse
683 867 791 895 terrae
821 857 1012 895 debemus.
1043 859 1079 895 Si
1107 873 1197 908 ergo
1226 868 1263 896 et
1285 861 1323 896 in

333 920 444 957 nobis
461 920 513 956 sal
534 918 730 955 evanuerit
744 945 753 961 ,
772 918 807 953 in
828 931 904 966 quo
917 917 1101 953 salietur?
1117 921 1249 955 Factus
1268 927 1324 955 est

331 979 506 1017 sacerdos
539 978 633 1014 sieut
664 977 852 1026 populus,
883 984 922 1012 ut
952 976 1124 1012 licentius
1159 978 1324 1026 populus

1393 402 1454 424 sus
1469 398 1595 425 noster
1612 390 1648 425 in
1668 389 1739 425 boc
1759 389 1898 425 utinam
1921 391 2125 439 requiescat
2145 399 2288 428 secreto
2313 403 2378 427 cu-

1393 448 1505 485 biculi
1523 464 1530 485 :
1548 458 1587 484 ut
1614 449 1715 498 quod
1749 449 1981 498 experientia
1998 450 2189 496 docuerit,
2222 462 2379 500 expres-

1394 508 1470 544 sius
1511 509 1685 544 refundat
1733 521 1906 544 sermone
1947 509 2117 558 sequenti
2137 537 2146 554 ‚
2177 517 2378 559 praestante

1394 567 1558 602 Domino
1575 576 1705 603 nostro
1724 571 1811 603 Jesu
1838 567 2004 612 Christo,
2028 568 2091 616 qui
2108 581 2191 604 cum
2211 571 2319 605 Patre
2343 576 2380 604 et

1391 626 1531 674 Spiritu
1554 635 1682 662 sancto
1707 626 1798 661 vivit
1823 634 1859 661 et
1880 635 2010 675 regnat
2035 631 2135 664 Deus
2159 640 2227 677 per
2251 626 2379 663 omnia

1390 685 1525 720 saecula
1548 686 1787 721 saeculorum.
1811 689 1942 722 Amen.

1388 813 2010 824 ==uusus-1·===xnuw=====umsnssu·wu=
2017 814 2382 825 x=uumu=suu==n===nn

1655 926 1905 982 SERMO
1961 927 2117 982 XIV.

331 1039 425 1075 sicut
445 1036 619 1074 sacerdos
637 1037 709 1072 liat.
732 1034 875 1071 Mundo
895 1047 934 1071 se
962 1035 1134 1070 monachi
1155 1035 1322 1072 studiose
1343 1043 1369 1077 Β
1386 1059 1509 1104 Adjaro
1542 1073 1611 1097 ms,
1639 1060 1721 1105 fitiae
1748 1060 1935 1098 Jerusalem,
1963 1073 2021 1105 per
2038 1072 2187 1105 capreas,
2216 1073 2381 1106 cervosque

331 1097 568 1133 conformant
593 1110 600 1131 :
624 1103 662 1130 et
690 1094 754 1143 qui
785 1094 821 1130 in
844 1093 986 1129 mundo
1013 1102 1120 1139 sunt,
1153 1107 1320 1131 errorem

331 1169 440 1193 suum
474 1162 690 1191 nostrorum
725 1153 813 1189 satis
846 1161 995 1188 versute
1029 1161 1066 1188 et
1095 1153 1205 1189 nimis
1233 1166 1323 1190 vere

333 1222 486 1252 tuentur
507 1212 692 1261 exemplo.
713 1211 852 1248 Mutuis
877 1211 924 1246 ad
941 1211 1029 1247 vitia
1050 1223 1129 1247 sese
1144 1239 1154 1257 ,
1172 1220 1236 1247 aut
1260 1212 1322 1247 in-

334 1276 497 1311 formant
512 1299 522 1316 ,
540 1280 603 1309 aut
622 1272 750 1307 fovent
767 1271 949 1320 exemplis
963 1299 973 1314 ,
991 1279 1161 1320 pastores
1186 1279 1223 1307 et
1250 1284 1323 1320 po-

332 1335 433 1385 puli,
449 1334 644 1371 saeculares
667 1340 703 1367 et
724 1331 896 1380 religiosi.
926 1331 1185 1380 Promptuaria
1210 1331 1321 1380 plena

333 1402 420 1430 sunt
436 1391 677 1441 hujusmodi,
696 1390 905 1427 eructantia
918 1403 963 1426 ex
979 1390 1050 1425 boc
1067 1390 1103 1426 in
1127 1389 1239 1435 illud,
1256 1398 1321 1426 aut

333 1454 452 1503 turpis
465 1482 473 1498 ‚
496 1460 560 1488 aut
578 1450 712 1500 tepidae
738 1450 1034 1486 conversationis
1053 1449 1226 1498 spiritum
1253 1462 1322 1498 pe—

331 1513 533 1549 stilentem.
559 1512 658 1547 Heu!
680 1522 793 1558 quam
811 1508 923 1545 avido
941 1508 1066 1545 cordis
1083 1522 1149 1544 ore
1164 1520 1321 1557 pravum

332 1572 430 1608 hunc
460 1569 682 1607 attrahimus
715 1568 911 1617 spiritum,
944 1575 982 1603 et
1017 1575 1321 1616 corrumpentem

330 1631 524 1668 haurimus
538 1642 667 1665 auram
684 1630 691 1663 !
710 1627 924 1664 Pestilentia
943 1627 1021 1663 brec
1043 1626 1178 1675 passim
1197 1626 1320 1662 influit

331 1704 399 1740 per
419 1691 598 1726 fenestras
620 1696 777 1724 nostras.
806 1690 893 1722 Jcsu
912 1685 1031 1730 bone,
1054 1685 1206 1735 quando
1227 1686 1318 1731 erit,

330 1750 359 1787 si
380 1758 502 1786 tamen
519 1746 720 1797 aliquando
739 1746 831 1790 erit,
847 1746 942 1781 sicut
963 1745 1054 1781 fides
1075 1745 1217 1793 integra
1232 1774 1241 1790 ,
1268 1745 1320 1782 sic

1434 1127 1613 1159 camporum
1627 1140 1635 1154 ,
1661 1127 1699 1146 ne
1714 1116 1868 1146 suscitetis
1896 1127 1993 1160 neque
2016 1114 2163 1159 evigilare
2177 1115 2309 1156 faciatis
2332 1115 2382 1146 di-

1434 1167 1560 1205 lectam,
1583 1167 1683 1199 douec
1701 1169 1766 1213 ipsa
1790 1168 1873 1199 velit.
1888 1168 2005 1200 Cantic.
2021 1180 2091 1211 cap.
2111 1180 2153 1199 111
2165 1193 2174 1207 ,
2194 1167 2231 1205 ᾗ.
2248 1174 2279 1202 5.

1775 1283 1989 1298 -αοῡθοῦ-

1445 1393 1475 1427 1.
1505 1394 1611 1427 Patet
1636 1392 1734 1428 illam
1761 1391 2016 1437 obdormisse,
2041 1404 2111 1441 pro
2136 1403 2210 1440 qua
2228 1391 2309 1429 talis
2325 1401 2381 1430 est

1389 1450 1481 1486 facta
1505 1449 1702 1498 adjuratio.
1718 1451 1858 1498 Quidni
1875 1450 2037 1487 dormiat
2053 1463 2138 1486 cum
2161 1448 2300 1487 dilecto
2322 1451 2380 1487 in-

1387 1522 1511 1558 gressa
1536 1509 1663 1546 matris
1687 1509 1899 1546 cubiculum
1915 1538 1924 1555 ,
1944 1509 2161 1546 deliciarum
2187 1512 2381 1547 recessus?

1388 1568 1537 1604 Dormit
1553 1581 1636 1604 cnm
1652 1569 1792 1618 patitur
1806 1569 1941 1605 mentis
1955 1580 2148 1604 excessum
2163 1566 2210 1604 de
2229 1581 2380 1606 accessu

1386 1626 1522 1663 dilecti.
1540 1630 1696 1674 Adsum,
1710 1628 1843 1676 inquit,
1859 1641 1923 1663 vos
1935 1641 1982 1662 m:
1994 1630 2176 1662 suscitetis
2191 1628 2379 1664 dilectam.

1383 1688 1493 1722 Beata
1514 1687 1642 1735 plane,
1659 1699 1742 1735 quae
1763 1686 1939 1722 dilectum
1959 1686 2059 1722 bunc
2077 1694 2116 1721 et
2139 1693 2266 1722 tenere
2294 1699 2382 1735 per-

1386 1746 1565 1790 mittitur,
1599 1753 1636 1781 et
1669 1745 1856 1781 dimittere
1887 1758 1961 1780 non
1995 1744 2244 1793 compellitur.
2280 1748 2381 1782 Tene

329 1817 365 1845 et
386 1806 595 1856 incorrupti
612 1806 762 1841 mores?
777 1803 938 1851 Quando
961 1804 1152 1853 continget
1168 1812 1209 1840 ut
1224 1804 1320 1840 sicut
1342 1811 1369 1845 C
1387 1804 1488 1853 quod
1506 1812 1626 1848 tenes,
1646 1812 1730 1839 tene
1745 1811 1781 1839 et
1799 1811 1950 1839 attrecta
1966 1815 2114 1839 morose
2131 1810 2167 1838 et
2183 1802 2382 1851 diligenter

329 1882 414 1904 cum
434 1867 592 1904 veritate
607 1879 695 1915 pax,
709 1865 760 1902 sic
772 1877 846 1900 non
868 1864 915 1901 sit
931 1877 1056 1913 pugna
1073 1877 1142 1912 pro
1158 1865 1323 1900 virtute?

330 1926 490 1976 Quando
515 1926 699 1973 integrum
722 1932 778 1969 te,
801 1931 836 1959 et
859 1935 906 1958 ex
917 1922 1073 1958 arbitrio
1091 1923 1128 1958 in
1153 1930 1325 1958 contem-

330 1986 508 2036 plationis
541 1992 577 2020 et
615 1982 750 2032 quietis
787 1981 961 2017 cubiculo
996 1982 1325 2030 complectemur?

332 2045 444 2082 Pauci
467 2051 555 2081 sunt
574 2043 610 2078 in
633 2041 796 2078 Ecclesia
811 2040 876 2090 qui
901 2040 939 2076 in
960 2040 1061 2076 bunc
1083 2048 1218 2075 statum
1237 2052 1326 2088 per-

330 2111 538 2148 venerunt,
572 2100 635 2138 sed
670 2109 793 2136 tamen
827 2112 897 2148 pro
930 2107 1036 2148 parte
1068 2099 1294 2148 profitentur
1315 2112 1324 2133 ε

336 2166 470 2205 Tenui,
494 2174 559 2196 uec
585 2162 769 2194 dimittam
804 2160 927 2200 illum,
960 2158 1074 2191 donec
1094 2158 1324 2191 introducam

331 2224 432 2256 illum
456 2224 494 2254 in
520 2221 666 2253 domum
693 2220 822 2250 mattis
849 2228 966 2258 meoe,
989 2223 1026 2249 ct
1053 2218 1090 2249 iu
1118 2213 1324 2248 cubiculum

331 2283 520 2328 genitricis
546 2289 652 2311 mca’.
684 2278 766 2311 Non
788 2282 843 2310 est
866 2282 943 2309 tota
967 2273 1049 2309 talis
1068 2273 1241 2309 Ecclesiae
1268 2272 1324 2307 sa·-

332 2339 408 2374 cies
423 2366 433 2382 ‚
456 2336 520 2373 sed
547 2343 670 2371 tamen
692 2333 808 2369 multa
836 2333 918 2368 talis
933 2360 943 2377 ‚
964 2340 1006 2367 ut
1038 2331 1161 2367 dicere
1179 2330 1295 2379 possit
1314 2345 1322 2366 :

339 2399 466 2440 Tcuui,
486 2409 552 2430 nec
567 2396 748 2428 dimittunt
770 2395 889 2436 illum,
906 2393 1020 2426 donec
1037 2393 1268 2426 introducam
1287 2394 1324 2425 in

332 2460 479 2492 (lonium
503 2458 628 2490 matris
649 2466 765 2497 inere,
789 2461 822 2487 ct
845 2457 883 2487 itt
905 2451 1110 2486 cubiculum
1133 2455 1324 2497 gcnilrt'ct’s

333 2529 438 2551 mea».
452 2513 561 2551 Fides
578 2512 767 2562 profusior
782 2519 850 2556 est,
871 2518 1060 2547 contracta
1075 2517 1161 2546 sunt
1177 2510 1323 2557 negotia

1388 1861 1546 1897 verbum
1567 1862 1653 1898 vitae
1675 1877 1682 1898 :
1709 1862 1858 1898 revolve
1876 1863 2054 1898 volumen
2072 1861 2182 1906 vitae,
2203 1862 2379 1898 volumen

1388 1920 1491 1969 quod
1506 1920 1667 1956 revolvit
1683 1924 1810 1966 Jesus,
1831 1921 1907 1956 imo
1924 1920 2025 1970 quod
2037 1927 2093 1956 est
2107 1923 2227 1957 Jesus.
2249 1921 2379 1957 Invol-

1392 1991 1434 2015 ve
1453 1987 1487 2014 te
1508 1979 1576 2024 illi,
1595 1980 1746 2015 involve
1768 1988 1801 2015 te
1827 1980 1888 2016 illa
1912 1993 1984 2028 qua
2009 1979 2204 2015 involutus
2225 1987 2281 2016 est
2300 1979 2380 2030 ipse

1391 2038 1568 2083 sindone;
1591 2039 1678 2087 quia
1699 2039 1855 2075 amictus
1877 2047 1933 2075 est
1967 2038 2107 2074 lumine
2134 2038 2230 2074 sicut
2265 2039 2381 2074 vesti-

1391 2105 1530 2133 mento.
1557 2097 1718 2133 Induere
1740 2097 1917 2134 dilectum
1947 2106 2052 2134 tuum
2078 2097 2282 2134 Dominum
2304 2110 2376 2132 no-

1390 2163 1507 2191 strum
1533 2159 1659 2191 Jcsum
1681 2156 1881 2193 Christum.
1910 2155 2050 2192 Excide
2073 2155 2140 2192 tibi
2163 2155 2379 2192 memoriale

1390 2213 1588 2263 diligenter
1615 2214 1653 2250 in
1683 2223 1787 2264 petra
1802 2243 1811 2259 ‚
1831 2223 2117 2251 monumentum
2148 2227 2317 2258 novum,
2339 2213 2378 2250 in

1390 2286 1466 2321 quo
1487 2272 1656 2309 nondum
1675 2274 1871 2322 quisquam
1893 2274 2036 2323 positus
2057 2274 2186 2310 fuerat.
2211 2273 2378 2310 Christus

1389 2334 1487 2369 enim
1518 2341 1636 2381 petra.
1669 2336 1824 2382 Semper
1850 2346 1946 2369 nova
1977 2333 2133 2382 reperiri
2159 2340 2318 2382 possunt
2340 2332 2378 2368 in

1389 2392 1548 2429 Christo.
1581 2391 1636 2428 Ad
1662 2405 1759 2428 nova
1785 2400 1909 2441 potest
1932 2392 2135 2441 penetrari.
2162 2392 2270 2428 Multi
2292 2399 2380 2428 sunt

1389 2451 1425 2486 in
1445 2450 1509 2485 illo
1535 2463 1702 2486 recessus
1717 2480 1726 2497 ‚
1748 2451 1910 2487 thesauri
1937 2451 2130 2501 sapientia?
2158 2451 2379 2487 innumera-

1389 2508 1493 2545 biles.
1514 2511 1597 2545 Non
1629 2518 1684 2545 est
1715 2523 1790 2546 uno
1822 2518 2021 2546 contentus
2049 2510 2208 2555 vellere;
2238 2509 2377 2559 saepius

332 2573 533 2611 charitatis.
554 2570 745 2619 Numquid
766 2570 802 2605 in
824 2569 1067 2605 universitate
1084 2567 1316 2604 credentium
1336 2574 1370 2608 D
1390 2567 1537 2604 tonderi
1565 2576 1700 2616 potest.
1724 2572 1827 2605 Bona
1858 2570 1996 2605 vellera
2026 2578 2114 2606 sunt
2141 2582 2270 2605 sensus
2296 2581 2379 2617 my—

333 2634 428 2670 hanc
448 2632 644 2668 advertere
661 2638 716 2666 est
736 2629 1037 2672 distinctionem,
1060 2635 1096 2663 et
1116 2640 1191 2662 non
1210 2628 1320 2663 etiam

333 2693 370 2728 in
389 2691 543 2740 singulis
564 2690 674 2726 nobis
689 2691 703 2725 Ρ
717 2689 808 2736 Quis
824 2688 1010 2724 enituerit
1029 2687 1088 2723 cui
1107 2687 1202 2722 sient
1221 2699 1321 2723 verae

332 2760 368 2786 et
386 2750 605 2787 indubitata?
624 2748 708 2784 lidei
727 2776 736 2792 ,
756 2749 805 2783 sic
820 2747 929 2783 etiam
947 2747 1147 2783 affectuum
1172 2746 1321 2794 piorum

333 2810 523 2858 integritas
550 2809 726 2844 constet?
745 2810 900 2855 Magnus
930 2806 1040 2855 plane
1071 2813 1147 2849 est,
1181 2805 1210 2841 si
1239 2805 1322 2853 quis

332 2878 411 2913 est,
432 2869 495 2917 qui
517 2869 611 2904 sicut
627 2880 819 2914 nunquam
842 2865 976 2901 titubat
994 2866 1031 2900 in
1053 2864 1144 2909 lide,
1161 2863 1209 2899 ita
1235 2877 1320 2912 pas-

332 2928 502 2965 sionibus
521 2927 635 2963 animi
652 2926 762 2962 nullis
786 2925 969 2961 turbetur.
995 2925 1104 2961 Plane
1121 2924 1227 2959 talem
1250 2936 1319 2972 ego

333 2988 491 3024 dixerim
511 2985 672 3022 cubiculi
689 2993 830 3021 secreta
847 2985 1069 3032 ingressum.
1089 2986 1235 3019 Bonum
1256 2995 1322 3017 cu—

331 3047 498 3084 biculum
522 3045 647 3081 cordis
669 3044 928 3093 tranquillitas.
952 3046 1043 3080 Cum
1067 3042 1147 3077 aliis
1179 3039 1322 3077 laborat

331 3105 534 3157 sapientia3
553 3103 617 3140 scd
635 3116 718 3139 cum
738 3103 868 3139 humili
884 3111 920 3138 et
943 3101 1145 3150 tranquillo
1163 3100 1322 3149 quiescit

1387 2627 1492 2672 stici,
1521 2628 1653 2663 sacrati
1673 2628 1842 2665 affectus.
1874 2628 2024 2665 Talibus
2052 2628 2219 2665 abundat
2245 2631 2377 2674 Jesus;

1388 2686 1522 2722 nudari
1548 2695 1584 2722 et
1608 2688 1810 2736 exspoliari
1831 2701 1906 2723 non
1929 2696 2063 2737 potest.
2096 2687 2282 2731 Loecabor,
2313 2687 2375 2723 in-

1387 2745 1486 2793 quit,
1502 2759 1612 2792 super
1625 2749 1772 2792 eloquia
1788 2756 1851 2782 tua
1865 2775 1876 2790 ,
1898 2751 1988 2782 ¹sicut
2007 2752 2070 2795 qui
2099 2750 2233 2782 invenit
2256 2748 2378 2793 spolia

1388 2807 1501 2839 multu
1514 2804 1540 2838 ³.
1564 2804 1628 2839 llis
1646 2813 1679 2839 tc
1702 2805 1794 2840 vesti
1812 2805 1962 2854 spoliis,
1979 2805 2131 2841 involve
2153 2804 2377 2850 velleribus,

1387 2871 1427 2899 ut
1446 2863 1631 2907 calefiant,
1649 2863 1744 2899 sicut
1760 2864 1939 2913 scriptum
1955 2873 2024 2909 est,
2042 2864 2156 2900 latera
2174 2863 2256 2899 tua⁵
2274 2877 2281 2898 :
2301 2862 2378 2898 elo-

1386 2921 1514 2971 quium
1535 2921 1633 2956 enim
1662 2921 1743 2970 ejus
1764 2922 1958 2970 ignitum5.
1992 2927 2033 2959 In
2056 2923 2112 2959 his
2128 2922 2277 2971 quiesce
2292 2948 2303 2966 ,
2337 2929 2378 2957 ut

1386 2980 1510 3017 suavis
1527 2980 1574 3016 sit
1588 2993 1743 3016 somnus
1759 2988 1861 3026 tuus,
1879 2981 1974 3017 sicut
1990 2982 2166 3017 Salomon
2191 2978 2275 3016 ait⁶.
2302 2983 2377 3016 De—

1387 3040 1501 3088 nique
1528 3047 1564 3075 et
1592 3052 1754 3088 sponsus
1779 3040 1890 3077 istum
1919 3040 2062 3076 dilcctae
2095 3052 2170 3076 suae
2201 3051 2374 3076 somnum

1388 3108 1513 3136 tuetur
1527 3106 1563 3135 et
1575 3099 1675 3135 fovet
1687 3127 1696 3145 ,
1716 3099 1816 3136 illam
1831 3098 2049 3136 exsuscitari
2067 3106 2207 3134 vetans.
2233 3099 2376 3142 Adjuro

382 3243 389 3257 ¹
409 3235 526 3267 Coloss.
546 3247 591 3271 iv,
613 3238 642 3265 ὓ.
663 3253 702 3257 -
727 3239 738 3253 ⁷
756 3237 765 3264 l
788 3236 856 3265 (lor.
876 3245 916 3270 x,
938 3236 999 3267 352,
1023 3236 1134 3262 313.—-
1157 3230 1260 3262 *rs-al.
1278 3243 1398 3266 cxviii.
1427 3235 1500 3261 162.
1526 3249 1567 3253 —
1589 3230 1602 3256 ⁴¹
1619 3231 1681 3262 Job
1709 3243 1810 3268 xxxx,
1835 3234 1886 3262 20.
1906 3250 1946 3254 -
1967 3229 1979 3252 ⁵
2000 3231 2077 3263 Psal.
2101 3241 2224 3266 cxviii,
2246 3232 2374 3261 140.—

333 3291 346 3309 ”
365 3292 452 3320 l‘ror.
472 3298 508 3318 ιιι
525 3311 532 3322 ,
552 3290 605 3317 2‘..

1452 3289 1465 3304 ³
1486 3283 1570 3314 Alias
1585 3307 1593 3322 ,
1612 3281 1736 3314 salient.
