2504 3928
680 308 853 346 CAPUT
884 310 1009 349 XXV.

443 431 534 461 ΥίΙΓίἱί
555 436 581 460 t'l
602 431 746 472 Pl'kt'vlill'il
764 442 882 461 ttiortttn
902 431 1086 463 documenta
1105 435 1259 475 proponi(-

411 551 471 586 51.
488 548 721 585 Conscientia
740 547 900 583 bominis
918 547 1073 596 abyssus
1094 550 1218 585 multa.
1243 551 1343 588 Sicut

355 611 454 646 enim
475 609 630 658 abyssus
649 607 838 643 exhauriri
860 621 934 643 nou
958 617 1097 657 potest3
1121 609 1172 644 sic
1193 623 1258 645 eor
1280 611 1346 645 lio-

356 670 465 706 minis
486 667 658 704 evacuari
674 680 694 702 a
708 666 994 716 cogitationibus
1009 668 1084 703 suis
1102 682 1175 704 non
1195 678 1315 718 potest
1335 685 1341 705 z

354 729 418 765 sed
442 729 618 764 continua
639 726 871 762 volubilitate
889 727 925 762 in
944 740 990 762 eo
1007 728 1220 764 volvuntur.
1245 732 1343 764 Mare

357 800 532 836 magnum
560 795 634 830 est,
656 794 692 821 et
713 786 917 834 spatiosum
954 786 1150 830 manibus3
1177 787 1250 823 illic
1280 800 1340 822 re-

356 849 458 897 ptilia
489 859 650 895 quorum
682 858 757 880 non
787 853 841 880 est.
868 852 1081 881 numerus'.
1111 847 1212 882 Sicut
1243 847 1341 882 enim

356 907 488 956 reptile
519 906 675 941 latenter
711 903 824 952 repit,
858 912 895 939 et
928 904 1088 939 sinuosis
1117 904 1344 940 anfractibus

356 967 427 1002 linc
449 974 485 1002 et
506 965 591 1000 illue
611 962 825 999 deambulat
847 977 853 998 :
873 963 920 998 ita
941 963 1206 999 conscientiam
1228 964 1344 999 bomi-

357 1027 413 1062 nis
441 1031 633 1060 venenatae
664 1021 906 1070 cogitationes
940 1022 1079 1058 intrant
1114 1031 1151 1058 ct
1184 1032 1344 1068 exeuut;
1364 1024 1389 1056 B

357 1093 397 1121 ut
417 1084 554 1120 nesciat
575 1082 686 1117 bomo
705 1080 803 1116 unde
824 1080 994 1125 veniant,
1017 1089 1080 1116 aut
1099 1095 1174 1129 quo
1196 1082 1343 1117 vadant.

359 1148 437 1180 Hoc
468 1142 562 1178 bene
594 1148 841 1188 cognoverat,
875 1140 936 1187 qui
973 1139 1119 1176 dicebat
1148 1155 1154 1176 :

357 1212 412 1238 est
432 1216 492 1237 cor
519 1202 693 1241 hominis,
716 1207 749 1232 et
775 1197 1030 1240 1‘11=·‹·1·ut(1l1ile;
1051 1208 1084 1233 ιί
1102 1204 1185 1246 qais
1213 1214 1346 1247 vagus,-

356 1271 432 1298 srct
449 1263 545 1296 illud
559 1261 593 1294 ⁷?
611 1257 713 1306 quod
730 1257 996 1293 scrutationem
1016 1270 1091 1292 non
1111 1258 1259 1307 recipit,
1280 1271 1347 1293 nee

1187 1142 1345 1176 l'raeecm

357 1320 621 1370 cognitionem.

417 1380 480 1415 52.
510 1377 617 1414 Nulla
640 1388 750 1423 poena
767 1374 916 1422 gravior
935 1382 990 1410 est
1010 1387 1126 1423 prava
1151 1376 1347 1411 eonscien-

360 1441 422 1475 tia.
450 1438 543 1474 Mala
566 1433 793 1471 conscientia
823 1434 987 1483 propriis
1020 1435 1143 1482 agitur
1175 1434 1345 1470 stimulis.

359 1500 394 1537 Si
417 1497 566 1547 publica
589 1496 683 1531 sama
708 1502 741 1529 te
763 1506 837 1528 non
860 1492 1032 1538 damnat,
1067 1493 1220 1542 propria
1251 1506 1346 1529 con—

359 1558 511 1595 scientia
542 1564 576 1591 te
596 1553 841 1597 condemnat3
873 1553 1050 1600 quoniam
1084 1565 1194 1589 nemo
1225 1560 1349 1601 potest

359 1633 397 1655 se
432 1619 555 1667 ipsum
592 1615 730 1663 fugere.
763 1612 823 1648 Vis
859 1625 1052 1660 nunquam
1085 1626 1164 1648 esse
1203 1612 1348 1648 tristis?

359 1683 459 1716 Bene
484 1677 581 1712 vive.
613 1678 715 1710 Bona
745 1673 818 1708 vita
841 1685 988 1721 semper
1007 1672 1184 1721 gaudium
1207 1672 1320 1708 babet
1341 1685 1348 1706 ι

360 1737 589 1775 conscientia
619 1734 669 1769 rei
697 1745 845 1781 semper
877 1732 914 1767 in
941 1745 1051 1780 poena
1090 1740 1156 1768 est.
1190 1735 1244 1768 Ita
1276 1731 1350 1766 cle—

360 1810 465 1834 mens
485 1804 564 1832 esto
587 1795 622 1830 in
645 1792 774 1829 alienis
796 1791 960 1836 delictis,
985 1791 1080 1828 sicut
1100 1792 1135 1827 in
1159 1792 1230 1827 tuis
1254 1805 1260 1826 :

360 1867 587 1906 quemquam
613 1851 836 1896 districtius,
869 1864 980 1899 quam
1014 1859 1067 1894 te,
1100 1850 1257 1899 judices.
1293 1851 1351 1887 Sic

359 1916 452 1952 alios
467 1913 613 1962 judica,
640 1920 680 1947 ut
700 1911 778 1959 ipse
803 1909 964 1958 judicari
984 1909 1103 1959 cupis.
1126 1913 1204 1946 Lex
1227 1918 1288 1946 tua
1316 1917 1350 1944 te

359 1973 593 2023 constringit.
614 1970 802 2008 Judicium
826 1969 929 2018 quod
951 1969 1033 2004 aliis
1053 1969 1233 2018 imponis,
1271 1969 1351 2018 ipse

359 2033 541 2084 portabis.
575 2031 726 2069 Nullum
756 2038 842 2065 ante
867 2028 1049 2077 judicium
1080 2028 1306 2065 condemnes
1340 2044 1346 2064 z

360 2102 446 2130 ante
467 2091 607 2142 proba,
632 2098 669 2126 et
698 2089 748 2125 sic
764 2088 905 2137 judica.
930 2091 1010 2125 Non
1032 2088 1131 2123 enim
1153 2089 1216 2137 qui
1238 2101 1350 2125 aecu-

360 2160 463 2188 satur
477 2180 485 2196 ,
509 2150 572 2186 sed
592 2149 656 2198 qui
676 2148 932 2192 convincitur,
956 2160 1040 2184 reus
1060 2155 1128 2183 est.
1151 2147 1267 2184 Valde
1289 2161 1351 2196 pe-

359 2211 561 2247 riculosum
576 2217 631 2245 est
647 2208 692 2243 de
713 2207 925 2255 suspicione
942 2206 1153 2256 quempiam
1167 2205 1346 2257 judicare.

358 2273 402 2306 In
437 2268 647 2316 ambiguis,
683 2266 751 2302 Dei
781 2265 926 2313 judicio
961 2278 1068 2300 serva
1105 2266 1344 2302 sententiam.

362 2332 444 2365 Non
475 2328 585 2375 eligas
609 2325 668 2361 cui
689 2324 918 2368 miserearis,
948 2336 994 2359 ne
1027 2324 1122 2359 forte
1150 2333 1348 2372 praetereas

361 2387 464 2422 illum
485 2385 549 2434 qui
572 2391 737 2420 meretur
755 2382 935 2430 accipere.
958 2380 1141 2418 Omnibus
1173 2388 1186 2403 ³
1221 2391 1256 2418 te
1284 2384 1350 2418 tri-

361 2444 457 2488 bue,
480 2444 509 2480 si
533 2451 661 2492 poteS‚
684 2440 862 2489 quoniam
896 2439 1079 2475 incertum
1101 2447 1155 2475 est
1176 2452 1244 2488 pro
1276 2454 1350 2489 quo

362 2505 477 2552 magis
511 2503 658 2552 placeas
690 2503 782 2536 Deo.
820 2498 939 2547 Major
973 2499 1017 2534 sit
1052 2497 1346 2544 benevolentia,

957 177 1238 215 TRACTATUS
1266 180 1330 214 DE
1360 181 1609 216 lm'rlituonl
1639 182 1789 217 DOMO.

1354 254 1402 272 ⁵⁵³
1414 256 1582 292 sentibus
1611 257 1694 305 quis
1720 257 1865 293 fruatur
1885 255 2014 301 bonis,
2036 265 2074 293 et
2091 257 2222 295 suturis
2244 274 2250 294 :

1358 312 1388 344 A
1410 323 1575 350 venirem
1598 344 1606 360 ‚
1627 323 1664 350 et
1686 315 1759 351 illic
1782 324 1943 351 mentem
1975 315 2149 364 impleat3
2179 317 2224 353 de
2252 317 2393 354 deliciis

2319 183 2390 221 723

2277 268 2316 296 ut
2335 260 2392 296 hic

1409 382 1568 410 transeat
1586 374 1630 410 ad
1649 374 1818 419 delicias;
1842 383 1882 410 ut
1906 375 1942 410 in
1974 382 2070 410 terra
2087 383 2123 410 et
2144 375 2180 411 in
2197 377 2290 412 coelo
2309 378 2392 425 glo—

1409 433 1528 468 riosus
1547 442 1735 483 appareat.
1754 434 1790 470 Si
1811 433 1864 469 vis
1881 447 1963 469 cum
1983 434 2105 470 laetitia
2121 434 2234 470 animi
2256 435 2392 482 vivere,

1409 492 1484 528 noli
1507 493 1620 528 multa
1639 491 1788 528 babere.
1809 495 1920 528 Istam
1938 492 2095 541 quisque
2115 493 2246 529 liniens
2266 493 2392 539 vitam,

1410 551 1477 587 nisi
1500 552 1602 600 quod
1635 552 1769 588 meruit
1802 552 1838 587 in
1872 552 1967 600 ipsa,
1995 565 2070 587 non
2104 561 2227 601 potest
2258 552 2393 590 babere

1411 619 1494 659 post
1519 611 1650 659 ipsam.
1677 614 1827 658 Quanto
1857 623 2017 658 namque
2049 610 2201 647 inferius
2229 611 2392 648 delecta-

1412 684 1506 715 mur,
1530 678 1632 706 tanto
1652 683 1671 705 a
1692 682 1855 718 superno
1875 682 2002 705 amore
2019 668 2280 718 disjungimur.
2304 671 2393 707 Nul-

1411 731 1466 765 lus
1498 730 1543 765 sit
1564 742 1668 765 casus
1699 742 1809 777 quem
1840 742 1916 765 non
1938 728 2129 764 meditatio
2160 737 2221 765 tua
2249 743 2392 779 praeve-

1410 789 1482 824 niat
1511 803 1516 823 :
1542 789 1664 824 nullus
1687 789 1733 824 sit
1760 801 1864 823 casus
1884 788 1947 836 qui
1976 796 2009 823 te
2041 788 2263 837 imparatum
2293 789 2396 826 inve-

1411 848 1499 882 niat.
1524 852 1697 896 Propone
1719 847 1808 882 nibil
1829 860 1908 883 esse
1927 846 2028 896 quod
2049 846 2113 882 tibi
2134 848 2301 884 accidere
2320 862 2393 884 non

1412 907 1538 955 possit.
1571 911 1590 943 Χ
1605 907 1652 942 ita
1678 907 1821 942 foveam
1838 934 1847 951 ‚
1870 907 1905 941 in
1926 920 2036 954 quam
2059 907 2164 943 vides
2193 908 2304 943 alium
2327 922 2393 944 co-

1413 980 1488 1002 ram
1512 975 1544 1001 te
1565 965 1752 1001 cecidisse.
1774 965 1942 1001 Aliorum
1965 965 2124 1014 perditio
2146 974 2207 1002 tua
2236 968 2282 1003 sit
2313 980 2396 1003 eau-

1412 1027 1474 1061 tio.
1497 1029 1590 1061 Dum
1612 1025 1816 1066 nescimus,
1847 1033 2002 1073 repente
2023 1038 2122 1061 mors
2139 1026 2252 1061 venit.
2272 1027 2397 1063 Nesci-

1413 1099 1492 1121 mus
1511 1085 1607 1121 enim
1627 1084 1714 1133 quid
1734 1084 1843 1119 bodie
1861 1083 1968 1120 uobis
1985 1085 2177 1133 contingat
2197 1100 2203 1120 :
2227 1094 2264 1121 et
2291 1086 2398 1134 igno—

1412 1158 1536 1180 ramus
1555 1158 1600 1179 an
1624 1144 1690 1179 bac
1711 1152 1819 1179 nocte
1839 1143 1999 1179 animam
2031 1152 2192 1180 nostram
2230 1145 2398 1181 conditio

1412 1203 1543 1238 mortis
1563 1202 1748 1251 deposeat.
1770 1200 1944 1248 Quotidie
1965 1201 2010 1236 ad
2032 1203 2143 1237 linem
2164 1202 2250 1238 vitae
2273 1202 2398 1239 tendi-

1413 1274 1509 1305 mus,
1526 1267 1563 1296 et
1578 1260 1622 1296 ad
1639 1269 1794 1296 mortem
1815 1273 2072 1309 properamus.
2088 1260 2231 1296 Idcirco
2247 1261 2400 1309 singulis

1413 1320 1513 1355 horis
1533 1319 1696 1366 cogitare
1713 1318 1891 1354 debemus
1905 1346 1914 1363 ‚
1934 1332 2010 1367 quo
2028 1319 2182 1368 singulis
2203 1320 2401 1356 momentis

1414 1391 1671 1427 properamus.
1706 1378 1816 1414 Unde
1845 1379 2027 1414 Dominus
2057 1379 2106 1414 ait
2138 1392 2204 1427 per
2233 1380 2399 1429 proplie-

1416 1446 1487 1473 tam
1510 1451 1516 1472 :
1542 1439 1704 1472 Pet-(laio
1723 1446 1809 1481 tua,
1832 1440 1972 1480 Israel,
2008 1451 2055 1472 ex
2086 1448 2120 1473 te
2148 1452 2158 1472 :
2187 1447 2327 1474 tantum
2361 1444 2399 1474 in

1415 1511 1472 1532 me
1491 1499 1678 1531 zmoeilitcm
1698 1506 1796 1530 tuum
1812 1494 1838 1530 3.
1865 1496 1977 1542 Quasi
1998 1495 2138 1532 diceret
2159 1511 2165 1532 :
2185 1500 2236 1534 Ut
2253 1511 2399 1547 pereas,

1414 1556 1558 1605 imputa
1589 1563 1653 1590 tuo
1681 1555 1839 1600 merit0;
1867 1563 1908 1590 ut
1937 1555 2106 1601 salveris,
2137 1569 2220 1591 meo
2249 1557 2400 1593 auxilio.

1413 1619 1611 1664 Nunquam
1641 1622 1791 1663 oportet
1823 1613 2066 1662 poenitentem
2095 1613 2230 1651 habere
2259 1616 2401 1652 securi-

1416 1683 1526 1710 tatem
1557 1674 1603 1710 de
1629 1673 1799 1722 peccatis.
1823 1676 1914 1709 Bam
1938 1673 2116 1709 securitas
2140 1675 2402 1723 negligentiam

1416 1735 1538 1784 parit,
1567 1742 1603 1769 et
1624 1746 1721 1782 saepe
1743 1733 1933 1768 incautum
1955 1732 2000 1768 ad
2027 1732 2117 1768 vitia
2140 1741 2321 1770 transacta
2347 1747 2404 1770 re-

1282 1804 1350 1827 nec
1371 1794 1396 1828 C
1417 1794 1529 1830 ducit.
1552 1797 1634 1830 Non
1654 1793 1775 1828 solum
1804 1792 1948 1840 gravia,
1980 1791 2044 1827 sed
2064 1802 2101 1828 et
2122 1792 2217 1828 levia
2237 1793 2403 1829 cavenda

1416 1861 1502 1889 sunt
1530 1860 1693 1902 peccata.
1726 1852 1842 1887 Multa
1874 1851 1973 1887 enim
1998 1851 2091 1887 levia
2112 1864 2229 1887 unum
2263 1853 2402 1901 grande

1415 1913 1581 1949 efficiunt
1616 1926 1622 1947 z
1656 1913 1751 1948 sicut
1782 1911 1904 1946 solent
1937 1910 1983 1946 de
2015 1911 2141 1959 parvis
2175 1919 2210 1947 et
2241 1912 2404 1948 minimis

1416 1973 1528 2022 guttis
1559 1973 1740 2008 immensa
1773 1970 1925 2006 ssumina
1945 1982 2124 2006 crescere.
2149 1973 2232 2006 Non
2255 1979 2310 2007 est
2328 1971 2403 2007 du—

1417 2033 1520 2069 bium
1552 2031 1655 2081 quod
1687 2031 1752 2080 qui
1781 2030 1869 2066 casti
1892 2038 2134 2079 perseverant
2163 2039 2201 2067 et
2222 2031 2402 2080 virgines,

1416 2092 1568 2142 Angelis
1584 2091 1651 2128 Dei
1668 2090 1882 2127 efficiuntur
1898 2089 2071 2139 aequales.

1736 2221 1911 2259 CAPUT
1938 2220 2088 2260 XXVI.

1532 2339 1579 2366 De.
1594 2335 1708 2365 ventris
1725 2334 1955 2375 importunitate
1970 2339 1999 2364 et
2014 2335 2143 2365 versutia
2160 2334 2286 2365 diaboti.

1484 2445 1545 2483 54.
1590 2446 1722 2482 Nullus
1750 2445 1894 2481 homini
1929 2453 2000 2481 tam
2030 2444 2226 2494 improbus
2254 2454 2405 2482 exactor

1417 2514 1492 2551 est,
1526 2518 1637 2554 quam
1668 2513 1822 2549 venter,
1852 2505 1916 2553 qui
1943 2504 2160 2553 quotidiana
2190 2505 2295 2541 famis
2321 2518 2405 2542 exa-

361 2577 473 2613 quam
507 2561 608 2610 quod
645 2560 754 2595 datur
777 2573 786 2603 ;
828 2558 1006 2607 quoniam
1043 2559 1113 2594 tale
1150 2559 1221 2595 erit
1255 2572 1350 2607 opus
1367 2570 1398 2602 D
1417 2565 1539 2600 ctione
1564 2572 1598 2599 tc
1622 2573 1740 2612 urget,
1771 2567 1863 2601 Cum
1887 2564 2029 2600 (πρωινῆς
2056 2564 2176 2610 vitiis,
2198 2565 2265 2600 etsi
2290 2565 2406 2602 inter-

363 2632 487 2668 tuum‚
520 2621 640 2670 qualis
672 2619 781 2655 fuerit
813 2617 971 2653 intentio
994 2625 1066 2653 tua.
1088 2617 1158 2666 Qui
1179 2630 1262 2653 cum
1287 2618 1352 2653 tri—

362 2684 460 2719 stitia
481 2693 632 2717 manum
654 2678 835 2727 porrigit,
858 2677 1017 2712 fructum
1041 2677 1352 2712 remunerationis

363 2741 508 2779 amittit.
532 2744 612 2777 Non
635 2747 690 2774 est
711 2736 988 2780 misericordia,
1010 2734 1073 2771 ubi
1095 2748 1172 2771 non
1195 2744 1250 2771 est
1282 2735 1351 2771 be-

363 2801 584 2838 nevolentia.
608 2801 690 2834 Non
712 2797 856 2833 auferas
877 2796 965 2841 uni,
988 2795 1087 2831 unde
1104 2795 1244 2832 tribuas
1259 2796 1353 2831 alte-

363 2863 417 2906 ri;
440 2860 616 2910 quoniam
641 2857 690 2892 nil
714 2856 867 2905 prodest
897 2855 926 2891 si
960 2854 1046 2891 inde
1075 2855 1187 2891 alium
1214 2856 1352 2901 relieis,

364 2920 462 2956 unde
491 2919 603 2954 alium
628 2917 774 2952 inanem
803 2915 901 2950 sacis.
925 2913 1054 2962 Abjice
1075 2928 1094 2950 a
1117 2923 1151 2950 te
1171 2914 1352 2963 quidquid

367 2990 470 3015 tuum
492 2978 632 3014 bonum
652 2975 884 3025 propositum
903 2975 1082 3024 impedire
1104 2984 1248 3024 potest:
1269 2989 1356 3011 con-

367 3048 490 3075 temne
524 3037 651 3072 vivens
686 3048 768 3083 quae
801 3043 885 3082 post
919 3042 1076 3069 mortem
1108 3034 1244 3070 babere
1280 3047 1354 3070 non

367 3106 484 3147 potes.

419 3158 479 3192 53.
508 3153 665 3191 Distieile
697 3161 770 3198 est,
802 3153 875 3189 imo
904 3153 1154 3201 impossibile,
1192 3161 1232 3190 ut
1263 3166 1357 3202 pra:-

416 3280 519 3309 'l'x‘il.
537 3291 594 3308 ι,ιιι
609 3302 615 3314 ,
636 3282 687 3308 Ἰ).
727 3296 742 3298 -
772 3284 780 3296 ⁷
797 3280 910 3307 Jrrein.
929 3288 996 3306 ,xvii
1011 3301 1017 3310 ,
1036 3280 1065 3307 9.

1118 3296 1123 3297 ⁷
1151 3275 1412 3317 ³()seex1u,9‚

1418 2622 1507 2658 dum
1537 2622 1741 2668 nascimur,
1765 2622 1955 2657 interdum
1980 2630 2102 2658 tamen
2131 2635 2215 2658 cum
2247 2623 2299 2659 eis
2329 2636 2405 2659 non

1418 2682 1603 2717 morimur
1626 2696 1632 2716 :
1657 2681 1721 2717 sed
1744 2694 1827 2717 cum
1848 2681 1916 2717 isto
1934 2682 2123 2717 nascimur
2138 2710 2147 2727 ,
2167 2690 2204 2718 et
2222 2695 2306 2719 cum
2336 2683 2406 2719 isto

1419 2740 1614 2775 morimur.
1643 2740 1770 2775 Multis
1797 2739 2047 2776 creditoribus
2073 2741 2224 2789 reliquit
2252 2755 2310 2778 me
2343 2741 2404 2778 ob·>

1419 2799 1573 2834 noxium
1597 2807 1703 2847 pater
1726 2812 1830 2835 meus
1849 2813 1854 2834 :
1875 2799 1938 2835 sed
1964 2799 2010 2835 ab
2033 2799 2207 2836 omnibus
2230 2799 2408 2837 liberatus

1420 2870 1513 2893 suin.
1540 2861 1647 2893 L'nus
1669 2866 1789 2893 tamen
1812 2867 1983 2906 superest
2011 2872 2030 2894 a
2059 2872 2135 2907 quo
2162 2858 2310 2895 liberari
2331 2873 2406 2896 non

1421 2928 1596 2964 possum,
1631 2915 1667 2950 id
1695 2924 1748 2951 est
1781 2924 1924 2951 venter.
1958 2919 2097 2953 Venter
2125 2926 2309 2966 praecepta
2331 2931 2407 2954 non

1421 2975 1523 3010 audit
1548 2989 1554 3009 z
1581 2975 1719 3022 poscit,
1742 2975 1915 3024 appellat.
1946 2978 2029 3010 Non
2059 2984 2114 3011 est
2143 2984 2265 3013 tamen
2298 2978 2410 3013 mole-

1422 3044 1500 3071 stus
1520 3034 1683 3069 creditor
1716 3049 1722 3068 ι
1754 3048 1870 3082 parvo
1893 3034 2112 3079 dimittitur,
2143 3035 2171 3071 si
2202 3035 2314 3071 modo
2341 3036 2408 3072 de—

1423 3093 1522 3129 deris
1552 3093 1583 3127 ei
1613 3092 1713 3141 quod
1745 3091 1878 3135 debes,
1914 3106 1987 3127 non
2018 3093 2119 3140 quod
2148 3102 2266 3142 potes.
2292 3098 2408 3142 Quos-

1425 3153 1508 3189 dam
1533 3153 1731 3202 prceseiens
1749 3156 1849 3188 Deus
1872 3165 2022 3199 peceare
2048 3165 2171 3200 posse,
2195 3152 2232 3189 in
2253 3153 2406 3190 salutem

1651 3284 1662 3298 ³¹
1680 3277 1808 3309 Videtur
1826 3277 1941 3311 deesse,
1957 3276 2140 3320 pelenlilms.
