2418 3949
202 291 278 327 837

878 293 1161 329 TRACTATUS
1189 292 1255 326 DE
1283 291 1573 329 CHARITATE.

2173 292 2248 325 3:38

198 365 392 404 beneficiis
409 365 612 416 poenitere,
637 366 665 403 si
690 379 733 403 ea
748 366 885 404 viderit
904 380 973 417 per
992 365 1246 417 ingratitu-⁴¹³
1261 375 1333 403 tem
1366 368 1542 407 omnibus
1568 383 1651 419 quae
1673 371 1718 408 ad
1739 372 2054 421 dispensationem
2075 370 2248 406 incarna-

199 424 324 462 dinem
349 425 529 474 periisse?
554 428 759 475 Propterea
784 426 906 462 oratio
934 434 1060 463 nostra
1087 438 1185 475 saepe
1205 427 1236 460 A
1258 426 1370 464 tionis
1397 440 1472 464 suae
1501 430 1713 478 pertinent,
1744 431 1941 479 diligenter
1970 429 2121 467 attende
2142 427 2244 477 quod

199 484 405 534 repellitur.
431 487 477 521 Et
494 485 566 521 hoc
585 484 707 534 ipsum
731 485 791 534 pia
814 485 1091 535 dispensatione
1109 485 1189 521 fieri

200 543 395 590 existim03
424 556 471 580 ne
493 543 557 592 qui
580 543 626 580 de
651 547 889 594 praeacceptis
908 544 1101 581 beneficiis
1124 544 1187 580 in-

198 603 294 652 grati
313 603 450 639 fuimus
462 631 471 647 ,
486 616 533 640 ex
553 616 651 640 nova
666 604 862 654 largitione
880 604 1085 641 coelestium
1106 617 1190 640 mu-

200 675 332 698 nerum
353 663 523 711 graviore
542 663 653 712 culpa
673 663 950 712 ingratitudinis
970 675 1184 699 oneremur.

200 724 293 760 Cum
313 722 412 758 enim
438 725 539 758 Deus
563 721 786 758 beneficium
808 723 995 773 perditum
1015 731 1185 772 reputat,

199 780 303 829 quod
329 793 406 816 non
431 781 673 829 prosequitur
702 781 799 817 actio
827 781 1048 830 gratiarum,
1078 780 1188 818 nobis

198 838 351 888 expedit
371 851 445 874 non
460 838 629 874 exaudiri
644 839 783 887 potius,
802 853 913 888 quam
932 840 978 876 ad
995 840 1186 876 cumulum

198 897 451 934 damnationis
467 905 603 933 nostrae
619 897 898 946 ingratitudinis
915 899 1105 935 materiam
1124 898 1190 935 oh-

199 957 318 993 tinere
342 956 444 1005 quod
465 956 640 1005 petimus.
670 960 752 1004 Qua
780 970 869 1007 ergo
897 958 1190 1007 praesumptione

200 1028 277 1051 non
294 1014 424 1063 diliges
439 1015 559 1059 illum,
577 1016 691 1065 quite
709 1028 783 1051 non
801 1016 1018 1064 diligentem
1041 1017 1189 1063 dilexit;

199 1074 264 1123 qui
285 1082 320 1111 te
338 1074 581 1124 peccatricem
600 1088 676 1112 non
697 1075 892 1124 despexit?
912 1075 1025 1122 Vide,
1047 1090 1189 1125 quaesQ

1255 484 1323 522 tibi
1350 487 1573 525 universitas
1597 489 1727 525 mundi
1749 489 1794 526 de
1819 489 1992 526 mandato
2009 488 2243 537 obsequitur,

1254 546 1376 581 omnis
1395 555 1527 583 natura
1547 548 1619 583 tuis
1638 548 1837 585 famulatur
1858 548 2067 597 obsequiis,
2090 548 2242 591 emtum,

1255 617 1330 648 aer,
1351 612 1466 651 terra,
1484 619 1584 642 mare
1597 634 1606 650 ,
1626 616 1662 643 et
1678 608 1803 643 omnia
1823 621 1906 656 quae
1920 609 1957 643 in
1974 608 2027 644 eis
2044 615 2151 650 sunt,
2172 606 2245 641 tuis

1252 662 1394 711 pariter
1401 663 1678 700 necessitatibus
1687 672 1723 700 et
1735 663 2015 701 oblectamentis
2024 664 2245 700 inserviunt.

1253 726 1389 758 Annua
1413 722 1598 759 revolutio
1626 723 1737 760 flores
1760 724 1978 772 fructusque
2002 723 2178 760 arborum
2208 730 2247 759 et

1253 780 1452 818 herbarum
1472 782 1640 818 rediviva
1657 783 1901 819 innovatione
1919 783 2110 825 reformat,
2132 790 2243 830 atque

1255 840 1480 876 habentibus
1497 849 1530 877 et
1550 840 1860 891 repullulantibus
1880 842 2024 878 naturis
2037 841 2244 890 germinum

1254 900 1498 948 antiquitatis,
1523 901 1699 936 continua
1722 901 1791 937 Dei
1812 914 1966 936 munera
1985 900 2051 936 tibi
2071 900 2246 935 circuitus

1255 966 1466 1007 temporum
1496 958 1766 995 subministrat.
1806 962 2064 1008 Recognosce,
2094 958 2243 1004 anima,

1255 1017 1359 1066 quod
1384 1018 1610 1066 quandoque
1640 1031 1715 1054 non
1742 1031 1844 1062 eras,
1876 1026 1912 1053 et
1938 1017 1985 1053 ab
2009 1031 2053 1053 eo
2075 1017 2168 1053 facta
2194 1030 2244 1052 es.

1257 1076 1356 1113 Nihil
1376 1076 1409 1112 ei
1428 1076 1582 1121 dedisti,
1611 1085 1652 1112 ut
1680 1085 1714 1112 te
1740 1076 1890 1112 faceret.
1916 1076 2013 1112 Nihil
2035 1076 2134 1111 enim
2161 1075 2250 1111 dare

199 1148 273 1184 qua
291 1135 611 1184 compensatione,
630 1149 706 1184 quo
722 1136 856 1172 merito
875 1149 1029 1173 summae
1039 1146 1075 1173 et
1088 1146 1192 1174 aeter-
1211 1136 1238 1170 B
1258 1144 1427 1185 poteras,
1446 1136 1510 1185 qui
1530 1149 1606 1171 non
1632 1148 1726 1172 eras.
1753 1137 1844 1172 Cum
1861 1143 1984 1171 autem
2003 1135 2135 1169 melius
2156 1142 2250 1169 esset

201 1206 258 1230 nae
278 1193 504 1244 respondeas
521 1195 704 1231 Trinitati.

253 1255 314 1291 66.
345 1253 509 1291 Tradidit
529 1268 597 1305 pro
627 1263 660 1291 te
685 1258 794 1292 Pater
812 1255 1057 1304 Unigenitum
1083 1269 1191 1292 suum

201 1313 325 1350 morti.
344 1314 513 1351 Tradidit
528 1322 564 1351 et
584 1314 697 1352 Filius
713 1315 884 1363 seipsum
905 1328 973 1364 pro
995 1323 1055 1351 tua
1076 1316 1194 1352 salute

200 1373 238 1409 in
257 1381 428 1410 mortem.
448 1377 566 1411 Datus
585 1382 640 1411 est
659 1373 822 1423 denique
841 1374 1003 1423 Spiritus
1024 1382 1192 1421 sanctus,

200 1439 358 1469 testante
377 1431 557 1483 Apostolo
575 1447 582 1469 :
608 1435 708 1478 Quia
726 1433 886 1468 charitas
902 1435 974 1468 Dei
985 1431 1128 1479 {ltfsitsa
1142 1445 1198 1471 est

203 1494 240 1526 ia
260 1491 428 1528 cordibus
449 1497 602 1535 nostris,
628 1506 700 1540 per
718 1493 893 1540 Spiritum
914 1501 1080 1527 sanctum
1094 1521 1103 1536 ,
1134 1499 1198 1541 qni

203 1552 311 1586 datus
325 1560 378 1586 est
390 1551 493 1587 nobis
509 1558 518 1573 ¹
528 1580 535 1587 .
553 1552 610 1588 Sic
622 1559 721 1588 amat
734 1564 802 1587 nos
816 1554 937 1595 Pater,
956 1560 1054 1587 amat
1067 1552 1196 1598 Filius,

202 1618 302 1646 amat
319 1610 477 1660 Spiritus
494 1619 643 1647 sanctus
656 1639 666 1656 ,
687 1619 786 1647 amat
803 1623 871 1647 nos
892 1611 1055 1647 Trinitas
1073 1620 1198 1647 sancta

204 1676 277 1704 tota
293 1697 303 1714 ,
324 1673 426 1706 Deus
453 1678 614 1707 aeternus
629 1699 638 1715 ,
659 1671 898 1720 omnipotens
919 1679 955 1706 et
971 1670 1196 1718 immensus,

204 1727 312 1776 cujus
333 1729 598 1779 magnitudinis
615 1742 692 1765 non
710 1737 766 1767 est
782 1730 867 1766 finis
883 1736 909 1774 ²,
930 1729 1037 1778 cujus
1053 1731 1198 1780 sapien-

205 1787 264 1823 tiae
284 1800 359 1824 non
375 1797 431 1827 est
444 1801 622 1826 numerus
639 1788 667 1835 ³,
685 1789 793 1838 cujus
812 1802 883 1839 pax
900 1798 1101 1839 exsuperat
1115 1803 1197 1825 om—

205 1858 291 1882 nem
311 1859 461 1884 sensum
483 1849 511 1893 ⁴,
536 1861 555 1884 a
575 1861 650 1897 quo
672 1856 709 1884 et
728 1849 766 1884 in
791 1862 867 1897 quo
893 1849 1066 1885 universa
1086 1857 1194 1894 sunt,

1257 1208 1359 1241 esse,
1385 1209 1498 1244 quam
1517 1208 1592 1232 non
1615 1208 1716 1240 esse3
1740 1194 1854 1244 gratis
1881 1193 1947 1230 tibi
1967 1205 2046 1229 esse
2071 1193 2230 1228 eontulit
2245 1220 2254 1237 ,

1259 1255 1435 1292 omnibus
1459 1256 1530 1291 illis
1550 1264 1584 1291 te
1601 1255 1824 1305 praeserens,
1847 1266 1930 1302 quae
1948 1252 1994 1288 de
2011 1265 2087 1288 non
2107 1264 2187 1288 esse
2207 1251 2253 1287 ad

1259 1328 1338 1351 esse
1364 1324 1513 1365 poterat
1537 1316 1767 1365 perducere,
1798 1328 1867 1351 nec
1892 1313 2081 1364 perduxit.
2112 1312 2255 1361 Adjecit

1260 1373 1327 1410 tibi
1355 1375 1516 1424 speciem
1532 1389 1539 1410 ε
1555 1382 1689 1411 etcum
1707 1373 1866 1410 essentia
1881 1373 1928 1409 de
1944 1373 2060 1408 nihilo
2075 1371 2259 1421 prodierit

1263 1434 1309 1470 de
1325 1434 1441 1482 gratia
1457 1433 1663 1479 Creatoris;
1684 1433 1765 1482 ipse
1782 1445 1849 1470 sua
1869 1441 1902 1468 te
1918 1432 2079 1481 imagine
2096 1440 2132 1467 et
2149 1431 2255 1467 simi-

1263 1492 1419 1529 litudine
1447 1492 1658 1542 insignivit,
1683 1500 1719 1529 et
1744 1491 1916 1528 adhibuit
1939 1504 2021 1527 cum
2045 1491 2256 1540 pulchritu-

1263 1551 1352 1588 dine
1366 1551 1491 1588 vitam.
1511 1551 1621 1588 Unde
1649 1559 1749 1587 tanta
1765 1560 1801 1587 et
1824 1559 1896 1586 tam
1919 1550 2079 1600 gratuita
2093 1578 2102 1595 ,
2123 1558 2158 1585 et
2184 1558 2254 1585 tam

1263 1611 1431 1647 inaudita
1450 1610 1638 1660 dignatio,
1657 1618 1698 1646 ut
1725 1611 1831 1646 lieres
1851 1609 1896 1645 ad
1925 1609 2121 1659 imaginem
2150 1617 2185 1644 et
2208 1609 2257 1644 si-

1263 1669 1511 1706 militudinem
1530 1667 1646 1718 ejus⁵,
1661 1669 1731 1705 nisi
1748 1677 1788 1704 ut
1805 1668 1923 1704 simile
1939 1676 2041 1704 tuum
2062 1668 2234 1717 diligeres
2246 1696 2253 1709 ,

1264 1738 1300 1765 et
1318 1730 1371 1774 ci,
1389 1729 1453 1778 qui
1473 1736 1507 1764 te
1527 1729 1690 1777 gratuita
1712 1728 1911 1764 dilectione
1933 1728 2138 1776 praevenit,
2163 1727 2256 1763 dile-

1264 1789 1389 1824 ctione
1412 1796 1541 1824 mutua
1567 1788 1854 1824 conformares?

1317 1848 1377 1884 (58.
1400 1848 1442 1884 Ei
1463 1860 1553 1897 ergo
1571 1860 1636 1883 cor
1660 1855 1696 1882 et
1720 1847 1967 1883 medullarum
1992 1855 2138 1882 tuarum
2161 1846 2256 1882 inte-

202 1905 364 1942 visibilia
380 1907 646 1953 etinvisibilia,
662 1908 825 1944 coelestia
836 1916 871 1944 et
885 1907 1083 1944 terrestria.
1105 1911 1149 1944 Et
1166 1907 1195 1944 si
1216 1910 1242 1944 C
1262 1908 1360 1944 riora
1385 1906 1519 1944 exhibe
1547 1907 1592 1943 ad
1619 1906 1871 1955 diligendum,
1893 1906 1958 1955 qui
1981 1914 2014 1942 te
2032 1905 2186 1956 diligere
2202 1906 2260 1942 di·

202 1978 287 2001 eum
307 1964 453 2016 diligis,
478 1967 548 2003 hoc
573 1967 660 2003 facis
684 1980 730 2003 ex
758 1967 909 2012 debito3
938 1967 967 2003 si
996 1976 1030 2003 te
1058 1967 1196 2016 diligit,

203 2023 288 2062 facit
304 2024 375 2061 hoc
391 2025 467 2075 ipse
479 2026 653 2075 gratuitO.
670 2026 832 2063 Attende
849 2026 1110 2064 celsitudinem
1126 2040 1197 2063 coe-

202 2082 243 2127 li,
265 2091 301 2119 et
324 2084 618 2134 magnitudinem
637 2086 859 2121 lirmamenti
874 2114 883 2131 ,
904 2094 941 2122 et
958 2085 1143 2121 modicum
1158 2086 1196 2122 in

202 2141 294 2178 locis
318 2142 548 2191 palustribus
565 2144 699 2180 lutum.
723 2144 820 2180 Talis
841 2153 896 2180 est
915 2144 1036 2180 adhuc
1053 2144 1195 2180 inaesti-

202 2199 388 2238 mabiliter
405 2202 530 2252 dispar
545 2204 775 2253 comparatio
799 2204 850 2239 tui
870 2203 915 2240 ad
938 2207 1057 2240 Deum
1073 2231 1082 2247 ,
1102 2203 1197 2239 sicut

201 2260 267 2296 luti
285 2260 330 2297 ad
341 2261 492 2297 coelum.
511 2264 601 2309 Quae
618 2272 742 2298 autem
762 2263 912 2298 collatio
931 2263 981 2298 tui
1000 2262 1046 2298 ad
1062 2263 1197 2298 ineffa-

200 2317 313 2355 bilem
328 2347 337 2364 ,
362 2320 407 2356 ad
432 2320 784 2370 incomparabilem,
804 2321 851 2357 ad
874 2320 1196 2370 incomprehensi-

200 2375 340 2414 bilem?
360 2378 456 2415 Nihil
477 2379 510 2415 ei
531 2379 578 2415 ad
605 2392 817 2416 mensuram
839 2381 961 2416 meriti
984 2379 1195 2416 retribuere

200 2449 346 2486 posses,
367 2438 396 2474 si
418 2438 457 2474 in
480 2438 768 2475 retributionem
788 2452 918 2476 eornm
932 2468 942 2484 ,
965 2453 1048 2488 quae
1069 2453 1137 2489 pro
1160 2448 1195 2476 te

200 2495 394 2541 sustinuit,
424 2505 459 2534 te
477 2497 610 2536 millies
627 2498 726 2535 mille
741 2499 850 2535 annis
865 2498 974 2535 etiam
994 2498 1193 2549 gehennali

200 2554 376 2592 incendio
396 2557 596 2595 cruciares.

535 2688 709 2727 CAPUT
739 2689 849 2727 XXI.

498 2805 544 2835 De
560 2803 708 2834 beneficio
726 2802 900 2834 creationis.

254 2913 316 2949 67.
343 2913 476 2949 Omnia
496 2913 646 2962 quidem
665 2927 747 2963 quae
766 2914 803 2950 in
822 2917 901 2950 Deo
923 2922 1024 2958 sunt,
1048 2914 1191 2951 inaesti—

204 2970 388 3008 mabiliter
401 2971 663 3010 excellentiora
679 2982 765 3010 sunt
782 2973 838 3010 his
854 2987 936 3023 quae
952 2981 1077 3010 nostra
1092 2982 1190 3010 sunt.

202 3031 287 3077 Ipse
314 3030 412 3066 enim
441 3031 615 3081 diligitut
643 3032 825 3078 charitas;
845 3032 987 3081 judicat
1008 3041 1048 3069 ut
1076 3033 1193 3081 :cqui-

203 3094 280 3133 tas;
307 3088 475 3139 disponit
505 3099 544 3127 ut
566 3092 766 3142 sapientia;
789 3093 927 3129 revelat
949 3100 987 3129 ut
1005 3093 1067 3127 lux
1088 3106 1096 3135 ;
1125 3092 1193 3127 mi-

205 3153 348 3182 seretur
370 3156 410 3184 ut
430 3148 574 3198 pictas;
602 3151 671 3187 scit
699 3159 738 3187 ut
768 3151 929 3196 veritas3
953 3159 1132 3200 operatur
1157 3158 1195 3186 ut

208 3205 342 3252 virtus;
362 3208 533 3256 praesidet
550 3218 590 3245 ut
608 3210 790 3260 majestas.
809 3210 1108 3259 Circumscriptis
1127 3223 1194 3246 au-

256 3343 263 3357 ¹
288 3340 378 3368 Rom.
397 3350 427 3376 v,
447 3344 475 3370 5.
511 3359 535 3363 ‚-
565 3347 576 3363 ²
601 3343 679 3373 psal.
699 3355 808 3379 cxuav,
833 3348 862 3374 3.
891 3364 894 3365 ⁷
962 3341 971 3362 ³
997 3342 1076 3373 l‘snl.
1103 3352 1221 3374 exuri,

209 3401 282 3425 νιιι,
304 3395 334 3421 Γ».
406 3399 418 3421 7
441 3395 534 3424 1(ἶ4ιι·.
560 3405 609 3430 xv,
636 3397 684 3424 ¹15).
760 3396 772 3414 ⁸
790 3395 899 3425 tin-cli.
920 3407 1025 3423 xxviii
1044 3419 1049 3429 ,
1076 3399 1082 3423 l
1105 3399 1124 3423 ¹.

1248 3344 1277 3368 ξι.
1367 3339 1379 3362 -Ί
1406 3338 1541 3380 Philipp.
1569 3349 1612 3373 xv,
1637 3341 1652 3368 7

1262 1975 1397 2016 gnatus
1416 1975 1492 2012 cst,
1517 1966 1610 2002 nihil
1633 1975 1756 2002 tamen
1774 1966 1811 2002 in
1831 1974 1866 2002 te
1890 1966 2080 2015 reperiens
2101 1966 2238 2014 diligen

1263 2026 1364 2061 dum.
1382 2030 1475 2062 Ama
1492 2025 1723 2075 signaculum
1740 2034 1857 2071 tuum,
1872 2033 1908 2061 et
1920 2025 2119 2074 imaginem
2138 2033 2258 2070 tuam,

1265 2093 1381 2133 utque
1397 2085 1611 2134 expressior
1628 2085 1666 2120 in
1686 2093 1720 2121 te
1737 2085 1853 2121 forma
1872 2085 1924 2120 tui
1945 2085 2128 2122 Creatoris
2145 2097 2260 2134 appa—

1264 2152 1364 2190 reat,
1384 2144 1417 2180 ci
1434 2144 1499 2193 qui
1515 2144 1676 2181 charitas
1692 2152 1768 2190 est,
1789 2153 1823 2180 te
1839 2144 1911 2180 lide
1926 2153 1963 2180 et
1976 2145 2154 2180 charitate
2170 2157 2259 2179 con-

1264 2203 1403 2248 forma,
1431 2211 1468 2239 et
1487 2203 1525 2238 in
1546 2203 1738 2239 materiam
1762 2203 1965 2253 gratiarum
1984 2202 2163 2239 beneficia
2180 2202 2261 2250 ejus

1259 2261 1342 2312 jugi
1370 2262 1616 2299 meditatione
1643 2263 1776 2312 cogita.
1810 2266 1964 2299 Amator
1996 2271 2082 2298 tuus
2113 2262 2158 2298 ad
2189 2261 2260 2297 hoc

1262 2322 1523 2358 exhortatione.
1541 2322 1761 2371 prophetica
1780 2330 1814 2359 te
1830 2321 2006 2358 invitavit
2026 2335 2033 2356 :
2057 2322 2158 2356 Pone
2176 2334 2234 2356 me
2247 2349 2256 2366 ,

1262 2381 1405 2430 inquit,
1429 2391 1468 2416 ut
1491 2384 1718 2429 signaculum
1739 2393 1852 2428 super
1866 2394 1927 2415 cor
1951 2389 2071 2423 tuum,
2100 2387 2136 2415 et
2153 2391 2261 2426 saper

1263 2440 1450 2476 brachium
1465 2449 1563 2475 tuum
1580 2440 1776 2476 dexterum
1793 2438 1818 2475 ⁶.
1837 2444 1890 2477 Ac
1904 2439 1932 2476 si
1948 2440 2045 2475 dicat
2061 2454 2067 2475 :
2084 2442 2187 2475 Pone
2200 2450 2259 2473 mc

1264 2500 1479 2536 memoriale
1500 2508 1603 2535 tuum
1625 2499 1663 2534 in
1682 2498 1795 2535 corde
1811 2507 1847 2535 et
1866 2497 2019 2534 brachio
2033 2525 2042 2542 ,
2061 2496 2101 2534 id
2119 2505 2197 2541 est,
2221 2497 2258 2532 in

1262 2559 1487 2609 cogitatione
1502 2566 1537 2594 ct
1553 2570 1681 2606 opere,
1698 2565 1737 2593 ut
1753 2557 1924 2607 deposita
1941 2556 2103 2605 imagine
2118 2555 2257 2592 terreni

1263 2618 1424 2654 hominis
1442 2646 1450 2662 ,
1474 2618 1634 2653 coelestis
1653 2617 1849 2665 imaginem
1872 2624 1998 2666 portes
2013 2623 2041 2660 7,
2060 2615 2258 2651 attendens

1215 2683 1245 2716 D
1263 2678 1399 2713 ‹lix-inae
1418 2676 1630 2712 dilectionis
1655 2682 1895 2724 argumenta,
1925 2688 2008 2723 quae
2034 2674 2150 2709 refelli
2177 2686 2253 2708 non

1261 2744 1433 2786 possunt.
1461 2739 1562 2772 Pone
1583 2747 1640 2770 me
1657 2747 1770 2783 super
1797 2747 1861 2769 cor
1885 2742 2007 2777 tuum,
2032 2741 2073 2768 ut
2091 2733 2174 2767 lidei
2201 2733 2253 2767 si-

1261 2795 1479 2844 gnaculum,
1500 2802 1539 2829 ut
1561 2793 1700 2829 :unm-is
1724 2793 1953 2841 exemplum.
1972 2792 2058 2828 Tale
2085 2791 2254 2839 signacu-

1260 2856 1336 2891 lum
1365 2861 1450 2889 ante
1476 2851 1822 2901 1›rrevaricationem
1847 2864 1950 2888 suam
1976 2851 2012 2886 in
2039 2864 2077 2886 se
2101 2851 2254 2899 angelus

1258 2921 1427 2964 apostata
1452 2910 1707 2961 exprimebat,
1735 2911 1948 2946 testimonio
1977 2910 2180 2946 Ezechielis
2195 2910 2255 2946 di-

1260 2972 1377 3007 centis
1394 2985 1400 3005 ἰ
1426 2973 1473 3006 Tu
1494 2972 1724 3017 signaculum
1744 2971 2017 3012 ,rimilitlnliul's,
2036 2971 2172 3015 plenus
2193 2982 2252 3002 sa-

1256 3033 1419 3079 pientia,
1441 3039 1476 3064 c!
1492 3027 1677 3076 perfificms
1694 3030 1821 3063 decore
1837 3028 1863 3064 ⁸.
1887 3029 2048 3077 Angelus
2069 3027 2251 3076 siquiden*⁴

1261 3091 1297 3126 in
1324 3102 1389 3126 sua
1409 3088 1599 3124 creatione
1620 3095 1719 3123 tanta
1742 3091 1821 3123 Deo
1846 3087 2107 3123 conformitate
2127 3087 2255 3121 unitus

1261 3157 1337 3193 est,
1362 3156 1402 3184 ut
1434 3155 1529 3183 esset
1560 3146 1686 3196 potius
1722 3147 1953 3196 signaculum
1987 3146 2253 3187 similitiuliuis,

1262 3220 1373 3256 quam
1389 3206 1508 3242 simile
1521 3206 1579 3241 vel
1596 3206 1793 3255 signatum.
1812 3209 1866 3242 De
1882 3205 2003 3254 sigillo
2020 3205 2160 3253 quippe
2177 3205 2255 3239 talis

1752 3336 1763 3356 5
1787 3342 1855 3365 (keu
1897 3349 1923 3367 ι,
1954 3339 2005 3364 5‘.
2097 3335 2110 3352 ‘
2137 3339 2254 3366 Cum.
