2504 3928
324 233 418 268 1199

1129 236 1295 271 OGERH
1325 237 1488 272 sitnm)
1519 239 1567 272 ΙΙΙ

2272 242 2369 278 1200

322 307 424 342 vobis
446 309 563 342 tradet
594 321 662 341 me.
688 311 737 342 Αι·
767 307 795 342 si
821 306 960 343 diceret
985 323 990 343 :
1012 312 1117 346 Unus
1145 324 1188 346 ex
1207 311 1368 347 vol›is'²⁰³
1389 316 1477 356 (hm
1510 322 1561 347 est
1589 315 1634 347 de·
1659 326 1730 360 quo
1749 315 1867 350 die-ie?
1894 314 2039 351 Sciebat
2062 325 2185 353 autem
2214 320 2366 363 Petrus,

321 367 490 401 exiturus
515 373 586 409 est,
605 374 639 400 et
665 365 783 402 tradet
807 379 884 411 me;
907 380 1003 402 nnus
1024 381 1068 404 cx
1098 368 1204 405 vobis
1222 399 1230 415 ,
1249 370 1312 405 sed
1332 375 1356 407 A
1380 371 1479 419 quod
1505 372 1672 407 Christus
1690 372 1853 420 quodam
1881 373 2078 423 privilegio
2099 376 2237 412 amoris
2253 380 2370 413 Joan-

322 438 397 460 non
422 425 573 460 vinculo
603 425 791 461 charitatis
820 426 965 470 unitus,
994 436 1049 463 est
1073 441 1131 464 me.
1151 429 1312 464 traditu-

322 496 394 518 rus.
430 482 667 531 Aspiciebaiit
709 497 799 531 ergo
838 483 1008 534 discipuli
1045 486 1090 521 ad
1130 487 1287 522 invicem
1303 516 1312 532 ‚

321 542 531 577 11:1*sitant‹=s
558 542 603 576 de
626 556 702 590 quo
723 543 876 578 diceret.
899 547 981 579 Non
1004 545 1156 581 minima
1181 545 1311 581 turba—

322 601 389 643 tio,
428 601 539 636 timor
581 609 616 637 ct
648 602 815 637 anxietas
847 603 1113 651 Apostolorum
1150 613 1311 640 mentem

321 659 492 696 vexabat.
523 664 630 696 l‘utas
647 661 839 709 quomodo
861 665 992 698 Petrus
1013 671 1049 698 et
1076 664 1190 699 sancti
1207 668 1312 713 Apo-

321 719 404 753 stoli
423 718 582 754 latebras
600 721 735 756 mentis
750 720 958 765 intrabant,
975 729 1014 757 nt
1028 722 1056 757 si
1071 722 1106 757 in
1123 730 1312 758 auctorem

321 778 405 814 vita·
426 780 552 814 saltem
571 779 605 814 in
629 780 855 829 cogitatione
875 780 1014 828 aliquid
1037 781 1227 817 sinistrum
1249 795 1315 830 pu-

322 846 481 882 tassent,
512 851 586 873 non
612 852 743 888 parum
768 847 874 875 erant
903 839 1067 875 turbati?
1090 853 1174 876 nam
1196 841 1317 890 pallor

321 897 382 945 qni
405 906 482 933 erat
505 898 541 933 in
564 898 676 943 lacie,
697 897 910 934 declarabat
931 898 1100 935 dolorem
1121 900 1185 948 qui
1214 901 1317 949 vige-

322 955 384 991 bat
407 957 441 992 in
472 966 607 993 niente.
631 963 678 994 At
700 958 750 993 nil
772 958 913 994 doloris
934 957 1110 1008 gerebat,
1131 959 1195 1007 qui
1217 968 1317 995 astu-

323 1022 395 1050 tam
419 1014 548 1050 rabido
571 1015 741 1065 portabat
762 1015 832 1052 sul)
859 1025 1009 1066 pectore
1034 1018 1187 1067 vulpem
1210 1034 1217 1055 :
1240 1032 1315 1055 non

322 1083 400 1110 erat
425 1074 575 1120 dolens,
596 1077 654 1112 cui
673 1076 803 1126 ingens
821 1076 931 1112 dolor
951 1077 1071 1113 inesse
1086 1077 1258 1114 debebat.

377 1133 410 1168 l.
425 1136 455 1169 Ο
472 1132 619 1169 bonitas
634 1135 896 1184 Redemptoris
912 1138 918 1171 1
935 1150 957 1171 o
973 1136 1091 1184 pietas
1106 1137 1311 1173 Creatorisl

322 1192 509 1228 neminem
538 1194 618 1228 vult
639 1194 784 1243 perire,
805 1194 869 1230 sed
894 1208 1026 1231 omnes
1052 1196 1128 1231 lieri
1156 1196 1278 1232 salvos
1301 1210 1308 1231 :

322 1251 531 1299 specialiter
559 1265 635 1287 non
669 1252 835 1301 designat
867 1254 1083 1289 traditorem
1117 1267 1244 1300 suum,
1266 1267 1314 1290 ne

323 1310 426 1345 lieret
447 1310 703 1358 impudentior
722 1312 781 1347 vel
808 1312 1101 1348 inverecundior
1121 1313 1314 1349 manifeste

320 1368 587 1416 deprehensus.
606 1370 817 1405 Manifestat
836 1383 925 1418 ergo
945 1371 1106 1415 crimen,
1127 1380 1164 1406 et
1180 1371 1242 1406 dat
1258 1372 1316 1407 lo-

321 1439 404 1462 cum
431 1427 685 1474 pax-nitentiae,
716 1437 757 1463 ut
790 1429 963 1476 proditor
995 1429 1128 1465 videns
1148 1442 1187 1466 se
1202 1431 1317 1467 latere

322 1498 396 1520 non
417 1498 526 1533 posse
540 1514 549 1529 ,
571 1494 654 1535 agat
678 1487 949 1535 poenitentiam.
969 1487 1041 1523 Sed
1062 1488 1120 1523 vir
1140 1488 1203 1525 ille
1229 1502 1316 1538 per-

320 1543 473 1579 ditionis
486 1573 494 1589 ,
511 1545 650 1581 nullius
667 1546 897 1595 poenitentiae
917 1547 1080 1582 lamenta
1095 1547 1315 1597 suscipiens,

323 1603 425 1648 talis,
456 1605 514 1640 vel
546 1604 655 1654 pejor
682 1607 884 1651 remansit,
903 1606 1024 1655 qualis
1045 1606 1164 1643 fuerat
1184 1607 1288 1656 prius
1304 1635 1315 1654 ‚

321 1663 505 1699 transiens
537 1665 573 1700 in
602 1665 776 1702 affectum
804 1665 940 1702 cordis.
964 1666 1023 1702 Illi
1043 1679 1134 1702 vero
1154 1680 1318 1716 quorum

322 1722 453 1769 ingens
473 1724 639 1772 procella
667 1724 806 1760 doloris
831 1724 944 1761 corda
967 1724 1165 1770 turbabat,
1187 1725 1233 1761 ad
1255 1726 1317 1761 in-

323 1781 441 1817 vicem
467 1782 716 1831 aspiciebant,
743 1782 959 1820 dubitantes
980 1783 1025 1820 de
1055 1797 1131 1833 quo
1156 1783 1314 1830 diceret;

1382 444 1463 466 nem
1483 431 1677 478 diligebat,
1697 445 1764 467 nce
1785 432 1817 468 ei
1841 433 1977 469 celaret
1993 447 2068 470 suae
2085 434 2289 472 divinitatis
2308 450 2369 472 sc-

1380 498 1521 525 cretnm
1542 505 1549 524 :
1572 490 1694 526 innuit
1724 490 1808 526 idco
1828 491 1860 526 ei
1890 495 2044 538 PetrnS,
2070 502 2109 528 ut
2124 495 2370 543 interrogaret

1379 562 1462 584 enm
1479 578 1488 594 ‚
1513 550 1602 593 Quis
1622 552 1706 584 est?
1731 553 1860 598 Itaque
1894 564 1978 586 cum
2008 551 2238 589 recubuisset
2257 566 2371 603 snpra

1380 615 1509 655 pectus
1525 611 1610 642 Jesu
1627 636 1634 651 ,
1651 607 1765 643 dixit:
1782 610 1959 654 Domine,
1977 614 2060 657 quis
2077 620 2128 645 (nrt
2142 615 2161 647 Ρ
2179 615 2220 648 Et
2236 613 2370 648 merito

1380 667 1425 703 de
1446 668 1640 716 proditore
1660 682 1728 704 suo
1746 669 1960 716 magistrum
1983 670 2213 720 interrogare
2230 685 2304 708 non
2323 673 2371 708 ti-

1381 727 1475 762 muit
1491 755 1500 771 ‚
1523 727 1582 762 cui
1596 726 1671 774 jam
1689 728 1724 763 in
1747 727 1830 763 sinu
1848 728 2080 774 Divinitatis,
2102 731 2272 766 veritatis
2290 743 2370 767 ma-

1381 786 1493 833 gister
1528 787 1651 822 rimari
1686 795 1825 823 secreta
1856 787 2030 836 polorum
2064 790 2296 826 monstravit.
2326 794 2373 827 Et

1383 845 1490 889 dicit,
1522 849 1703 890 Donum»,
1735 851 1818 894 quis
1846 850 1926 882 caet?
1946 848 2028 896 quis
2059 857 2113 885 est
2139 849 2200 885 ille
2218 850 2373 885 infelix?

1382 905 1464 953 quis
1485 914 1541 940 est
1570 906 1630 941 ille
1665 907 1850 954 nequam?
1880 906 1962 954 quis
1979 915 2033 942 est
2050 907 2110 943 ille
2129 908 2373 945 maledictus?

1381 964 1464 1012 quis
1485 972 1539 999 est
1557 963 1716 999 traditor
1731 965 1841 999 tuus?
1857 964 1960 1000 illum
1978 965 2066 1000 mihi
2087 978 2178 1013 rogo
2196 979 2242 1003 ne
2257 968 2372 1013 celes,

1383 1022 1440 1058 cui
1463 1030 1533 1058 tuae
1549 1022 1754 1058 divinitatis
1771 1032 1911 1059 secreta
1937 1036 1976 1060 es
1996 1023 2169 1072 dignatus
2194 1026 2371 1063 revelare.

1332 1079 1359 1113 B
1379 1081 1446 1117 Cui
1467 1081 1672 1117 Dominus:
1690 1084 1756 1116 Ille
1774 1090 1842 1125 cst,
1867 1085 1927 1116 rui
1939 1095 2004 1129 egr)
2026 1086 2215 1118 ''atita-mm
2230 1097 2372 1132 panem

1371 1153 1586 1187 porrexero.
1599 1142 1647 1174 lit
1658 1154 1735 1174 enm
1753 1144 1963 1176 iutiuwisxret
1975 1155 2114 1188 lumem
2124 1169 2134 1185 ‚
2148 1143 2252 1177 dedit
2262 1144 2375 1178 Judoe

1380 1201 1538 1233 Simonis
1557 1200 1755 1234 Iit-arietis.
1772 1199 1881 1234 Panis
1897 1199 2083 1244 intinctio,
2103 1200 2286 1249 significat
2307 1202 2375 1236 fic-

1380 1257 1520 1293 tionem
1533 1257 1653 1302 Juda‘,
1673 1258 1736 1306 qui
1757 1259 1861 1294 lictus
1877 1258 2016 1294 amicus
2036 1259 2138 1294 venit
2155 1260 2199 1295 ad
2215 1273 2372 1296 coenam.

1381 1319 1472 1362 Quae
1484 1315 1582 1350 enini
1597 1316 1791 1363 tinguntur
1802 1344 1810 1360 ,
1822 1329 1897 1351 non
1914 1317 2096 1353 mundant
2109 1317 2172 1353 sed
2187 1317 2372 1354 inliciunt.

1435 1376 1470 1409 .5.
1489 1373 1559 1409 Sed
1587 1373 1669 1422 quis
1691 1374 1796 1422 panis
1828 1375 1894 1410 iste
1916 1375 2026 1411 fuerit
2046 1389 2156 1423 quem
2175 1376 2289 1412 Judas
2306 1391 2372 1412 ae-

1383 1432 1482 1481 eepit
1506 1432 1728 1477 intinctum3
1749 1433 1777 1468 si
1800 1433 1984 1469 Dominus
2004 1433 2168 1478 dederit,
2198 1435 2374 1471 lectorem

1383 1503 1506 1527 meum
1528 1518 1536 1535 ,
1568 1491 1596 1527 si
1628 1491 1757 1527 audire
1791 1491 2021 1540 dignabitur,
2054 1505 2130 1528 non
2165 1493 2374 1542 relinquam

1383 1563 1618 1599 suspensum.
1641 1549 1712 1587 Sed
1747 1550 1910 1599 primum
1945 1551 2135 1587 sciendum
2164 1560 2240 1595 est,
2272 1553 2375 1601 quod

1382 1610 1490 1659 panis
1511 1610 1766 1659 multipliciter
1787 1609 1968 1659 accipitur
1983 1610 2020 1646 in
2041 1624 2144 1647 sacra
2164 1612 2372 1661 Scriptura.

1383 1672 1454 1705 Per
1472 1682 1605 1718 panem
1626 1668 1827 1717 aliquando
1842 1669 2064 1718 intelligitur
2078 1670 2282 1716 Dominus;
2305 1671 2375 1706 ali-

1383 1727 1536 1776 quando
1573 1727 1689 1776 gratia
1724 1727 1945 1777 spiritualis;
1977 1728 2178 1776 aliquando
2212 1728 2376 1765 eruditio

1383 1786 1520 1822 divinae
1541 1786 1721 1822 doctrinae
1739 1800 1747 1830 ;
1767 1786 1970 1835 aliquando
1990 1786 2251 1823 haereticorum
2273 1800 2375 1837 prae—

324 1841 411 1889 quia
435 1842 501 1877 etsi
515 1851 603 1878 nota
624 1843 691 1879 fuit
712 1843 849 1891 cuique
870 1843 1099 1879 conscientia
1119 1856 1207 1888 sua,
1226 1844 1319 1880 alte·
1338 1847 1364 1882 C
1382 1846 1540 1892 dicatio;
1572 1845 1773 1895 aliquando
1803 1845 2008 1882 subsidium
2039 1846 2124 1882 vitae
2155 1848 2373 1896 praesenti53

323 1900 399 1935 rius
427 1908 549 1936 tamen
576 1910 654 1937 erat
687 1902 828 1950 ignota.
852 1905 942 1938 Erat
974 1915 1064 1952 ergo
1095 1902 1319 1940 recumbens

322 1971 421 1995 unus
432 1972 475 1994 ex
494 1959 683 2009 discipulis
697 1959 777 2008 ejus
789 1961 826 1996 in
845 1961 928 1996 sinu
943 1964 1029 1997 Jcsu
1044 1989 1053 2006 ‚
1067 1975 1178 2010 quem
1193 1961 1321 2011 dilige-

324 2016 387 2052 bat
404 2021 522 2053 Jesus.
546 2019 646 2054 Felix
659 2047 667 2063 ,
688 2019 840 2067 inquam
854 2046 864 2062 ,
880 2018 1086 2068 discipulus
1101 2020 1182 2064 ille,
1196 2020 1254 2055 cui
1269 2020 1320 2056 sic

324 2084 403 2111 erat
430 2077 618 2114 familiaris
641 2085 773 2113 auctor
802 2077 886 2112 vitre
903 2105 912 2122 ,
942 2090 1026 2126 quae
1049 2091 1150 2113 nunc
1177 2086 1253 2122 est,
1283 2086 1320 2114 et

324 2135 482 2171 suturae:
503 2136 612 2172 nimis
635 2137 842 2172 honoratus
862 2145 918 2172 est
935 2136 1138 2186 discipulus
1156 2137 1236 2182 ille,
1254 2138 1319 2185 qui

323 2194 379 2229 sui
400 2195 531 2243 capitis
556 2194 685 2231 habuit
706 2196 986 2231 reclinatorium
1009 2204 1081 2232 tam
1101 2195 1319 2232 venerabile

323 2261 456 2301 pectus
474 2253 612 2289 scilicet
634 2258 720 2290 Jcsu
734 2283 743 2299 ,
763 2258 850 2290 Jesu
870 2255 1004 2291 Christi
1026 2255 1204 2291 creatoris
1222 2268 1318 2291 cun-

326 2320 484 2347 ctorum.
501 2316 516 2348 ,1
525 2326 608 2348 esus
625 2321 747 2348 autem
766 2313 875 2349 valde
892 2326 976 2349 eum
997 2313 1189 2362 diligebat,
1208 2327 1319 2362 quem

325 2378 427 2405 tanto
448 2371 588 2406 honore
604 2370 840 2407 sublimabat.
855 2375 885 2408 Ο
903 2385 1014 2420 quam
1030 2372 1126 2409 bene
1146 2373 1318 2421 quiesce-

323 2429 402 2471 bat,
442 2429 504 2477 qui
539 2442 651 2478 snpra
680 2438 810 2478 pectus
847 2431 980 2466 Christi
1014 2431 1226 2479 quiescebat
1245 2434 1251 2466 !
1286 2435 1316 2468 O

325 2488 431 2523 beate
455 2489 620 2537 apostole
650 2489 738 2533 Dei,
764 2489 945 2537 discipule
961 2493 1047 2525 Jesn
1069 2490 1224 2535 Christi,
1246 2495 1315 2527 Jo-

323 2561 438 2584 anncs
457 2547 582 2592 beate,
604 2549 744 2584 utinam
774 2560 938 2584 mererer
958 2549 1058 2584 illius
1079 2548 1314 2585 dulcissimos

1384 1906 1587 1954 aliquando
1623 1905 1839 1953 jucunditas
1882 1905 2054 1941 humanae
2104 1905 2372 1942 delectationis.

1384 1966 1570 2002 Dominus
1588 1965 1724 2001 dieitur
1740 1965 1866 2013 panis,
1887 1964 1982 2000 sieut
2001 1965 2080 2013 ipse
2103 1964 2153 2000 ait
2174 1979 2182 2000 :
2199 1967 2280 2013 Ego
2295 1979 2374 2000 sum

1380 2029 1496 2073 panis
1515 2029 1636 2067 vivus,
1656 2028 1720 2072 qui
1739 2026 1784 2058 de
1802 2026 1892 2058 coelo
1916 2025 2088 2059 descendi
2098 2030 2120 2060 ¹.
2140 2024 2176 2060 Si
2199 2024 2375 2060 volumus

1385 2082 1508 2119 dicere
1531 2083 1634 2132 quod
1654 2083 1837 2119 Dominus
1857 2082 1926 2118 suit
1945 2082 2006 2118 ille
2026 2082 2134 2131 panis
2147 2112 2155 2128 ,
2170 2096 2281 2131 quem
2304 2092 2375 2119 tra-

1385 2142 1484 2179 ditor
1503 2142 1645 2191 accepit
1672 2142 1891 2186 intinctum,
1921 2154 1998 2177 non
2028 2142 2276 2191 relinquimus
2297 2151 2373 2179 tra-

1385 2203 1510 2237 mitem
1532 2201 1710 2238 veritatis.
1731 2201 1846 2237 Judas
1874 2201 1987 2249 igitur
2017 2214 2153 2250 panem
2174 2201 2372 2238 intinctum

1385 2261 1549 2310 aceepit,
1571 2260 1658 2309 quia
1690 2260 1894 2296 Dominum
1918 2264 2045 2296 Jesum
2079 2269 2220 2297 tantum
2253 2261 2376 2297 homi-

1385 2333 1470 2356 nem
1494 2328 1530 2356 et
1562 2333 1637 2355 non
1669 2323 1788 2355 Deum
1822 2319 1980 2367 putavit.
2020 2320 2224 2355 Bnecellam
2256 2319 2375 2355 intin-

1386 2387 1501 2422 ctam,
1522 2378 1579 2413 vel
1600 2390 1732 2425 panem
1761 2377 2048 2413 subcinericium
2078 2378 2276 2413 intinctum
2307 2391 2374 2413 co-

1385 2430 1523 2472 medit3
1550 2430 1637 2477 quia
1657 2429 1724 2464 etsi
1753 2429 1954 2465 Dominum
1983 2430 2229 2473 moriturum,
2249 2438 2372 2465 tamen

1382 2497 1679 2523 resurrecturum
1697 2500 1771 2523 non
1784 2487 1955 2523 credidit.
1973 2488 2291 2524 Istebeatissimus
2307 2502 2372 2537 pa-

1381 2548 1437 2583 nis
1452 2547 1519 2582 suit
1532 2547 1710 2582 intinctus
1723 2575 1731 2591 ,
1744 2560 1826 2581 eum
1846 2546 1958 2595 pedes
1974 2546 2010 2582 in
2028 2560 2137 2583 eruce
2157 2560 2226 2595 pro
2245 2555 2374 2583 nostra

325 2607 439 2655 pedes
470 2606 672 2642 osculando
702 2607 873 2655 lacrymis
901 2607 1040 2655 rigare,
1061 2607 1097 2643 in
1123 2608 1228 2656 cujus
1248 2622 1315 2657 pe-
1338 2615 1370 2648 D
1387 2607 1504 2643 salute
1520 2606 1673 2641 fuissent
1691 2605 1772 2650 lixi,
1789 2605 1954 2641 visuscst
1968 2618 2042 2641 non
2059 2605 2196 2641 habere
2213 2606 2374 2655 speciem

325 2675 427 2701 ctore
447 2675 485 2701 tn
505 2666 670 2701 meruisti
691 2665 877 2701 dormire!
898 2666 1049 2702 Utinam
1071 2666 1200 2702 faciem
1219 2667 1318 2703 illius

326 2740 345 2760 a
370 2726 479 2772 longe
505 2725 633 2760 saltem
664 2738 810 2773 possem
840 2726 1113 2773 contemplari,
1145 2726 1183 2761 in
1212 2726 1318 2774 cujus

325 2792 476 2833 pectore
493 2792 564 2818 tam
583 2783 740 2818 dulciter
755 2783 920 2818 dormire
937 2785 1115 2820 meruisti.
1132 2785 1200 2821 llic
1217 2786 1316 2822 enim

324 2842 369 2877 dc
397 2856 435 2877 se
466 2842 569 2890 qnasi
600 2842 645 2877 de
674 2842 746 2877 alio
770 2842 878 2887 dicit,
907 2850 946 2878 ut
970 2856 1094 2878 rerum
1130 2853 1319 2892 gestarum

326 2902 497 2950 scriptor,
521 2915 595 2936 non
620 2902 674 2936 sni
696 2901 867 2936 videatur
891 2902 1116 2950 przedicator
1134 2915 1226 2939 esse.
1250 2907 1321 2939 Per

327 2962 447 2996 sinum
464 2961 540 2995 six-e
559 2969 688 3009 pectus
708 2959 985 3007 significabatur
1004 2960 1096 2996 illud
1117 2970 1317 3006 secretum,

329 3019 374 3054 de
399 3032 474 3066 quo
493 3018 584 3053 hihit
606 3018 808 3054 divinitatis
829 3028 1113 3055 sacramentum.
1137 3024 1244 3057 Hunc
1263 3021 1321 3057 ‹li-

328 3076 466 3126 ligebat
490 3081 671 3112 ,loannem
704 3091 778 3113 non
801 3078 884 3126 plus
903 3077 1097 3122 omnibus,
1119 3079 1182 3115 sed
1213 3080 1319 3116 sami-

330 3136 477 3179 liarins,
508 3144 546 3170 nt
571 3148 638 3183 per
667 3148 793 3183 pacem
815 3136 933 3171 exiret
960 3136 1005 3171 de
1026 3137 1121 3184 vita,
1145 3151 1220 3173 non
1253 3151 1320 3187 per

331 3194 552 3243 passionem.
574 3194 669 3229 llnic
689 3194 811 3230 innuit
839 3195 965 3231 Simon
994 3199 1124 3233 Petrus
1141 3205 1177 3233 et
1191 3197 1283 3233 dixit
1308 3213 1316 3233 :

380 3327 386 3341 ¹
407 3325 497 3352 Joan.
520 3332 548 3349 ιι
568 3345 573 3357 ‚
596 3325 647 3351 .›l.

1385 2677 1452 2700 nec
1473 2664 1659 2699 decorem.
1680 2667 1789 2699 llunc
1808 2663 1927 2699 Jmlaei
1948 2664 2011 2712 qui
2030 2677 2097 2713 per
2115 2664 2249 2700 Judam
2264 2664 2375 2713 signi—

1386 2725 1557 2766 ficantur,
1572 2736 1704 2772 panem
1719 2723 1917 2759 intinctum
1936 2723 2151 2769 comedunt,
2167 2724 2253 2772 qnia
2271 2723 2375 2760 Chri-

1384 2791 1480 2818 stum
1509 2786 1633 2818 Jesum
1660 2795 1734 2817 non
1761 2785 1881 2817 Deum
1898 2810 1906 2825 ‚
1932 2782 1995 2817 sed
2024 2795 2161 2831 purum
2183 2782 2373 2818 hominem

1387 2841 1498 2877 fnisse
1518 2840 1675 2876 eredunt
1688 2855 1697 2885 3
1710 2849 1746 2875 ct
1764 2849 1922 2876 mortem
1941 2841 2039 2876 illius
2060 2841 2292 2886 concedunt,
2310 2841 2373 2877 sed

1387 2901 1696 2936 resurrectionem
1713 2901 1833 2936 adhuc
1851 2914 1924 2937 non
1940 2901 2152 2937 admittunt.
2167 2905 2302 2938 Panem
2320 2902 2375 2937 in-

1387 2959 1542 2994 tinctum
1571 2958 1688 3002 rodit,
1716 2958 1780 3006 qni
1804 2959 1935 2995 Filium
1960 2960 2120 3008 Virginis
2140 2968 2226 2996 ante
2247 2960 2374 2996 omnia

1385 3018 1519 3054 sreeula
1536 3018 1645 3053 fuisse
1668 3018 1901 3053 contradicit.
1921 3017 1978 3055 Ab
1997 3019 2059 3054 illo
2076 3019 2182 3067 panis
2195 3019 2374 3054 intinctus

1387 3077 1618 3124 roduin-‚qui
1633 3090 1651 3111 a
1669 3076 1752 3111 {idei
1770 3076 1955 3112 soliditate
1968 3077 2189 3122 deviat3nec
2202 3077 2374 3126 huncpa-

1387 3149 1471 3172 nem
1493 3135 1653 3171 solidum
1681 3135 1791 3182 digne
1813 3136 1951 3183 poterit
1968 3135 2213 3180 manducare,
2236 3137 2298 3184 qni
2331 3138 2374 3172 li-

1386 3195 1470 3231 ‹lem
1489 3195 1705 3231 catholicam
1721 3194 1882 3231 voluerit
1895 3195 2093 3231 inlirmare.
2115 3195 2256 3231 Dicitur
2268 3196 2374 3245 panis
