<?xml version="1.0" encoding="UTF-8"?>
<!DOCTYPE html PUBLIC "-//W3C//DTD XHTML 1.0 Transitional//EN"
    "http://www.w3.org/TR/xhtml1/DTD/xhtml1-transitional.dtd">
<html xmlns="http://www.w3.org/1999/xhtml" xml:lang="en" lang="en">
 <head>
  <title>
</title>
<meta http-equiv="Content-Type" content="text/html;charset=utf-8" />
  <meta name='ocr-system' content='tesseract 3.04.00' />
  <meta name='ocr-capabilities' content='ocr_page ocr_carea ocr_par ocr_line ocrx_word'/>
</head>
<body>
  <div class='ocr_page' id='page_1' title='image "./operaomniapostho05bern/operaomniapostho05bern_0493.png"; bbox 0 0 2418 3949; ppageno 0'>
   <div class='ocr_carea' id='block_1_1' title="bbox 181 232 258 268">
    <p class='ocr_par' dir='ltr' id='par_1_1' title="bbox 181 232 258 268">
     <span class='ocr_line' id='line_1_1' title="bbox 181 232 258 268; baseline -0.013 0"><span class='ocrx_word' id='word_1_1' title='bbox 181 232 258 268; x_wconf 77' lang='lat'>969</span> 
     </span>
    </p>
   </div>
   <div class='ocr_carea' id='block_1_2' title="bbox 932 232 1470 270">
    <p class='ocr_par' dir='ltr' id='par_1_2' title="bbox 932 232 1470 270">
     <span class='ocr_line' id='line_1_2' title="bbox 932 232 1470 270; baseline -0.007 0"><span class='ocrx_word' id='word_1_2' title='bbox 932 235 995 269; x_wconf 85' lang='lat' dir='ltr'>DE</span> <span class='ocrx_word' id='word_1_3' title='bbox 1024 232 1252 270; x_wconf 60' lang='lat' dir='ltr'>PASSIOME</span> <span class='ocrx_word' id='word_1_4' title='bbox 1281 232 1470 267; x_wconf 80' lang='lat' dir='ltr'><strong>DOMIM.</strong></span> 
     </span>
    </p>
   </div>
   <div class='ocr_carea' id='block_1_3' title="bbox 2154 230 2231 266">
    <p class='ocr_par' dir='ltr' id='par_1_3' title="bbox 2154 230 2231 266">
     <span class='ocr_line' id='line_1_3' title="bbox 2154 230 2231 266; baseline 0 -3"><span class='ocrx_word' id='word_1_5' title='bbox 2154 230 2231 266; x_wconf 67' lang='lat' dir='ltr'>nJo</span> 
     </span>
    </p>
   </div>
   <div class='ocr_carea' id='block_1_4' title="bbox 180 306 2223 359">
    <p class='ocr_par' dir='ltr' id='par_1_4' title="bbox 180 306 2223 359">
     <span class='ocr_line' id='line_1_4' title="bbox 180 306 2223 359; baseline -0 -15"><span class='ocrx_word' id='word_1_6' title='bbox 180 309 381 355; x_wconf 84' lang='lat' dir='ltr'>virtutum,</span> <span class='ocrx_word' id='word_1_7' title='bbox 402 317 439 346; x_wconf 91' lang='lat' dir='ltr'>et</span> <span class='ocrx_word' id='word_1_8' title='bbox 463 322 540 359; x_wconf 87' lang='lat' dir='ltr'>prae</span> <span class='ocrx_word' id='word_1_9' title='bbox 557 308 733 347; x_wconf 89' lang='lat' dir='ltr'>omnibus</span> <span class='ocrx_word' id='word_1_10' title='bbox 756 310 892 347; x_wconf 88' lang='lat' dir='ltr'>sanctis</span> <span class='ocrx_word' id='word_1_11' title='bbox 913 310 1107 359; x_wconf 64' lang='lat' dir='ltr'>prfeteritis</span> <span class='ocrx_word' id='word_1_12' title='bbox 1127 309 1218 345; x_wconf 79' lang='lat' dir='ltr'>ct&#39;³⁵</span> <span class='ocrx_word' id='word_1_13' title='bbox 1233 307 1387 343; x_wconf 87' lang='lat' dir='ltr'>tualinm</span> <span class='ocrx_word' id='word_1_14' title='bbox 1419 307 1598 344; x_wconf 81' lang='lat' dir='ltr'>charitate</span> <span class='ocrx_word' id='word_1_15' title='bbox 1618 306 1806 352; x_wconf 83' lang='lat' dir='ltr'>devincti,</span> <span class='ocrx_word' id='word_1_16' title='bbox 1828 314 1974 356; x_wconf 88' lang='lat' dir='ltr'>tempus</span> <span class='ocrx_word' id='word_1_17' title='bbox 1999 315 2223 343; x_wconf 81' lang='lat' dir='ltr'>consuetum</span> 
     </span>
    </p>
   </div>
   <div class='ocr_carea' id='block_1_5' title="bbox 181 365 1780 419">
    <p class='ocr_par' dir='ltr' id='par_1_5' title="bbox 181 365 1780 419">
     <span class='ocr_line' id='line_1_5' title="bbox 181 365 1780 419; baseline -0.001 -15"><span class='ocrx_word' id='word_1_18' title='bbox 181 369 314 405; x_wconf 88' lang='lat' dir='ltr'>futuris</span> <span class='ocrx_word' id='word_1_19' title='bbox 334 370 578 406; x_wconf 79' lang='lat' dir='ltr'>excellentius</span> <span class='ocrx_word' id='word_1_20' title='bbox 594 369 834 419; x_wconf 87' lang='lat' dir='ltr'>semetipsum</span> <span class='ocrx_word' id='word_1_21' title='bbox 857 382 1062 414; x_wconf 85' lang='lat' dir='ltr'>macerans,</span> <span class='ocrx_word' id='word_1_22' title='bbox 1085 381 1161 405; x_wconf 87' lang='lat' dir='ltr'>non</span> <span class='ocrx_word' id='word_1_23' title='bbox 1181 372 1210 405; x_wconf 83' lang='lat' dir='ltr'><strong>A</strong></span> <span class='ocrx_word' id='word_1_24' title='bbox 1230 365 1401 402; x_wconf 88' lang='lat' dir='ltr'>ciborum</span> <span class='ocrx_word' id='word_1_25' title='bbox 1439 366 1740 415; x_wconf 75' lang='lat' dir='ltr'>anticipaverunt</span> <span class='ocrx_word' id='word_1_26' title='bbox 1773 380 1780 401; x_wconf 76' lang='grc' dir='ltr'>ε</span> 
     </span>
    </p>
   </div>
   <div class='ocr_carea' id='block_1_6' title="bbox 171 426 1169 1838">
    <p class='ocr_par' dir='ltr' id='par_1_6' title="bbox 172 426 1169 1127">
     <span class='ocr_line' id='line_1_6' title="bbox 181 426 1166 475; baseline -0.001 -13"><span class='ocrx_word' id='word_1_27' title='bbox 181 427 422 473; x_wconf 87' lang='lat' dir='ltr'>necessitate,</span> <span class='ocrx_word' id='word_1_28' title='bbox 445 428 510 464; x_wconf 89' lang='lat' dir='ltr'>sed</span> <span class='ocrx_word' id='word_1_29' title='bbox 531 428 736 464; x_wconf 90' lang='lat' dir='ltr'>voluntate.</span> <span class='ocrx_word' id='word_1_30' title='bbox 763 427 834 464; x_wconf 87' lang='lat' dir='ltr'>Sed</span> <span class='ocrx_word' id='word_1_31' title='bbox 858 427 1037 475; x_wconf 87' lang='lat' dir='ltr'>objicitur</span> <span class='ocrx_word' id='word_1_32' title='bbox 1057 426 1166 464; x_wconf 87' lang='lat' dir='ltr'>nobis</span> 
     </span>
     <span class='ocr_line' id='line_1_7' title="bbox 177 486 1165 536; baseline 0 -14"><span class='ocrx_word' id='word_1_33' title='bbox 177 487 360 523; x_wconf 88' lang='lat' dir='ltr'>sententia</span> <span class='ocrx_word' id='word_1_34' title='bbox 380 487 425 524; x_wconf 89' lang='lat' dir='ltr'>de</span> <span class='ocrx_word' id='word_1_35' title='bbox 441 486 566 524; x_wconf 90' lang='lat' dir='ltr'>verbis</span> <span class='ocrx_word' id='word_1_36' title='bbox 588 487 704 536; x_wconf 87' lang='lat' dir='ltr'>ipsius</span> <span class='ocrx_word' id='word_1_37' title='bbox 723 487 876 523; x_wconf 86' lang='lat' dir='ltr'>Domini</span> <span class='ocrx_word' id='word_1_38' title='bbox 900 487 1102 524; x_wconf 82' lang='lat' dir='ltr'>Salvatoris</span> <span class='ocrx_word' id='word_1_39' title='bbox 1119 486 1165 522; x_wconf 86' lang='lat' dir='ltr'>de</span> 
     </span>
     <span class='ocr_line' id='line_1_8' title="bbox 178 546 1165 594; baseline -0.001 -13"><span class='ocrx_word' id='word_1_40' title='bbox 178 558 217 581; x_wconf 88' lang='lat' dir='ltr'>se</span> <span class='ocrx_word' id='word_1_41' title='bbox 243 546 418 592; x_wconf 86' lang='lat' dir='ltr'>dicentis,</span> <span class='ocrx_word' id='word_1_42' title='bbox 443 549 550 583; x_wconf 79' lang='lat' dir='ltr'>Venit</span> <span class='ocrx_word' id='word_1_43' title='bbox 565 549 618 582; x_wconf 78' lang='lat' dir='ltr'>ml</span> <span class='ocrx_word' id='word_1_44' title='bbox 636 549 790 582; x_wconf 64' lang='lat' dir='ltr'>ludaeos</span> <span class='ocrx_word' id='word_1_45' title='bbox 807 549 971 582; x_wconf 74' lang='lat' dir='ltr'>Joamws</span> <span class='ocrx_word' id='word_1_46' title='bbox 993 548 1165 594; x_wconf 56' lang='lat' dir='ltr'>Bapeirm</span> 
     </span>
     <span class='ocr_line' id='line_1_9' title="bbox 178 605 1165 653; baseline 0.001 -15"><span class='ocrx_word' id='word_1_47' title='bbox 178 618 251 639; x_wconf 83' lang='lat' dir='ltr'>mm</span> <span class='ocrx_word' id='word_1_48' title='bbox 289 608 520 641; x_wconf 74' lang='lat' dir='ltr'>manducans</span> <span class='ocrx_word' id='word_1_49' title='bbox 533 633 542 650; x_wconf 88' lang='lat'>‚</span> <span class='ocrx_word' id='word_1_50' title='bbox 582 619 700 653; x_wconf 77' lang='lat' dir='ltr'>neque</span> <span class='ocrx_word' id='word_1_51' title='bbox 729 605 875 649; x_wconf 73' lang='lat' dir='ltr'>lubens,</span> <span class='ocrx_word' id='word_1_52' title='bbox 907 615 941 640; x_wconf 81' lang='lat' dir='ltr'>ct</span> <span class='ocrx_word' id='word_1_53' title='bbox 975 608 1126 640; x_wconf 59' lang='lat' dir='ltr'>‹fixistis-</span> <span class='ocrx_word' id='word_1_54' title='bbox 1154 619 1165 639; x_wconf 89' lang='grc'>.-</span> 
     </span>
     <span class='ocr_line' id='line_1_10' title="bbox 178 665 1165 710; baseline 0.001 -12"><span class='ocrx_word' id='word_1_55' title='bbox 178 667 413 700; x_wconf 75' lang='lat' dir='ltr'>Daemmu&#39;mn</span> <span class='ocrx_word' id='word_1_56' title='bbox 438 665 547 701; x_wconf 76' lang='lat' dir='ltr'>habet</span> <span class='ocrx_word' id='word_1_57' title='bbox 564 679 575 699; x_wconf 94' lang='lat'><em>:</em></span> <span class='ocrx_word' id='word_1_58' title='bbox 594 665 702 710; x_wconf 85' lang='lat' dir='ltr'>item,</span> <span class='ocrx_word' id='word_1_59' title='bbox 733 668 841 701; x_wconf 77' lang='lat' dir='ltr'>Venit</span> <span class='ocrx_word' id='word_1_60' title='bbox 861 667 979 700; x_wconf 78' lang='lat' dir='ltr'>Filius</span> <span class='ocrx_word' id='word_1_61' title='bbox 1009 667 1165 700; x_wconf 73' lang='lat' dir='ltr'>leomim&#39;s</span> 
     </span>
     <span class='ocr_line' id='line_1_11' title="bbox 177 723 1164 768; baseline 0 -11"><span class='ocrx_word' id='word_1_62' title='bbox 177 725 404 759; x_wconf 74' lang='lat' dir='ltr'>manducans</span> <span class='ocrx_word' id='word_1_63' title='bbox 434 732 468 759; x_wconf 82' lang='lat' dir='ltr'>ec</span> <span class='ocrx_word' id='word_1_64' title='bbox 491 723 640 768; x_wconf 70' lang='lat' dir='ltr'>hibern,</span> <span class='ocrx_word' id='word_1_65' title='bbox 668 733 703 759; x_wconf 83' lang='lat' dir='ltr'>ec</span> <span class='ocrx_word' id='word_1_66' title='bbox 732 726 855 759; x_wconf 70' lang='lat' dir='ltr'>(licitis</span> <span class='ocrx_word' id='word_1_67' title='bbox 887 739 897 758; x_wconf 95' lang='lat'><em>:</em></span> <span class='ocrx_word' id='word_1_68' title='bbox 924 726 1019 760; x_wconf 74' lang='lat' dir='ltr'>Ecce</span> <span class='ocrx_word' id='word_1_69' title='bbox 1054 725 1164 760; x_wconf 78' lang='lat' dir='ltr'>Jmmo</span> 
     </span>
     <span class='ocr_line' id='line_1_12' title="bbox 177 783 1166 831; baseline -0.001 -13"><span class='ocrx_word' id='word_1_70' title='bbox 177 796 300 818; x_wconf 54' lang='lat' dir='ltr'>vorax·</span> <span class='ocrx_word' id='word_1_71' title='bbox 318 791 355 817; x_wconf 73' lang='lat' dir='ltr'>et</span> <span class='ocrx_word' id='word_1_72' title='bbox 369 787 559 829; x_wconf 77' lang='lat' dir='ltr'>vinarius,</span> <span class='ocrx_word' id='word_1_73' title='bbox 580 787 720 818; x_wconf 79' lang='lat' dir='ltr'>amicus</span> <span class='ocrx_word' id='word_1_74' title='bbox 729 783 1008 831; x_wconf 72' lang='lat' dir='ltr'>public-(morum</span> <span class='ocrx_word' id='word_1_75' title='bbox 1031 791 1065 818; x_wconf 81' lang='lat' dir='ltr'>et</span> <span class='ocrx_word' id='word_1_76' title='bbox 1076 796 1166 830; x_wconf 75' lang='lat' dir='ltr'>pec·-</span> 
     </span>
     <span class='ocr_line' id='line_1_13' title="bbox 175 842 1169 891; baseline 0.002 -16"><span class='ocrx_word' id='word_1_77' title='bbox 175 851 333 877; x_wconf 75' lang='lat' dir='ltr'>ratorum</span> <span class='ocrx_word' id='word_1_78' title='bbox 346 848 369 877; x_wconf 92' lang='lat'>¹.</span> <span class='ocrx_word' id='word_1_79' title='bbox 391 845 485 878; x_wconf 89' lang='lat' dir='ltr'>Ecce</span> <span class='ocrx_word' id='word_1_80' title='bbox 508 842 762 878; x_wconf 84' lang='lat' dir='ltr'>testimonium</span> <span class='ocrx_word' id='word_1_81' title='bbox 777 842 950 878; x_wconf 85' lang='lat' dir='ltr'>Veritatis</span> <span class='ocrx_word' id='word_1_82' title='bbox 962 871 970 887; x_wconf 94' lang='lat'>,</span> <span class='ocrx_word' id='word_1_83' title='bbox 984 843 1086 891; x_wconf 90' lang='lat' dir='ltr'>quod</span> <span class='ocrx_word' id='word_1_84' title='bbox 1103 846 1169 879; x_wconf 88' lang='lat' dir='ltr'>Jo-</span> 
     </span>
     <span class='ocr_line' id='line_1_14' title="bbox 173 900 1169 950; baseline 0.001 -15"><span class='ocrx_word' id='word_1_85' title='bbox 173 912 290 936; x_wconf 89' lang='lat' dir='ltr'>annes</span> <span class='ocrx_word' id='word_1_86' title='bbox 316 913 392 936; x_wconf 90' lang='lat' dir='ltr'>non</span> <span class='ocrx_word' id='word_1_87' title='bbox 427 900 669 937; x_wconf 86' lang='lat' dir='ltr'>manducavit</span> <span class='ocrx_word' id='word_1_88' title='bbox 702 914 825 950; x_wconf 89' lang='lat' dir='ltr'>neque</span> <span class='ocrx_word' id='word_1_89' title='bbox 851 901 974 939; x_wconf 84' lang='lat' dir='ltr'>bibit:</span> <span class='ocrx_word' id='word_1_90' title='bbox 1002 911 1040 938; x_wconf 92' lang='lat' dir='ltr'>et</span> <span class='ocrx_word' id='word_1_91' title='bbox 1067 900 1169 950; x_wconf 85' lang='lat' dir='ltr'>quod</span> 
     </span>
     <span class='ocr_line' id='line_1_15' title="bbox 174 960 1168 1010; baseline 0.001 -15"><span class='ocrx_word' id='word_1_92' title='bbox 174 960 253 1008; x_wconf 89' lang='lat' dir='ltr'>ipse</span> <span class='ocrx_word' id='word_1_93' title='bbox 265 962 372 996; x_wconf 86' lang='lat' dir='ltr'>Jesus</span> <span class='ocrx_word' id='word_1_94' title='bbox 385 967 422 996; x_wconf 90' lang='lat' dir='ltr'>et</span> <span class='ocrx_word' id='word_1_95' title='bbox 436 960 676 996; x_wconf 84' lang='lat' dir='ltr'>manducavit</span> <span class='ocrx_word' id='word_1_96' title='bbox 692 969 729 997; x_wconf 89' lang='lat' dir='ltr'>et</span> <span class='ocrx_word' id='word_1_97' title='bbox 746 960 854 997; x_wconf 86' lang='lat' dir='ltr'>bibit.</span> <span class='ocrx_word' id='word_1_98' title='bbox 873 961 1063 1010; x_wconf 65' lang='lat' dir='ltr'>Mnnquid</span> <span class='ocrx_word' id='word_1_99' title='bbox 1078 974 1168 1010; x_wconf 79' lang='lat' dir='ltr'>ergo</span> 
     </span>
     <span class='ocr_line' id='line_1_16' title="bbox 172 1017 1167 1069; baseline 0.002 -16"><span class='ocrx_word' id='word_1_100' title='bbox 172 1020 338 1054; x_wconf 70' lang='lat' dir='ltr'>,loannes</span> <span class='ocrx_word' id='word_1_101' title='bbox 370 1018 406 1054; x_wconf 92' lang='lat' dir='ltr'>in</span> <span class='ocrx_word' id='word_1_102' title='bbox 436 1017 672 1055; x_wconf 75' lang='lat' dir='ltr'>abstinentiae</span> <span class='ocrx_word' id='word_1_103' title='bbox 704 1020 842 1056; x_wconf 87' lang='lat' dir='ltr'>virtute</span> <span class='ocrx_word' id='word_1_104' title='bbox 873 1020 1054 1069; x_wconf 76' lang='lat' dir='ltr'>praecellit</span> <span class='ocrx_word' id='word_1_105' title='bbox 1093 1033 1167 1055; x_wconf 85' lang='lat' dir='ltr'>no-</span> 
     </span>
     <span class='ocr_line' id='line_1_17' title="bbox 173 1076 944 1127; baseline 0.003 -15"><span class='ocrx_word' id='word_1_106' title='bbox 173 1086 292 1112; x_wconf 81' lang='lat' dir='ltr'>strum</span> <span class='ocrx_word' id='word_1_107' title='bbox 310 1076 486 1113; x_wconf 90' lang='lat' dir='ltr'>dilectum</span> <span class='ocrx_word' id='word_1_108' title='bbox 507 1081 632 1114; x_wconf 90' lang='lat' dir='ltr'>Jesum</span> <span class='ocrx_word' id='word_1_109' title='bbox 650 1079 664 1114; x_wconf 82' lang='lat'>?</span> <span class='ocrx_word' id='word_1_110' title='bbox 684 1081 944 1127; x_wconf 77' lang='lat' dir='ltr'>Nequaquam.</span> 
     </span>
    </p>

    <p class='ocr_par' dir='ltr' id='par_1_7' title="bbox 171 1135 1167 1838">
     <span class='ocr_line' id='line_1_18' title="bbox 231 1135 1164 1187; baseline 0 -15"><span class='ocrx_word' id='word_1_111' title='bbox 231 1136 316 1173; x_wconf 87' lang='lat'><strong>135.</strong></span> <span class='ocrx_word' id='word_1_112' title='bbox 345 1136 416 1174; x_wconf 89' lang='lat' dir='ltr'>Sed</span> <span class='ocrx_word' id='word_1_113' title='bbox 443 1137 652 1173; x_wconf 88' lang='lat' dir='ltr'>notandum</span> <span class='ocrx_word' id='word_1_114' title='bbox 679 1138 783 1187; x_wconf 89' lang='lat' dir='ltr'>quod</span> <span class='ocrx_word' id='word_1_115' title='bbox 810 1138 951 1187; x_wconf 87' lang='lat' dir='ltr'>duplex</span> <span class='ocrx_word' id='word_1_116' title='bbox 971 1146 1026 1174; x_wconf 89' lang='lat' dir='ltr'>est</span> <span class='ocrx_word' id='word_1_117' title='bbox 1054 1135 1164 1173; x_wconf 90' lang='lat' dir='ltr'>absti-</span> 
     </span>
     <span class='ocr_line' id='line_1_19' title="bbox 174 1196 1167 1242; baseline 0.001 -11"><span class='ocrx_word' id='word_1_118' title='bbox 174 1196 310 1232; x_wconf 84' lang='lat' dir='ltr'>nentiae</span> <span class='ocrx_word' id='word_1_119' title='bbox 331 1196 460 1233; x_wconf 70' lang='lat' dir='ltr'>virtus.</span> <span class='ocrx_word' id='word_1_120' title='bbox 488 1199 573 1233; x_wconf 89' lang='lat' dir='ltr'>Una</span> <span class='ocrx_word' id='word_1_121' title='bbox 596 1197 697 1234; x_wconf 90' lang='lat' dir='ltr'>intus</span> <span class='ocrx_word' id='word_1_122' title='bbox 721 1198 759 1234; x_wconf 92' lang='lat' dir='ltr'>in</span> <span class='ocrx_word' id='word_1_123' title='bbox 792 1206 939 1242; x_wconf 85' lang='lat' dir='ltr'>mente,</span> <span class='ocrx_word' id='word_1_124' title='bbox 961 1198 1076 1233; x_wconf 88' lang='lat' dir='ltr'>altera</span> <span class='ocrx_word' id='word_1_125' title='bbox 1110 1197 1167 1232; x_wconf 88' lang='lat' dir='ltr'>fo—</span> 
     </span>
     <span class='ocr_line' id='line_1_20' title="bbox 173 1255 1162 1307; baseline 0.004 -17"><span class='ocrx_word' id='word_1_126' title='bbox 173 1255 222 1291; x_wconf 81' lang='lat' dir='ltr'>ris</span> <span class='ocrx_word' id='word_1_127' title='bbox 249 1256 285 1291; x_wconf 91' lang='lat' dir='ltr'>in</span> <span class='ocrx_word' id='word_1_128' title='bbox 313 1264 408 1292; x_wconf 85' lang='lat' dir='ltr'>actu.</span> <span class='ocrx_word' id='word_1_129' title='bbox 429 1259 473 1292; x_wconf 91' lang='lat' dir='ltr'>Et</span> <span class='ocrx_word' id='word_1_130' title='bbox 494 1270 534 1293; x_wconf 89' lang='lat' dir='ltr'>ea</span> <span class='ocrx_word' id='word_1_131' title='bbox 570 1257 723 1306; x_wconf 88' lang='lat' dir='ltr'>quidem</span> <span class='ocrx_word' id='word_1_132' title='bbox 753 1271 838 1307; x_wconf 87' lang='lat' dir='ltr'>quae</span> <span class='ocrx_word' id='word_1_133' title='bbox 864 1258 899 1294; x_wconf 88' lang='lat' dir='ltr'>in</span> <span class='ocrx_word' id='word_1_134' title='bbox 938 1266 1062 1294; x_wconf 91' lang='lat' dir='ltr'>mente</span> <span class='ocrx_word' id='word_1_135' title='bbox 1086 1266 1162 1301; x_wconf 87' lang='lat' dir='ltr'>est,</span> 
     </span>
     <span class='ocr_line' id='line_1_21' title="bbox 171 1315 1164 1366; baseline 0.003 -16"><span class='ocrx_word' id='word_1_136' title='bbox 171 1328 321 1364; x_wconf 85' lang='lat' dir='ltr'>semper</span> <span class='ocrx_word' id='word_1_137' title='bbox 341 1324 396 1352; x_wconf 90' lang='lat' dir='ltr'>est</span> <span class='ocrx_word' id='word_1_138' title='bbox 412 1315 611 1353; x_wconf 84' lang='lat' dir='ltr'>habenda:</span> <span class='ocrx_word' id='word_1_139' title='bbox 636 1330 679 1353; x_wconf 88' lang='lat' dir='ltr'>ea</span> <span class='ocrx_word' id='word_1_140' title='bbox 700 1330 791 1354; x_wconf 89' lang='lat' dir='ltr'>vero</span> <span class='ocrx_word' id='word_1_141' title='bbox 820 1331 903 1366; x_wconf 86' lang='lat' dir='ltr'>quae</span> <span class='ocrx_word' id='word_1_142' title='bbox 922 1326 977 1354; x_wconf 83' lang='lat' dir='ltr'>est</span> <span class='ocrx_word' id='word_1_143' title='bbox 1003 1318 1039 1354; x_wconf 91' lang='lat' dir='ltr'>in</span> <span class='ocrx_word' id='word_1_144' title='bbox 1065 1328 1164 1362; x_wconf 85' lang='lat' dir='ltr'>actu,</span> 
     </span>
     <span class='ocr_line' id='line_1_22' title="bbox 174 1377 1163 1426; baseline 0.003 -16"><span class='ocrx_word' id='word_1_145' title='bbox 174 1387 296 1411; x_wconf 84' lang='lat' dir='ltr'>rerum</span> <span class='ocrx_word' id='word_1_146' title='bbox 311 1388 354 1412; x_wconf 89' lang='lat' dir='ltr'>ac</span> <span class='ocrx_word' id='word_1_147' title='bbox 376 1384 588 1425; x_wconf 88' lang='lat' dir='ltr'>temporum</span> <span class='ocrx_word' id='word_1_148' title='bbox 608 1377 788 1426; x_wconf 75' lang='lat' dir='ltr'>qualitate</span> <span class='ocrx_word' id='word_1_149' title='bbox 803 1377 1074 1414; x_wconf 85' lang='lat' dir='ltr'>manifestanda</span> <span class='ocrx_word' id='word_1_150' title='bbox 1096 1385 1163 1413; x_wconf 88' lang='lat' dir='ltr'>est.</span> 
     </span>
     <span class='ocr_line' id='line_1_23' title="bbox 172 1436 1164 1485; baseline 0.002 -16"><span class='ocrx_word' id='word_1_151' title='bbox 172 1436 270 1470; x_wconf 82' lang='lat' dir='ltr'>Bene</span> <span class='ocrx_word' id='word_1_152' title='bbox 300 1443 424 1471; x_wconf 85' lang='lat' dir='ltr'>autem</span> <span class='ocrx_word' id='word_1_153' title='bbox 458 1438 645 1481; x_wconf 89' lang='lat' dir='ltr'>Joannes,</span> <span class='ocrx_word' id='word_1_154' title='bbox 675 1437 739 1484; x_wconf 93' lang='lat' dir='ltr'>qui</span> <span class='ocrx_word' id='word_1_155' title='bbox 770 1449 887 1485; x_wconf 90' lang='lat' dir='ltr'>purus</span> <span class='ocrx_word' id='word_1_156' title='bbox 924 1436 1039 1472; x_wconf 85' lang='lat' dir='ltr'>bomo</span> <span class='ocrx_word' id='word_1_157' title='bbox 1064 1444 1164 1480; x_wconf 89' lang='lat' dir='ltr'>erat,</span> 
     </span>
     <span class='ocr_line' id='line_1_24' title="bbox 173 1491 1166 1544; baseline 0.002 -16"><span class='ocrx_word' id='word_1_158' title='bbox 173 1491 434 1530; x_wconf 78' lang='lat' dir='ltr'>abstinentiam</span> <span class='ocrx_word' id='word_1_159' title='bbox 471 1502 543 1530; x_wconf 84' lang='lat' dir='ltr'>tam</span> <span class='ocrx_word' id='word_1_160' title='bbox 576 1495 613 1530; x_wconf 91' lang='lat' dir='ltr'>in</span> <span class='ocrx_word' id='word_1_161' title='bbox 641 1503 765 1531; x_wconf 86' lang='lat' dir='ltr'>mente</span> <span class='ocrx_word' id='word_1_162' title='bbox 796 1508 907 1543; x_wconf 89' lang='lat' dir='ltr'>qnam</span> <span class='ocrx_word' id='word_1_163' title='bbox 944 1495 981 1531; x_wconf 93' lang='lat' dir='ltr'>in</span> <span class='ocrx_word' id='word_1_164' title='bbox 1006 1508 1166 1544; x_wconf 90' lang='lat' dir='ltr'>corpore</span> 
     </span>
     <span class='ocr_line' id='line_1_25' title="bbox 172 1551 1166 1597; baseline 0.002 -10"><span class='ocrx_word' id='word_1_165' title='bbox 172 1551 373 1589; x_wconf 79' lang='lat' dir='ltr'>exercebat</span> <span class='ocrx_word' id='word_1_166' title='bbox 390 1581 399 1597; x_wconf 90' lang='lat'>,</span> <span class='ocrx_word' id='word_1_167' title='bbox 419 1566 465 1589; x_wconf 91' lang='lat' dir='ltr'>ne</span> <span class='ocrx_word' id='word_1_168' title='bbox 492 1554 586 1590; x_wconf 87' lang='lat' dir='ltr'>forte</span> <span class='ocrx_word' id='word_1_169' title='bbox 604 1554 927 1590; x_wconf 84' lang='lat' dir='ltr'>contaminaretur</span> <span class='ocrx_word' id='word_1_170' title='bbox 944 1569 951 1590; x_wconf 91' lang='lat'><strong>:</strong></span> <span class='ocrx_word' id='word_1_171' title='bbox 970 1554 1034 1590; x_wconf 80' lang='lat' dir='ltr'>sed</span> <span class='ocrx_word' id='word_1_172' title='bbox 1054 1554 1166 1589; x_wconf 77' lang='lat' dir='ltr'>honio</span> 
     </span>
     <span class='ocr_line' id='line_1_26' title="bbox 174 1614 1164 1663; baseline 0.003 -17"><span class='ocrx_word' id='word_1_173' title='bbox 174 1620 301 1648; x_wconf 89' lang='lat' dir='ltr'>noster</span> <span class='ocrx_word' id='word_1_174' title='bbox 326 1626 437 1650; x_wconf 88' lang='lat' dir='ltr'>verus</span> <span class='ocrx_word' id='word_1_175' title='bbox 453 1617 579 1659; x_wconf 76' lang='lat' dir='ltr'>JesuS,</span> <span class='ocrx_word' id='word_1_176' title='bbox 600 1614 663 1662; x_wconf 89' lang='lat' dir='ltr'>qui</span> <span class='ocrx_word' id='word_1_177' title='bbox 691 1614 867 1649; x_wconf 84' lang='lat' dir='ltr'>maculari</span> <span class='ocrx_word' id='word_1_178' title='bbox 901 1627 975 1650; x_wconf 89' lang='lat' dir='ltr'>non</span> <span class='ocrx_word' id='word_1_179' title='bbox 997 1622 1164 1663; x_wconf 86' lang='lat' dir='ltr'>poterat,</span> 
     </span>
     <span class='ocr_line' id='line_1_27' title="bbox 171 1670 1164 1721; baseline 0.002 -15"><span class='ocrx_word' id='word_1_180' title='bbox 171 1670 264 1708; x_wconf 78' lang='lat' dir='ltr'>cibis</span> <span class='ocrx_word' id='word_1_181' title='bbox 283 1679 320 1708; x_wconf 89' lang='lat' dir='ltr'>et</span> <span class='ocrx_word' id='word_1_182' title='bbox 337 1671 490 1721; x_wconf 88' lang='lat' dir='ltr'>potibus</span> <span class='ocrx_word' id='word_1_183' title='bbox 517 1685 587 1721; x_wconf 93' lang='lat' dir='ltr'>pro</span> <span class='ocrx_word' id='word_1_184' title='bbox 615 1681 785 1721; x_wconf 89' lang='lat' dir='ltr'>tempore</span> <span class='ocrx_word' id='word_1_185' title='bbox 803 1671 992 1717; x_wconf 81' lang='lat' dir='ltr'>utebatur,</span> <span class='ocrx_word' id='word_1_186' title='bbox 1012 1681 1052 1708; x_wconf 90' lang='lat' dir='ltr'>ut</span> <span class='ocrx_word' id='word_1_187' title='bbox 1074 1685 1164 1708; x_wconf 88' lang='lat' dir='ltr'>con-</span> 
     </span>
     <span class='ocr_line' id='line_1_28' title="bbox 171 1729 1163 1768; baseline 0.002 -4"><span class='ocrx_word' id='word_1_188' title='bbox 171 1738 362 1765; x_wconf 83' lang='lat' dir='ltr'>vescentes</span> <span class='ocrx_word' id='word_1_189' title='bbox 384 1729 454 1766; x_wconf 86' lang='lat' dir='ltr'>sibi</span> <span class='ocrx_word' id='word_1_190' title='bbox 475 1731 520 1767; x_wconf 91' lang='lat' dir='ltr'>ad</span> <span class='ocrx_word' id='word_1_191' title='bbox 545 1731 722 1767; x_wconf 80' lang='lat' dir='ltr'>virtutem</span> <span class='ocrx_word' id='word_1_192' title='bbox 744 1731 948 1767; x_wconf 85' lang='lat' dir='ltr'>attraheret</span> <span class='ocrx_word' id='word_1_193' title='bbox 964 1730 1163 1768; x_wconf 84' lang='lat' dir='ltr'>abstinen-</span> 
     </span>
     <span class='ocr_line' id='line_1_29' title="bbox 171 1789 1164 1838; baseline 0.002 -15"><span class='ocrx_word' id='word_1_194' title='bbox 171 1789 249 1834; x_wconf 70' lang='lat' dir='ltr'>tiae,</span> <span class='ocrx_word' id='word_1_195' title='bbox 271 1797 499 1838; x_wconf 85' lang='lat' dir='ltr'>caeterasque</span> <span class='ocrx_word' id='word_1_196' title='bbox 521 1790 689 1826; x_wconf 90' lang='lat' dir='ltr'>virtutes.</span> <span class='ocrx_word' id='word_1_197' title='bbox 711 1793 786 1827; x_wconf 87' lang='lat' dir='ltr'>Nec</span> <span class='ocrx_word' id='word_1_198' title='bbox 808 1790 938 1827; x_wconf 89' lang='lat' dir='ltr'>credas</span> <span class='ocrx_word' id='word_1_199' title='bbox 953 1791 1030 1826; x_wconf 91' lang='lat' dir='ltr'>ullo</span> <span class='ocrx_word' id='word_1_200' title='bbox 1051 1790 1164 1826; x_wconf 88' lang='lat' dir='ltr'>modo</span> 
     </span>
    </p>
   </div>
   <div class='ocr_carea' id='block_1_7' title="bbox 1231 365 2230 1066">
    <p class='ocr_par' dir='ltr' id='par_1_8' title="bbox 1231 365 2230 1066">
     <span class='ocr_line' id='line_1_30' title="bbox 1815 365 2219 402; baseline -0.002 0"><span class='ocrx_word' id='word_1_201' title='bbox 1815 365 1879 402; x_wconf 90' lang='lat' dir='ltr'>sed</span> <span class='ocrx_word' id='word_1_202' title='bbox 1918 365 2153 402; x_wconf 84' lang='lat' dir='ltr'>comedendo</span> <span class='ocrx_word' id='word_1_203' title='bbox 2183 367 2219 401; x_wconf 89' lang='lat' dir='ltr'>in</span> 
     </span>
     <span class='ocr_line' id='line_1_31' title="bbox 1233 423 2221 474; baseline 0 -14"><span class='ocrx_word' id='word_1_204' title='bbox 1233 425 1474 470; x_wconf 85' lang='lat' dir='ltr'>charitate‚se</span> <span class='ocrx_word' id='word_1_205' title='bbox 1494 437 1728 474; x_wconf 84' lang='lat' dir='ltr'>nequaquam</span> <span class='ocrx_word' id='word_1_206' title='bbox 1749 425 1904 461; x_wconf 76' lang='lat' dir='ltr'>solvisse</span> <span class='ocrx_word' id='word_1_207' title='bbox 1919 423 2104 473; x_wconf 87' lang='lat' dir='ltr'>jejunium</span> <span class='ocrx_word' id='word_1_208' title='bbox 2124 425 2221 461; x_wconf 65' lang='lat' dir='ltr'>aesti-</span> 
     </span>
     <span class='ocr_line' id='line_1_32' title="bbox 1233 483 2223 533; baseline 0.001 -13"><span class='ocrx_word' id='word_1_209' title='bbox 1233 483 1404 529; x_wconf 82' lang='lat' dir='ltr'>mabant3</span> <span class='ocrx_word' id='word_1_210' title='bbox 1426 485 1476 521; x_wconf 86' lang='lat' dir='ltr'>ita</span> <span class='ocrx_word' id='word_1_211' title='bbox 1512 493 1553 521; x_wconf 90' lang='lat' dir='ltr'>ut</span> <span class='ocrx_word' id='word_1_212' title='bbox 1588 485 1698 521; x_wconf 88' lang='lat' dir='ltr'>etiam</span> <span class='ocrx_word' id='word_1_213' title='bbox 1725 484 1842 533; x_wconf 84' lang='lat' dir='ltr'>aliqui</span> <span class='ocrx_word' id='word_1_214' title='bbox 1871 492 1954 533; x_wconf 86' lang='lat' dir='ltr'>post</span> <span class='ocrx_word' id='word_1_215' title='bbox 1990 484 2099 520; x_wconf 87' lang='lat' dir='ltr'>talem</span> <span class='ocrx_word' id='word_1_216' title='bbox 2132 485 2223 521; x_wconf 88' lang='lat' dir='ltr'>refe-</span> 
     </span>
     <span class='ocr_line' id='line_1_33' title="bbox 1231 543 2223 581; baseline 0 -1"><span class='ocrx_word' id='word_1_217' title='bbox 1231 543 1457 580; x_wconf 90' lang='lat' dir='ltr'>ctiunculam</span> <span class='ocrx_word' id='word_1_218' title='bbox 1482 544 1679 581; x_wconf 87' lang='lat' dir='ltr'>Missarum</span> <span class='ocrx_word' id='word_1_219' title='bbox 1710 543 1900 580; x_wconf 85' lang='lat' dir='ltr'>celebrare</span> <span class='ocrx_word' id='word_1_220' title='bbox 1937 544 2118 580; x_wconf 83' lang='lat' dir='ltr'>solemnia</span> <span class='ocrx_word' id='word_1_221' title='bbox 2147 557 2223 580; x_wconf 91' lang='lat' dir='ltr'>non</span> 
     </span>
     <span class='ocr_line' id='line_1_34' title="bbox 1235 603 2223 653; baseline 0 -14"><span class='ocrx_word' id='word_1_222' title='bbox 1235 603 1552 652; x_wconf 78' lang='lat' dir='ltr'>timerentzquod</span> <span class='ocrx_word' id='word_1_223' title='bbox 1580 604 1753 653; x_wconf 77' lang='lat' dir='ltr'>quamvis</span> <span class='ocrx_word' id='word_1_224' title='bbox 1776 603 1885 640; x_wconf 87' lang='lat' dir='ltr'>nobis</span> <span class='ocrx_word' id='word_1_225' title='bbox 1913 616 1990 639; x_wconf 90' lang='lat' dir='ltr'>non</span> <span class='ocrx_word' id='word_1_226' title='bbox 2021 604 2223 640; x_wconf 75' lang='lat' dir='ltr'>conveniat</span> 
     </span>
     <span class='ocr_line' id='line_1_35' title="bbox 1232 662 2220 712; baseline 0 -14"><span class='ocrx_word' id='word_1_227' title='bbox 1232 662 1377 698; x_wconf 85' lang='lat' dir='ltr'>trahere</span> <span class='ocrx_word' id='word_1_228' title='bbox 1405 662 1441 698; x_wconf 93' lang='lat' dir='ltr'>in</span> <span class='ocrx_word' id='word_1_229' title='bbox 1474 663 1715 712; x_wconf 89' lang='lat' dir='ltr'>exemplum,</span> <span class='ocrx_word' id='word_1_230' title='bbox 1748 670 1790 698; x_wconf 89' lang='lat' dir='ltr'>ut</span> <span class='ocrx_word' id='word_1_231' title='bbox 1821 663 1991 698; x_wconf 86' lang='lat' dir='ltr'>similiter</span> <span class='ocrx_word' id='word_1_232' title='bbox 2022 663 2220 708; x_wconf 83' lang='lat' dir='ltr'>faciamus,</span> 
     </span>
     <span class='ocr_line' id='line_1_36' title="bbox 1232 721 2222 771; baseline 0.002 -15"><span class='ocrx_word' id='word_1_233' title='bbox 1232 721 1410 770; x_wconf 88' lang='lat' dir='ltr'>quoniam</span> <span class='ocrx_word' id='word_1_234' title='bbox 1428 721 1579 770; x_wconf 87' lang='lat' dir='ltr'>quidem</span> <span class='ocrx_word' id='word_1_235' title='bbox 1602 721 1648 758; x_wconf 93' lang='lat' dir='ltr'>ab</span> <span class='ocrx_word' id='word_1_236' title='bbox 1669 734 1800 759; x_wconf 84' lang='lat' dir='ltr'>eorum</span> <span class='ocrx_word' id='word_1_237' title='bbox 1822 722 2053 771; x_wconf 78' lang='lat' dir='ltr'>perfectione</span> <span class='ocrx_word' id='word_1_238' title='bbox 2070 736 2139 758; x_wconf 79' lang='lat' dir='ltr'>nos</span> <span class='ocrx_word' id='word_1_239' title='bbox 2163 722 2222 758; x_wconf 88' lang='lat' dir='ltr'>ni-</span> 
     </span>
     <span class='ocr_line' id='line_1_37' title="bbox 1234 780 2224 830; baseline 0.001 -14"><span class='ocrx_word' id='word_1_240' title='bbox 1234 780 1351 816; x_wconf 91' lang='lat' dir='ltr'>mium</span> <span class='ocrx_word' id='word_1_241' title='bbox 1372 793 1606 830; x_wconf 86' lang='lat' dir='ltr'>scparamur;</span> <span class='ocrx_word' id='word_1_242' title='bbox 1630 794 1693 817; x_wconf 89' lang='lat' dir='ltr'>eos</span> <span class='ocrx_word' id='word_1_243' title='bbox 1713 789 1835 817; x_wconf 89' lang='lat' dir='ltr'>tamen</span> <span class='ocrx_word' id='word_1_244' title='bbox 1862 781 1941 817; x_wconf 90' lang='lat' dir='ltr'>sine</span> <span class='ocrx_word' id='word_1_245' title='bbox 1969 790 2122 830; x_wconf 85' lang='lat' dir='ltr'>peccato</span> <span class='ocrx_word' id='word_1_246' title='bbox 2143 782 2224 817; x_wconf 87' lang='lat' dir='ltr'>talia</span> 
     </span>
     <span class='ocr_line' id='line_1_38' title="bbox 1236 839 2223 889; baseline 0.001 -14"><span class='ocrx_word' id='word_1_247' title='bbox 1236 839 1364 876; x_wconf 88' lang='lat' dir='ltr'>fecisse</span> <span class='ocrx_word' id='word_1_248' title='bbox 1396 839 1644 886; x_wconf 81' lang='lat' dir='ltr'>confidimus,</span> <span class='ocrx_word' id='word_1_249' title='bbox 1666 853 1749 889; x_wconf 84' lang='lat' dir='ltr'>quae</span> <span class='ocrx_word' id='word_1_250' title='bbox 1782 852 2019 889; x_wconf 87' lang='lat' dir='ltr'>nequaquam</span> <span class='ocrx_word' id='word_1_251' title='bbox 2049 841 2119 876; x_wconf 87' lang='lat' dir='ltr'>nisi</span> <span class='ocrx_word' id='word_1_252' title='bbox 2139 841 2223 889; x_wconf 84' lang='lat' dir='ltr'>Spi-</span> 
     </span>
     <span class='ocr_line' id='line_1_39' title="bbox 1237 899 2219 948; baseline 0 -14"><span class='ocrx_word' id='word_1_253' title='bbox 1237 899 1311 934; x_wconf 86' lang='lat' dir='ltr'>ritu</span> <span class='ocrx_word' id='word_1_254' title='bbox 1331 908 1460 935; x_wconf 85' lang='lat' dir='ltr'>sancto</span> <span class='ocrx_word' id='word_1_255' title='bbox 1487 899 1577 948; x_wconf 89' lang='lat' dir='ltr'>ipsis</span> <span class='ocrx_word' id='word_1_256' title='bbox 1611 899 1792 937; x_wconf 87' lang='lat' dir='ltr'>veraciter</span> <span class='ocrx_word' id='word_1_257' title='bbox 1822 899 2011 935; x_wconf 78' lang='lat' dir='ltr'>revelante</span> <span class='ocrx_word' id='word_1_258' title='bbox 2034 899 2219 936; x_wconf 82' lang='lat' dir='ltr'>fecissent.</span> 
     </span>
     <span class='ocr_line' id='line_1_40' title="bbox 1236 958 2227 1008; baseline 0.001 -14"><span class='ocrx_word' id='word_1_259' title='bbox 1236 962 1354 995; x_wconf 86' lang='lat' dir='ltr'>Laute</span> <span class='ocrx_word' id='word_1_260' title='bbox 1373 958 1598 1005; x_wconf 89' lang='lat' dir='ltr'>comedunt,</span> <span class='ocrx_word' id='word_1_261' title='bbox 1626 959 1691 1008; x_wconf 89' lang='lat' dir='ltr'>qni</span> <span class='ocrx_word' id='word_1_262' title='bbox 1717 958 1884 995; x_wconf 88' lang='lat' dir='ltr'>delicatis</span> <span class='ocrx_word' id='word_1_263' title='bbox 1901 966 2060 995; x_wconf 90' lang='lat' dir='ltr'>utuntur</span> <span class='ocrx_word' id='word_1_264' title='bbox 2077 958 2227 995; x_wconf 78' lang='lat' dir='ltr'>cibariis</span> 
     </span>
     <span class='ocr_line' id='line_1_41' title="bbox 1234 1017 2230 1066; baseline -0.001 -12"><span class='ocrx_word' id='word_1_265' title='bbox 1234 1019 1313 1054; x_wconf 83' lang='lat' dir='ltr'>sola</span> <span class='ocrx_word' id='word_1_266' title='bbox 1345 1018 1594 1055; x_wconf 83' lang='lat' dir='ltr'>delectatione</span> <span class='ocrx_word' id='word_1_267' title='bbox 1614 1018 1762 1054; x_wconf 84' lang='lat' dir='ltr'>attracti</span> <span class='ocrx_word' id='word_1_268' title='bbox 1783 1030 1790 1052; x_wconf 89' lang='lat'><strong>:</strong></span> <span class='ocrx_word' id='word_1_269' title='bbox 1814 1017 1953 1066; x_wconf 88' lang='lat' dir='ltr'>quibus</span> <span class='ocrx_word' id='word_1_270' title='bbox 1980 1030 2056 1054; x_wconf 91' lang='lat' dir='ltr'>non</span> <span class='ocrx_word' id='word_1_271' title='bbox 2091 1018 2230 1055; x_wconf 80' lang='lat' dir='ltr'>suflicit</span> 
     </span>
    </p>
   </div>
   <div class='ocr_carea' id='block_1_8' title="bbox 1185 1077 2225 1126">
    <p class='ocr_par' dir='ltr' id='par_1_9' title="bbox 1185 1077 2225 1126">
     <span class='ocr_line' id='line_1_42' title="bbox 1185 1077 2225 1126; baseline -0.001 -12"><span class='ocrx_word' id='word_1_272' title='bbox 1185 1081 1212 1114; x_wconf 88' lang='lat' dir='ltr'>B</span> <span class='ocrx_word' id='word_1_273' title='bbox 1234 1077 1414 1114; x_wconf 85' lang='lat' dir='ltr'>naturalis</span> <span class='ocrx_word' id='word_1_274' title='bbox 1439 1090 1552 1126; x_wconf 85' lang='lat' dir='ltr'>sapor</span> <span class='ocrx_word' id='word_1_275' title='bbox 1578 1078 1747 1114; x_wconf 86' lang='lat' dir='ltr'>carnium</span> <span class='ocrx_word' id='word_1_276' title='bbox 1764 1104 1774 1122; x_wconf 89' lang='lat'><em>‚</em></span> <span class='ocrx_word' id='word_1_277' title='bbox 1796 1077 1874 1113; x_wconf 86' lang='lat' dir='ltr'>sive</span> <span class='ocrx_word' id='word_1_278' title='bbox 1903 1077 2083 1126; x_wconf 82' lang='lat' dir='ltr'>piscium,</span> <span class='ocrx_word' id='word_1_279' title='bbox 2114 1091 2225 1126; x_wconf 87' lang='lat' dir='ltr'>quem</span> 
     </span>
    </p>
   </div>
   <div class='ocr_carea' id='block_1_9' title="bbox 1229 1136 2232 1837">
    <p class='ocr_par' dir='ltr' id='par_1_10' title="bbox 1229 1136 2232 1837">
     <span class='ocr_line' id='line_1_43' title="bbox 1231 1136 2228 1186; baseline 0 -13"><span class='ocrx_word' id='word_1_280' title='bbox 1231 1140 1385 1174; x_wconf 84' lang='lat' dir='ltr'>Creator</span> <span class='ocrx_word' id='word_1_281' title='bbox 1414 1137 1487 1174; x_wconf 89' lang='lat' dir='ltr'>illis</span> <span class='ocrx_word' id='word_1_282' title='bbox 1513 1137 1693 1186; x_wconf 85' lang='lat' dir='ltr'>imposuit</span> <span class='ocrx_word' id='word_1_283' title='bbox 1709 1152 1718 1183; x_wconf 93' lang='lat'>;</span> <span class='ocrx_word' id='word_1_284' title='bbox 1737 1136 1801 1173; x_wconf 86' lang='lat' dir='ltr'>sed</span> <span class='ocrx_word' id='word_1_285' title='bbox 1827 1136 1948 1173; x_wconf 91' lang='lat' dir='ltr'>modis</span> <span class='ocrx_word' id='word_1_286' title='bbox 1972 1145 2114 1173; x_wconf 76' lang='lat' dir='ltr'>natura.»</span> <span class='ocrx_word' id='word_1_287' title='bbox 2134 1151 2228 1173; x_wconf 75' lang='lat' dir='ltr'>con—</span> 
     </span>
     <span class='ocr_line' id='line_1_44' title="bbox 1233 1195 2229 1246; baseline -0.002 -13"><span class='ocrx_word' id='word_1_288' title='bbox 1233 1197 1384 1246; x_wconf 87' lang='lat' dir='ltr'>temptis</span> <span class='ocrx_word' id='word_1_289' title='bbox 1411 1204 1589 1246; x_wconf 87' lang='lat' dir='ltr'>quaerunt</span> <span class='ocrx_word' id='word_1_290' title='bbox 1605 1195 1839 1232; x_wconf 87' lang='lat' dir='ltr'>adulterinos</span> <span class='ocrx_word' id='word_1_291' title='bbox 1867 1208 2020 1244; x_wconf 86' lang='lat' dir='ltr'>sapores</span> <span class='ocrx_word' id='word_1_292' title='bbox 2040 1196 2179 1245; x_wconf 84' lang='lat' dir='ltr'>piperis</span> <span class='ocrx_word' id='word_1_293' title='bbox 2194 1205 2229 1232; x_wconf 75' lang='lat' dir='ltr'>et</span> 
     </span>
     <span class='ocr_line' id='line_1_45' title="bbox 1231 1255 2230 1304; baseline -0.002 -12"><span class='ocrx_word' id='word_1_294' title='bbox 1231 1256 1541 1292; x_wconf 80' lang='lat' dir='ltr'>salsamentorum</span> <span class='ocrx_word' id='word_1_295' title='bbox 1563 1255 1777 1301; x_wconf 76' lang='lat' dir='ltr'>variorum,</span> <span class='ocrx_word' id='word_1_296' title='bbox 1797 1263 1838 1291; x_wconf 93' lang='lat' dir='ltr'>ut</span> <span class='ocrx_word' id='word_1_297' title='bbox 1864 1255 1934 1291; x_wconf 85' lang='lat' dir='ltr'>sibi</span> <span class='ocrx_word' id='word_1_298' title='bbox 1953 1255 2159 1304; x_wconf 86' lang='lat' dir='ltr'>appetitum</span> <span class='ocrx_word' id='word_1_299' title='bbox 2176 1256 2230 1291; x_wconf 87' lang='lat' dir='ltr'>fa-</span> 
     </span>
     <span class='ocr_line' id='line_1_46' title="bbox 1230 1314 2230 1362; baseline -0.001 -12"><span class='ocrx_word' id='word_1_300' title='bbox 1230 1315 1329 1351; x_wconf 85' lang='lat' dir='ltr'>ciant</span> <span class='ocrx_word' id='word_1_301' title='bbox 1348 1315 1570 1352; x_wconf 87' lang='lat' dir='ltr'>comedendi</span> <span class='ocrx_word' id='word_1_302' title='bbox 1588 1343 1597 1360; x_wconf 95' lang='lat'>,</span> <span class='ocrx_word' id='word_1_303' title='bbox 1621 1327 1697 1351; x_wconf 89' lang='lat' dir='ltr'>non</span> <span class='ocrx_word' id='word_1_304' title='bbox 1717 1322 1925 1351; x_wconf 83' lang='lat' dir='ltr'>metuentes</span> <span class='ocrx_word' id='word_1_305' title='bbox 1954 1314 2137 1362; x_wconf 89' lang='lat' dir='ltr'>optimum</span> <span class='ocrx_word' id='word_1_306' title='bbox 2162 1315 2230 1350; x_wconf 75' lang='lat' dir='ltr'>lio—</span> 
     </span>
     <span class='ocr_line' id='line_1_47' title="bbox 1233 1373 2227 1423; baseline 0 -14"><span class='ocrx_word' id='word_1_307' title='bbox 1233 1374 1375 1410; x_wconf 89' lang='lat' dir='ltr'>minum</span> <span class='ocrx_word' id='word_1_308' title='bbox 1397 1377 1611 1412; x_wconf 84' lang='lat' dir='ltr'>Creatorem</span> <span class='ocrx_word' id='word_1_309' title='bbox 1629 1374 1843 1423; x_wconf 85' lang='lat' dir='ltr'>vituperare</span> <span class='ocrx_word' id='word_1_310' title='bbox 1860 1374 1898 1410; x_wconf 87' lang='lat' dir='ltr'>in</span> <span class='ocrx_word' id='word_1_311' title='bbox 1916 1373 2095 1410; x_wconf 86' lang='lat' dir='ltr'>creaturis</span> <span class='ocrx_word' id='word_1_312' title='bbox 2110 1402 2119 1418; x_wconf 91' lang='lat'>‚</span> <span class='ocrx_word' id='word_1_313' title='bbox 2140 1374 2227 1409; x_wconf 90' lang='lat' dir='ltr'>dum</span> 
     </span>
     <span class='ocr_line' id='line_1_48' title="bbox 1231 1433 2232 1483; baseline 0 -15"><span class='ocrx_word' id='word_1_314' title='bbox 1231 1433 1324 1469; x_wconf 89' lang='lat' dir='ltr'>alios</span> <span class='ocrx_word' id='word_1_315' title='bbox 1354 1433 1426 1470; x_wconf 93' lang='lat' dir='ltr'>illis</span> <span class='ocrx_word' id='word_1_316' title='bbox 1446 1446 1600 1482; x_wconf 88' lang='lat' dir='ltr'>sapores</span> <span class='ocrx_word' id='word_1_317' title='bbox 1635 1433 1706 1483; x_wconf 88' lang='lat' dir='ltr'>ipsi</span> <span class='ocrx_word' id='word_1_318' title='bbox 1737 1433 1902 1478; x_wconf 88' lang='lat' dir='ltr'>faciunt,</span> <span class='ocrx_word' id='word_1_319' title='bbox 1935 1446 2047 1481; x_wconf 88' lang='lat' dir='ltr'>quam</span> <span class='ocrx_word' id='word_1_320' title='bbox 2077 1435 2232 1470; x_wconf 80' lang='lat' dir='ltr'>Creator</span> 
     </span>
     <span class='ocr_line' id='line_1_49' title="bbox 1233 1490 2232 1541; baseline -0.002 -13"><span class='ocrx_word' id='word_1_321' title='bbox 1233 1500 1376 1528; x_wconf 83' lang='lat' dir='ltr'>naturae</span> <span class='ocrx_word' id='word_1_322' title='bbox 1392 1505 1519 1528; x_wconf 89' lang='lat' dir='ltr'>earum</span> <span class='ocrx_word' id='word_1_323' title='bbox 1537 1492 1762 1541; x_wconf 83' lang='lat' dir='ltr'>praestiterit.</span> <span class='ocrx_word' id='word_1_324' title='bbox 1781 1494 1812 1530; x_wconf 95' lang='grc' dir='ltr'>Ο</span> <span class='ocrx_word' id='word_1_325' title='bbox 1833 1500 2014 1540; x_wconf 89' lang='lat' dir='ltr'>quantum</span> <span class='ocrx_word' id='word_1_326' title='bbox 2034 1490 2232 1540; x_wconf 83' lang='lat' dir='ltr'>hujusmo-</span> 
     </span>
     <span class='ocr_line' id='line_1_50' title="bbox 1234 1550 2231 1602; baseline 0 -16"><span class='ocrx_word' id='word_1_327' title='bbox 1234 1550 1271 1587; x_wconf 89' lang='lat' dir='ltr'>di</span> <span class='ocrx_word' id='word_1_328' title='bbox 1292 1552 1434 1588; x_wconf 87' lang='lat' dir='ltr'>alienos</span> <span class='ocrx_word' id='word_1_329' title='bbox 1466 1564 1620 1602; x_wconf 89' lang='lat' dir='ltr'>sapores</span> <span class='ocrx_word' id='word_1_330' title='bbox 1642 1551 1757 1587; x_wconf 86' lang='lat' dir='ltr'>homo</span> <span class='ocrx_word' id='word_1_331' title='bbox 1777 1551 2003 1587; x_wconf 78' lang='lat' dir='ltr'>christianus</span> <span class='ocrx_word' id='word_1_332' title='bbox 2021 1550 2138 1587; x_wconf 82' lang='lat' dir='ltr'>vitare</span> <span class='ocrx_word' id='word_1_333' title='bbox 2170 1552 2231 1587; x_wconf 86' lang='lat' dir='ltr'>de-</span> 
     </span>
     <span class='ocr_line' id='line_1_51' title="bbox 1234 1609 2230 1660; baseline 0.002 -16"><span class='ocrx_word' id='word_1_334' title='bbox 1234 1609 1340 1647; x_wconf 86' lang='lat' dir='ltr'>beret</span> <span class='ocrx_word' id='word_1_335' title='bbox 1353 1639 1362 1656; x_wconf 91' lang='lat'>,</span> <span class='ocrx_word' id='word_1_336' title='bbox 1385 1611 1414 1647; x_wconf 92' lang='lat' dir='ltr'>si</span> <span class='ocrx_word' id='word_1_337' title='bbox 1434 1610 1647 1647; x_wconf 74' lang='lat' dir='ltr'>adverteret</span> <span class='ocrx_word' id='word_1_338' title='bbox 1667 1610 1923 1646; x_wconf 89' lang='lat' dir='ltr'>dulcissimum</span> <span class='ocrx_word' id='word_1_339' title='bbox 1942 1610 2230 1660; x_wconf 20' lang='lat' dir='ltr'>etvsapientissi-</span> 
     </span>
     <span class='ocr_line' id='line_1_52' title="bbox 1233 1669 2229 1713; baseline 0 -8"><span class='ocrx_word' id='word_1_340' title='bbox 1233 1683 1335 1706; x_wconf 89' lang='lat' dir='ltr'>mum</span> <span class='ocrx_word' id='word_1_341' title='bbox 1355 1671 1556 1707; x_wconf 89' lang='lat' dir='ltr'>Dominum</span> <span class='ocrx_word' id='word_1_342' title='bbox 1576 1683 1684 1706; x_wconf 85' lang='lat' dir='ltr'>suum</span> <span class='ocrx_word' id='word_1_343' title='bbox 1703 1670 1832 1706; x_wconf 83' lang='lat' dir='ltr'>fecisse</span> <span class='ocrx_word' id='word_1_344' title='bbox 1847 1670 1973 1706; x_wconf 85' lang='lat' dir='ltr'>omnia</span> <span class='ocrx_word' id='word_1_345' title='bbox 1987 1669 2084 1706; x_wconf 90' lang='lat' dir='ltr'>bona</span> <span class='ocrx_word' id='word_1_346' title='bbox 2106 1671 2229 1713; x_wconf 69' lang='lat' dir='ltr'>valde,</span> 
     </span>
     <span class='ocr_line' id='line_1_53' title="bbox 1231 1728 2227 1778; baseline 0 -13"><span class='ocrx_word' id='word_1_347' title='bbox 1231 1728 1339 1778; x_wconf 86' lang='lat' dir='ltr'>cujus</span> <span class='ocrx_word' id='word_1_348' title='bbox 1364 1738 1554 1766; x_wconf 78' lang='lat' dir='ltr'>creaturas</span> <span class='ocrx_word' id='word_1_349' title='bbox 1579 1741 1668 1765; x_wconf 81' lang='lat' dir='ltr'>vere</span> <span class='ocrx_word' id='word_1_350' title='bbox 1697 1728 1815 1765; x_wconf 87' lang='lat' dir='ltr'>bonas</span> <span class='ocrx_word' id='word_1_351' title='bbox 1850 1728 1975 1764; x_wconf 90' lang='lat' dir='ltr'>nullus</span> <span class='ocrx_word' id='word_1_352' title='bbox 2000 1728 2070 1764; x_wconf 87' lang='lat' dir='ltr'>nisi</span> <span class='ocrx_word' id='word_1_353' title='bbox 2108 1729 2227 1765; x_wconf 87' lang='lat' dir='ltr'>malus</span> 
     </span>
     <span class='ocr_line' id='line_1_54' title="bbox 1229 1788 2230 1837; baseline -0.001 -12"><span class='ocrx_word' id='word_1_354' title='bbox 1229 1789 1389 1825; x_wconf 81' lang='lat' dir='ltr'>alterare</span> <span class='ocrx_word' id='word_1_355' title='bbox 1409 1789 1627 1825; x_wconf 87' lang='lat' dir='ltr'>consuevit!</span> <span class='ocrx_word' id='word_1_356' title='bbox 1647 1788 1851 1827; x_wconf 83' lang='lat' dir='ltr'>Consuevit</span> <span class='ocrx_word' id='word_1_357' title='bbox 1873 1788 1977 1833; x_wconf 85' lang='lat' dir='ltr'>dico,</span> <span class='ocrx_word' id='word_1_358' title='bbox 2000 1788 2087 1837; x_wconf 89' lang='lat' dir='ltr'>quia</span> <span class='ocrx_word' id='word_1_359' title='bbox 2106 1801 2230 1836; x_wconf 81' lang='lat' dir='ltr'>qnan—</span> 
     </span>
    </p>
   </div>
   <div class='ocr_carea' id='block_1_10' title="bbox 171 1846 2228 1896">
    <p class='ocr_par' dir='ltr' id='par_1_11' title="bbox 171 1846 2228 1896">
     <span class='ocr_line' id='line_1_55' title="bbox 171 1846 2228 1896; baseline 0 -13"><span class='ocrx_word' id='word_1_360' title='bbox 171 1847 352 1896; x_wconf 88' lang='lat' dir='ltr'>majorem</span> <span class='ocrx_word' id='word_1_361' title='bbox 372 1861 452 1885; x_wconf 89' lang='lat' dir='ltr'>esse</span> <span class='ocrx_word' id='word_1_362' title='bbox 478 1848 657 1885; x_wconf 85' lang='lat' dir='ltr'>virtutem</span> <span class='ocrx_word' id='word_1_363' title='bbox 680 1850 839 1886; x_wconf 92' lang='lat' dir='ltr'>omnino</span> <span class='ocrx_word' id='word_1_364' title='bbox 857 1849 1046 1887; x_wconf 88' lang='lat' dir='ltr'>abstinere</span> <span class='ocrx_word' id='word_1_365' title='bbox 1066 1864 1086 1886; x_wconf 86' lang='lat' dir='ltr'>a</span> <span class='ocrx_word' id='word_1_366' title='bbox 1112 1851 1163 1886; x_wconf 79' lang='lat' dir='ltr'>ci·</span> <span class='ocrx_word' id='word_1_367' title='bbox 1184 1848 1211 1883; x_wconf 94' lang='lat' dir='ltr'>C</span> <span class='ocrx_word' id='word_1_368' title='bbox 1232 1847 1359 1896; x_wconf 87' lang='lat' dir='ltr'>doque</span> <span class='ocrx_word' id='word_1_369' title='bbox 1397 1847 1620 1884; x_wconf 86' lang='lat' dir='ltr'>lautioribus</span> <span class='ocrx_word' id='word_1_370' title='bbox 1659 1847 1711 1884; x_wconf 89' lang='lat' dir='ltr'>uti</span> <span class='ocrx_word' id='word_1_371' title='bbox 1737 1846 1886 1883; x_wconf 83' lang='lat' dir='ltr'>cibariis</span> <span class='ocrx_word' id='word_1_372' title='bbox 1911 1860 1981 1896; x_wconf 89' lang='lat' dir='ltr'>pro</span> <span class='ocrx_word' id='word_1_373' title='bbox 2012 1847 2228 1883; x_wconf 86' lang='lat' dir='ltr'>infirmitate</span> 
     </span>
    </p>
   </div>
   <div class='ocr_carea' id='block_1_11' title="bbox 166 1906 1166 2602">
    <p class='ocr_par' dir='ltr' id='par_1_12' title="bbox 166 1906 1166 2602">
     <span class='ocr_line' id='line_1_56' title="bbox 171 1906 1166 1958; baseline 0.003 -16"><span class='ocrx_word' id='word_1_374' title='bbox 171 1906 247 1952; x_wconf 89' lang='lat' dir='ltr'>bis,</span> <span class='ocrx_word' id='word_1_375' title='bbox 265 1920 378 1956; x_wconf 89' lang='lat' dir='ltr'>qnam</span> <span class='ocrx_word' id='word_1_376' title='bbox 408 1907 497 1958; x_wconf 91' lang='lat' dir='ltr'>ipsis</span> <span class='ocrx_word' id='word_1_377' title='bbox 522 1908 670 1945; x_wconf 79' lang='lat' dir='ltr'>cibariis</span> <span class='ocrx_word' id='word_1_378' title='bbox 696 1909 749 1945; x_wconf 91' lang='lat' dir='ltr'>uti</span> <span class='ocrx_word' id='word_1_379' title='bbox 776 1908 980 1946; x_wconf 83' lang='lat' dir='ltr'>moderate.</span> <span class='ocrx_word' id='word_1_380' title='bbox 1008 1909 1166 1946; x_wconf 80' lang='lat' dir='ltr'>Difficil-</span> 
     </span>
     <span class='ocr_line' id='line_1_57' title="bbox 171 1966 1164 2005; baseline 0.004 -4"><span class='ocrx_word' id='word_1_381' title='bbox 171 1966 299 2002; x_wconf 82' lang='lat' dir='ltr'>limum</span> <span class='ocrx_word' id='word_1_382' title='bbox 334 1975 390 2003; x_wconf 87' lang='lat' dir='ltr'>est</span> <span class='ocrx_word' id='word_1_383' title='bbox 420 1968 519 2003; x_wconf 92' lang='lat' dir='ltr'>enim</span> <span class='ocrx_word' id='word_1_384' title='bbox 557 1967 595 2004; x_wconf 91' lang='lat' dir='ltr'>in</span> <span class='ocrx_word' id='word_1_385' title='bbox 633 1968 782 2004; x_wconf 87' lang='lat' dir='ltr'>cibariis</span> <span class='ocrx_word' id='word_1_386' title='bbox 824 1969 978 2005; x_wconf 89' lang='lat' dir='ltr'>modum</span> <span class='ocrx_word' id='word_1_387' title='bbox 1015 1982 1164 2005; x_wconf 90' lang='lat' dir='ltr'>servare</span> 
     </span>
     <span class='ocr_line' id='line_1_58' title="bbox 169 2025 1164 2078; baseline 0.005 -18"><span class='ocrx_word' id='word_1_388' title='bbox 169 2025 454 2073; x_wconf 84' lang='lat' dir='ltr'>omnimodum,</span> <span class='ocrx_word' id='word_1_389' title='bbox 482 2026 532 2064; x_wconf 86' lang='lat' dir='ltr'>ita</span> <span class='ocrx_word' id='word_1_390' title='bbox 556 2035 597 2064; x_wconf 90' lang='lat' dir='ltr'>ut</span> <span class='ocrx_word' id='word_1_391' title='bbox 625 2028 722 2064; x_wconf 90' lang='lat' dir='ltr'>ultra</span> <span class='ocrx_word' id='word_1_392' title='bbox 742 2041 853 2076; x_wconf 83' lang='lat' dir='ltr'>quani</span> <span class='ocrx_word' id='word_1_393' title='bbox 877 2037 1020 2065; x_wconf 60' lang='lat' dir='ltr'>naturae</span> <span class='ocrx_word' id='word_1_394' title='bbox 1039 2037 1164 2078; x_wconf 89' lang='lat' dir='ltr'>potest</span> 
     </span>
     <span class='ocr_line' id='line_1_59' title="bbox 169 2084 1161 2137; baseline 0.005 -18"><span class='ocrx_word' id='word_1_395' title='bbox 169 2084 363 2131; x_wconf 84' lang='lat' dir='ltr'>sufficere,</span> <span class='ocrx_word' id='word_1_396' title='bbox 394 2085 485 2122; x_wconf 90' lang='lat' dir='ltr'>nihil</span> <span class='ocrx_word' id='word_1_397' title='bbox 515 2095 698 2131; x_wconf 86' lang='lat' dir='ltr'>sumatur,</span> <span class='ocrx_word' id='word_1_398' title='bbox 732 2101 800 2123; x_wconf 84' lang='lat' dir='ltr'>nec</span> <span class='ocrx_word' id='word_1_399' title='bbox 828 2087 895 2137; x_wconf 90' lang='lat' dir='ltr'>ipsi</span> <span class='ocrx_word' id='word_1_400' title='bbox 928 2096 1070 2124; x_wconf 85' lang='lat' dir='ltr'>naturae</span> <span class='ocrx_word' id='word_1_401' title='bbox 1099 2089 1161 2124; x_wconf 88' lang='lat' dir='ltr'>ali-</span> 
     </span>
     <span class='ocr_line' id='line_1_60' title="bbox 168 2142 1159 2194; baseline 0.004 -16"><span class='ocrx_word' id='word_1_402' title='bbox 168 2142 260 2191; x_wconf 89' lang='lat' dir='ltr'>quid</span> <span class='ocrx_word' id='word_1_403' title='bbox 289 2143 336 2179; x_wconf 90' lang='lat' dir='ltr'>de</span> <span class='ocrx_word' id='word_1_404' title='bbox 368 2145 585 2181; x_wconf 87' lang='lat' dir='ltr'>necessariis</span> <span class='ocrx_word' id='word_1_405' title='bbox 615 2144 869 2181; x_wconf 85' lang='lat' dir='ltr'>subtrahatur.</span> <span class='ocrx_word' id='word_1_406' title='bbox 895 2147 930 2182; x_wconf 81' lang='lat' dir='ltr'>Si</span> <span class='ocrx_word' id='word_1_407' title='bbox 954 2158 1044 2194; x_wconf 79' lang='lat' dir='ltr'>ergo</span> <span class='ocrx_word' id='word_1_408' title='bbox 1065 2159 1159 2182; x_wconf 84' lang='lat' dir='ltr'>eon—</span> 
     </span>
     <span class='ocr_line' id='line_1_61' title="bbox 170 2202 1160 2252; baseline 0.003 -15"><span class='ocrx_word' id='word_1_409' title='bbox 170 2202 286 2251; x_wconf 77' lang='lat' dir='ltr'>tingat</span> <span class='ocrx_word' id='word_1_410' title='bbox 305 2202 467 2252; x_wconf 86' lang='lat' dir='ltr'>aliquem</span> <span class='ocrx_word' id='word_1_411' title='bbox 482 2203 620 2240; x_wconf 84' lang='lat' dir='ltr'>habere</span> <span class='ocrx_word' id='word_1_412' title='bbox 633 2204 809 2240; x_wconf 84' lang='lat' dir='ltr'>virtutem</span> <span class='ocrx_word' id='word_1_413' title='bbox 828 2205 1064 2241; x_wconf 68' lang='lat' dir='ltr'>abstinentize</span> <span class='ocrx_word' id='word_1_414' title='bbox 1077 2218 1160 2241; x_wconf 82' lang='lat' dir='ltr'>cnm</span> 
     </span>
     <span class='ocr_line' id='line_1_62' title="bbox 167 2261 1163 2312; baseline 0.002 -17"><span class='ocrx_word' id='word_1_415' title='bbox 167 2264 334 2306; x_wconf 67' lang='lat' dir='ltr'>joanne,</span> <span class='ocrx_word' id='word_1_416' title='bbox 353 2261 495 2297; x_wconf 88' lang='lat' dir='ltr'>scilicet</span> <span class='ocrx_word' id='word_1_417' title='bbox 513 2269 552 2298; x_wconf 93' lang='lat' dir='ltr'>ut</span> <span class='ocrx_word' id='word_1_418' title='bbox 569 2261 687 2310; x_wconf 82' lang='lat' dir='ltr'>ipsam</span> <span class='ocrx_word' id='word_1_419' title='bbox 711 2271 835 2298; x_wconf 88' lang='lat' dir='ltr'>mente</span> <span class='ocrx_word' id='word_1_420' title='bbox 856 2272 892 2299; x_wconf 92' lang='lat' dir='ltr'>ct</span> <span class='ocrx_word' id='word_1_421' title='bbox 915 2276 1030 2312; x_wconf 82' lang='lat' dir='ltr'>opere</span> <span class='ocrx_word' id='word_1_422' title='bbox 1059 2276 1163 2299; x_wconf 77' lang='lat' dir='ltr'>exer-</span> 
     </span>
     <span class='ocr_line' id='line_1_63' title="bbox 166 2320 1162 2370; baseline 0.003 -17"><span class='ocrx_word' id='word_1_423' title='bbox 166 2327 268 2365; x_wconf 85' lang='lat' dir='ltr'>eeat;</span> <span class='ocrx_word' id='word_1_424' title='bbox 285 2332 359 2356; x_wconf 88' lang='lat' dir='ltr'>non</span> <span class='ocrx_word' id='word_1_425' title='bbox 378 2320 607 2357; x_wconf 85' lang='lat' dir='ltr'>condemnet</span> <span class='ocrx_word' id='word_1_426' title='bbox 622 2334 707 2357; x_wconf 88' lang='lat' dir='ltr'>cum</span> <span class='ocrx_word' id='word_1_427' title='bbox 723 2321 787 2370; x_wconf 88' lang='lat' dir='ltr'>qni</span> <span class='ocrx_word' id='word_1_428' title='bbox 802 2321 966 2358; x_wconf 85' lang='lat' dir='ltr'>abstinet</span> <span class='ocrx_word' id='word_1_429' title='bbox 983 2335 1066 2357; x_wconf 85' lang='lat' dir='ltr'>eum</span> <span class='ocrx_word' id='word_1_430' title='bbox 1080 2334 1162 2370; x_wconf 90' lang='lat' dir='ltr'>per-</span> 
     </span>
     <span class='ocr_line' id='line_1_64' title="bbox 168 2377 1166 2429; baseline 0.004 -17"><span class='ocrx_word' id='word_1_431' title='bbox 168 2377 366 2414; x_wconf 84' lang='lat' dir='ltr'>fectissimo</span> <span class='ocrx_word' id='word_1_432' title='bbox 385 2382 489 2424; x_wconf 88' lang='lat' dir='ltr'>Jesu,</span> <span class='ocrx_word' id='word_1_433' title='bbox 511 2379 548 2415; x_wconf 88' lang='lat' dir='ltr'>id</span> <span class='ocrx_word' id='word_1_434' title='bbox 571 2388 639 2425; x_wconf 87' lang='lat' dir='ltr'>est,</span> <span class='ocrx_word' id='word_1_435' title='bbox 663 2380 725 2428; x_wconf 91' lang='lat' dir='ltr'>qui</span> <span class='ocrx_word' id='word_1_436' title='bbox 749 2379 1030 2425; x_wconf 82' lang='lat' dir='ltr'>abstinentiam,</span> <span class='ocrx_word' id='word_1_437' title='bbox 1051 2388 1166 2429; x_wconf 91' lang='lat' dir='ltr'>prout</span> 
     </span>
     <span class='ocr_line' id='line_1_65' title="bbox 167 2439 1159 2501; baseline 0.004 -29"><span class='ocrx_word' id='word_1_438' title='bbox 167 2445 336 2486; x_wconf 86' lang='lat' dir='ltr'>tempora</span> <span class='ocrx_word' id='word_1_439' title='bbox 354 2439 518 2501; x_wconf 42' lang='lat' dir='ltr'>exigunt‘</span> <span class='ocrx_word' id='word_1_440' title='bbox 532 2448 569 2475; x_wconf 92' lang='lat' dir='ltr'>et</span> <span class='ocrx_word' id='word_1_441' title='bbox 589 2452 779 2488; x_wconf 79' lang='lat' dir='ltr'>personae,</span> <span class='ocrx_word' id='word_1_442' title='bbox 804 2452 873 2488; x_wconf 92' lang='lat' dir='ltr'>pro</span> <span class='ocrx_word' id='word_1_443' title='bbox 895 2441 1054 2476; x_wconf 85' lang='lat' dir='ltr'>utilitate</span> <span class='ocrx_word' id='word_1_444' title='bbox 1068 2468 1077 2485; x_wconf 89' lang='lat'>‚</span> <span class='ocrx_word' id='word_1_445' title='bbox 1102 2440 1159 2476; x_wconf 81' lang='lat' dir='ltr'>vel</span> 
     </span>
     <span class='ocr_line' id='line_1_66' title="bbox 167 2497 1159 2548; baseline 0.004 -16"><span class='ocrx_word' id='word_1_446' title='bbox 167 2497 311 2546; x_wconf 77' lang='lat' dir='ltr'>proprii</span> <span class='ocrx_word' id='word_1_447' title='bbox 347 2499 541 2548; x_wconf 83' lang='lat' dir='ltr'>eorporis,</span> <span class='ocrx_word' id='word_1_448' title='bbox 563 2499 622 2535; x_wconf 80' lang='lat' dir='ltr'>vel</span> <span class='ocrx_word' id='word_1_449' title='bbox 649 2499 812 2548; x_wconf 79' lang='lat' dir='ltr'>proximi</span> <span class='ocrx_word' id='word_1_450' title='bbox 847 2513 948 2536; x_wconf 88' lang='lat' dir='ltr'>nunc</span> <span class='ocrx_word' id='word_1_451' title='bbox 979 2501 1159 2546; x_wconf 88' lang='lat' dir='ltr'>intendit,</span> 
     </span>
     <span class='ocr_line' id='line_1_67' title="bbox 167 2557 1159 2602; baseline 0.006 -12"><span class='ocrx_word' id='word_1_452' title='bbox 167 2568 267 2591; x_wconf 71' lang='lat' dir='ltr'>:nunc</span> <span class='ocrx_word' id='word_1_453' title='bbox 303 2557 481 2602; x_wconf 85' lang='lat' dir='ltr'>remittit,</span> <span class='ocrx_word' id='word_1_454' title='bbox 514 2557 720 2595; x_wconf 84' lang='lat' dir='ltr'>observans</span> <span class='ocrx_word' id='word_1_455' title='bbox 752 2566 874 2594; x_wconf 86' lang='lat' dir='ltr'>tamen</span> <span class='ocrx_word' id='word_1_456' title='bbox 909 2559 943 2594; x_wconf 92' lang='lat' dir='ltr'>in</span> <span class='ocrx_word' id='word_1_457' title='bbox 982 2558 1159 2596; x_wconf 87' lang='lat' dir='ltr'>omnibus</span> 
     </span>
    </p>
   </div>
   <div class='ocr_carea' id='block_1_12' title="bbox 1226 1905 2230 2608">
    <p class='ocr_par' dir='ltr' id='par_1_13' title="bbox 1226 1905 2230 2608">
     <span class='ocr_line' id='line_1_68' title="bbox 1233 1905 2230 1957; baseline 0 -14"><span class='ocrx_word' id='word_1_458' title='bbox 1233 1908 1405 1957; x_wconf 85' lang='lat' dir='ltr'>eorporis</span> <span class='ocrx_word' id='word_1_459' title='bbox 1425 1906 1663 1957; x_wconf 81' lang='lat' dir='ltr'>repellenda,</span> <span class='ocrx_word' id='word_1_460' title='bbox 1685 1907 1809 1956; x_wconf 85' lang='lat' dir='ltr'>palato</span> <span class='ocrx_word' id='word_1_461' title='bbox 1831 1919 1906 1941; x_wconf 86' lang='lat' dir='ltr'>non</span> <span class='ocrx_word' id='word_1_462' title='bbox 1928 1905 2143 1951; x_wconf 89' lang='lat' dir='ltr'>alludente,</span> <span class='ocrx_word' id='word_1_463' title='bbox 2165 1907 2230 1943; x_wconf 72' lang='lat' dir='ltr'>scd</span> 
     </span>
     <span class='ocr_line' id='line_1_69' title="bbox 1233 1966 2188 2015; baseline -0.001 -12"><span class='ocrx_word' id='word_1_464' title='bbox 1233 1968 1418 2003; x_wconf 87' lang='lat' dir='ltr'>renitente</span> <span class='ocrx_word' id='word_1_465' title='bbox 1446 1966 1614 2013; x_wconf 86' lang='lat' dir='ltr'>cibariis;</span> <span class='ocrx_word' id='word_1_466' title='bbox 1636 1967 1737 2002; x_wconf 85' lang='lat' dir='ltr'>nulla</span> <span class='ocrx_word' id='word_1_467' title='bbox 1769 1967 1826 2002; x_wconf 67' lang='lat' dir='ltr'>vel</span> <span class='ocrx_word' id='word_1_468' title='bbox 1852 1978 1968 2015; x_wconf 77' lang='lat' dir='ltr'>parva</span> <span class='ocrx_word' id='word_1_469' title='bbox 1988 1966 2097 2015; x_wconf 84' lang='lat' dir='ltr'>culpa</span> <span class='ocrx_word' id='word_1_470' title='bbox 2123 1975 2188 2002; x_wconf 82' lang='lat' dir='ltr'>est.</span> 
     </span>
     <span class='ocr_line' id='line_1_70' title="bbox 1289 2025 2222 2074; baseline -0.006 -10"><span class='ocrx_word' id='word_1_471' title='bbox 1289 2028 1376 2064; x_wconf 78' lang='lat'><strong>136.</strong></span> <span class='ocrx_word' id='word_1_472' title='bbox 1400 2026 1455 2063; x_wconf 92' lang='lat' dir='ltr'>Ad</span> <span class='ocrx_word' id='word_1_473' title='bbox 1478 2040 1609 2063; x_wconf 85' lang='lat' dir='ltr'>eorum</span> <span class='ocrx_word' id='word_1_474' title='bbox 1629 2026 1741 2074; x_wconf 71' lang='lat' dir='ltr'>igitur</span> <span class='ocrx_word' id='word_1_475' title='bbox 1755 2025 2038 2068; x_wconf 68' lang='lat' dir='ltr'>confusionem,</span> <span class='ocrx_word' id='word_1_476' title='bbox 2059 2039 2222 2073; x_wconf 73' lang='lat' dir='ltr'>quoram,</span> 
     </span>
     <span class='ocr_line' id='line_1_71' title="bbox 1233 2085 2224 2135; baseline -0.005 -13"><span class='ocrx_word' id='word_1_477' title='bbox 1233 2086 1494 2135; x_wconf 86' lang='lat' dir='ltr'>ntApostolus</span> <span class='ocrx_word' id='word_1_478' title='bbox 1513 2085 1581 2131; x_wconf 85' lang='lat' dir='ltr'>ait,</span> <span class='ocrx_word' id='word_1_479' title='bbox 1605 2087 1695 2120; x_wconf 76' lang='lat' dir='ltr'>(leus</span> <span class='ocrx_word' id='word_1_480' title='bbox 1725 2094 1853 2119; x_wconf 71' lang='lat' dir='ltr'>venter</span> <span class='ocrx_word' id='word_1_481' title='bbox 1881 2093 1954 2127; x_wconf 70' lang='lat' dir='ltr'>esc,</span> <span class='ocrx_word' id='word_1_482' title='bbox 1987 2093 2021 2119; x_wconf 81' lang='lat' dir='ltr'>ee</span> <span class='ocrx_word' id='word_1_483' title='bbox 2045 2087 2164 2132; x_wconf 64' lang='lat' dir='ltr'>gloria</span> <span class='ocrx_word' id='word_1_484' title='bbox 2188 2089 2224 2118; x_wconf 61' lang='lat' dir='ltr'>ise</span> 
     </span>
     <span class='ocr_line' id='line_1_72' title="bbox 1230 2143 2226 2193; baseline -0.002 -14"><span class='ocrx_word' id='word_1_485' title='bbox 1230 2146 1442 2193; x_wconf 53' lang='lat' dir='ltr'>cordatione</span> <span class='ocrx_word' id='word_1_486' title='bbox 1458 2159 1582 2180; x_wconf 78' lang='lat' dir='ltr'>eorum</span> <span class='ocrx_word' id='word_1_487' title='bbox 1597 2150 1622 2188; x_wconf 87' lang='lat'>²,</span> <span class='ocrx_word' id='word_1_488' title='bbox 1641 2157 1736 2192; x_wconf 85' lang='lat' dir='ltr'>qnos</span> <span class='ocrx_word' id='word_1_489' title='bbox 1752 2143 1848 2179; x_wconf 87' lang='lat' dir='ltr'>idem</span> <span class='ocrx_word' id='word_1_490' title='bbox 1870 2143 2000 2179; x_wconf 84' lang='lat' dir='ltr'>asserit</span> <span class='ocrx_word' id='word_1_491' title='bbox 2017 2143 2140 2178; x_wconf 81' lang='lat' dir='ltr'>flendo</span> <span class='ocrx_word' id='word_1_492' title='bbox 2162 2143 2226 2178; x_wconf 83' lang='lat' dir='ltr'>ini-</span> 
     </span>
     <span class='ocr_line' id='line_1_73' title="bbox 1231 2202 2227 2248; baseline -0.004 -7"><span class='ocrx_word' id='word_1_493' title='bbox 1231 2206 1346 2241; x_wconf 84' lang='lat' dir='ltr'>micos</span> <span class='ocrx_word' id='word_1_494' title='bbox 1384 2218 1465 2242; x_wconf 87' lang='lat' dir='ltr'>esse</span> <span class='ocrx_word' id='word_1_495' title='bbox 1494 2205 1614 2241; x_wconf 82' lang='lat' dir='ltr'>crucis</span> <span class='ocrx_word' id='word_1_496' title='bbox 1637 2203 1791 2248; x_wconf 80' lang='lat' dir='ltr'>Christi,</span> <span class='ocrx_word' id='word_1_497' title='bbox 1822 2211 1857 2239; x_wconf 87' lang='lat' dir='ltr'>et</span> <span class='ocrx_word' id='word_1_498' title='bbox 1887 2202 2094 2238; x_wconf 85' lang='lat' dir='ltr'>imitatores</span> <span class='ocrx_word' id='word_1_499' title='bbox 2131 2204 2227 2238; x_wconf 66' lang='lat' dir='ltr'>illins</span> 
     </span>
     <span class='ocr_line' id='line_1_74' title="bbox 1234 2261 2228 2313; baseline -0.004 -13"><span class='ocrx_word' id='word_1_500' title='bbox 1234 2264 1464 2313; x_wconf 87' lang='lat' dir='ltr'>pauperrimi</span> <span class='ocrx_word' id='word_1_501' title='bbox 1483 2272 1519 2299; x_wconf 89' lang='lat' dir='ltr'>et</span> <span class='ocrx_word' id='word_1_502' title='bbox 1538 2263 1734 2299; x_wconf 83' lang='lat' dir='ltr'>miserrimi</span> <span class='ocrx_word' id='word_1_503' title='bbox 1757 2262 1899 2306; x_wconf 72' lang='lat' dir='ltr'>divitis,</span> <span class='ocrx_word' id='word_1_504' title='bbox 1921 2262 1984 2310; x_wconf 91' lang='lat' dir='ltr'>qui</span> <span class='ocrx_word' id='word_1_505' title='bbox 2003 2261 2228 2310; x_wconf 67' lang='lat' dir='ltr'>epulabatur</span> 
     </span>
     <span class='ocr_line' id='line_1_75' title="bbox 1235 2319 2226 2371; baseline -0.005 -13"><span class='ocrx_word' id='word_1_506' title='bbox 1235 2335 1309 2358; x_wconf 88' lang='lat' dir='ltr'>non</span> <span class='ocrx_word' id='word_1_507' title='bbox 1331 2322 1533 2371; x_wconf 84' lang='lat' dir='ltr'>aliquando</span> <span class='ocrx_word' id='word_1_508' title='bbox 1561 2334 1630 2370; x_wconf 92' lang='lat' dir='ltr'>pro</span> <span class='ocrx_word' id='word_1_509' title='bbox 1661 2321 1829 2356; x_wconf 82' lang='lat' dir='ltr'>sanitatis</span> <span class='ocrx_word' id='word_1_510' title='bbox 1856 2319 2043 2365; x_wconf 86' lang='lat' dir='ltr'>remedio,</span> <span class='ocrx_word' id='word_1_511' title='bbox 2066 2320 2127 2355; x_wconf 82' lang='lat' dir='ltr'>sed</span> <span class='ocrx_word' id='word_1_512' title='bbox 2158 2333 2226 2368; x_wconf 82' lang='lat' dir='ltr'>pro</span> 
     </span>
     <span class='ocr_line' id='line_1_76' title="bbox 1232 2378 2224 2430; baseline -0.004 -13"><span class='ocrx_word' id='word_1_513' title='bbox 1232 2382 1426 2430; x_wconf 65' lang='lat' dir='ltr'>voluptate</span> <span class='ocrx_word' id='word_1_514' title='bbox 1464 2380 1635 2429; x_wconf 88' lang='lat' dir='ltr'>quotidie</span> <span class='ocrx_word' id='word_1_515' title='bbox 1670 2378 1866 2428; x_wconf 83' lang='lat' dir='ltr'>splendide</span> <span class='ocrx_word' id='word_1_516' title='bbox 1885 2393 1894 2423; x_wconf 90' lang='lat'>;</span> <span class='ocrx_word' id='word_1_517' title='bbox 1933 2387 2090 2427; x_wconf 87' lang='lat' dir='ltr'>propter</span> <span class='ocrx_word' id='word_1_518' title='bbox 2123 2380 2224 2427; x_wconf 83' lang='lat' dir='ltr'>quod</span> 
     </span>
     <span class='ocr_line' id='line_1_77' title="bbox 1233 2437 2224 2489; baseline -0.005 -13"><span class='ocrx_word' id='word_1_519' title='bbox 1233 2453 1301 2476; x_wconf 85' lang='lat' dir='ltr'>nec</span> <span class='ocrx_word' id='word_1_520' title='bbox 1322 2448 1465 2489; x_wconf 71' lang='lat' dir='ltr'>guttam</span> <span class='ocrx_word' id='word_1_521' title='bbox 1488 2452 1615 2488; x_wconf 80' lang='lat' dir='ltr'>aquae,</span> <span class='ocrx_word' id='word_1_522' title='bbox 1638 2451 1722 2474; x_wconf 88' lang='lat' dir='ltr'>cum</span> <span class='ocrx_word' id='word_1_523' title='bbox 1744 2438 1780 2473; x_wconf 92' lang='lat' dir='ltr'>in</span> <span class='ocrx_word' id='word_1_524' title='bbox 1805 2437 1953 2473; x_wconf 91' lang='lat' dir='ltr'>inferno</span> <span class='ocrx_word' id='word_1_525' title='bbox 1977 2437 2145 2486; x_wconf 76' lang='lat' dir='ltr'>sepultus</span> <span class='ocrx_word' id='word_1_526' title='bbox 2166 2451 2224 2472; x_wconf 69' lang='lat' dir='ltr'>es-</span> 
     </span>
     <span class='ocr_line' id='line_1_78' title="bbox 1226 2497 2223 2548; baseline -0.004 -12"><span class='ocrx_word' id='word_1_527' title='bbox 1226 2509 1304 2545; x_wconf 86' lang='lat' dir='ltr'>set,</span> <span class='ocrx_word' id='word_1_528' title='bbox 1327 2500 1464 2536; x_wconf 86' lang='lat' dir='ltr'>meruit</span> <span class='ocrx_word' id='word_1_529' title='bbox 1485 2499 1706 2548; x_wconf 87' lang='lat' dir='ltr'>impetrare,</span> <span class='ocrx_word' id='word_1_530' title='bbox 1734 2506 1773 2533; x_wconf 90' lang='lat' dir='ltr'>ut</span> <span class='ocrx_word' id='word_1_531' title='bbox 1793 2497 2078 2546; x_wconf 73' lang='lat' dir='ltr'>refrigeraretur</span> <span class='ocrx_word' id='word_1_532' title='bbox 2099 2497 2223 2545; x_wconf 55' lang='lat' dir='ltr'>lingua</span> 
     </span>
     <span class='ocr_line' id='line_1_79' title="bbox 1226 2557 2222 2608; baseline -0.006 -12"><span class='ocrx_word' id='word_1_533' title='bbox 1226 2559 1308 2608; x_wconf 85' lang='lat' dir='ltr'>ejus</span> <span class='ocrx_word' id='word_1_534' title='bbox 1327 2559 1462 2596; x_wconf 86' lang='lat' dir='ltr'>ardens</span> <span class='ocrx_word' id='word_1_535' title='bbox 1494 2558 1662 2608; x_wconf 87' lang='lat' dir='ltr'>profecto</span> <span class='ocrx_word' id='word_1_536' title='bbox 1691 2558 1727 2593; x_wconf 89' lang='lat' dir='ltr'>in</span> <span class='ocrx_word' id='word_1_537' title='bbox 1761 2557 1909 2593; x_wconf 79' lang='lat' dir='ltr'>flamma</span> <span class='ocrx_word' id='word_1_538' title='bbox 1928 2557 1954 2602; x_wconf 82' lang='lat'>3,</span> <span class='ocrx_word' id='word_1_539' title='bbox 1978 2570 2062 2605; x_wconf 77' lang='lat' dir='ltr'>qnae</span> <span class='ocrx_word' id='word_1_540' title='bbox 2093 2558 2222 2592; x_wconf 57' lang='lat' dir='ltr'>aliem</span> 
     </span>
    </p>
   </div>
   <div class='ocr_carea' id='block_1_13' title="bbox 165 2614 2222 2668">
    <p class='ocr_par' dir='ltr' id='par_1_14' title="bbox 165 2614 2222 2668">
     <span class='ocr_line' id='line_1_80' title="bbox 165 2614 2222 2668; baseline 0.001 -19"><span class='ocrx_word' id='word_1_541' title='bbox 165 2614 291 2650; x_wconf 87' lang='lat' dir='ltr'>omnia</span> <span class='ocrx_word' id='word_1_542' title='bbox 311 2628 396 2663; x_wconf 88' lang='lat' dir='ltr'>quae</span> <span class='ocrx_word' id='word_1_543' title='bbox 412 2615 509 2652; x_wconf 87' lang='lat' dir='ltr'>circa</span> <span class='ocrx_word' id='word_1_544' title='bbox 528 2616 704 2652; x_wconf 88' lang='lat' dir='ltr'>virtutem</span> <span class='ocrx_word' id='word_1_545' title='bbox 724 2616 961 2654; x_wconf 63' lang='lat' dir='ltr'>abstinentia·</span> <span class='ocrx_word' id='word_1_546' title='bbox 979 2626 1068 2655; x_wconf 89' lang='lat' dir='ltr'>sunt</span> <span class='ocrx_word' id='word_1_547' title='bbox 1083 2631 1158 2654; x_wconf 88' lang='lat' dir='ltr'>ser·</span> <span class='ocrx_word' id='word_1_548' title='bbox 1178 2621 1208 2654; x_wconf 86' lang='lat' dir='ltr'>l)</span> <span class='ocrx_word' id='word_1_549' title='bbox 1227 2632 1376 2668; x_wconf 80' lang='lat' dir='ltr'>semper</span> <span class='ocrx_word' id='word_1_550' title='bbox 1396 2627 1433 2655; x_wconf 89' lang='lat' dir='ltr'>et</span> <span class='ocrx_word' id='word_1_551' title='bbox 1447 2618 1647 2667; x_wconf 81' lang='lat' dir='ltr'>superfluis</span> <span class='ocrx_word' id='word_1_552' title='bbox 1667 2619 1787 2652; x_wconf 86' lang='lat' dir='ltr'>fuerat</span> <span class='ocrx_word' id='word_1_553' title='bbox 1807 2615 2006 2665; x_wconf 86' lang='lat' dir='ltr'>saporibus</span> <span class='ocrx_word' id='word_1_554' title='bbox 2026 2616 2222 2654; x_wconf 62' lang='lat' dir='ltr'>doh-cisun:</span> 
     </span>
    </p>
   </div>
   <div class='ocr_carea' id='block_1_14' title="bbox 166 2673 1156 2829">
    <p class='ocr_par' dir='ltr' id='par_1_15' title="bbox 166 2673 1156 2829">
     <span class='ocr_line' id='line_1_81' title="bbox 167 2673 1156 2727; baseline 0.005 -19"><span class='ocrx_word' id='word_1_555' title='bbox 167 2673 310 2718; x_wconf 80' lang='lat' dir='ltr'>vanda,</span> <span class='ocrx_word' id='word_1_556' title='bbox 343 2682 384 2710; x_wconf 90' lang='lat' dir='ltr'>ut</span> <span class='ocrx_word' id='word_1_557' title='bbox 411 2687 562 2724; x_wconf 85' lang='lat' dir='ltr'>semper</span> <span class='ocrx_word' id='word_1_558' title='bbox 592 2676 670 2712; x_wconf 83' lang='lat' dir='ltr'>vitii</span> <span class='ocrx_word' id='word_1_559' title='bbox 705 2675 941 2713; x_wconf 48' lang='lat' dir='ltr'>abstinentias¹</span> <span class='ocrx_word' id='word_1_560' title='bbox 972 2678 1156 2727; x_wconf 90' lang='lat' dir='ltr'>oppositi,</span> 
     </span>
     <span class='ocr_line' id='line_1_82' title="bbox 166 2733 1156 2783; baseline 0.005 -15"><span class='ocrx_word' id='word_1_561' title='bbox 166 2733 202 2768; x_wconf 91' lang='lat' dir='ltr'>id</span> <span class='ocrx_word' id='word_1_562' title='bbox 224 2742 279 2770; x_wconf 86' lang='lat' dir='ltr'>est</span> <span class='ocrx_word' id='word_1_563' title='bbox 298 2734 394 2783; x_wconf 80' lang='lat' dir='ltr'>gulae</span> <span class='ocrx_word' id='word_1_564' title='bbox 408 2762 418 2780; x_wconf 90' lang='lat'>,</span> <span class='ocrx_word' id='word_1_565' title='bbox 441 2735 582 2771; x_wconf 88' lang='lat' dir='ltr'>crimen</span> <span class='ocrx_word' id='word_1_566' title='bbox 602 2735 730 2771; x_wconf 87' lang='lat' dir='ltr'>evitet.</span> <span class='ocrx_word' id='word_1_567' title='bbox 760 2735 875 2783; x_wconf 85' lang='lat' dir='ltr'>Cujus</span> <span class='ocrx_word' id='word_1_568' title='bbox 896 2736 975 2772; x_wconf 90' lang='lat' dir='ltr'>vitii</span> <span class='ocrx_word' id='word_1_569' title='bbox 1003 2736 1156 2774; x_wconf 82' lang='lat' dir='ltr'>abusio-</span> 
     </span>
     <span class='ocr_line' id='line_1_83' title="bbox 167 2792 683 2829; baseline 0.004 -2"><span class='ocrx_word' id='word_1_570' title='bbox 167 2805 232 2828; x_wconf 77' lang='lat' dir='ltr'>nes</span> <span class='ocrx_word' id='word_1_571' title='bbox 252 2792 324 2828; x_wconf 86' lang='lat' dir='ltr'>hoc</span> <span class='ocrx_word' id='word_1_572' title='bbox 345 2805 454 2829; x_wconf 93' lang='lat' dir='ltr'>versu</span> <span class='ocrx_word' id='word_1_573' title='bbox 479 2801 658 2829; x_wconf 86' lang='lat' dir='ltr'>notantur</span> <span class='ocrx_word' id='word_1_574' title='bbox 677 2808 683 2828; x_wconf 92' lang='lat'><strong>:</strong></span> 
     </span>
    </p>
   </div>
   <div class='ocr_carea' id='block_1_15' title="bbox 236 2911 1049 2952">
    <p class='ocr_par' dir='ltr' id='par_1_16' title="bbox 236 2911 1049 2952">
     <span class='ocr_line' id='line_1_84' title="bbox 236 2911 1049 2952; baseline 0.005 -12"><span class='ocrx_word' id='word_1_575' title='bbox 236 2914 454 2952; x_wconf 72' lang='lat' dir='ltr'>l’rwpropere,</span> <span class='ocrx_word' id='word_1_576' title='bbox 474 2911 556 2942; x_wconf 86' lang='lat' dir='ltr'>laute</span> <span class='ocrx_word' id='word_1_577' title='bbox 570 2934 578 2950; x_wconf 90' lang='lat'>,</span> <span class='ocrx_word' id='word_1_578' title='bbox 597 2911 706 2949; x_wconf 84' lang='lat' dir='ltr'>nimis,</span> <span class='ocrx_word' id='word_1_579' title='bbox 729 2912 885 2948; x_wconf 78' lang='lat' dir='ltr'>ardenter=</span> <span class='ocrx_word' id='word_1_580' title='bbox 906 2913 1049 2944; x_wconf 76' lang='lat' dir='ltr'>studiose.</span> 
     </span>
    </p>
   </div>
   <div class='ocr_carea' id='block_1_16' title="bbox 166 3028 1155 3366">
    <p class='ocr_par' dir='ltr' id='par_1_17' title="bbox 166 3028 1155 3257">
     <span class='ocr_line' id='line_1_85' title="bbox 167 3028 1155 3080; baseline 0.005 -17"><span class='ocrx_word' id='word_1_581' title='bbox 167 3032 406 3077; x_wconf 73' lang='lat' dir='ltr'>l’raeproperc</span> <span class='ocrx_word' id='word_1_582' title='bbox 441 3028 542 3064; x_wconf 87' lang='lat' dir='ltr'>enim</span> <span class='ocrx_word' id='word_1_583' title='bbox 583 3029 787 3065; x_wconf 83' lang='lat' dir='ltr'>comedunt</span> <span class='ocrx_word' id='word_1_584' title='bbox 831 3039 867 3065; x_wconf 87' lang='lat' dir='ltr'>et</span> <span class='ocrx_word' id='word_1_585' title='bbox 904 3030 1056 3077; x_wconf 86' lang='lat' dir='ltr'>bibunt,</span> <span class='ocrx_word' id='word_1_586' title='bbox 1091 3033 1155 3080; x_wconf 91' lang='lat' dir='ltr'>qni</span> 
     </span>
     <span class='ocr_line' id='line_1_86' title="bbox 166 3087 1155 3138; baseline 0.003 -16"><span class='ocrx_word' id='word_1_587' title='bbox 166 3096 311 3136; x_wconf 88' lang='lat' dir='ltr'>tempus</span> <span class='ocrx_word' id='word_1_588' title='bbox 333 3087 554 3124; x_wconf 73' lang='lat' dir='ltr'>eornedendi</span> <span class='ocrx_word' id='word_1_589' title='bbox 580 3088 830 3137; x_wconf 65' lang='lat' dir='ltr'>praeveniunt,</span> <span class='ocrx_word' id='word_1_590' title='bbox 850 3090 926 3125; x_wconf 87' lang='lat' dir='ltr'>sola</span> <span class='ocrx_word' id='word_1_591' title='bbox 948 3090 1155 3138; x_wconf 65' lang='lat' dir='ltr'>voluptate,</span> 
     </span>
     <span class='ocr_line' id='line_1_87' title="bbox 166 3146 1153 3196; baseline 0.003 -15"><span class='ocrx_word' id='word_1_592' title='bbox 166 3159 239 3181; x_wconf 86' lang='lat' dir='ltr'>non</span> <span class='ocrx_word' id='word_1_593' title='bbox 276 3146 494 3182; x_wconf 81' lang='lat' dir='ltr'>necessitate</span> <span class='ocrx_word' id='word_1_594' title='bbox 524 3148 654 3183; x_wconf 81' lang='lat' dir='ltr'>eoaeti.</span> <span class='ocrx_word' id='word_1_595' title='bbox 698 3149 868 3196; x_wconf 62' lang='lat' dir='ltr'>Legimus</span> <span class='ocrx_word' id='word_1_596' title='bbox 902 3150 936 3183; x_wconf 95' lang='lat' dir='ltr'>in</span> <span class='ocrx_word' id='word_1_597' title='bbox 971 3149 1051 3184; x_wconf 48' lang='lat' dir='ltr'>&amp;ita</span> <span class='ocrx_word' id='word_1_598' title='bbox 1087 3153 1153 3185; x_wconf 82' lang='lat' dir='ltr'>l&#39;a-</span> 
     </span>
     <span class='ocr_line' id='line_1_88' title="bbox 167 3205 1153 3257; baseline 0.005 -18"><span class='ocrx_word' id='word_1_599' title='bbox 167 3214 262 3240; x_wconf 81' lang='lat' dir='ltr'>trnin</span> <span class='ocrx_word' id='word_1_600' title='bbox 293 3205 338 3240; x_wconf 88' lang='lat' dir='ltr'>de</span> <span class='ocrx_word' id='word_1_601' title='bbox 357 3206 493 3241; x_wconf 74' lang='lat' dir='ltr'>sanetis</span> <span class='ocrx_word' id='word_1_602' title='bbox 518 3206 709 3251; x_wconf 81' lang='lat' dir='ltr'>Patribus,</span> <span class='ocrx_word' id='word_1_603' title='bbox 734 3209 795 3256; x_wconf 87' lang='lat' dir='ltr'>qni</span> <span class='ocrx_word' id='word_1_604' title='bbox 830 3207 1018 3256; x_wconf 79' lang='lat' dir='ltr'>liospitinn</span> <span class='ocrx_word' id='word_1_605' title='bbox 1048 3209 1153 3257; x_wconf 60' lang='lat' dir='ltr'>spiri-</span> 
     </span>
    </p>

    <p class='ocr_par' dir='ltr' id='par_1_18' title="bbox 217 3331 653 3366">
     <span class='ocr_line' id='line_1_89' title="bbox 217 3331 653 3366; baseline 0.009 -8"><span class='ocrx_word' id='word_1_606' title='bbox 217 3338 221 3350; x_wconf 88' lang='lat'><em>·</em></span> <span class='ocrx_word' id='word_1_607' title='bbox 253 3331 363 3361; x_wconf 71' lang='lat' dir='ltr'>wanti.</span> <span class='ocrx_word' id='word_1_608' title='bbox 387 3336 523 3366; x_wconf 70' lang='lat' dir='ltr'>x1.18,</span> <span class='ocrx_word' id='word_1_609' title='bbox 549 3337 597 3362; x_wconf 62' lang='lat' dir='ltr'>tf).</span> <span class='ocrx_word' id='word_1_610' title='bbox 625 3352 653 3355; x_wconf 43' lang='lat' dir='ltr'>-v</span> 
     </span>
    </p>
   </div>
   <div class='ocr_carea' id='block_1_17' title="bbox 685 3334 1074 3374">
    <p class='ocr_par' dir='ltr' id='par_1_19' title="bbox 685 3334 1074 3374">
     <span class='ocr_line' id='line_1_90' title="bbox 685 3334 1074 3374; baseline 0.003 -11"><span class='ocrx_word' id='word_1_611' title='bbox 685 3340 692 3348; x_wconf 78' lang='lat'>’</span> <span class='ocrx_word' id='word_1_612' title='bbox 715 3334 837 3374; x_wconf 87' lang='lat' dir='ltr'>l&#39;lnlipp</span> <span class='ocrx_word' id='word_1_613' title='bbox 872 3346 931 3366; x_wconf 81' lang='grc' dir='ltr'><strong>ιιι,</strong></span> <span class='ocrx_word' id='word_1_614' title='bbox 965 3338 1015 3366; x_wconf 66' lang='lat'>1⁴),</span> <span class='ocrx_word' id='word_1_615' title='bbox 1040 3339 1074 3364; x_wconf 61' lang='lat' dir='ltr'>ts</span> 
     </span>
    </p>
   </div>
   <div class='ocr_carea' id='block_1_18' title="bbox 1179 3336 1369 3366">
    <p class='ocr_par' dir='ltr' id='par_1_20' title="bbox 1179 3336 1369 3366">
     <span class='ocr_line' id='line_1_91' title="bbox 1179 3336 1369 3366; baseline 0.011 -5"><span class='ocrx_word' id='word_1_616' title='bbox 1179 3336 1262 3365; x_wconf 73' lang='grc' dir='ltr'>Ἰιιι-</span> <span class='ocrx_word' id='word_1_617' title='bbox 1301 3347 1369 3366; x_wconf 54' lang='lat' dir='ltr'>xm.</span> 
     </span>
    </p>
   </div>
   <div class='ocr_carea' id='block_1_19' title="bbox 1223 2675 2219 3258">
    <p class='ocr_par' dir='ltr' id='par_1_21' title="bbox 1223 2675 2219 3258">
     <span class='ocr_line' id='line_1_92' title="bbox 1229 2675 2218 2725; baseline -0.003 -11"><span class='ocrx_word' id='word_1_618' title='bbox 1229 2692 1296 2714; x_wconf 87' lang='lat' dir='ltr'>nec</span> <span class='ocrx_word' id='word_1_619' title='bbox 1323 2677 1481 2713; x_wconf 87' lang='lat' dir='ltr'>naturali</span> <span class='ocrx_word' id='word_1_620' title='bbox 1502 2690 1609 2725; x_wconf 67' lang='lat' dir='ltr'>aquae</span> <span class='ocrx_word' id='word_1_621' title='bbox 1637 2677 1773 2725; x_wconf 76' lang='lat' dir='ltr'>frigore</span> <span class='ocrx_word' id='word_1_622' title='bbox 1795 2675 1931 2711; x_wconf 87' lang='lat' dir='ltr'>meruit</span> <span class='ocrx_word' id='word_1_623' title='bbox 1951 2675 2130 2719; x_wconf 63' lang='lat' dir='ltr'>refoveri,</span> <span class='ocrx_word' id='word_1_624' title='bbox 2154 2690 2218 2724; x_wconf 77' lang='lat' dir='ltr'>qui</span> 
     </span>
     <span class='ocr_line' id='line_1_93' title="bbox 1226 2734 2219 2784; baseline -0.002 -12"><span class='ocrx_word' id='word_1_625' title='bbox 1226 2737 1263 2772; x_wconf 86' lang='lat' dir='ltr'>in</span> <span class='ocrx_word' id='word_1_626' title='bbox 1286 2734 1544 2784; x_wconf 76' lang='lat' dir='ltr'>voluptatibus</span> <span class='ocrx_word' id='word_1_627' title='bbox 1571 2735 1646 2771; x_wconf 89' lang='lat' dir='ltr'>suis</span> <span class='ocrx_word' id='word_1_628' title='bbox 1673 2742 1813 2769; x_wconf 72' lang='lat' dir='ltr'>naturfe</span> <span class='ocrx_word' id='word_1_629' title='bbox 1836 2746 2006 2782; x_wconf 74' lang='lat' dir='ltr'>saporem</span> <span class='ocrx_word' id='word_1_630' title='bbox 2036 2734 2219 2770; x_wconf 76' lang='lat' dir='ltr'>adultera-</span> 
     </span>
     <span class='ocr_line' id='line_1_94' title="bbox 1227 2793 2196 2842; baseline -0.002 -10"><span class='ocrx_word' id='word_1_631' title='bbox 1227 2804 1329 2832; x_wconf 81' lang='lat' dir='ltr'>verat</span> <span class='ocrx_word' id='word_1_632' title='bbox 1355 2810 1361 2831; x_wconf 90' lang='lat'>:</span> <span class='ocrx_word' id='word_1_633' title='bbox 1384 2795 1429 2831; x_wconf 92' lang='lat' dir='ltr'>ad</span> <span class='ocrx_word' id='word_1_634' title='bbox 1452 2795 1585 2830; x_wconf 81' lang='lat' dir='ltr'>lioruin</span> <span class='ocrx_word' id='word_1_635' title='bbox 1603 2821 1611 2837; x_wconf 89' lang='lat'>,</span> <span class='ocrx_word' id='word_1_636' title='bbox 1645 2794 1817 2841; x_wconf 83' lang='lat' dir='ltr'>inquam,</span> <span class='ocrx_word' id='word_1_637' title='bbox 1839 2793 2100 2829; x_wconf 76' lang='lat' dir='ltr'>‹·0nl&#39;usi‹›nmn</span> <span class='ocrx_word' id='word_1_638' title='bbox 2128 2808 2196 2842; x_wconf 65' lang='lat' dir='ltr'>gen</span> 
     </span>
     <span class='ocr_line' id='line_1_95' title="bbox 1227 2852 2208 2901; baseline -0.002 -9"><span class='ocrx_word' id='word_1_639' title='bbox 1227 2856 1299 2892; x_wconf 88' lang='lat' dir='ltr'>tilis</span> <span class='ocrx_word' id='word_1_640' title='bbox 1320 2854 1482 2890; x_wconf 80' lang='lat' dir='ltr'>bominis</span> <span class='ocrx_word' id='word_1_641' title='bbox 1508 2865 1716 2888; x_wconf 86' lang='lat' dir='ltr'>memorare</span> <span class='ocrx_word' id='word_1_642' title='bbox 1743 2852 1965 2888; x_wconf 82' lang='lat' dir='ltr'>sententiani</span> <span class='ocrx_word' id='word_1_643' title='bbox 1989 2866 2062 2888; x_wconf 88' lang='lat' dir='ltr'>non</span> <span class='ocrx_word' id='word_1_644' title='bbox 2088 2867 2208 2901; x_wconf 63' lang='lat' dir='ltr'>graia-</span> 
     </span>
     <span class='ocr_line' id='line_1_96' title="bbox 1226 2911 2214 2959; baseline -0.003 -9"><span class='ocrx_word' id='word_1_645' title='bbox 1226 2914 1309 2959; x_wconf 85' lang='lat' dir='ltr'>bor,</span> <span class='ocrx_word' id='word_1_646' title='bbox 1340 2922 1379 2948; x_wconf 91' lang='lat' dir='ltr'>nt</span> <span class='ocrx_word' id='word_1_647' title='bbox 1404 2911 1601 2948; x_wconf 69' lang='lat' dir='ltr'>crulwscat</span> <span class='ocrx_word' id='word_1_648' title='bbox 1632 2911 1783 2947; x_wconf 75' lang='lat' dir='ltr'>noniine</span> <span class='ocrx_word' id='word_1_649' title='bbox 1817 2911 2062 2953; x_wconf 72' lang='lat' dir='ltr'>christianus,</span> <span class='ocrx_word' id='word_1_650' title='bbox 2086 2927 2168 2949; x_wconf 75' lang='lat' dir='ltr'>euni</span> <span class='ocrx_word' id='word_1_651' title='bbox 2199 2930 2214 2947; x_wconf 63' lang='lat' dir='ltr'>a.</span> 
     </span>
     <span class='ocr_line' id='line_1_97' title="bbox 1226 2971 2202 3021; baseline -0.003 -12"><span class='ocrx_word' id='word_1_652' title='bbox 1226 2974 1379 3009; x_wconf 87' lang='lat' dir='ltr'>meliore</span> <span class='ocrx_word' id='word_1_653' title='bbox 1395 2985 1432 3008; x_wconf 83' lang='lat' dir='ltr'>se</span> <span class='ocrx_word' id='word_1_654' title='bbox 1455 2972 1574 3021; x_wconf 81' lang='lat' dir='ltr'>ipsum</span> <span class='ocrx_word' id='word_1_655' title='bbox 1599 2971 1793 3020; x_wconf 74' lang='lat' dir='ltr'>ignorante</span> <span class='ocrx_word' id='word_1_656' title='bbox 1821 2971 1990 3012; x_wconf 72' lang='lat' dir='ltr'>(locetur,</span> <span class='ocrx_word' id='word_1_657' title='bbox 2009 2973 2071 3020; x_wconf 84' lang='lat' dir='ltr'>qui</span> <span class='ocrx_word' id='word_1_658' title='bbox 2095 2986 2202 3021; x_wconf 63' lang='lat' dir='ltr'>nequi</span> 
     </span>
     <span class='ocr_line' id='line_1_98' title="bbox 1224 3030 2214 3080; baseline 0 -13"><span class='ocrx_word' id='word_1_659' title='bbox 1224 3041 1416 3069; x_wconf 67' lang='lat' dir='ltr'>creaturas</span> <span class='ocrx_word' id='word_1_660' title='bbox 1439 3045 1506 3080; x_wconf 86' lang='lat' dir='ltr'>per</span> <span class='ocrx_word' id='word_1_661' title='bbox 1527 3035 1740 3068; x_wconf 76' lang='lat' dir='ltr'>Creatorem</span> <span class='ocrx_word' id='word_1_662' title='bbox 1766 3031 1933 3066; x_wconf 65' lang='lat' dir='ltr'>xenerari</span> <span class='ocrx_word' id='word_1_663' title='bbox 1964 3030 2125 3073; x_wconf 55' lang='lat' dir='ltr'>sciebam</span> <span class='ocrx_word' id='word_1_664' title='bbox 2149 3046 2214 3069; x_wconf 65' lang='lat' dir='ltr'>ne«-</span> 
     </span>
     <span class='ocr_line' id='line_1_99' title="bbox 1223 3089 2211 3140; baseline 0.001 -13"><span class='ocrx_word' id='word_1_665' title='bbox 1223 3104 1376 3140; x_wconf 61' lang='lat' dir='ltr'>asperos</span> <span class='ocrx_word' id='word_1_666' title='bbox 1397 3089 1533 3126; x_wconf 81' lang='lat' dir='ltr'>sciebat</span> <span class='ocrx_word' id='word_1_667' title='bbox 1557 3090 1630 3139; x_wconf 85' lang='lat' dir='ltr'>pati</span> <span class='ocrx_word' id='word_1_668' title='bbox 1653 3103 1806 3139; x_wconf 79' lang='lat' dir='ltr'>sapores</span> <span class='ocrx_word' id='word_1_669' title='bbox 1827 3103 1896 3139; x_wconf 90' lang='lat' dir='ltr'>pro</span> <span class='ocrx_word' id='word_1_670' title='bbox 1914 3090 2076 3130; x_wconf 77' lang='lat' dir='ltr'>Christo,</span> <span class='ocrx_word' id='word_1_671' title='bbox 2102 3106 2211 3140; x_wconf 83' lang='lat' dir='ltr'>quen·</span> 
     </span>
     <span class='ocr_line' id='line_1_100' title="bbox 1226 3149 2213 3198; baseline 0.001 -14"><span class='ocrx_word' id='word_1_672' title='bbox 1226 3151 1280 3185; x_wconf 76' lang='lat' dir='ltr'>xel</span> <span class='ocrx_word' id='word_1_673' title='bbox 1310 3150 1483 3190; x_wconf 67' lang='lat' dir='ltr'>iii-seivit,</span> <span class='ocrx_word' id='word_1_674' title='bbox 1509 3150 1564 3184; x_wconf 68' lang='lat' dir='ltr'>rel</span> <span class='ocrx_word' id='word_1_675' title='bbox 1590 3162 1663 3185; x_wconf 88' lang='lat' dir='ltr'>non</span> <span class='ocrx_word' id='word_1_676' title='bbox 1685 3149 1843 3185; x_wconf 65' lang='lat' dir='ltr'>(aedidit</span> <span class='ocrx_word' id='word_1_677' title='bbox 1874 3162 1941 3198; x_wconf 84' lang='lat' dir='ltr'>pro</span> <span class='ocrx_word' id='word_1_678' title='bbox 1967 3163 2004 3183; x_wconf 70' lang='lat' dir='ltr'>se</span> <span class='ocrx_word' id='word_1_679' title='bbox 2039 3149 2073 3184; x_wconf 90' lang='lat' dir='ltr'>in</span> <span class='ocrx_word' id='word_1_680' title='bbox 2096 3164 2213 3185; x_wconf 57' lang='grc' dir='ltr'>«Τιινμ</span> 
     </span>
     <span class='ocr_line' id='line_1_101' title="bbox 1225 3208 2204 3258; baseline 0.002 -17"><span class='ocrx_word' id='word_1_681' title='bbox 1225 3208 1392 3258; x_wconf 80' lang='lat' dir='ltr'>patibulo</span> <span class='ocrx_word' id='word_1_682' title='bbox 1417 3209 1541 3243; x_wconf 67' lang='lat' dir='ltr'>xinnni</span> <span class='ocrx_word' id='word_1_683' title='bbox 1577 3208 1806 3254; x_wconf 74' lang='lat' dir='ltr'>imriliatinn</span> <span class='ocrx_word' id='word_1_684' title='bbox 1837 3208 1973 3244; x_wconf 60' lang='lat' dir='ltr'>bibisse</span> <span class='ocrx_word' id='word_1_685' title='bbox 2010 3222 2091 3242; x_wconf 78' lang='lat' dir='ltr'>‹inn</span> <span class='ocrx_word' id='word_1_686' title='bbox 2133 3210 2204 3243; x_wconf 66' lang='lat' dir='ltr'>mh</span> 
     </span>
    </p>
   </div>
   <div class='ocr_carea' id='block_1_20' title="bbox 1399 3338 1491 3364">
    <p class='ocr_par' dir='ltr' id='par_1_22' title="bbox 1399 3338 1491 3364">
     <span class='ocr_line' id='line_1_102' title="bbox 1399 3338 1491 3364; baseline 0 -5"><span class='ocrx_word' id='word_1_687' title='bbox 1399 3339 1433 3364; x_wconf 72' lang='lat' dir='ltr'>in</span> <span class='ocrx_word' id='word_1_688' title='bbox 1453 3338 1491 3359; x_wconf 63' lang='grc' dir='ltr'>’ω</span> 
     </span>
    </p>
   </div>
  </div>
 </body>
</html>
