2504 3928
356 187 416 221 131

1109 181 1398 216 GILIAEtn-:R'rt
1428 180 1625 214 ABBA'l'lS

2318 181 2388 217 132

348 263 478 311 pitur?
506 266 620 298 Anno·-
652 266 849 301 exrestuat,
879 270 917 293 se
953 258 1076 307 ipsum
1105 270 1182 293 non
1212 257 1332 306 capit,
1356 255 1387 273 ¹⁵⁸
1404 256 1519 303 magis
1543 262 1664 290 autem
1697 262 1737 288 ut
1763 254 1903 289 ametis.
1931 257 2132 290 Enumerat
2155 255 2253 303 ligna
2273 254 2388 292 Liba-

346 321 543 369 supcrlluit
571 319 658 362 sihi,
684 317 970 353 immensitatem
1002 317 1210 360 mundatur,
1240 316 1329 351 dum
1351 318 1376 349 Α
1403 315 1459 358 ni,
1476 315 1671 350 columnas
1686 320 1898 360 argenteas,
1917 313 2195 349 reclinatorium
2212 326 2390 360 aureum,

347 389 482 416 metam
511 380 626 415 nescit
653 377 801 413 at't‘ectui
829 388 985 425 ponere.
1002 376 1134 413 Oleum
1153 383 1207 411 cst
1230 375 1332 424 quod

346 447 442 473 stare
478 438 612 481 nescit,
645 436 714 471 uisi
748 448 832 471 cum
868 434 1060 470 vasculum
1097 433 1232 477 desit¹‚
1263 433 1332 469 nisi

346 496 446 544 quod
476 509 542 530 ncc
572 503 660 530 tuuc
685 494 790 529 novit
815 493 1014 542 compesci.
1042 492 1152 528 Musti
1185 493 1333 541 praefert

346 567 452 589 amor
486 554 650 601 insigne,
689 552 790 601 quod
830 551 1031 588 nativitatis
1066 564 1141 587 suoe
1185 551 1332 586 fervore

346 612 509 660 quodam
527 620 563 647 et
580 612 683 647 velut
704 611 822 647 :etatis
846 611 995 647 lascivia
1017 610 1197 646 excrescit
1213 617 1250 645 et
1270 622 1333 645 su-

345 671 516 721 perfluit,
543 671 625 720 capi
654 671 841 714 nesciens,
862 678 897 705 et
918 682 1018 705 novo
1039 682 1187 718 semper
1209 668 1332 704 exfer-

346 731 460 766 vescit
487 739 522 766 ct
547 730 792 766 fermentatur
818 729 965 765 affectu.
988 733 1105 765 Amor
1130 728 1330 763 infirmita-

347 798 418 825 tem
446 802 522 825 non
551 797 743 834 causatur,
775 788 839 825 sed
870 787 983 836 magis
1012 794 1171 822 accusat.
1204 786 1332 823 Amori

346 849 436 884 nihil
461 850 548 885 satis
578 857 654 892 cst,
687 848 778 883 nihil
809 847 930 882 minus
956 859 995 881 se
1026 846 1120 894 ipso.
1157 849 1274 881 Amor
1296 857 1334 880 se

345 908 427 957 ipso
455 907 578 943 satiari
606 920 682 942 non
710 914 855 955 potest,
875 913 912 940 et
943 913 1065 940 tamen
1095 903 1164 939 nisi
1191 916 1228 939 se
1252 904 1334 952 ipso

345 967 446 1015 pasci
467 979 542 1001 non
570 974 691 1015 potest
713 980 720 1000 :
743 965 820 1014 ipse
844 963 912 1000 sibi
940 963 1048 999 dulce
1072 962 1160 998 satis
1186 970 1241 998 est
1268 975 1334 1011 pa-

1399 386 1591 410 ascensum
1615 384 1849 421 pupureum,
1867 370 1912 407 ad
1934 371 2106 407 ultimum
2129 371 2308 408 charitate
2323 386 2390 409 cu—

1400 432 1546 467 mulans
1573 431 1711 466 omnia.
1735 429 1903 477 Quidni?
1920 430 2067 474 Adhuc,
2085 430 2208 478 inquit
2233 431 2390 477 Paulus,

1401 493 1696 525 excellentiorem
1735 488 1841 525 vobis
1881 490 1980 524 viam
2020 491 2240 526 demonstro.
2276 493 2389 527 Bonae

1400 558 1484 586 sunt
1501 550 1636 585 etenim
1655 549 1839 585 columnae
1855 556 2042 596 argenteae
2058 575 2068 592 ,
2087 557 2125 584 et
2140 549 2234 585 sacri
2256 562 2389 599 magna

1397 608 1548 657 quidem
1571 616 1625 643 est
1650 607 1788 656 eloquii
1814 606 1942 654 gratia.
1974 606 2045 643 Sed
2064 612 2098 642 si
2117 610 2253 655 Unguis
2273 608 2390 644 homi-

1397 681 1482 703 'mm
1517 670 1650 714 loquar
1675 676 1709 702 et
1740 669 1988 715 Angelorum,
2019 667 2230 717 charitatem
2265 675 2388 703 autem

1398 740 1470 762 non
1491 726 1645 762 habram
1659 725 1804 774 ‚sactus
1826 740 1905 761 sum
1929 735 1967 761 ut
1986 726 2190 772 cymbalum
2211 731 2387 770 tinniens,

1401 787 1502 822 vocis
1517 786 1663 822 inanem
1681 786 1774 822 dans
1787 786 1949 821 sonitum
1965 785 2044 822 sine
2059 799 2170 822 sensu
2187 786 2387 823 charitatis.

1401 845 1642 882 Rcclinatorii
1673 845 1775 881 aurei
1802 845 1932 893 ingens
1959 853 2014 881 est
2042 845 2178 894 gloria,
2195 858 2263 894 per
2285 845 2390 893 quod

1403 903 1467 940 tibi
1499 903 1764 952 mysteriorum
1792 915 1925 939 arcana
1950 902 2156 951 signantur.
2178 902 2249 939 Sed
2271 902 2390 951 quid?

1402 964 1441 996 Si
1455 967 1614 997 noverim
1633 965 1802 1008 urrsteria
1817 965 1942 995 onmia
1962 970 1997 995 ct
2014 974 2156 995 omnem
2174 962 2386 1005 scientiam,

346 1024 487 1061 bulum.
506 1029 623 1061 Amor
639 1025 688 1060 nil
706 1024 821 1072 magis
836 1023 915 1058 vult
929 1035 1040 1071 quam
1056 1034 1193 1057 amare.
1213 1024 1332 1068 Quam
1355 1018 1381 1051 Β
1401 1023 1616 1057 charitatem
1637 1030 1759 1056 autem
1781 1034 1854 1055 nou
1876 1019 2035 1055 habuero
2050 1047 2060 1062 ‚
2090 1020 2186 1054 m'hil
2207 1033 2299 1056 sum.
2319 1023 2391 1056 Per

345 1083 448 1119 (labit
469 1083 582 1119 homo
604 1082 934 1119 commutationem
957 1093 1026 1129 pro
1049 1082 1202 1116 amore?
1222 1092 1333 1127 quam

345 1142 468 1187 dabit,
494 1143 550 1178 vel
576 1156 687 1190 quam
715 1141 899 1189 accipiet?
919 1139 1016 1176 Nihil
1043 1139 1182 1187 gratius
1208 1151 1335 1174 amore

345 1201 588 1250 impenditur,
606 1201 654 1236 nil
674 1200 820 1236 dulcius
837 1199 1008 1235 sentitur.
1026 1202 1142 1233 Amor
1157 1205 1194 1231 et
1213 1197 1334 1232 dulci-

346 1267 402 1295 ter
421 1268 547 1308 optat,
564 1268 600 1294 ct
617 1259 778 1294 dulciter
798 1258 933 1302 utitur;
950 1256 1109 1291 dulciter
1123 1254 1331 1299 deliciatur,

345 1326 381 1353 et
409 1318 567 1354 dulciter
595 1318 707 1354 dolet.
735 1321 829 1353 Vere
861 1316 980 1352 dulcis
1010 1327 1135 1359 amor,
1166 1323 1202 1350 et
1232 1314 1334 1351 solus

346 1376 465 1413 dulcis
482 1390 606 1420 amm-3
623 1385 660 1412 et
679 1376 800 1412 omnis
821 1375 941 1411 dulcis
962 1386 1086 1418 amor,
1105 1372 1170 1409 sed
1187 1386 1263 1409 non
1280 1381 1334 1409 est

343 1448 450 1472 amor
472 1436 517 1471 ad
542 1448 709 1471 amorem
739 1434 886 1471 Christi.
913 1436 1033 1482 Super
1056 1445 1207 1468 omnem
1232 1432 1331 1468 enim

345 1494 662 1543 pulclwitudincm
683 1492 924 1542 pulchritudo
939 1491 1034 1540 ejus.
1052 1492 1170 1538 Super
1188 1504 1332 1526 omnem

336 1554 653 1600 palchritmlinem
668 1579 678 1595 ‚
717 1551 862 1600 inquit,
901 1553 1022 1586 dilexi
1058 1554 1284 1597 sapientiam
1306 1555 1331 1585 ².

344 1610 544 1659 Quomodo
577 1623 653 1645 non
685 1609 861 1654 decorus,
892 1610 955 1658 qui
987 1608 1128 1645 candor
1155 1616 1210 1644 est
1240 1608 1333 1644 lucis

345 1671 519 1706 aeternae?
541 1671 673 1704 Frater
691 1673 743 1703 mi
765 1669 948 1712 Jonatha‚
970 1680 1083 1714 qaam
1105 1666 1277 1702 amabilis
1296 1680 1334 1701 es

345 1737 379 1762 et
398 1731 550 1763 ‹tecm-us
570 1726 728 1762 valcle3!
745 1725 925 1762 Volebam
946 1729 1073 1762 Jesum
1095 1725 1219 1761 dicere
1233 1753 1242 1769 ‚
1267 1724 1333 1760 sed

1400 1079 1537 1127 gradus
1556 1078 1724 1114 ascendis
1742 1090 1972 1128 purpureos,
1993 1086 2030 1113 et
2049 1078 2231 1127 passionis
2251 1078 2388 1115 Christi

1402 1146 1437 1173 te
1453 1136 1590 1185 gaudes
1609 1135 1746 1172 habere
1764 1136 1920 1184 insignia
1936 1137 1950 1171 ἓ
1967 1136 2042 1170 Sed
2053 1140 2087 1170 sc·
2104 1137 2290 1172 tradidero
2313 1150 2390 1172 cor-

1394 1209 1469 1243 pus
1488 1209 1606 1230 meum
1626 1199 1676 1230 ita
1698 1204 1736 1230 ut
1755 1196 1923 1238 ardeam,
1938 1196 2156 1230 charitatem
2173 1203 2295 1231 autem
2315 1209 2389 1231 non

1399 1253 1578 1298 habuero,
1600 1254 1696 1289 nihil
1713 1255 1803 1289 mihi
1823 1255 1976 1301 prodest
1989 1281 2000 1298 ,
2026 1254 2149 1302 inquit
2168 1254 2386 1303 Apostolus.

1403 1313 1572 1347 Charitas
1596 1326 1667 1348 non
1695 1313 1857 1358 inflatur,
1885 1325 1958 1347 non
1988 1322 2041 1348 est
2064 1312 2284 1358 ambitiosa,
2313 1328 2388 1350 non

1399 1375 1536 1418 quoerit
1557 1385 1644 1418 (μιαί)
1666 1385 1734 1407 sua
1748 1369 1855 1406 sunt⁵
1873 1385 1880 1406 :
1903 1370 2027 1407 medio
2043 1371 2204 1420 gaudet,
2226 1381 2264 1409 et
2282 1374 2389 1423 quasi

1400 1429 1437 1465 in
1467 1429 1659 1465 communi
1686 1442 1753 1466 sua
1778 1429 1877 1465 bona
1902 1430 2107 1478 prostituit.
2137 1430 2260 1467 Media
2286 1431 2386 1469 enim

1398 1488 1575 1525 charitate
1600 1489 1815 1524 constravit.
1843 1491 1928 1524 Non
1958 1490 2121 1535 instatur,
2150 1489 2290 1538 inquit,
2316 1503 2389 1526 non

1399 1556 1452 1582 est
1470 1547 1678 1583 ambitiosa.
1701 1551 1782 1584 Non
1799 1547 1897 1583 enim
1922 1547 2114 1585 charitatis
2139 1547 2281 1585 bonum
2307 1549 2387 1586 sin-

1399 1607 1526 1654 gulare
1551 1621 1557 1641 :
1582 1615 1645 1642 aut
1665 1607 1693 1643 si
1714 1606 1848 1651 habet,
1870 1615 1968 1643 amat
1986 1621 1995 1652 ;
2018 1615 2082 1643 aut
2101 1608 2131 1644 si
2153 1620 2230 1644 non
2251 1607 2363 1645 habet
2377 1638 2388 1656 ‚

1398 1673 1515 1713 optat.
1537 1668 1620 1701 Non
1638 1666 1720 1701 vult
1737 1666 1816 1702 aliis
1832 1666 2067 1714 praecellere‚
2089 1666 2153 1703 sed
2174 1680 2243 1704 nec
2263 1668 2386 1718 ipsum

1400 1724 1514 1772 magis
1535 1723 1670 1760 habere
1687 1724 1844 1760 bonum.
1862 1725 1969 1761 Multi
1986 1726 2208 1762 meritorum
2231 1739 2385 1764 suorum

344 1785 390 1821 de
410 1785 681 1823 consuetudine
701 1785 871 1822 Jonathae
892 1784 1055 1833 produxi
1076 1783 1304 1820 vocabulum
1322 1798 1330 1820 :
1354 1784 1381 1819 C
1399 1783 1544 1819 infirma
1561 1792 1804 1832 cognoscunt.
1826 1784 1992 1832 Ideoque
2012 1784 2057 1820 de
2077 1797 2115 1821 se
2135 1797 2310 1834 magnum
2335 1787 2386 1823 nil

344 1854 380 1880 et
406 1854 527 1881 tamen
557 1853 684 1893 gratus
712 1857 836 1889 error,
859 1844 922 1892 qui
952 1844 1107 1893 gratiam
1136 1843 1331 1891 expressit.

346 1908 460 1940 Error
481 1904 518 1939 in
539 1903 710 1947 nomine,
733 1902 798 1938 sed
826 1902 862 1938 in
892 1915 930 1938 re
957 1902 1118 1937 nominis
1147 1901 1257 1949 hujus
1279 1910 1334 1938 est

345 1970 489 1997 servata
510 1962 734 2010 proprietas.
761 1961 942 1997 Jonathas
970 1959 1154 1996 columbae
1174 1968 1230 1996 est
1253 1963 1331 1995 Do-

346 2032 458 2065 num,
486 2021 590 2055 illum
621 2019 854 2067 significans,
883 2018 947 2067 qui
978 2019 1180 2067 spiritualis
1203 2019 1331 2068 gratiae

345 2088 399 2114 est
421 2080 571 2127 plenus,
592 2091 752 2128 puerum
787 2078 851 2126 qui
882 2078 990 2113 datus
1019 2086 1074 2113 est
1097 2077 1206 2114 nobis
1227 2092 1235 2114 :
1256 2078 1334 2114 sive

346 2138 563 2182 jonatham,
589 2139 667 2174 sive
689 2141 816 2174 Jesum
838 2137 978 2181 dicam,
1000 2141 1128 2174 Jesum
1152 2137 1332 2185 intelligo.

345 2200 465 2243 Quam
494 2196 663 2232 amabilis
688 2209 749 2240 es,
773 2197 886 2232 frater
913 2196 963 2231 mi
991 2195 1175 2239 Jonatha‚
1199 2203 1237 2231 et
1267 2194 1336 2231 de—

348 2267 458 2290 corus
503 2253 610 2290 valde
633 2256 639 2288 !
678 2253 1015 2301 Praesumptionem
1054 2254 1193 2301 putatis
1232 2251 1335 2300 quod

349 2312 498 2348 fratrem
542 2325 627 2347 eum
668 2312 782 2347 dico?
816 2311 939 2347 Verba
980 2312 1058 2347 haec
1097 2323 1173 2347 non
1217 2323 1336 2347 meam

349 2372 617 2414 temeritatem,
643 2371 707 2407 sed
727 2370 808 2419 ejus
829 2370 1045 2406 charitatem
1067 2378 1212 2406 sonant.
1238 2373 1338 2406 Prae-

349 2432 513 2480 sumptio
536 2431 663 2475 suerit,
681 2431 710 2466 si
729 2443 804 2466 non
822 2430 901 2479 ipse
920 2431 1020 2466 hunc
1034 2430 1123 2466 mihi
1142 2430 1338 2467 indulserit

348 2502 492 2525 ausum.
520 2489 690 2537 Denique
721 2497 757 2524 et
789 2489 868 2537 ipse
898 2488 1132 2537 cognationis
1161 2487 1272 2536 hujus
1300 2497 1337 2524 et

1399 1841 1599 1877 sentientes
1610 1871 1618 1886 ,
1634 1855 1708 1878 non
1729 1842 1906 1878 inflantur
1919 1843 1996 1888 isti,
2010 1843 2075 1879 sed
2090 1843 2186 1880 forte
2202 1843 2385 1882 ambiunt.

1398 1899 1508 1937 Unde
1531 1900 1732 1945 inflentur,
1757 1913 1833 1936 non
1862 1900 2001 1937 habent
2021 1915 2029 1936 :
2051 1900 2114 1937 sed
2142 1901 2270 1938 inflate
2298 1903 2386 1939 satis

1398 1967 1531 2007 optant
1549 1967 1589 1994 ut
1607 1959 1781 1995 habeant.
1804 1959 1988 1995 Privatam
2005 1967 2043 1995 et
2063 1959 2100 1995 hi
2118 1954 2244 1996 amant
2259 1962 2388 1998 excel-

1398 2018 1549 2054 lentiam
1561 2046 1570 2063 ,
1591 2017 1679 2054 (lum
1698 2026 1762 2054 aut
1777 2019 2051 2068 concupiscunt
2065 2027 2106 2055 ut
2122 2019 2189 2064 sit,
2211 2028 2276 2056 aut
2294 2033 2388 2057 con-

1402 2075 1597 2113 tabescunt
1619 2077 1720 2126 quod
1746 2090 1825 2113 esse
1845 2090 1922 2113 non
1947 2078 2076 2126 possit.
2100 2077 2271 2115 Charitas
2294 2091 2386 2117 vero

1400 2147 1485 2170 cum
1502 2135 1641 2171 invidia
1661 2134 1949 2171 contabescente
1969 2135 2040 2171 iter
2059 2148 2134 2172 non
2154 2135 2266 2173 habet
2280 2165 2290 2182 ‚
2309 2150 2388 2174 non

1400 2193 1535 2240 quaerit
1564 2193 1667 2240 quod
1697 2207 1805 2229 suum
1833 2202 1888 2230 est
1917 2209 1924 2230 :
1957 2202 1995 2230 et
2024 2195 2218 2243 quomodo
2248 2196 2389 2245 poterit

1402 2250 1504 2298 quod
1523 2259 1577 2286 est
1595 2251 1757 2287 alienum
1777 2251 2001 2301 decerpere?

1455 2310 1490 2345 4.
1516 2309 1614 2357 Quid
1639 2318 1677 2346 tu
1701 2310 1841 2346 invidia
1869 2311 2031 2347 alienum
2057 2311 2114 2348 vis
2141 2325 2389 2363 corrumpere

1402 2367 1572 2404 bonum?
1590 2368 1782 2417 Numquid
1809 2368 1875 2405 tibi
1899 2369 2052 2418 adjicies
2071 2370 2173 2420 quod
2193 2370 2241 2407 ab
2265 2372 2389 2410 alieno

1403 2426 1599 2476 decerpis?
1618 2431 1673 2464 Ita
1695 2429 1872 2473 forsitan;
1895 2429 1959 2465 sed
1978 2430 2007 2466 si
2027 2431 2232 2480 corporalis
2247 2431 2389 2481 aliquid

1402 2486 1571 2534 pecuniae
1596 2486 1803 2524 subtrahas.
1830 2491 1913 2524 Non
1942 2501 2030 2537 ergo
2063 2489 2100 2525 in
2130 2489 2390 2527 claustralibus

350 2549 550 2597 assumpsit
582 2548 768 2592 habitum,
799 2556 835 2583 et
870 2547 1040 2583 exhibuit
1071 2547 1274 2593 assectum3
1301 2549 1385 2583 etD
1403 2545 1614 2594 rapacitatis
1638 2545 1749 2594 hujus
1774 2547 1905 2582 vitium
1933 2560 2097 2584 vereor:
2125 2556 2180 2584 est
2215 2547 2390 2586 subtilius

344 2607 454 2655 juxta
474 2608 697 2656 Apostolum
716 2635 725 2650 ,
747 2608 830 2641 Non
852 2604 1093 2651 confunditur
1117 2620 1183 2641 nos
1200 2604 1339 2652 fratres

350 2680 485 2702 vocare
496 2669 522 2702 ⁴'.
541 2667 576 2703 Si
598 2679 674 2702 non
695 2665 955 2709 confunditur,
973 2678 1040 2701 cur
1056 2677 1130 2700 non
1150 2673 1186 2700 et
1207 2665 1340 2714 tuipse

351 2724 584 2760 confidenter
616 2724 738 2770 dicas,
769 2726 897 2760 Frater
923 2723 973 2759 mi
1000 2722 1163 2759 Jonatha
1185 2737 1192 2759 :
1213 2731 1277 2759 aut
1310 2723 1339 2759 si

352 2783 558 2819 domestico
588 2783 702 2831 magis
730 2782 786 2819 vis
817 2782 871 2818 uti
903 2781 1106 2825 vocabulo,
1134 2784 1264 2818 Frater
1290 2781 1340 2817 mi

351 2846 457 2887 Jesu,
473 2841 643 2877 amabilis
658 2855 697 2878 es
716 2849 751 2877 et
770 2841 930 2877 decorus
959 2839 1090 2885 valde3
1113 2839 1280 2876 amabilis
1302 2852 1340 2875 es

353 2913 466 2948 super
486 2913 652 2936 amorem
675 2900 873 2935 mulierum
891 2901 905 2934 Ρ
929 2899 1050 2936 Anxio
1073 2907 1109 2935 et
1128 2898 1341 2934 vehementi

354 2960 487 2995 affectu
514 2967 659 3003 vestra,
685 2967 822 2994 sanctae
855 2958 1053 3003 mulieres,
1087 2959 1123 2994 in
1153 2958 1338 2995 Christum

352 3018 594 3054 inardescunt
624 3026 711 3053 vota
744 3033 751 3053 :
781 3018 844 3053 sed
873 3018 952 3067 ipse
987 3019 1106 3055 multo
1142 3018 1256 3067 magis
1287 3026 1341 3054 est

354 3077 544 3122 amabilis,
562 3090 673 3126 quam
695 3085 841 3112 amatur
861 3090 881 3112 a
902 3076 1018 3113 vobis.

406 3138 440 3173 3.
472 3135 713 3173 AEmulamini
759 3148 848 3184 ergo
898 3136 1118 3172 charismata
1163 3136 1315 3173 meliora
1331 3165 1340 3182 ‚

404 3270 408 3281 '
435 3265 474 3292 lv
495 3265 567 3302 ch.
591 3273 632 3296 iv„
655 3267 683 3290 G.

1404 2603 1592 2652 quoddam
1614 2605 1826 2653 rapacitatis
1847 2606 1985 2642 invidae
2005 2619 2132 2655 genus.
2151 2607 2250 2655 Quid
2268 2609 2392 2645 enim?

1406 2663 1643 2711 rapacitatem
1666 2676 1741 2699 non
1768 2672 1896 2713 putas,
1921 2664 1950 2700 si
1977 2666 2146 2713 pecuniae
2171 2667 2312 2715 parcis,
2334 2667 2392 2703 fa-

1405 2734 1501 2757 mam
1520 2721 1713 2772 decerpis?
1734 2726 1815 2759 Non
1837 2723 2072 2772 concupiscis
2092 2724 2367 2773 possessionem
2381 2753 2392 2772 ,

1404 2789 1440 2816 et
1476 2780 1613 2816 laceras
1646 2781 1876 2829 opinionem.
1913 2781 2011 2829 Quid
2047 2781 2112 2818 tibi
2145 2783 2391 2820 emolumenti

1405 2839 1524 2875 aliena
1560 2839 1759 2876 diminutio
1793 2841 1972 2877 confert?
2003 2841 2123 2878 aliena
2154 2841 2185 2878 si
2221 2842 2393 2880 corrodis

1406 2897 1526 2943 bona,
1547 2897 1638 2946 quid
1666 2897 1731 2934 tibi
1756 2899 1842 2935 inde
1865 2900 2067 2936 accrescit?
2085 2900 2258 2937 Evidenti
2282 2901 2394 2938 forsi-

1407 2965 1467 2993 tan
1492 2957 1648 2993 veritate
1667 2957 1797 2993 alienae
1823 2958 1970 2994 virtutis
1995 2967 2246 2995 conteruntur
2265 2959 2303 2996 in
2325 2972 2392 2996 ore

1407 3024 1471 3051 tuo
1501 3015 1656 3061 ‹lentes;
1685 3029 1784 3065 quos
1809 3016 1855 3052 ad
1886 3016 2143 3065 derogandum
2179 3030 2390 3067 paraveras.

1406 3079 1487 3112 Non
1511 3076 1624 3112 audes
1644 3076 1846 3113 corrodere
1859 3105 1868 3120 ,
1888 3089 1963 3113 non
1985 3085 2109 3113 tamen
2129 3086 2236 3127 potes
2255 3078 2393 3115 collau-

1408 3136 1508 3172 dare.
1534 3139 1613 3172 Jam
1639 3136 1799 3172 alienum
1825 3135 1968 3172 bonum
1996 3135 2110 3173 verbo
2138 3149 2215 3173 non
2246 3138 2391 3187 carpis;

727 3280 731 3282 >
766 3267 774 3280 '
795 3264 866 3301 Sap.
888 3272 954 3293 vu.
983 3265 1022 3292 to
1052 3281 1092 3285 ff«
1114 3260 1169 3292 ³11
1190 3265 1263 3298 Ila-31.
1287 3275 1314 3296 ι,
1340 3267 1391 3293 223.
1416 3282 1448 3284 —
1475 3263 1593 3292 ¹llclnr.
1614 3273 1648 3295 ιι,
1677 3266 1725 3293 11.
1748 3281 1789 3284 ss-
1812 3261 1823 3283 5
1846 3265 2117 3300 1(301·.x11-x111,
2137 3267 2167 3293 5.
