2504 3928
289 189 362 222 «35²3

292 265 391 300 xolui
411 268 528 300 Deum
547 276 624 298 esse
643 261 878 310 insipientem
891 290 900 305 ,
924 261 1126 310 injustum,
1143 272 1180 299 et
1202 264 1272 299 im-

999 188 1355 223 MEDlTA'rtoNEs
1386 187 1616 222 PuSSlMAE.

1282 262 1330 280 ²³¹)

2258 187 2329 223 684

1343 263 1454 305 ditur,
1475 271 1511 298 et
1531 261 1687 311 pigritiae
1706 261 1835 297 vitium
1853 260 1989 309 quietis
2012 260 2189 298 virtutem
2207 263 2331 299 imita-

294 331 483 371 potentem
503 337 509 357 z
528 321 628 370 quod
657 322 684 357 si
709 329 824 363 esset,
847 325 946 357 Deus
971 335 1046 358 non
1068 331 1173 359 esset.
1197 326 1277 359 [Non
1300 326 1327 358 Α
1347 331 1418 357 tur.
1436 321 1538 358 Finxi
1553 334 1610 356 me
1625 333 1703 357 csse
1719 319 1822 369 quod
1839 332 1914 355 non
1932 332 2033 356 eram
2051 334 2058 355 :
2078 319 2154 356 dixi
2169 334 2226 358 me
2240 322 2332 357 velle

294 390 348 417 cst
364 382 539 430 superbia
559 393 672 429 super
690 379 900 429 superbiam
922 394 1055 416 meam.
1080 385 1283 432 Propterea

297 442 404 488 longe
424 454 443 475 a
463 441 580 475 salute
601 453 700 483 mea,
723 439 836 475 verba
857 439 1079 476 delictorum
1099 454 1281 478 meorum.

296 502 475 548 Suspecta
499 507 553 535 est
574 499 756 548 siquidem
774 502 852 536 Deo
873 499 1048 548 superbia
1073 508 1110 535 et
1134 500 1283 545 odiosa;

299 571 366 594 nce
383 558 463 594 lieri
482 566 604 607 potest
619 566 657 595 ut
675 571 758 594 eum
775 571 820 594 eo
837 559 873 594 in
891 559 1046 607 gratiam
1062 568 1282 596 revertatur.

300 618 492 653 Diversum
523 618 718 666 utriusque
743 618 965 667 hospitium,
993 633 1061 655 nec.
1087 619 1124 655 in
1152 619 1283 655 eodem

297 675 512 712 cohabitant
530 677 675 722 animo,
695 676 832 726 quibus
854 691 929 714 nou
952 678 1052 714 licuit
1072 677 1285 714 cohabitare

300 736 334 770 in
356 736 465 771 cu=lo.
495 740 535 772 In
558 737 654 772 coelo
675 745 760 772 nata
782 745 859 773 cst:
883 736 946 772 scd
967 737 1069 773 velut
1090 738 1287 773 immemor

298 809 371 844 qua
388 797 447 832 via
465 796 551 832 inde
569 797 719 840 cecidit,
738 797 824 833 illuc
841 805 970 846 postea
988 797 1109 834 redire
1126 811 1200 833 non
1220 811 1287 846 po-

300 855 382 890 tuit.
413 858 505 893 Cum
535 868 597 891 aer
626 856 774 904 pluvia,
803 856 861 891 vel
895 856 1010 892 nimio
1039 857 1193 904 frigore,
1223 866 1286 894 aut

298 915 421 951 calore
443 914 614 951 turbatus
635 915 699 951 suit
713 943 722 958 ,
743 923 873 951 contra
893 919 1010 951 Deum
1032 915 1160 964 inique
1181 929 1285 951 mur-

300 975 457 1010 muravi.
478 974 612 1011 Omnia
635 986 795 1022 natuque
815 987 899 1022 qua’
921 973 967 1010 ad
991 987 1098 1010 usum
1121 974 1206 1010 vitre
1222 988 1286 1010 ac-

1348 381 1450 429 quod
1473 380 1643 416 nolebam
1658 409 1667 425 ,
1686 380 1742 416 vel
1767 380 1866 416 nolle¹
1886 379 1988 428 quod
2014 379 2198 416 volebam.
2221 381 2333 417 Aliud

1350 454 1415 475 ore
1445 439 1634 483 dicebam,
1655 447 1692 475 et
1716 438 1818 475 aliud
1844 438 1956 474 corde
1983 438 2178 475 volvebam
2202 454 2209 475 :
2229 439 2335 476 etita

1350 499 1419 535 sul)
1436 499 1546 534 ovina
1568 499 1663 547 pelle
1681 498 1873 546 vulpinam
1894 497 2157 534 conscientiam
2180 512 2335 535 conser-

1350 558 1496 594 vabam.
1532 557 1691 606 Vulpina
1726 557 1837 606 plane
1870 557 2096 594 conscientia
2128 566 2183 594 est
2212 558 2337 607 tepida

1351 617 1606 661 conversatio,
1628 616 1796 652 animalis
1816 616 2012 664 cogitatio,
2036 617 2119 653 licta
2133 617 2338 661 consessio,

1351 676 1475 712 brevis
1497 685 1533 713 ct
1551 690 1632 712 rara
1654 675 1915 724 compuncti03
1933 674 2147 712 obedientia
2170 676 2249 712 sine
2270 676 2337 712 de-

1351 737 1525 781 votione,
1540 735 1659 772 oratio
1680 735 1758 772 sine
1780 735 2005 781 intentione,
2021 735 2131 770 lectio
2151 735 2229 772 sine
2246 735 2337 771 aedi-

1352 796 1522 832 licati0ne
1535 824 1544 841 ,
1564 808 1688 831 sermo
1707 795 1787 831 sine
1805 794 2154 844 circumspectione.

1404 857 1465 891 30.
1488 859 1519 891 0
1536 868 1648 903 quam
1665 854 1757 890 dura
1781 853 1870 890 milii
1888 862 1975 889 sunt
1996 853 2064 890 ista
2083 866 2167 903 quae
2184 854 2336 903 loquor!

1351 914 1527 962 qnoniam
1543 927 1601 950 me
1617 913 1736 963 ipsum
1751 913 1940 962 loquendo
1954 913 2058 949 serio.
2072 917 2337 950 Verumtamen

1352 973 1439 1021 quia
1467 987 1524 1009 mc
1548 981 1782 1022 peccatorem
1814 985 1889 1008 non
1915 985 2030 1021 nego,
2055 972 2118 1009 scd
2146 981 2338 1021 peccatum

298 1034 481 1083 cepimus,
499 1033 544 1070 ad
564 1046 672 1069 usum
690 1033 812 1082 culpae
831 1034 1096 1069 convertimus.
1112 1038 1286 1083 Quapro-
1306 1033 1333 1066 B
1353 1045 1475 1068 meum
1494 1045 1702 1080 cognosco;
1722 1032 1792 1067 erit
1808 1031 1962 1067 fortasse
1980 1030 2079 1079 apud
2099 1034 2219 1067 Deum
2237 1031 2340 1080 pium

300 1092 538 1142 pterjustum
553 1101 609 1129 est
626 1101 666 1129 ut
684 1093 748 1141 qui
764 1092 799 1128 in
819 1092 962 1128 cunctis
979 1093 1230 1141 peccavimus,
1249 1093 1286 1128 in

299 1153 442 1189 cunctis
470 1153 658 1189 feriamur.
691 1155 795 1201 Saepe
823 1152 868 1188 ad
892 1165 1038 1188 sacrum
1065 1153 1285 1200 Mysten-ium

300 1225 428 1248 vocent
448 1225 567 1247 meam
590 1211 702 1260 fregi,
718 1219 759 1247 ut
779 1211 923 1247 dulcius
944 1219 1155 1247 cantarem:
1172 1212 1286 1259 magis

298 1271 511 1307 delectabar
530 1272 567 1306 in
589 1270 690 1306 vocis
711 1269 967 1306 modulatione
981 1298 989 1314 ,
1011 1282 1123 1318 quam
1142 1270 1178 1305 in
1200 1283 1286 1306 cor-

298 1329 354 1364 dis
375 1329 680 1378 compunctione.
702 1332 801 1364 Deus
823 1340 930 1371 vero,
948 1328 1006 1363 cui
1028 1341 1103 1363 non
1124 1327 1286 1364 abscon—

298 1388 400 1424 ‹litur
423 1387 606 1436 quidquid
627 1387 796 1423 illicitum
818 1394 1069 1435 perpetratur,
1086 1400 1160 1422 non
1181 1400 1286 1436 quae-

300 1448 345 1482 rit
369 1447 471 1482 vocis
498 1446 704 1490 lenitatem,
725 1444 788 1481 sed
811 1444 935 1481 cordis
955 1445 1171 1493 puritatem.
1194 1449 1286 1481 Nam

298 1505 389 1541 dum
421 1513 552 1540 cantor
584 1504 721 1540 mulcet
752 1504 936 1552 populum
966 1502 1144 1549 vocibus,
1166 1507 1287 1541 Deum

299 1564 417 1599 irritat
439 1563 562 1612 pravis
595 1561 774 1598 moribus.
797 1562 999 1599 Licentiam
1027 1563 1206 1611 loquendi
1230 1564 1288 1599 vel

299 1622 439 1671 aliquid
461 1621 616 1658 faciendi
631 1649 640 1665 ,
660 1634 758 1671 saepe
775 1621 889 1657 nimia
905 1622 1188 1671 importunitate
1203 1650 1213 1667 ,
1230 1624 1287 1658 vel

299 1681 499 1718 calliditate
517 1695 537 1718 a
561 1681 724 1730 praelatis
749 1681 840 1717 meis
864 1681 1004 1717 extorsi
1024 1696 1032 1717 ε
1056 1695 1132 1717 non
1161 1690 1284 1718 atten-

299 1742 392 1777 dens
409 1741 534 1785 miser,
552 1740 731 1789 quoniam
750 1739 813 1777 ille
830 1753 868 1777 se
888 1740 1045 1790 decipit,
1063 1742 1126 1790 qui
1141 1742 1286 1778 occulte

1348 1090 1514 1138 judicem
1536 1091 1615 1140 ipsa
1631 1090 1794 1139 cognitio
1815 1091 1955 1139 culpae,
1973 1090 2188 1140 impetratio
2207 1090 2340 1127 veniae.

1353 1151 1478 1187 Dicam
1496 1164 1604 1199 ergo,
1620 1151 1742 1187 dicam
1761 1150 1946 1186 miseriam
1963 1162 2102 1195 meam,
2117 1149 2147 1186 si
2165 1149 2260 1186 sorte
2278 1162 2343 1186 sua

1352 1209 1471 1258 pictas
1497 1217 1644 1246 moveat
1673 1209 1790 1245 illum.
1812 1209 1940 1245 Dicam
1969 1217 2165 1258 peccatum
2191 1221 2340 1252 meum,

1352 1268 1530 1317 quoniam
1550 1268 1681 1305 notitia
1701 1269 1842 1317 peccati
1864 1268 2010 1304 initium
2030 1276 2086 1304 est
2102 1267 2243 1305 salutis.
2261 1272 2342 1306 Ma-

1352 1340 1461 1375 gnam
1484 1335 1595 1376 porto
1615 1340 1794 1364 coronam
1806 1355 1815 1372 ‚
1833 1335 1870 1363 et
1885 1335 2026 1364 vestem
2044 1326 2265 1373 rotundam3
2282 1340 2343 1364 rc-

1352 1387 1476 1434 gulam
1498 1399 1608 1423 servo
1623 1385 1881 1435 jejuniorum;
1903 1387 2050 1423 statutis
2069 1387 2190 1436 psallo
2209 1387 2313 1424 horis
2335 1402 2342 1423 :

1353 1444 1418 1480 sed
1437 1458 1504 1481 cor
1522 1457 1647 1481 meum
1661 1445 1770 1495 longe
1786 1453 1841 1481 est
1858 1459 1878 1481 a
1894 1449 1974 1482 Deo
1992 1459 2088 1482 meo.
2111 1446 2344 1483 Exteriorem

1354 1504 1591 1553 superficiem
1609 1504 1798 1551 inmensa,
1810 1505 1910 1542 salva
1923 1505 2014 1541 mihi
2027 1505 2154 1542 onmia
2164 1504 2344 1551 arbitror,

1356 1577 1431 1600 non
1461 1563 1625 1600 sentiens
1646 1577 1812 1600 vermem
1838 1564 2053 1601 interiorem
2074 1565 2140 1613 qui
2166 1564 2346 1602 interiora

1356 1623 1536 1660 corrodit.
1556 1623 1668 1662 Unde
1689 1627 1825 1670 Oseas,
1850 1624 2091 1660 Comederunt
2107 1627 2222 1660 alieni
2240 1623 2350 1660 robur

1352 1695 1470 1718 meum
1483 1710 1493 1725 ‚
1511 1691 1547 1718 et
1562 1686 1727 1731 ignoravi
1743 1689 1749 1703 ¹
1770 1697 1777 1718 :
1797 1691 1834 1719 et
1853 1682 1937 1719 ideo
1957 1694 2118 1733 pergens
2135 1690 2236 1719 totus
2251 1683 2290 1719 in
2305 1696 2348 1720 ea

1352 1754 1436 1790 quae
1456 1741 1545 1777 soris
1563 1749 1672 1787 sunt,
1688 1750 1726 1778 et
1741 1741 1894 1791 ignarus
1913 1741 2137 1778 interiorum
2158 1754 2345 1787 meorum,

299 1802 354 1838 xel
368 1809 496 1850 aperte
512 1800 663 1849 satagit,
685 1807 725 1835 ut
746 1799 816 1836 hoc
830 1800 864 1836 ci
885 1803 994 1836 Pater
1008 1800 1211 1849 spiritualis
1231 1801 1289 1837 in-
1309 1799 1336 1833 C
1356 1801 1451 1837 sicut
1471 1814 1568 1849 aqua
1588 1801 1730 1837 effusus
1750 1813 1832 1837 sum
1846 1829 1856 1846 ‚
1876 1808 1914 1837 et
1933 1799 1980 1836 ad
1997 1799 2154 1836 nihilum
2177 1799 2348 1837 redactus

294 1862 428 1910 jungat
445 1860 546 1909 quod
569 1860 647 1909 ipse
667 1859 865 1896 desiderat.

352 1921 413 1958 29.
444 1925 560 1957 Acum
575 1948 584 1965 ,
607 1919 665 1955 vel
693 1918 909 1964 cultellum,
939 1919 997 1955 vel
1027 1918 1168 1968 aliquid
1199 1920 1290 1956 utile

300 1981 490 2018 multoties
527 1979 683 2015 nimium
722 1977 949 2023 desideravi,
989 1991 1058 2014 nec
1099 1979 1291 2016 confessus

301 2054 401 2086 sum3
421 2040 508 2089 quia
537 2046 732 2089 peccatum
760 2051 834 2075 non
861 2038 1112 2084 aestimabam,
1136 2048 1293 2089 propter

302 2102 352 2137 rei
383 2100 575 2136 vilitatem.
593 2102 858 2134 Verumtamen
893 2111 969 2134 non
996 2098 1156 2134 multum
1182 2098 1292 2135 distat

300 2172 546 2210 quaecumque
567 2157 775 2194 substantia
793 2158 877 2193 vilis
897 2158 954 2193 vel
978 2159 1140 2207 pretiosa
1163 2159 1290 2207 requi-

303 2227 422 2261 ratur,
440 2217 528 2253 dum
545 2217 737 2264 {equaliter
750 2217 796 2252 sit
809 2224 1010 2265 corruptus
1024 2216 1190 2253 affectus.
1207 2221 1288 2253 Non

302 2278 402 2313 enim
421 2275 594 2311 cultellus
611 2275 649 2310 in
669 2275 802 2310 vitium
819 2283 893 2319 est,
911 2274 974 2310 sed
990 2275 1130 2311 cultelli
1150 2277 1291 2324 appeti-

303 2347 360 2372 tus
378 2351 384 2372 :
408 2348 528 2383 neque
545 2347 677 2370 aurum
694 2334 730 2369 in
750 2334 881 2369 vitium
902 2342 979 2378 est,
1002 2334 1066 2369 sed
1083 2334 1164 2370 auri
1183 2335 1291 2384 cupi-

302 2395 406 2431 ditas.
435 2397 477 2429 In
503 2391 630 2428 labore
661 2404 736 2427 non
762 2390 930 2427 laboravi
954 2399 1136 2439 quantum
1159 2391 1290 2437 debui,

305 2454 361 2489 vel
380 2460 562 2501 quantum
577 2450 696 2500 potui.
715 2453 755 2486 In
771 2450 919 2485 silentio
936 2449 1045 2485 etiam
1064 2450 1113 2486 sui
1127 2451 1269 2487 otiosus
1282 2480 1290 2496 ,

302 2511 405 2561 quod
416 2519 471 2547 est
483 2510 686 2546 maximum
699 2517 905 2558 peccatum.
916 2512 957 2545 In
970 2509 1118 2544 silentio
1132 2523 1292 2558 namque

1356 1873 1456 1905 sum,
1470 1860 1748 1909 praeteritorum
1765 1859 2012 1906 obliviscens,
2030 1859 2270 1909 praesentium
2286 1873 2348 1896 ne—

1356 1919 1499 1968 gligens
1512 1947 1522 1964 ,
1539 1920 1664 1955 futura
1684 1932 1762 1955 non
1780 1918 1997 1968 providens.
2011 1922 2184 1967 Ingratus
2202 1931 2284 1955 sum
2301 1919 2347 1955 ad

1357 1977 1559 2024 beneficia,
1580 1990 1724 2027 pronus
1749 1977 1795 2014 ad
1817 1978 1931 2024 mala,
1951 1986 1989 2014 et
2014 1977 2143 2014 tardus
2165 1977 2212 2014 ad
2231 1977 2344 2014 bona.

1411 2038 1471 2073 31.
1496 2037 1533 2074 Si
1550 2050 1609 2073 me
1630 2050 1706 2073 non
1728 2036 1906 2085 inspicio,
1923 2036 2050 2073 nescio
2068 2049 2127 2073 me
2146 2036 2271 2086 ipsum
2289 2053 2296 2073 :
2318 2037 2348 2073 si

1357 2105 1481 2134 autem
1494 2110 1552 2133 me
1566 2097 1739 2147 inspicio,
1754 2097 1913 2133 tolerare
1925 2110 1983 2133 me
1995 2110 2071 2133 non
2085 2108 2258 2146 possum;
2272 2104 2348 2133 tan-

1358 2165 1394 2193 ta
1414 2157 1566 2193 invenio
1587 2157 1623 2192 in
1643 2170 1701 2192 me
1718 2169 1801 2205 quae
1819 2156 1931 2205 digna
1950 2164 2038 2193 sunt
2057 2155 2348 2205 reprehensione

1357 2225 1394 2252 et
1413 2216 1634 2252 confusione
1654 2231 1660 2251 :
1679 2224 1717 2252 et
1736 2224 1878 2264 quanto
1896 2229 1954 2251 me
1974 2215 2148 2252 subtilius
2163 2223 2200 2252 et
2213 2215 2349 2264 saepius

1358 2275 1538 2320 discutio,
1561 2283 1663 2311 tanto
1683 2276 1810 2324 plures
1831 2274 2131 2311 abominationes
2148 2274 2186 2311 in
2203 2275 2349 2323 angulis

1358 2334 1482 2371 cordis
1511 2335 1583 2371 mei
1612 2334 1778 2370 invenio.
1812 2337 1866 2369 Ex
1895 2347 1971 2382 quo
2003 2347 2165 2382 namque
2193 2346 2348 2383 peccare

1358 2393 1473 2442 coepi,
1491 2406 1684 2442 nunquam
1702 2406 1819 2429 unum
1835 2392 1934 2428 diem
1955 2392 2035 2429 sine
2055 2401 2208 2442 peccato
2224 2401 2346 2430 trans-

1358 2453 1410 2488 ire
1433 2452 1558 2501 potui;
1583 2465 1651 2488 nec
1671 2452 1793 2488 adhuc
1813 2465 1968 2501 peccare
1991 2465 2114 2498 cesso,
2135 2451 2200 2489 sed
2222 2452 2268 2489 de
2289 2452 2347 2489 die

1359 2512 1396 2548 in
1420 2511 1518 2547 diem
1545 2520 1698 2560 peccata
1722 2511 1884 2561 peccatis
1903 2511 2024 2556 addo,
2047 2520 2085 2548 et
2105 2524 2148 2548 ea
2166 2525 2250 2560 quae
2271 2525 2347 2561 prae

306 2584 416 2607 ueino
442 2570 493 2605 sic
519 2567 630 2604 debet
656 2580 736 2604 esse
760 2567 921 2612 otiosus,
942 2575 984 2604 ut
1001 2567 1037 2602 in
1064 2567 1196 2604 eodem
1216 2568 1293 2603 otio
1311 2576 1343 2608 D
1360 2570 1477 2606 oculis
1497 2570 1634 2614 habco,
1658 2571 1837 2620 inspicio,
1854 2584 1922 2607 nec
1944 2584 2078 2619 gen103
2095 2570 2348 2608 erubescenda

304 2630 498 2666 utilitatem
511 2640 586 2663 non
600 2626 737 2675 cogitet
752 2626 914 2675 proximi
931 2641 938 2662 :
953 2640 1020 2662 nec
1035 2627 1085 2662 sic
1098 2635 1271 2663 actuosus
1283 2657 1292 2673 ‚

305 2699 344 2725 ut
373 2689 437 2725 Dei
465 2686 820 2735 contemplationem
852 2698 926 2721 non
951 2686 1127 2734 requirat.
1159 2689 1290 2723 Parum

300 2749 399 2784 enim
422 2746 588 2797 prolicit,
614 2744 677 2793 qui
698 2744 801 2780 alteri
827 2757 901 2780 non
924 2743 1096 2794 prodest,
1117 2758 1201 2781 cum
1221 2759 1291 2794 po·

303 2815 382 2844 test.
407 2810 458 2843 De
474 2805 570 2841 vitiis
591 2804 682 2840 meis
700 2803 890 2840 multoties
906 2817 964 2839 me
980 2802 1117 2852 jactavi
1131 2819 1140 2850 3
1156 2813 1291 2853 putans

301 2879 380 2903 csse
407 2866 550 2913 insigne
576 2864 739 2909 virtutis,
768 2863 831 2900 ubi
857 2871 937 2899 erat
966 2864 1090 2912 lapsus
1112 2864 1289 2901 criminis,

305 2932 356 2963 De
375 2924 574 2961 virtutibus
596 2924 706 2959 etiam
735 2924 822 2959 vitia
852 2924 933 2959 feci.
954 2923 1104 2960 Justitia
1128 2936 1289 2972 namque

301 2987 389 3021 ‹lum
411 2998 519 3020 suum
542 2983 693 3019 modum
723 2982 892 3026 excedit,
911 2983 1140 3019 crudelitatis
1161 2983 1289 3019 vitium

298 3045 411 3093 gignit
435 3059 441 3079 :
465 3052 501 3079 ‹·t
528 3043 638 3077 nimia
668 3043 784 3091 pictas
813 3043 1096 3078 dissolutionem
1125 3043 1290 3092 discipli—

301 3118 355 3139 uae
389 3102 560 3152 parturit.
589 3102 647 3137 Sic
673 3115 769 3150 ‹sa-pe
798 3103 929 3137 xitium
957 3111 1012 3138 cst
1043 3102 1143 3150 quod
1174 3103 1290 3139 virtus

301 3172 462 3211 putatur.
492 3162 548 3197 sic
573 3162 722 3197 remissa
742 3161 915 3209 segnities
936 3161 1185 3197 mansuetudo
1207 3175 1288 3198 cre-

346 3290 565 3316 '(·i‹x11‚¹)

1360 2628 1470 2665 video
1483 2659 1492 2676 ‚
1513 2643 1579 2665 nec
1599 2629 1795 2666 erubesco.
1813 2629 1983 2666 Dolenda
2005 2631 2168 2674 intueor,
2191 2643 2259 2667 nec
2278 2630 2348 2667 do-

1360 2690 1417 2725 leo
1441 2704 1448 2724 :
1476 2689 1579 2738 quod
1608 2698 1664 2725 est
1689 2689 1821 2725 mortis
1850 2690 2017 2738 signum,
2035 2697 2072 2725 et
2099 2689 2349 2726 damnationis

1359 2748 1547 2784 indicium.
1577 2747 1788 2784 Membrum
1817 2750 1916 2784 enim
1943 2747 2045 2796 quod
2074 2748 2244 2784 dolorem
2272 2761 2346 2785 nou

1358 2807 1489 2851 sentit,
1509 2816 1700 2843 mortuum
1718 2816 1790 2852 est;
1809 2815 1845 2843 et
1860 2806 2015 2843 morbus
2032 2806 2278 2852 insensibilis,
2293 2815 2348 2844 est

1358 2865 1585 2902 incurabilis.
1616 2867 1724 2903 Levis
1753 2880 1835 2902 sum
1871 2874 1909 2902 et
1939 2865 2161 2911 dissolutus,
2192 2878 2260 2902 nec
2289 2879 2347 2902 me

1358 2924 1525 2973 corrigO,
1548 2924 1611 2960 scd
1642 2924 1687 2960 ad
1720 2933 1870 2973 peccata
1903 2937 1987 2972 quae
2016 2924 2208 2961 confessus
2241 2937 2344 2969 sum,

1357 2983 1525 3032 quotidie
1545 2983 1676 3028 redco;
1699 2996 1766 3018 ncc
1784 2996 1897 3018 caveo
1913 2984 2077 3027 foveam,
2093 2982 2130 3018 in
2148 2996 2260 3031 quam
2277 2983 2346 3019 mi-

1357 3057 1416 3079 scr
1443 3056 1512 3091 ego
1538 3042 1674 3087 cecidi,
1705 3043 1760 3077 vel
1788 3042 1881 3078 alios
1909 3041 2041 3078 cadere
2068 3041 2154 3086 feci,
2172 3049 2237 3077 aut
2257 3042 2343 3077 vidi.

1356 3106 1523 3150 Cumque
1556 3102 1704 3150 plorare
1735 3109 1771 3137 et
1798 3114 1906 3137 orare
1937 3100 2114 3136 deberem
2148 3113 2216 3148 pro
2241 3101 2345 3136 malis

1357 3175 1438 3210 qua*
1469 3161 1558 3206 l'cci,
1585 3169 1620 3196 et
1649 3160 1756 3196 bonis
1785 3173 1867 3208 qua·
1904 3160 2068 3208 ncglcxi,
2099 3159 2192 3207 proli
2215 3158 2342 3195 dolor!

1397 3295 1402 3304 ⁹
1427 3287 1518 3317 xlia«.
1547 3283 1695 3313 vitands-tw
