2418 3949
144 246 220 282 965

143 440 245 477 illius
261 440 489 477 immaculati
504 440 719 490 patientiam
734 440 991 476 admirabilem
1004 448 1042 476 et
1054 439 1135 475 imi-

144 499 295 536 tandam
308 527 318 542 ,
338 512 407 549 per
423 512 536 548 quam
555 512 669 548 genas
689 499 949 548 pudicissimas
962 497 1133 547 impudi-

143 559 380 595 cissimorum
393 557 583 607 unguibus
594 558 807 594 lacerandas
817 571 902 594 cum
917 558 1021 594 omni
1032 569 1135 593 man-

145 618 344 654 suetudine
364 617 549 667 praebuit3
566 625 609 652 ut
627 617 815 666 patienter
831 617 1054 653 sufferamus
1068 644 1077 661 ‚
1103 615 1134 651 si

144 677 348 726 aliquando
363 685 528 713 nostram
545 676 675 712 faciem
699 676 845 726 operiat
860 676 1032 712 confusio
1047 687 1135 724 pro-

145 744 230 786 pter
248 736 370 786 ipsum
385 764 394 780 ,
421 736 499 771 imo
516 743 553 771 et
575 735 604 770 si
619 735 703 783 quis
721 748 789 772 nos
814 734 933 771 caedat
946 735 984 770 in
1008 733 1137 770 faciem

147 794 271 832 verbis
286 804 323 832 et
339 795 443 831 factis
461 802 619 843 propter
638 793 785 830 dulcem
798 797 938 831 Jesum.

440 945 616 984 CAPUT
644 945 836 983 XXXIX

377 1077 426 1106 De
444 1080 554 1116 quarta
568 1073 719 1105 effusione
737 1075 904 1116 sanguinis.

203 1208 288 1245 130.
305 1211 483 1256 Quartam
501 1208 693 1256 sanguinis
708 1207 899 1257 purissimi
917 1206 1139 1243 effusionem

146 1267 186 1304 in
202 1280 345 1304 corona
358 1267 530 1304 invenire
547 1280 746 1316 possumus
760 1296 769 1312 ,
781 1268 819 1302 in
838 1279 980 1302 corona
995 1267 1138 1316 spinea,

149 1339 225 1363 non
238 1335 361 1363 tamen
377 1327 510 1363 leviter
527 1327 702 1376 imposita
714 1356 724 1371 ,
741 1326 805 1363 sed
823 1326 946 1362 valide
960 1327 1142 1375 impressa

148 1386 260 1435 capiti
279 1386 496 1423 dulcissimo
523 1387 655 1436 capitis
677 1387 750 1423 mei
771 1386 891 1422 dulcis
916 1389 1017 1422 Jesu.
1045 1385 1141 1422 Satis

149 1446 250 1483 enim
273 1446 461 1483 consentit
480 1446 647 1491 veritati,
670 1454 712 1482 ut
736 1446 800 1495 qui
820 1445 979 1481 oderant
1002 1445 1141 1480 verita-

150 1513 224 1542 tem
239 1533 249 1551 ,
271 1518 347 1542 non
369 1505 489 1542 solum
507 1505 756 1555 opprobrium
778 1505 897 1550 illius,
915 1504 980 1540 sed
996 1504 1141 1553 suppli—

150 1563 249 1600 cium
265 1563 472 1612 requirant.
492 1566 567 1599 Nec
583 1562 643 1598 hic
663 1571 756 1612 puto
769 1562 920 1612 quidem
940 1563 1040 1598 rivos
1057 1575 1143 1598 san-

151 1622 274 1671 guinis
294 1621 456 1658 defuisse
471 1649 480 1665 ,
508 1622 572 1669 qui
591 1635 610 1657 a
630 1623 750 1670 capite
770 1621 936 1657 irrisorie
957 1629 994 1657 et
1014 1620 1142 1657 invide

152 1681 325 1718 coronati
339 1681 547 1717 defluerent
565 1682 600 1716 in
615 1682 752 1716 collum
774 1681 884 1717 simul
905 1689 942 1717 et
960 1683 996 1716 in
1015 1681 1144 1716 faciem

153 1740 273 1777 dulcis
289 1745 400 1786 Jesu;
422 1740 508 1789 quia
529 1740 558 1776 si
575 1740 785 1776 noluissent
800 1748 981 1776 coronato
997 1751 1145 1788 poenam

153 1799 262 1836 simul
276 1813 360 1836 cum
373 1798 613 1836 irrisionibus
630 1799 798 1849 irrogare
813 1827 822 1844 ‚
841 1799 985 1835 facilius
1003 1798 1048 1835 de
1065 1799 1147 1834 aliis

899 247 963 281 DE
992 244 1221 282 PASSIONE
1252 243 1439 278 DOMINI.

143 330 181 359 et
199 335 220 359 a
240 321 347 358 vultu
363 334 515 372 quoque
533 321 749 358 dulcissimo
771 322 819 358 ad
836 321 1129 359 rubricationem
1145 319 1174 338 ⁴⁹

143 394 238 418 rosae
262 389 401 418 nostrae
427 381 644 430 sanguinem
676 381 858 418 elicuisse.
886 381 1005 418 Video
1034 379 1131 429 Agni
1152 381 1183 414 A

2119 238 2196 273 90ss

1552 374 1726 414 CAPL'T
1756 375 1839 413 XL.

1425 499 1472 527 De
1498 496 1604 537 quinta
1627 496 1779 528 effusione
1801 497 1967 538 sauguinis.

1254 615 1340 651 131.
1359 614 1498 661 Quinta
1511 613 1715 651 rubricatio
1732 628 1826 652 rosae
1844 615 2036 652 invenitur
2054 614 2092 650 in
2106 627 2194 650 cru-

1203 673 1276 709 deli
1292 673 1540 722 flagellatione
1557 675 1846 711 mansuetissimi
1867 674 1961 723 Agni
1980 673 2075 709 rosei
2088 676 2190 709 Jesu.

1204 734 1234 769 O
1257 745 1340 767 cum
1370 740 1510 780 quanta
1527 733 1736 780 quantitate
1755 742 1863 783 putas
1882 733 1986 769 illum
2006 732 2196 768 sanctissi-

1205 803 1307 826 mum
1323 791 1541 840 sanguinem
1563 804 1583 827 e
1600 792 1789 828 conscisso
1802 804 1960 841 corpore
1977 799 2013 826 et
2030 791 2196 840 flagella—

1207 858 1245 886 to
1266 850 1462 886 distillasse
1484 850 1523 886 in
1546 858 1680 887 terram
1698 853 1704 886 ἔ
1723 854 1754 888 Ο
1775 859 1914 899 quanta
1932 858 2040 899 putas
2057 850 2198 886 saevitia

1205 909 1411 958 impiorum
1429 909 1667 945 frementium
1683 938 1692 956 ,
1710 918 1852 958 quanto
1873 909 2023 945 fremitu
2040 909 2199 944 saevien-

1205 969 1300 1006 tium
1317 968 1542 1018 flagellatum
1560 977 1669 1018 putas
1686 969 1797 1005 fuisse
1813 969 1959 1005 dulcem
1974 972 2115 1010 Jesum,
2134 967 2200 1016 qui

1205 1036 1361 1064 venerat
1378 1036 1419 1064 ut
1439 1040 1507 1064 nos
1525 1041 1546 1064 a
1560 1028 1714 1077 flagellis
1730 1027 1907 1064 liberaret
1925 1027 2092 1063 aetcrnis!
2112 1044 2126 1059 «
2143 1027 2200 1063 Si-

1157 1091 1184 1124 B
1207 1106 1220 1120 »
1238 1101 1284 1124 ne
1299 1101 1408 1124 causa
1421 1116 1430 1133 ,
1446 1105 1460 1120 υ
1480 1088 1623 1136 iuquit,
1645 1087 1825 1137 «flagellis
1841 1086 2057 1123 ceciderunt
2074 1093 2169 1122 me¹.
2185 1102 2201 1118 υ

1206 1151 1301 1184 Vere
1318 1147 1398 1183 sine
1410 1159 1520 1183 causa
1532 1146 1624 1191 ,nisi
1639 1146 1734 1182 forte
1754 1146 1954 1182 miserrimi
1973 1154 2011 1182 et
2032 1145 2202 1194 perversi

1206 1205 1306 1243 bona
1322 1219 1438 1255 opera
1456 1213 1518 1241 tua
1533 1205 1655 1254 poenis
1671 1205 1781 1253 digna
1796 1204 2034 1253 judicarent,
2054 1205 2119 1253 qui
2139 1216 2204 1240 ve-

1207 1266 1354 1302 ritatem
1386 1273 1486 1301 tuam
1506 1266 1544 1301 in
1569 1265 1764 1301 mendacio
1785 1264 2040 1300 detinuerunt.
2075 1263 2146 1299 Sed
2166 1272 2204 1299 et

1207 1324 1267 1361 hic
1281 1326 1474 1361 moraliter
1490 1324 1685 1361 erudimur
1697 1352 1706 1369 ,
1725 1332 1765 1360 ut
1783 1324 1927 1374 flagella
1943 1322 2205 1372 benignissimi

1207 1384 1324 1420 Patris
1341 1384 1461 1420 nostri
1476 1384 1660 1419 discamus
1672 1383 1932 1432 aequanimiter
1950 1383 2123 1427 tolerare,
2139 1382 2203 1430 qui

1209 1444 1460 1492 pessimorum
1478 1443 1623 1491 flagella
1639 1456 1709 1492 pro
1726 1441 1836 1478 nobis
1853 1441 2017 1490 indignis
2039 1449 2112 1476 tam
2131 1454 2201 1490 pa—

1209 1503 1345 1540 tienter
1360 1503 1537 1539 sustinuit
1553 1502 1673 1538 dulcis
1693 1506 1812 1538 Jesus.
1830 1501 1921 1548 Quis
1940 1501 2038 1536 enim
2058 1500 2202 1550 flagella

1208 1576 1286 1599 non
1303 1563 1476 1599 sufferret
1503 1562 1617 1598 homo
1639 1562 1675 1597 in
1705 1561 1851 1611 flagella
1874 1568 2050 1610 paratus,
2080 1560 2126 1595 ad
2151 1560 2204 1596 la-

1209 1622 1340 1659 borem
1360 1630 1468 1658 natus
1483 1650 1492 1667 ,
1515 1623 1554 1658 in
1574 1622 1736 1671 peccatis
1765 1622 1928 1657 nutritus
1946 1628 1982 1656 et
2002 1632 2204 1656 conversa-

1213 1690 1270 1717 tus
1283 1709 1292 1726 ,
1314 1681 1522 1717 haereditati
1552 1681 1708 1716 coelestis
1738 1681 1832 1716 aulae
1864 1679 2070 1715 destinatus
2083 1707 2091 1723 ,
2122 1692 2205 1727 quae

1212 1754 1289 1777 non
1322 1740 1391 1776 nisi
1420 1740 1582 1776 mundos
1608 1739 1762 1788 recipit,
1793 1751 1877 1774 cum
1909 1738 2033 1774 videat
2064 1741 2204 1786 Regem

1212 1800 1381 1837 omnium
1396 1812 1523 1849 regum
1536 1827 1546 1844 ,
1563 1799 1815 1835 etDominum
1831 1797 2105 1833 dominantium
2122 1796 2206 1832 dul-

153 1859 265 1896 ramis
300 1859 362 1896 vel
391 1859 546 1907 virgulis
579 1858 726 1895 arboris
759 1858 915 1907 alicujus
944 1866 1147 1908 potuerant
1163 1864 1189 1900 C
1211 1872 1290 1896 cem
1311 1863 1460 1904 Jesum,
1483 1859 1548 1907 qui
1570 1867 1765 1908 peccatum
1788 1870 1863 1893 non
1890 1857 1994 1901 fecit,
2018 1865 2055 1893 et
2080 1857 2117 1893 in
2139 1870 2206 1893 cu-

154 1918 343 1968 plexuisse
359 1931 536 1954 coronam
552 1934 559 1954 :
575 1918 641 1954 sed
660 1926 702 1954 ut
721 1931 868 1954 morum
891 1931 1045 1954 suorum
1060 1930 1145 1954 acu-

155 1978 233 2014 leos
257 1977 581 2022 demonstrarent,
603 1990 704 2014 nunc
723 1978 842 2026 gloria
861 1986 898 2014 et
914 1977 1060 2013 honore
1080 1991 1146 2014 co-

155 2045 329 2073 ronatum
343 2065 353 2081 ‚
375 2045 463 2073 tunc
487 2036 682 2086 spinarum
700 2036 838 2072 aculeis
867 2044 1148 2072 coronaverunt

154 2100 304 2145 Agnum
323 2096 559 2132 mitissimum
573 2124 582 2141 ,
608 2095 757 2132 dulcem
777 2099 916 2132 Jesum.
941 2098 987 2132 Et
1003 2095 1088 2131 licet
1107 2095 1146 2131 in

155 2155 331 2192 irrisione
360 2163 568 2201 coronent3
595 2164 719 2191 tamen
750 2155 967 2203 ignorantes
990 2163 1026 2190 et
1059 2154 1146 2190 irri-

156 2214 289 2251 dentes
309 2223 531 2251 coronatum
552 2227 677 2264 regem
703 2215 884 2259 fatentur,
910 2213 998 2262 quia
1019 2225 1148 2261 regum

155 2282 212 2311 est
228 2274 416 2311 coronari.
436 2277 646 2311 Coronatus
656 2287 745 2323 ergo
765 2287 831 2310 rex
842 2286 921 2309 esse
940 2286 961 2309 a
979 2273 1149 2308 nescien-

157 2332 257 2370 tibus
276 2332 566 2370 demonstratur.
584 2337 627 2370 In
645 2333 761 2382 spinis
774 2346 866 2369 vero
884 2332 1148 2368 coronantium

157 2393 297 2430 malitia
315 2394 496 2442 aperitur.
520 2394 713 2430 Moraliter
729 2401 853 2430 autem
874 2390 1149 2428 docemurimi-

157 2452 228 2489 tari
243 2461 357 2502 caput
377 2461 549 2489 nostrum
566 2480 576 2497 ‚
609 2465 736 2501 regem
755 2461 791 2488 et
811 2451 945 2488 ducem
976 2458 1148 2487 nostrum

158 2511 305 2548 dulcem
321 2515 463 2548 Jesum.
484 2512 520 2550 Si
541 2520 666 2548 autem
693 2512 877 2548 malorum
895 2508 1152 2560 quorumlibet

158 2571 402 2621 perversitate
429 2572 721 2621 compungimur
748 2581 784 2608 et
813 2570 1041 2607 irridemur:
1065 2581 1149 2605 cum

1205 1919 1268 1969 jus
1301 1932 1365 1955 ore.
1385 1931 1461 1955 non
1482 1927 1538 1955 est
1557 1917 1667 1954 dolus
1693 1918 1893 1961 inventus,
1928 1925 2000 1953 tam
2028 1916 2208 1966 gravibus

1213 1977 1529 2027 flagellationibus
1551 1991 1631 2015 esse
1652 1978 1854 2014 contritum
1876 1978 1890 2012 ?
1909 1976 2031 2021 Audi,
2055 1990 2076 2012 o
2094 1976 2209 2012 homo

1212 2039 1325 2075 stulte
1353 2046 1390 2074 et
1420 2037 1623 2087 insipiens,
1653 2046 1690 2073 et
1709 2036 1884 2081 erudire,
1918 2044 1955 2071 ct
1986 2048 2062 2071 nou
2084 2036 2205 2072 solum

1214 2110 1289 2133 non
1307 2097 1435 2146 refuge
1448 2124 1457 2141 ,
1478 2096 1542 2132 sed
1563 2097 1674 2132 etiam
1694 2094 1939 2144 apprehende
1956 2085 2208 2143 disciplinam,

1213 2170 1260 2193 ne
1280 2157 1374 2193 forte
1392 2155 1621 2205 quandoque
1632 2167 1762 2204 pereas
1778 2154 1824 2190 de
1838 2153 2006 2202 viajusta
2018 2182 2027 2198 ‚
2043 2154 2206 2190 Domino

1218 2215 1283 2252 tibi
1305 2216 1508 2260 irascente3
1530 2215 1594 2264 qui
1611 2214 1768 2264 proprio
1786 2213 1878 2250 Filio
1895 2225 1963 2249 suo
1988 2225 2060 2248 non
2078 2225 2211 2262 peper-

1215 2275 1282 2320 cit,
1305 2275 1369 2311 sed
1388 2283 1545 2324 propter
1566 2282 1600 2310 te
1624 2273 1776 2309 tradidit
1802 2271 2105 2321 flagellandum2.
2128 2275 2211 2308 Non

1216 2333 1391 2382 pepercit
1408 2333 1501 2370 Filio
1525 2346 1594 2369 suo
1611 2331 1786 2376 naturali,
1801 2330 2110 2367 consubstantiali
2128 2329 2212 2375 sibi,

1215 2400 1252 2428 et
1271 2401 1460 2428 coaeterno
1472 2421 1481 2437 ,
1501 2400 1538 2428 et
1556 2390 1798 2440 impassibili,
1817 2391 1909 2438 quin
1927 2402 1996 2438 pro
2013 2389 2132 2425 salute
2149 2397 2212 2424 tua

1215 2451 1338 2500 ipsum
1361 2451 1497 2486 faceret
1515 2450 1616 2485 nasci
1632 2450 1670 2485 in
1695 2457 1885 2498 tempore,
1909 2457 1945 2484 ct
1971 2447 2213 2498 passibilem3

1216 2518 1253 2547 et
1275 2509 1432 2559 flagellis
1447 2517 1677 2554 contereret,
1705 2508 1800 2545 sicut
1817 2509 1997 2557 scriptum
2027 2516 2081 2544 est
2100 2525 2107 2543 ;
2133 2511 2213 2543 Do-

1217 2576 1339 2607 minus
1369 2574 1488 2606 voluit
1509 2584 1592 2606 eum
1621 2579 1809 2605 conterere
1829 2574 1866 2603 in
1897 2568 2152 2614 infirmitate&
2169 2572 2216 2604 Et

159 2638 274 2680 caput
283 2638 452 2667 nostrum
464 2631 514 2667 ita
523 2640 792 2680 compunctum
807 2660 816 2676 ,
834 2631 1044 2667 itairrisum
1061 2641 1153 2665 con·
1169 2642 1202 2675 D
1218 2630 1412 2680 quomodo
1428 2638 1555 2679 parcet
1573 2627 1640 2664 tibi
1663 2628 1738 2663 lilio
1755 2627 1960 2676 adoptivo,
1984 2640 2066 2662 cum
2085 2640 2216 2664 sensus

160 2689 394 2739 spexerimus
408 2717 418 2734 ,
436 2702 513 2725 non
530 2703 827 2735 murmuremus,
844 2703 919 2726 non
941 2688 1153 2725 recalcitre-

162 2762 265 2795 mus,
287 2762 405 2799 pauca
423 2762 507 2798 quae
524 2749 634 2786 nobis
654 2750 693 2786 in
712 2750 787 2786 vita
803 2749 979 2799 praesenti
997 2757 1034 2785 et
1047 2747 1155 2784 brevi

161 2809 376 2846 inferuntur
391 2836 400 2853 ,
419 2821 503 2845 cum
521 2809 624 2845 omni
649 2809 927 2858 aequanimitate
948 2816 984 2844 et
1005 2807 1154 2857 patien-

164 2868 212 2904 tia
227 2867 464 2913 sufferendo,
488 2876 528 2904 ut
543 2867 644 2916 digni
665 2868 781 2904 simus
803 2880 882 2904 esse
901 2865 1069 2903 membra
1090 2878 1155 2901 ca-

162 2927 251 2976 pitis
272 2926 413 2972 nostri;
434 2934 471 2962 et
490 2925 580 2962 boni
603 2925 802 2962 bellatores
822 2927 937 2963 simus
962 2924 1156 2974 sequendo

165 2986 319 3036 vestigia
335 2985 502 3036 signiferi
523 2986 657 3023 nostri.

214 3117 223 3133 ¹
242 3115 278 3143 In
300 3115 454 3154 Respons.
475 3112 576 3145 Officii
596 3112 704 3144 eccles.
727 3113 757 3143 in
778 3113 932 3144 Passione.
951 3131 978 3134 -
1015 3118 1026 3133 ²
1045 3115 1135 3143 Rom.
1153 3122 1212 3141 vui
1227 3135 1234 3149 ‚
1255 3114 1310 3141 32.
1343 3128 1356 3130 -

1221 2690 1273 2726 tui
1294 2689 1402 2739 proni
1424 2688 1498 2724 sint
1517 2688 1554 2723 in
1577 2687 1716 2723 malum
1735 2688 1749 2721 Ρ
1765 2687 1864 2734 Quin
1887 2686 1923 2721 in
1940 2686 2072 2721 chamo
2092 2695 2127 2722 et
2143 2687 2217 2723 sre-

1220 2762 1270 2785 no
1292 2747 1458 2784 maxillas
1478 2755 1558 2782 tuas
1576 2746 1827 2793 constringet,
1849 2753 1890 2780 ut
1916 2745 2045 2780 saltem
2067 2746 2216 2781 vexatio

1222 2808 1285 2844 det
1301 2806 1366 2843 tibi
1387 2806 1616 2842 intellectum
1637 2820 1643 2841 :
1663 2813 1851 2853 quatenus
1862 2804 1907 2840 ad
1928 2805 2050 2853 ipsum
2071 2818 2213 2855 appro-

1221 2868 1364 2903 ximare
1384 2866 1528 2914 cogaris
1541 2894 1551 2910 ,
1573 2865 1637 2914 qui
1650 2865 1735 2900 licet
1752 2865 1925 2908 moleste,
1947 2863 2146 2901 salubriter
2160 2874 2216 2901 ta—

1224 2939 1309 2962 men
1331 2925 1490 2973 flagcllat
1513 2936 1663 2960 omnem
1689 2924 1805 2960 filium
1823 2937 1934 2973 quem
1953 2924 2117 2974 recipit⁴.

1390 3108 1590 3142 ³1sai.1.1n.
1619 3113 1668 3139 10.
1688 3127 1719 3130 -
1741 3108 1754 3134 -l
1772 3107 1867 3139 llcbr.
1885 3119 1932 3137 xii
1949 3131 1957 3145 ,
1979 3112 2010 3138 6.
