2418 3949
120 221 187 257 701

113 306 240 348 gatum
271 305 394 344 tenet,
423 310 491 333 nec
519 296 564 333 ad
595 297 782 334 modicum
814 297 966 347 quidem
998 296 1143 333 exire³⁴

720 219 1004 257 TRACTATUS
1033 221 1098 255 DE
1126 219 1380 254 INTERIORI
1413 220 1563 256 DOMO.

1147 295 1305 331 ⁰omnes
1324 296 1469 331 illicitas
1490 297 1721 345 voluptates,
1739 296 1956 332 affectiones
1969 323 1978 340 ,
1998 303 2034 331 et
2060 308 2172 344 vagas

2096 219 2170 254 702

114 357 280 393 exterius
307 357 426 401 valet3
464 356 529 392 sed
557 356 716 392 interius
745 357 783 392 in
814 356 895 405 ejus
921 355 1108 393 desiderio
1127 355 1366 391 Aniemoriae
1401 355 1646 404 cogitationes
1671 383 1681 400 ,
1715 355 1840 391 cordis
1881 355 2136 404 dispersiones
2161 383 2170 399 ,

114 415 265 465 flagrat,
291 423 394 452 tanto
421 415 606 465 amplius,
637 423 779 464 quanto
804 415 1043 460 familiarius3
1069 422 1106 450 et

112 488 158 511 eo
183 476 462 521 vehementius,
494 488 571 524 quo
605 475 852 524 frequentius-
883 475 955 522 Qui
984 474 1037 510 sic
1065 474 1105 509 in

114 547 242 571 amore
261 536 328 572 Dei
349 534 490 585 jugiter
513 535 734 579 delectatur,
758 534 975 583 frequenter
994 546 1104 569 men—

115 593 161 630 tis
187 606 360 631 excessus
388 594 528 644 patitur
551 607 559 629 :
584 592 630 630 ab
656 592 834 629 omnibus
857 590 1106 642 praesentibus

113 659 150 688 et
167 653 324 689 terrenis
349 661 501 702 raptus,
527 665 652 689 coram
680 655 761 689 Deo
777 659 1047 702 praesentatur3
1070 658 1107 687 et

111 711 200 747 dum
220 711 538 762 pulchritudinem
555 711 636 760 ejus
660 711 895 755 considerat,
925 709 1109 759 magnitu-

112 770 201 807 dine
217 770 508 821 pulchritudinis
526 769 607 818 ejus
623 771 824 815 attonitus,
849 777 949 805 totus
967 768 1005 804 in
1027 767 1108 817 ejus

110 830 358 867 admiratione
393 829 649 879 suspenditur.
684 830 842 867 Miratur
876 828 989 878 Regis
1025 828 1107 877 glo-

111 889 203 926 riam
219 918 229 935 ,
256 890 361 939 regni
387 889 723 939 magnificentiam,
749 901 921 938 supernae
949 887 1107 924 civitatis

110 947 367 994 nobilitatem,
385 956 422 984 et
448 948 586 984 civium
611 948 843 993 felicitatem3
873 947 1108 996 contempla-

111 1015 171 1044 tur
199 1008 309 1044 etiam
338 1007 466 1057 gloriae
483 1007 678 1053 decorem,
700 1007 769 1044 Dei
791 1006 1021 1052 bonitatem,
1043 1007 1105 1042 in-

1171 414 1285 450 animi
1320 414 1583 451 fluctuationes
1604 444 1613 460 ,
1651 415 1806 464 spiritus
1840 415 2077 464 evagationes
2099 445 2108 461 ,
2137 424 2174 451 et

1171 473 1307 509 mentis
1335 473 1597 510 distractiones
1619 475 1656 510 in
1684 488 1802 511 unum
1827 475 1981 525 colligit,
2002 484 2113 524 atque
2134 476 2172 511 in

1170 533 1235 568 illo
1257 533 1445 569 felicitatis
1474 534 1576 569 fonte
1602 542 1723 569 totum
1747 547 1854 570 suum
1877 534 2103 571 desiderium
2126 536 2172 571 fl-

1171 591 1233 640 git.
1253 594 1396 627 Locum
1426 592 1662 641 superiorem
1683 594 1778 629 ratio
1809 606 1957 643 semper
1977 594 2145 631 obtineat
2162 623 2172 639 ‚

1174 651 1374 699 nullusque
1396 659 1519 686 motus
1540 651 1720 688 adversus
1739 665 1819 688 eam
1841 653 1887 688 sit
1912 652 2084 699 rebellis,
2109 654 2174 690 sed

1174 709 1301 746 omnia
1323 710 1356 745 ei
1377 709 1665 759 obtemperent,
1690 711 1786 748 sicut
1809 720 1846 747 et
1873 712 1953 760 ipsa
1982 712 2175 762 obtempe-

1174 777 1231 805 rat
1246 772 1338 806 Deo.
1357 769 1394 806 Si
1410 781 1501 805 vero
1515 769 1678 817 aliquem
1698 778 1840 805 motum
1857 770 1903 805 ad
1922 770 1959 806 id
1977 772 2079 820 quod
2097 785 2172 807 non

1173 827 1308 874 debet,
1332 828 1391 864 vel
1412 827 1604 877 quomodo
1625 841 1702 864 non
1722 828 1856 873 debet,
1880 830 2024 865 moveri
2045 843 2174 866 sense-

1172 888 1243 934 rit;
1264 901 1341 924 non
1363 888 1588 932 consentiat,
1609 887 1675 924 sed
1697 888 1796 924 illico
1816 889 1974 924 resistat.
1996 892 2088 925 Nam
2111 902 2174 925 so—

1172 947 1229 984 lus
1277 960 1483 983 consensus
1523 960 1608 982 reos
1634 960 1702 983 nos
1733 947 1839 993 facit,
1860 948 2005 985 etiamsi
2033 948 2175 998 aliquid

1172 1007 1352 1057 impediat
1386 1020 1432 1043 ne
1467 1020 1582 1056 opera
1612 1007 1903 1056 subsequantur.
1937 1012 2040 1045 Tunc
2074 1010 2173 1045 enim

110 1075 224 1104 ternae
245 1067 439 1105 suavitatis
462 1067 719 1113 dulcedinem,
743 1074 781 1103 et
802 1075 951 1103 aeternae
971 1066 1107 1115 quietis
1123 1072 1151 1106 Β
1172 1068 1297 1104 anima
1323 1067 1440 1112 mori,
1473 1067 1570 1103 sicut
1598 1067 1779 1116 scriptum
1810 1076 1891 1112 est,
1926 1068 2062 1105 dicitur
2089 1083 2175 1105 cum

111 1127 434 1176 tranquillitatem.
479 1127 680 1163 Meditatur
718 1126 837 1162 Patris
873 1125 1104 1174 potentiam,

109 1186 192 1222 Filii
225 1186 466 1236 sapientiam,
491 1186 650 1236 Spiritus
670 1185 788 1222 sancti
808 1184 1077 1234 benignitatem
1093 1213 1103 1230 ,

109 1253 147 1282 et
183 1246 358 1296 angelicae
393 1254 536 1282 naturae
570 1244 858 1281 beatitudinem.
891 1245 1106 1281 Delectatur

108 1305 156 1341 de
172 1308 253 1342 Deo
270 1305 308 1342 in
321 1308 459 1350 Deum,
477 1304 566 1341 duni
583 1304 665 1353 ejus
685 1305 860 1354 pietatem
882 1304 1053 1349 miratur,
1069 1312 1107 1340 et

108 1364 281 1401 decorem
299 1365 585 1415 contemplatur.
607 1367 638 1402 Ο
655 1378 766 1414 quam
780 1363 993 1413 jucundum
1011 1377 1103 1401 sen—

108 1423 256 1470 tiretur,
279 1424 309 1460 si
329 1437 404 1460 non
425 1432 523 1461 esset
552 1423 598 1460 ad
630 1432 703 1460 tam
725 1424 915 1460 modicum
947 1426 1100 1474 raptus!

107 1484 286 1534 Rapitur,
323 1484 412 1520 dum
439 1484 518 1521 sola
545 1483 709 1520 coelestia
737 1485 1035 1534 contemplatur,
1068 1491 1105 1520 et

107 1543 398 1594 contemplando
419 1543 668 1592 jucundatur.
700 1543 773 1580 Sed
802 1557 887 1580 cum
921 1543 973 1579 ibi
1007 1551 1104 1580 stare

106 1602 250 1640 diutius
273 1611 445 1648 conatur,
473 1602 597 1639 subito
627 1602 786 1648 labitur;
814 1611 851 1639 et
879 1602 1029 1639 rediens
1058 1602 1103 1638 ad

105 1674 146 1698 se
170 1663 264 1699 nulli
293 1671 417 1713 potest
439 1663 614 1700 intimare
643 1662 746 1712 quod
776 1662 872 1699 vidit
899 1675 1012 1712 supra
1037 1675 1100 1699 se:

106 1721 172 1758 sed
205 1722 397 1771 agnitione
425 1722 616 1758 suavitatis
642 1722 809 1767 illectus,
839 1730 994 1771 gustatae
1017 1721 1104 1757 dul-

105 1780 248 1818 cedinis
273 1781 516 1827 suavitatem,
539 1790 576 1818 et
603 1782 703 1818 illam
730 1782 918 1818 coelestem
946 1781 1107 1818 infusio-

106 1852 192 1876 nem
217 1839 355 1876 laetitiae
379 1840 583 1890 spiritualis
608 1841 707 1877 intra
727 1840 966 1890 semetipsum
985 1839 1100 1876 niira—
1122 1848 1149 1883 C

107 1907 178 1935 tur.
204 1899 384 1936 Revolvit
404 1900 514 1936 etiam
538 1899 577 1936 in
607 1899 719 1936 corde
748 1913 816 1935 suo
843 1899 951 1935 tacita
976 1906 1100 1935 mente

103 1959 337 2009 incorporeae
356 1959 449 1996 lucis
471 1960 674 1996 claritatem
691 1988 700 2005 ‚
726 1967 763 1995 et
787 1959 928 1995 intimae
948 1958 1101 1995 satieta-

105 2019 152 2056 tis
171 2031 362 2069 saporem‚
383 2027 420 2055 et
438 2019 530 2055 illud
555 2020 711 2055 internae
731 2019 870 2068 quietis
889 2026 1074 2055 secretum
1087 2045 1096 2063 ,

104 2087 141 2114 et
169 2091 325 2115 summae
356 2079 634 2128 tranquillitatis
668 2091 858 2115 arcanum.
900 2081 941 2114 In
987 2077 1098 2126 hujus

103 2139 420 2188 contemplatione
462 2139 865 2188 contemplationisque
900 2138 1097 2175 dulcedine

105 2210 211 2235 mens
232 2198 504 2235 delectabiliter
528 2199 704 2244 aflicitur,
728 2207 764 2234 et
785 2198 1007 2235 mirabiliter
1028 2199 1096 2235 ‹le-

104 2258 274 2294 lectatur.
306 2258 416 2295 Volet
445 2271 558 2309 ergo,
590 2267 627 2295 ct
662 2272 738 2295 non
775 2259 933 2295 deficiat.
967 2259 1095 2304 Volet,

102 2316 223 2353 donec
247 2325 334 2354 ante
353 2321 493 2368 Regem
518 2318 734 2367 perveniat,
761 2316 890 2366 ibique
915 2317 1036 2367 ploret
1059 2326 1096 2354 et

102 2376 283 2426 suspiret,
315 2385 526 2426 mactetque
547 2390 586 2414 se
614 2377 652 2413 in
680 2377 854 2426 lacrymis
881 2391 888 2412 ε
914 2376 1095 2426 deprece-

103 2443 163 2471 tur
189 2436 358 2480 veniam,
389 2437 553 2486 postulet
572 2437 755 2486 gratiam,
782 2449 849 2473 nec
877 2436 966 2473 inde
988 2449 1093 2474 rece-

101 2493 184 2540 dat,
206 2508 404 2544 quousque
418 2499 538 2532 Deum
554 2510 665 2545 quem
690 2496 848 2533 nimium
868 2495 1093 2542 offenderat,

103 2554 288 2603 placatum
310 2555 464 2600 sentiat,
487 2564 524 2592 et
547 2555 594 2592 ab
615 2569 660 2593 eo
681 2556 979 2593 consolationem
999 2558 1096 2594 reci-

102 2621 190 2661 piat.

442 2724 618 2764 CAPIJT
647 2725 761 2764 VIII.

237 2848 283 2877 De
307 2845 427 2876 ratione
450 2845 640 2885 illuminata,
661 2848 804 2879 columna
821 2849 962 2891 septima.

159 2971 215 3006 15.
237 2970 408 3020 Denique
437 2972 532 3008 ratio
562 2985 631 3022 per
659 2974 795 3011 mentis
825 2987 1018 3011 excessum
1058 2975 1093 3011 iu

101 3031 455 3080 contemplationem
488 3031 704 3070 sublimium
740 3033 934 3071 sublevata
955 3063 964 3080 ,
996 3044 1031 3070 et
1058 3035 1094 3070 in

100 3087 236 3125 ‹livinae
266 3091 594 3140 contemplationis
625 3106 804 3130 arcanum
830 3103 956 3143 rapta,
983 3103 1096 3142 atquc

101 3147 151 3184 ibi
180 3148 386 3187 illuminata
409 3150 455 3187 ad
482 3152 735 3201 cognitionem
763 3153 932 3189 veritatis
957 3161 994 3188 ct
1019 3152 1094 3188 veri

102 3208 272 3253 luminis,
304 3209 532 3247 iullauuuata
560 3212 605 3248 ad
634 3212 860 3248 desiderium
891 3211 1093 3255 bonitatis3

151 3341 157 3354 ¹
183 3334 289 3364 lin-clu.
316 3347 418 3373 xxiii,
447 3341 499 3367 2⁰.

1172 1128 1254 1177 ipsa
1268 1128 1363 1164 ratio
1379 1126 1426 1163 ad
1448 1135 1641 1176 peccatum
1658 1140 1726 1176 per
1742 1140 1965 1164 consensum
1984 1137 2175 1164 curvatur.

1172 1191 1313 1222 Anima
1343 1186 1443 1223 enim
1467 1200 1554 1234 quoe
1570 1190 1804 1234 peccaverit,
1834 1190 1916 1234 ipsa
1943 1192 2119 1222 morietur
2148 1194 2171 1222 ¹.

1173 1246 1333 1283 Resistat
1362 1259 1451 1294 ergo
1480 1259 1527 1281 ne
1559 1245 1744 1281 moriatur
1765 1260 1772 1280 :
1793 1254 1935 1294 pugnet
1956 1254 1996 1281 ut
2016 1258 2176 1282 corone-

1174 1314 1248 1342 tur.
1274 1305 1432 1342 Molesta
1462 1313 1518 1341 est
1542 1305 1662 1351 lucta,
1690 1304 1756 1341 sed
1786 1305 2001 1351 fructuosa,
2030 1306 2117 1355 quia
2145 1306 2174 1341 si

1172 1364 1286 1401 habet
1310 1378 1460 1415 poenam
1476 1393 1486 1410 ,
1509 1363 1663 1401 habebit
1679 1373 1717 1401 et
1736 1378 1929 1402 coronam.
1951 1368 2037 1402 Non
2060 1375 2172 1402 nocet

1170 1438 1301 1461 sensus
1314 1453 1323 1469 ,
1343 1424 1408 1461 ubi
1425 1437 1502 1461 non
1520 1433 1576 1461 est
1595 1437 1802 1462 consensus
1819 1440 1826 1461 :
1849 1425 1926 1461 imo
1950 1425 2053 1475 quod
2083 1425 2172 1461 resi-

1171 1494 1329 1521 stentem
1352 1485 1500 1533 fatigat,
1518 1485 1731 1521 vincentem
1751 1494 1920 1522 coronat.

1525 1615 1704 1654 CAPL'T
1734 1615 1808 1654 IX.

1264 1733 1312 1761 De
1328 1730 1410 1761 notis
1427 1737 1458 1761 et
1477 1730 1572 1762 titulis
1595 1729 1675 1761 bene
1692 1730 1851 1762 aedificatae
1867 1732 2073 1763 conscienliae.

1228 1844 1284 1879 16.
1314 1843 1374 1880 Sic
1399 1843 1600 1887 nimirum,
1633 1843 1684 1879 sic
1714 1843 1922 1880 aedificatur
1949 1844 2049 1881 bona
2078 1860 2169 1882 con-

1167 1903 1333 1940 scientia.
1368 1906 1473 1939 Bona
1502 1903 1731 1939 conscientia
1764 1912 1853 1947 est,
1892 1918 1976 1953 quae
2018 1915 2170 1955 peccata

1166 1963 1357 2012 praeterita
1377 1963 1511 2011 punit,
1529 1971 1564 1998 et
1582 1962 1773 2011 punienda
1804 1964 2041 2000 committere
2070 1966 2171 2002 refu-

1165 2022 1216 2071 git
1235 2037 1243 2058 :
1262 2035 1346 2071 quae
1368 2022 1397 2059 si
1418 2030 1613 2071 peccatum
1634 2022 1788 2066 sentiat,
1811 2032 1966 2071 peccato
1983 2037 2059 2060 nou
2081 2038 2173 2061 con-

1165 2083 1279 2118 sentit
1301 2096 1307 2117 :
1334 2095 1446 2131 quam
1464 2082 1493 2118 si
1514 2082 1691 2130 cogitatio
1715 2081 1908 2130 inquinat,
1936 2084 2031 2120 ratio
2056 2084 2166 2121 lavat.

1163 2144 1279 2178 Recta
1308 2141 1537 2176 conscientia
1555 2148 1632 2185 est,
1659 2139 1720 2176 cui
1741 2153 1849 2176 suum
1871 2150 2065 2190 peccatum
2089 2143 2168 2179 ‹lis-

1163 2200 1297 2249 plicet,
1329 2207 1366 2235 et
1397 2199 1520 2236 alieno
1548 2211 1625 2235 non
1655 2200 1843 2235 consentit
1874 2214 1880 2235 :
1914 2213 1984 2236 nec
2012 2211 2170 2251 propter

1163 2260 1234 2296 lioc
1265 2267 1502 2309 peccatorem
1534 2258 1712 2303 dimittit,
1751 2272 1819 2295 nec
1853 2259 1935 2308 cjus
1971 2271 2167 2310 peccatum

1162 2319 1392 2362 ‹lissimulat3
1412 2327 1550 2355 etcum
1569 2319 1745 2367 corripit,
1764 2332 1840 2355 non
1862 2320 2026 2357 insultat.
2046 2324 2168 2358 Tran-

1161 2379 1277 2428 quilla
1307 2387 1382 2424 est,
1416 2379 1504 2428 quia
1532 2377 1711 2415 omnibus
1742 2387 1798 2415 cst
1829 2378 1975 2424 dulcis,
2009 2389 2046 2416 et
2077 2381 2167 2417 nulli

1161 2438 1284 2487 gravis
1320 2452 1327 2474 :
1359 2445 1468 2474 utens
1497 2437 1618 2473 amico
1647 2436 1694 2473 ad
1720 2437 1902 2485 gratiam,
1934 2437 2089 2475 inimico
2121 2438 2167 2474 ad

1163 2497 1404 2547 patientiam,
1429 2496 1573 2533 cunctis
1599 2496 1646 2532 ad
1671 2495 2000 2542 benevolentiam,
2020 2505 2056 2533 et
2079 2498 2166 2546 qui-

1165 2557 1235 2594 bus
1261 2565 1383 2606 potest
1403 2556 1448 2592 ad
1467 2556 1765 2592 beneficentiam.
1794 2556 1946 2593 Talibus
1973 2560 2073 2593 enim
2095 2557 2167 2593 do-

1114 2620 1145 2653 D
1165 2630 1247 2653 mus
1265 2617 1400 2653 animae
1421 2616 1640 2652 aedilicatur.
1669 2615 1779 2662 Quod
1808 2615 1838 2651 si
1868 2615 1987 2659 forte,
2017 2625 2058 2652 ut
2089 2617 2166 2652 lieri

1161 2677 1276 2720 solet,
1296 2676 1356 2712 fur
1374 2675 1591 2719 advenerit3
1611 2675 1675 2723 qui
1704 2687 1780 2710 non
1811 2674 1934 2719 venit,
1958 2674 2028 2710 nisi
2049 2684 2088 2710 ut
2109 2676 2166 2711 l'u-

1163 2745 1284 2780 retur,
1316 2743 1354 2771 et
1385 2742 1522 2770 mactet
1547 2743 1583 2770 et
1614 2733 1745 2783 perdat
1773 2748 1780 2768 :
1811 2733 1865 2777 si,
1896 2733 2070 2782 inquam,
2106 2735 2166 2770 sur

1164 2794 1309 2831 venerit
1330 2821 1338 2836 ,
1375 2792 1412 2828 id
1442 2800 1496 2828 cst
1532 2792 1589 2827 vel
1620 2791 1745 2827 cordis
1787 2792 1900 2827 elatio
1935 2792 2164 2829 intrinsecus

1163 2853 1289 2889 oriens
1311 2880 1320 2898 ‚
1345 2852 1403 2887 vel
1428 2851 1619 2900 appetitus
1640 2851 1812 2886 liumanae
1834 2850 1954 2887 laudis
1975 2853 2163 2888 extrinse-

1162 2926 1228 2949 cus
1247 2911 1452 2948 adveniens
1468 2939 1477 2957 ‚
1496 2923 1561 2946 seu
1580 2910 1705 2959 aliqua
1725 2909 1904 2959 quaelibet
1925 2911 2058 2959 pestis,
2082 2924 2165 2959 qua·

1162 2971 1318 3007 (lonium
1339 2970 1446 3006 istam
1468 2969 1704 3006 machinetur
1729 2969 1930 3018 perfodere
1949 2984 1960 3013 ;
1984 2979 2073 3006 tunc
2103 2984 2160 3006 ra—

1164 3031 1275 3067 tionis
1296 3031 1348 3065 ira
1370 3058 1379 3073 ‚
1401 3029 1506 3078 quasi
1528 3029 1654 3075 canis,
1676 3029 1890 3065 itu-sauram
1920 3030 2135 3066 custodiens
2152 3060 2160 3070 .

1162 3091 1335 3137 evigilet,
1359 3089 1486 3133 latret,
1509 3089 1678 3126 mordeat
1703 3098 1739 3125 et
1754 3088 1902 3139 jugulet
1923 3104 1929 3124 :
1955 3089 2102 3126 urm-us
2125 3091 2160 3126 iu

1164 3150 1308 3194 hostes,
1329 3149 1468 3185 nemini
1494 3157 1642 3198 parcat,
1666 3149 1810 3185 nullum
1832 3149 1971 3185 intrart=
2002 3150 2160 3198 permit-

1164 3218 1238 3255 tat;
1266 3208 1330 3245 scd
1347 3209 1506 3246 clamitet
1523 3237 1533 3254 ,
1553 3217 1588 3245 ct
1605 3209 1740 3246 excitet
1763 3209 1863 3245 intus
1887 3207 2096 3245 habitanti-s
2118 3209 2162 3244 ad
