2504 3928
310 203 384 239 59-’1
1080 207 1316 242 GALFRIDI
1350 210 1545 244 Afflzt‘l'ts
2276 210 2351 243 :30ss

361 283 398 316 3.
423 282 534 316 Αιιιιο
561 283 649 317 1501
677 281 777 330 typis
793 278 974 330 vulgatus
995 288 1051 316 est
1070 280 1137 318 iste
1157 279 1255 318 liber
1276 281 1396 332 spine
1410 314 1418 329 ,
1441 284 1515 322 sub
1529 283 1643 321 titulo
1667 282 2004 320 Declamatiouuni
2023 292 2061 320 et
2083 284 2238 321 nomine
2257 285 2351 322 Ber-

307 344 443 388 nardi,
472 344 619 394 alisque.
645 344 891 381 distinctione
916 345 1147 382 sectionum.
1176 345 1514 386 Declamatioinnn
1543 347 1779 385 vocabulum
1800 361 1890 384 cuni
1921 348 2078 384 nomine
2103 347 2286 385 Bernardi
2311 350 2350 386 iu

307 419 514 458 sequentes
531 407 718 445 editiones
737 409 907 453 transiit,
929 423 1004 445 uon
1022 420 1153 447 contra
1171 421 1342 448 nicntcui
1360 414 1542 459 auctoris,
1565 413 1632 462 qui
1652 411 1830 449 libellum
1847 411 1953 448 hunc
1973 430 1987 444 «
2010 413 2129 449 instar
2144 412 2350 461 quusdani

312 490 327 504 υ
352 473 491 521 copiosi
513 470 778 510 declamatorii
805 474 994 510 sermonis
1018 493 1030 504 ι·
1051 487 1072 510 a
1093 488 1132 510 se
1153 476 1406 524 compositum
1432 476 1537 515 dicit.
1561 477 1750 514 (ja-torum
1775 489 1865 512 cuni
1895 485 2029 513 auctor
2051 476 2087 512 in
2107 476 2184 512 sine
2205 476 2351 528 prologi

310 548 485 584 testetur,
503 552 542 575 se
562 538 681 587 hujus
705 538 791 576 libri
812 539 1013 577 lectionem
1031 539 1216 577 brevibus
1232 541 1448 579 ‹lisiimissc
1467 543 1667 579 sententiis
1681 572 1689 587 ,
1710 555 1875 591 canique
1894 542 2022 592 scripti
2045 540 2191 578 codices
2209 542 2352 592 passim

308 604 347 640 in
377 604 572 654 sexaginta
593 604 776 641 sectiones
805 605 1050 654 partiantur-3
1073 604 1174 642 lianc
1202 606 1490 644 ‹listinctiom-1n
1513 622 1557 644 ex
1591 616 1718 644 niente
1747 607 1912 644 auctoris
1939 620 2092 643 servare
2120 606 2249 644 visum
2279 614 2349 644 est.

309 666 420 704 Certe
451 668 489 704 in
515 666 643 704 codice
672 667 1077 706 Albo-Mantellorum
1108 669 1213 719 apud
1238 670 1402 708 Parisios
1425 680 1608 708 tractatus
1637 671 1706 708 iste
1737 671 1788 708 ita
1813 669 2066 708 inscribitur:
2096 690 2109 702 «
2144 669 2351 708 Sententiae

317 750 330 763 ν
356 740 522 782 excepta:
544 746 589 770 ex
613 732 810 783 opusculis
834 733 1068 771 venerabilis
1090 734 1251 772 Abbatis
1271 735 1438 773 Clara-N
1454 734 1550 772 allis.
1588 755 1600 766 ι»

488 1111 744 1148 PROLOGUS
773 1112 1113 1148 COLLECTORIS.

1301 1110 1347 1128 ²¹¹⁵
1366 1112 1641 1160 literoperatur
1659 1111 1694 1146 in
1716 1109 1893 1146 cordibus
1913 1109 2116 1144 electorum
2135 1124 2142 1145 :
2164 1117 2201 1145 et
2221 1110 2278 1159 pia
2301 1110 2356 1146 di·

1315 1176 1344 1208 Α
1364 1172 1542 1219 gnatione
1562 1184 1645 1215 sua,
1668 1183 1770 1206 snam
1793 1169 1889 1204 hanc
1911 1181 2041 1204 vocem
2066 1176 2262 1217 reputans,
2290 1181 2354 1204 vo-

357 1230 405 1264 Ut
424 1227 512 1271 tibi,
529 1227 784 1272 dilectissime,
805 1235 1008 1276 praesentes
1025 1227 1296 1264 exhortationis

305 1286 499 1322 schedulas
518 1286 759 1330 destinarem,
777 1299 859 1334 (pne
876 1286 994 1321 otiosa
1011 1299 1090 1322 esse
1110 1299 1183 1321 non
1201 1287 1298 1334 pati-

307 1353 379 1389 tur,
403 1345 579 1380 nimirum
598 1344 755 1380 credens
776 1344 902 1379 omnia
916 1371 925 1388 ,
946 1352 982 1379 et
1002 1345 1128 1379 omnia
1146 1357 1298 1394 sperans

302 1404 460 1439 charitas
482 1404 676 1452 persuasit.
703 1402 774 1439 Ubi
790 1415 877 1438 sane
896 1415 970 1438 non
989 1402 1054 1438 tibi
1071 1416 1129 1439 me
1146 1404 1298 1452 propria

305 1463 500 1499 tradidisse
527 1471 635 1512 putes
648 1492 657 1508 ,
683 1476 750 1498 nec
766 1471 942 1510 tanquam
959 1470 1083 1498 nostra
1101 1463 1294 1512 suscipias,

303 1521 368 1558 scd
395 1535 414 1557 e
441 1522 567 1558 multis
596 1520 835 1558 sermonibus
862 1522 977 1557 sancti
1005 1522 1122 1558 Patris
1154 1522 1295 1567 nostri,

307 1594 469 1629 qnorum
499 1581 611 1631 digna
638 1581 725 1617 satis
751 1581 832 1616 laus
857 1580 970 1616 estin
1000 1580 1181 1626 Ecclesia,
1212 1594 1296 1629 quae

307 1640 392 1676 huie
423 1640 649 1677 videbantur
681 1649 775 1690 aptae
797 1640 969 1688 negotio,
993 1640 1145 1676 noveris
1168 1640 1297 1676 decer-

304 1700 420 1749 psisse
437 1701 660 1745 sentcntia53
678 1699 796 1735 6151111
811 1712 922 1735 unam
939 1708 1144 1748 utcumque
1159 1700 1297 1736 formu-

304 1759 375 1795 lam
400 1760 627 1809 redigendo,
653 1758 846 1808 enjusdam
877 1759 1019 1808 copiosi
1040 1758 1296 1795 declamatorii

303 1820 488 1856 sermonis
516 1821 646 1865 instar,
677 1820 777 1855 hunc
805 1827 877 1854 tuae
899 1818 1101 1855 Dilectioni
1127 1818 1294 1855 libellum

301 1878 472 1915 edidisse.
495 1883 573 1916 Hoc
594 1879 770 1915 nimirum
792 1877 979 1914 scribendi
999 1891 1117 1928 genus
1135 1877 1180 1914 ad
1206 1890 1295 1926 per—
1316 1879 1344 1912 B

303 1938 536 1979 suadendum
568 1939 755 1975 ellit-acius
786 1936 1011 1982 arbitrabar,
1045 1937 1147 1986 quod
1179 1937 1297 1973 soleat

303 1999 464 2048 amplius
486 2012 637 2035 movere
654 2000 830 2035 lectorem
846 2026 856 2043 ,
877 1997 1022 2033 vividas
1040 1997 1154 2047 magis
1171 2010 1294 2042 voces,

301 2071 412 2107 qnam
431 2067 555 2095 mutos
569 2059 694 2106 apices
709 2065 992 2107 repraesentans.
1009 2059 1190 2094 Caeternm
1205 2069 1298 2105 qno-

302 2119 400 2154 niam
432 2127 600 2168 suspecta
633 2118 723 2154 mihi
758 2117 969 2167 ignorantia
998 2116 1151 2166 propria
1165 2144 1174 2161 ,
1205 2129 1298 2165 pro-

304 2179 458 2227 priaque
479 2178 621 2214 oblivio
637 2186 715 2222 est;
737 2177 869 2213 hortor
884 2185 920 2212 et
943 2189 1080 2212 moneo
1093 2205 1102 2221 ‚
1121 2184 1162 2211 ut
1180 2176 1294 2225 siqua

303 2236 596 2286 deprehenderis
613 2236 725 2285 digna
742 2235 1056 2285 reprehensione,
1079 2243 1144 2270 aut
1160 2235 1239 2283 ipse
1253 2248 1296 2270 ea

304 2295 490 2344 corrigere
511 2296 660 2331 studeas
674 2325 682 2340 ‚
699 2303 763 2331 ant
779 2295 808 2330 si
830 2294 866 2330 id
889 2294 1043 2330 forsitan
1059 2307 1104 2330 ex
1122 2306 1296 2330 mansue-

305 2354 434 2390 tudine
457 2355 593 2403 resugis
618 2363 654 2390 et
675 2354 882 2390 hnmilitate
897 2382 906 2399 ‚
932 2353 1020 2389 mihi
1039 2354 1166 2389 saltem
1189 2366 1294 2401 qua:-

302 2427 462 2462 cumqne
501 2422 536 2450 te
571 2415 776 2458 moverint,
813 2426 888 2449 non
922 2412 1130 2448 dissimules
1155 2413 1293 2448 amica-

303 2473 428 2510 biliter
455 2474 638 2510 intimare.
660 2478 783 2522 Atque
804 2473 840 2509 id
860 2473 1010 2521 quidem
1036 2472 1081 2509 de
1109 2473 1295 2509 sententia

304 2532 475 2569 dixerim.
496 2536 587 2570 Nam
611 2532 656 2568 de
677 2531 822 2578 verbis,
846 2532 916 2568 erit
943 2532 1095 2567 forsitan
1126 2532 1296 2567 invenire

304 2593 507 2629 nonnullos
522 2620 531 2637 ,
558 2592 603 2628 ad
624 2605 786 2641 quorum
809 2604 917 2628 aures
939 2591 967 2627 si
988 2591 1180 2635 venerint,
1203 2590 1296 2627 sub-

303 2660 463 2687 sannent
479 2665 521 2687 ea
536 2680 544 2696 ,
563 2651 727 2687 dicentes
744 2666 750 2687 :
774 2652 863 2695 Quis
877 2659 929 2685 est
940 2655 1007 2685 iste
1024 2653 1206 2685 involvens
1220 2664 1298 2685 sen-
1318 2656 1344 2689 C

302 2716 434 2746 tentius
464 2710 689 2746 ‚wrtmmibus
719 2714 898 2757 inmeritis
925 2712 958 2745 ¹?
985 2713 1124 2745 Verum
1155 2710 1204 2745 nil
1225 2710 1294 2746 tale

304 2770 394 2805 mihi
439 2783 552 2819 super
595 2778 655 2805 tua
698 2782 783 2805 reor
823 2768 1035 2805 eruditione
1072 2769 1292 2805 verendum.

303 2830 452 2879 Quippe
480 2838 517 2865 et
544 2838 680 2865 metum
710 2828 835 2873 hunc,
866 2836 902 2864 ct
936 2828 1138 2877 pudorem,
1171 2828 1295 2877 suspi-

303 2889 411 2925 cione
430 2902 559 2925 carens
574 2889 735 2925 charitas
756 2888 853 2924 foras
870 2888 992 2923 mittit.
1015 2888 1199 2924 Ast'ectnm
1220 2901 1296 2923 ma-

303 2949 379 2997 gis,
398 2950 433 2984 ni
460 2949 585 2991 fallor,
606 2949 642 2983 in
667 2948 722 2983 his
743 2961 853 2996 quam
876 2947 990 2983 verba
1014 2946 1184 2997 pensabit
1202 2947 1296 2983 ami-

442 3008 648 3056 mam-sertim
679 3007 782 3055 quod
813 3021 887 3043 non
918 3007 1200 3052 ostentationis,
1233 3002 1295 3043 sed

304 3067 560 3103 aedificationis
586 3067 697 3103 edere
725 3063 896 3115 paginam
927 3066 1139 3115 cogitarim,
1161 3074 1297 3116 optans

302 3127 416 3173 magis
433 3126 480 3164 si
498 3126 675 3176 possibile
692 3125 903 3175 videretur)
925 3134 961 3161 1-1
981 3125 1060 3161 51116
1076 3124 1201 3162 verbis
1219 3125 1297 3161 haec

304 3187 519 3236 imprimere
544 3186 647 3222 cordi
672 3195 746 3222 tuo.
772 3187 895 3223 Faciat
916 3187 1007 3229 hoc,
1033 3186 1095 3234 (1111
1122 3185 1291 3222 invisibi-

303 3021 369 3043 CUS
402 3023 408 3043 ἰ

350 3317 357 3329 ’
377 3311 438 3339 ,11111
461 3322 605 3342 xxxviii.
630 3316 657 3340 J..

690 3329 720 3332 -—
743 3317 752 3332 ³
770 3311 882 3341 Manli.
905 3322 976 3346 mx,
997 3313 1048 3340 727.
1080 3329 1100 3332 ⁴
1132 3309 1260 3348 ‘ltu-g.
1278 3322 1331 3348 xv,
1353 3316 1408 3343 Ἰ),
1435 3315 1487 3340 ’ὶζὶ.
1506 3330 1545 3332 κύ

1362 1243 1440 1265 cem
1462 1231 1495 1265 ei
1518 1230 1666 1265 virtutis
1686 1238 1722 1265 et
1742 1228 1914 1265 el'licaciae
1931 1228 2122 1276 largiatur.
2152 1228 2237 1276 Agit
2251 1228 2351 1264 enim

1363 1288 1466 1336 quod
1496 1297 1619 1336 potest
1654 1300 1812 1337 operosa
1843 1287 2017 1331 (11166110,
2049 1295 2265 1335 opportune
2295 1287 2355 1322 in-

1363 1356 1463 1382 stans
1478 1375 1486 1391 ,
1507 1347 1671 1383 fortassis
1689 1355 1725 1382 et
1749 1347 1979 1394 importune.
2002 1346 2111 1382 Nulla
2134 1359 2222 1382 sane
2247 1346 2354 1395 operi

1364 1405 1500 1441 idonea
1521 1405 1635 1453 magis
1653 1405 1816 1440 occurrit
1832 1404 2026 1452 digniorve
2048 1405 2201 1441 materia
2214 1434 2223 1449 ,
2242 1418 2353 1454 quain

1363 1464 1576 1513 evangelica
1599 1464 1729 1508 lectio,
1756 1462 1820 1498 11111
1842 1463 2093 1499 felicissimum
2117 1463 2207 1500 illud
2228 1465 2353 1500 Simo-

1365 1523 1420 1558 nis
1441 1531 1478 1559 et
1505 1527 1595 1559 Jesn
1625 1521 1854 1570 colloquium
1879 1522 2106 1557 continetur.
2137 1523 2242 1558 Hanc
2264 1535 2354 1570 ergo

1364 1583 1553 1632 suscipere
1577 1580 1707 1625 libuit,
1731 1580 1794 1617 sed
1815 1580 2086 1617 exhortationis
2104 1581 2219 1630 magis
2236 1582 2352 1629 gratia

1364 1654 1475 1690 quam
1498 1641 1764 1690 expositionis,
1789 1648 1828 1676 ut
1860 1640 2001 1676 scilicet
2029 1653 2074 1676 ex
2102 1653 2145 1676 ea
2171 1641 2354 1677 sermonis

1362 1702 1508 1738 occasio
1538 1712 1760 1738 sumeretur.
1791 1701 1862 1738 Sed
1891 1709 1927 1736 et
1953 1700 2148 1737 sententiis
2176 1699 2355 1737 brevibus

1363 1761 1592 1810 distinguere
1613 1761 1738 1797 studui
1762 1760 1982 1805 lectionem,
2006 1768 2045 1796 ut
2065 1759 2253 1796 distinctio
2273 1760 2353 1809 ipsa

1363 1820 1551 1857 fastidium
1576 1833 1652 1856 non
1674 1820 1856 1856 admittat.

1389 1952 1419 1980 ¹1.
1439 1968 1478 1972 —
1496 1951 1543 1979 De
1560 1948 1650 1979 laude
1663 1947 1846 1978 obedientiae
1862 1953 1891 1977 et
1912 1946 1950 1977 de
1965 1946 1994 1976 vi
2013 1946 2180 1977 verborum
2196 1945 2320 1978 Christi.

1421 2062 1451 2097 l.
1485 2063 1592 2096 Diaeit
1616 2063 1741 2096 Simon
1770 2061 1899 2095 Petrus
1926 2061 1978 2095 acl
1999 2062 2123 2095 lesum
2143 2072 2154 2093 .·
2171 2060 2265 2094 Ecce
2288 2073 2353 2094 nos

1364 2124 1580 2168 reliquimus
1600 2125 1727 2155 omnia
1740 2149 1750 2164 ,
1774 2128 1808 2155 et
1830 2124 1945 2154 secuti
1971 2133 2095 2154 sumus
2112 2127 2145 2154 te
2163 2125 2188 2154 ².
2218 2117 2352 2156 Fidelis

1361 2192 1484 2215 sermo
1506 2187 1542 2214 et
1570 2178 1725 2229 dignum
1754 2179 1857 2214 omni
1882 2177 2099 2227 acceptione
2122 2177 2350 2227 colloquium

1361 2238 1525 2274 Simonis
1556 2238 1653 2274 Petri
1684 2246 1720 2273 et
1745 2241 1848 2273 Jcsn.
1882 2237 2087 2274 familiaris
2108 2235 2290 2285 siquidem
2317 2244 2353 2271 et

1363 2297 1481 2333 amica
1501 2298 1610 2333 saluti
1635 2296 1850 2332 obedientia
1870 2304 1944 2339 cst,
1968 2295 2030 2331 sed
2053 2294 2267 2332 obedientia
2286 2295 2352 2330 lir-

1363 2368 1421 2391 ma
1445 2364 1481 2391 et
1507 2354 1669 2398 stabilis,
1698 2368 1781 2403 quae
1803 2354 1954 2390 fundata
1981 2362 2036 2390 est
2056 2367 2167 2403 supra
2194 2362 2352 2403 petram.

1364 2416 1502 2450 Melior
1528 2425 1579 2450 est
1609 2419 1707 2450 enim
1734 2414 1940 2449 obedientia
1969 2427 2082 2461 quam
2112 2418 2301 2455 victimoe,·
2320 2422 2354 2448 (Ἰ

1361 2479 1591 2523 acquiescere
1618 2476 1732 2518 nolle,
1763 2482 1802 2508 ut
1819 2483 2012 2522 peccalum
2042 2475 2233 2508 ariolandi
2261 2483 2312 2509 esc
2326 2472 2351 2509 3.

1361 2534 1471 2572 L'nde
1485 2542 1521 2570 et
1537 2534 1624 2569 vitre
1638 2546 1790 2582 quoqne
1806 2533 1883 2581 ipse
1898 2533 2068 2569 Salvator
2083 2533 2247 2581 praetnlit
2259 2532 2355 2568 hane

1362 2595 1538 2630 virtutem
1555 2621 1563 2637 ,
1588 2593 1728 2641 eligens
1746 2593 1862 2641 magis
1877 2592 2038 2628 animam
2059 2604 2223 2641 ponere,
2241 2604 2353 2640 quam

1364 2653 1618 2689 obedientiam
1649 2665 1724 2688 non
1748 2651 1916 2700 implere.
1949 2655 2144 2687 Postremo
2173 2658 2210 2685 et
2230 2650 2352 2699 ipsum

1361 2726 1497 2749 nomen
1521 2716 1631 2756 Jesu,
1659 2713 1759 2759 quod
1783 2721 1836 2746 tuve
1863 2725 1973 2759 saper
1999 2725 2105 2745 mnne
2129 2724 2260 2745 nomen
2276 2737 2285 2752 ,
2316 2714 2353 2744 in

1361 2773 1618 2820 (prostes-titur
1644 2784 1752 2804 ‹nnm-
1777 2783 1894 2818 gena,
1915 2770 2099 2819 Apostolo
2121 2777 2232 2814 teste,
2259 2767 2354 2805 obe-

1362 2831 1512 2866 dicntioe
1536 2829 1790 2866 remuneratio
1809 2829 1906 2865 6514.
1930 2828 2035 2864 Libet
2053 2827 2212 2877 proinde
2229 2841 2355 2864 sacra-

1365 2890 1506 2926 tissimo
1525 2889 1610 2925 huic.
1632 2889 1811 2924 interesse
1832 2889 2042 2937 colloquio,
2065 2896 2101 2924 et
2123 2888 2250 2924 intima
2267 2901 2354 2924 cor-

1364 2949 1419 2984 ‹lis
1439 2961 1528 2984 aure
1545 2948 1739 2996 percipere
1755 2959 1839 2995 quae
1856 2947 2044 2983 dicuntur.
2063 2946 2236 2983 Arbitror
2254 2948 2352 2983 enini

1365 3007 1478 3043 verba
1499 3007 1666 3043 lectionis
1684 3005 1794 3054 hujus
1815 3020 1856 3042 ca
1877 3020 1974 3050 esse,
1998 3006 2044 3042 dc
2061 3005 2198 3055 quibus
2215 3006 2260 3042 ad
2281 3006 2353 3042 im-

1365 3068 1559 3103 mortalem
1581 3070 1770 3115 Sponsum
1793 3081 1811 3101 a
1834 3066 1970 3102 linibus
1991 3075 2101 3102 terrae
2122 3065 2256 3101 clamat
2279 3068 2351 3102 Ec-

1363 3127 1472 3163 clesia
1493 3141 1500 3162 :
1523 3128 1679 3175 Proplw·
1699 3125 1810 3162 verba
1830 3125 2008 3160 labiorum
2033 3135 2176 3160 luorum
2204 3138 2270 3159 evo
2293 3139 2352 3160 cu-

2222 3154 2243 3175 ο

1362 3188 1492 3220 stadici
1510 3184 1756 3220 υῐιι1-(Ιιιιωῡ.
1777 3187 1863 3220 Haec
1882 3197 2015 3233 nempc
2033 3192 2118 3220 sunt
2135 3183 2260 3229 verba,
2273 3198 2356 3233 qua·

1576 3310 1897 3351 et¹ln1ipp.11‚s-to.
1967 3307 2160 3345 51¹›211.x»1‚
2190 3312 2214 3339 ’1.
