2504 3928
317 186 389 220 71¹.»

320 269 440 296 tamen
460 261 576 304 mori,
600 267 636 295 ct
656 257 919 294 misericordiae
939 259 1005 294 Dei
1028 258 1346 294 nncvonuniuvst⁴

922 184 1204 220 ’simeln-vrbs
1235 186 1297 220 ΗΕ
1327 184 1576 220 INTERIORI
1606 183 1756 218 DOMO.

1351 259 1488 295 ‘'vau-iis
1510 258 1630 294 modis
1652 258 1835 293 infelicem
1853 257 2013 293 animam
2043 270 2161 294 meam
2193 260 2357 295 macula-

2284 182 2359 218 720

324 334 362 355 re
380 328 415 355 et
435 318 698 354 coumwudare
711 346 720 362 ,
740 317 825 366 quia
843 316 1027 365 benignus
1044 326 1079 353 et
1101 319 1310 354 misericors
1328 319 1355 352 Λ
1378 318 1446 362 νὴ,
1465 318 1654 361 dissolvit,
1673 316 1896 366 captivavit,
1917 324 1954 352 ct
1973 316 2074 352 omni
2093 316 2231 353 virtute
2245 317 2359 355 desti-

324 385 423 421 est‘,
447 392 555 426 quam
585 377 630 412 ‹le
660 377 753 412 mala
787 390 866 412 mea
896 377 1181 412 conuersatione
1202 377 1311 412 alicui

327 437 541 473 scandalum
565 438 697 473 saeerc.
721 440 813 472 'sota
834 449 993 484 namque
1013 435 1072 471 die
1088 435 1312 472 verecundia

328 509 406 531 mea
428 504 557 531 contra
582 509 638 531 me
661 503 736 539 est,
759 503 792 529 et
815 495 985 530 confusio
1007 495 1107 530 faciei
1130 508 1219 530 mea·
1245 509 1311 530 eo-

327 555 473 602 operuit
506 561 602 599 me¹‚
628 567 711 589 eum
747 553 855 588 xidco
885 566 942 589 me
965 554 1243 589 soumoleutum
1266 554 1310 589 ad

326 613 468 660 wigilias
482 642 490 657 ‚
513 612 659 648 tardum
681 612 725 648 ad
753 612 862 648 boras
878 612 1075 647 eammicas
1091 640 1099 654 ‚
1113 621 1149 647 et
1166 613 1311 661 pigrum

327 671 370 706 :ul
387 685 500 720 opera
523 684 713 707 manuum.
733 671 833 707 Alios
854 679 976 706 autem
999 671 1107 706 video
1129 680 1200 706 tam
1219 680 1313 706 stre-

328 743 399 765 nue
423 739 458 766 et
482 730 616 766 devote
638 730 773 766 dixiuis
797 731 973 766 iuteresse
1006 729 1199 773 laudibus-3
1222 730 1313 765 alios

326 801 415 825 vero
432 790 481 825 ita
503 798 716 825 reverenter
731 797 765 824 et
782 790 953 825 alacriter
970 803 1093 825 coram
1108 793 1185 825 Deo
1204 789 1312 825 assis-

327 856 421 893 tere,
440 857 475 883 et
492 862 576 883 eum
602 847 752 883 laudare
772 862 778 883 :
798 862 866 896 ego
895 857 1016 884 autem
1041 849 1243 897 compungi
1267 848 1312 884 ad

327 907 507 954 lacrymas
533 920 698 954 nequeo;
731 915 828 942 tanta
849 915 905 942 est
925 906 1061 942 duritia
1086 907 1208 943 cordis
1229 907 1310 943 mei.

324 969 481 1001 Cautare
505 978 579 1001 nou
602 964 714 1009 libet;
735 979 842 1000 orare
861 979 934 1000 nou
956 965 1114 1001 delectat
1132 981 1140 1010 ;
1162 965 1313 1001 medita-

324 1024 443 1059 tiones
461 1032 604 1059 sanctas
630 1037 705 1059 uon
729 1024 880 1060 invenio
903 1038 910 1059 ε

324 1083 456 1118 animae
476 1096 587 1128 mere,
611 1091 645 1119 et
666 1082 876 1119 devotionis
900 1083 1025 1132 inopia
1045 1097 1156 1132 quam
1178 1084 1308 1133 patior.

379 1144 439 1179 35).
463 1146 543 1178 Heu
567 1143 653 1178 mihi
675 1145 681 1178 !
706 1157 835 1178 omnes
853 1143 887 1179 in
909 1144 1066 1179 circuitu
1086 1157 1169 1179 meo
1192 1144 1313 1180 visitat

325 1202 528 1246 Dominus,
544 1201 588 1236 ad
608 1214 664 1238 me
686 1210 897 1237 autemnon
914 1201 1204 1250 appropinquat.
1222 1205 1312 1237 Nam

323 1261 435 1296 alium
468 1260 619 1309 quidem
651 1261 798 1296 intueor
828 1260 1027 1307 singularis
1058 1259 1313 1305 abstinentiae3

324 1320 460 1364 alium,
499 1318 727 1354 admirandae
762 1319 973 1367 patientiae3
1006 1318 1138 1362 alium,
1160 1331 1314 1353 summae

324 1379 541 1414 humilitatis
575 1386 611 1413 ct
654 1377 973 1421 maustwtudini33
1009 1377 1147 1421 alium,
1186 1377 1312 1412 multa:

324 1437 588 1473 miscricordiae
615 1445 651 1472 ct
672 1437 819 1486 pietatis
843 1451 850 1471 ε
870 1436 996 1480 illum,
1018 1436 1055 1471 in
1076 1436 1312 1485 contempla-

324 1498 424 1532 tione
459 1497 674 1545 frequenter
711 1495 913 1540 excedere3
950 1495 1070 1540 bunc,
1101 1495 1250 1543 pulsare
1278 1503 1315 1531 et

322 1564 520 1605 penetrare
543 1556 656 1591 coelos
686 1555 867 1590 orationis
893 1554 1087 1599 instantia3
1123 1554 1314 1603 aliosque,

324 1616 359 1651 iu
378 1615 458 1651 aliis
472 1615 717 1664 praeeminere
730 1613 943 1650 virtutibus.
961 1616 1100 1651 Omnes
1118 1613 1315 1650 considero

327 1682 362 1710 et
382 1673 574 1723 prospicio
603 1674 789 1709 ferventes
803 1700 812 1717 ‚
831 1685 963 1708 omnes
983 1672 1139 1708 devotos
1152 1700 1162 1717 ,
1184 1685 1315 1708 omnes

324 1733 360 1768 in
394 1733 540 1769 Clu-isto
562 1732 775 1778 unanimes,
807 1745 937 1768 omnes
972 1731 1079 1767 donis
1104 1731 1316 1768 coelestibus

1378 386 1508 420 tutam,
1524 377 1669 412 inanem
1683 384 1718 411 ct
1734 374 1893 410 debilem
1908 374 2080 410 reddidit.
2098 377 2231 411 Fateor
2247 375 2360 424 hujus

1377 437 1502 484 operis
1542 435 1671 471 nefarii
1705 433 1909 470 immundis
1945 432 2268 469 recordationibus
2302 447 2360 470 me

1378 508 1475 543 sa=pe
1490 508 1567 530 csse
1587 501 1815 529 commotum
1834 501 1870 528 et
1885 493 2101 537 incensum,
2120 492 2271 529 ardores
2283 506 2358 529 non

1378 554 1545 589 modicos
1566 561 1601 588 ct
1622 553 1837 588 iulioncstos
1869 564 2017 600 passum
2046 565 2053 587 ε
2083 559 2119 586 ct
2140 565 2214 587 uon
2238 552 2360 588 solum

1379 625 1544 648 mearum
1565 611 1852 647 delectationum
1875 610 1969 646 mala
1992 610 2169 646 memoria
2188 620 2224 646 et
2239 612 2362 647 stultae

1378 670 1656 707 1·ec‹u·‹lationes
1674 669 1762 705 milii
1779 681 1964 713 nocucre;
1989 668 2053 705 sed
2072 669 2182 705 etiam
2201 670 2360 706 aliorum

1378 730 1570 766 malefacta
1601 729 1690 764 mibi
1723 736 1890 773 narrata,
1919 735 1955 763 et
1988 741 2056 777 per
2084 728 2362 765 recordationes

1379 788 1546 825 sordidas
1563 787 1607 824 ad
1623 787 1838 823 memoriam
1861 786 2012 822 reducta
2026 815 2035 831 ‚
2064 800 2129 823 cor
2146 800 2268 823 meum
2287 800 2361 824 non

1379 862 1497 898 parvo
1519 861 1664 884 veneno
1684 848 1890 896 iniquitatis
1908 847 2152 883 maculavere.
2174 851 2219 883 Et
2241 847 2276 883 in
2293 848 2364 883 hoe

1380 907 1643 944 miserabiliter
1659 906 1876 943 miserabilis
1894 919 1997 951 sum,
2018 906 2104 954 quia
2123 919 2197 942 non
2217 915 2360 943 tantum

1379 967 1489 1003 doleo
1505 975 1686 1016 quantum
1707 965 1910 1002 dolendum
1933 979 1990 1000 me
2007 978 2214 1015 eognosc03
2231 966 2295 1002 sed
2308 966 2363 1002 sic

934 1032 1034 1060 tanta
1053 1032 1107 1060 cst
1139 1024 1312 1061 sterilitas
1333 1026 1359 1059 B
1376 1039 1527 1062 securus
1549 1034 1681 1074 torpeo
1696 1053 1705 1070 ,
1725 1025 1827 1060 velut
1847 1024 1937 1073 quid
1953 1024 2072 1073 patiar
2092 1024 2271 1072 ignorem.

1431 1085 1492 1121 41.
1514 1089 1593 1121 lloc
1612 1097 1702 1120 vcro
1720 1084 1809 1119 mihi
1834 1092 1888 1119 est
1908 1083 2010 1119 omni
2025 1083 2244 1119 infelicitate
2257 1083 2364 1120 mise-

1378 1144 1472 1188 rius,
1502 1143 1604 1192 quod
1625 1144 1673 1179 ita
1694 1156 1807 1192 opere
1835 1155 2053 1192 perversus,
2082 1156 2148 1179 ore
2174 1143 2364 1192 pollutus,

1379 1202 1492 1238 corde
1512 1202 1727 1238 immundus
1755 1201 1800 1238 ad
1822 1202 1937 1238 altare
1966 1200 2125 1247 accedo,
2157 1209 2193 1237 et
2226 1201 2363 1239 Christi

1380 1274 1518 1310 corpus
1535 1261 1708 1297 manibus
1730 1261 1820 1297 meis
1839 1269 2067 1310 pertractare
2088 1273 2162 1296 non
2187 1261 2363 1309 pertime-

1380 1334 1454 1356 sco.
1475 1320 1622 1357 Accedo
1637 1320 1754 1356 elatus
1770 1319 1815 1355 ad
1832 1320 2024 1363 humilem,
2042 1320 2155 1356 iratus
2166 1319 2212 1355 ad
2224 1320 2366 1365 mitem,

1378 1378 1540 1414 crudelis
1556 1378 1601 1414 ad
1618 1378 1893 1415 misericordem
1914 1393 1921 1414 ι
1941 1387 1976 1415 et
1993 1387 2115 1414 tamen
2134 1379 2274 1429 patitur
2302 1379 2368 1415 hu·

1378 1440 1474 1476 milis
1493 1440 1653 1485 elatum,
1681 1439 1779 1475 mitis
1807 1440 1964 1483 iratum,
1995 1439 2185 1476 crudelem
2219 1440 2366 1476 miseri-

1383 1512 1478 1535 cors.
1496 1497 1644 1535 Accedo
1664 1510 1793 1534 servus
1809 1497 1854 1533 ad
1876 1498 2078 1534 Dominum
2092 1526 2101 1543 ‚
2119 1510 2196 1534 non
2216 1511 2344 1534 amore
2357 1527 2367 1544 ,

1383 1557 1446 1594 sed
1468 1558 1618 1603 timore;
1641 1569 1715 1592 non
1738 1556 1958 1602 devotione,
1976 1555 2041 1592 sed
2061 1569 2142 1592 usu.
2159 1557 2307 1593 Accedo
2320 1556 2367 1593 ad

1382 1618 1585 1653 Dominum
1601 1645 1610 1661 ,
1642 1615 1749 1664 cujus
1772 1616 1936 1665 percussi
1959 1628 2122 1652 servum.
2144 1615 2201 1652 Ad
2221 1620 2368 1653 Patrem

1381 1675 1540 1721 accedo,
1571 1674 1679 1723 cujus
1698 1674 1818 1710 occidi
1850 1675 1989 1720 filium;
2023 1675 2190 1724 percussi
2222 1674 2366 1720 verbo,

1381 1734 1500 1770 occidi
1521 1734 1716 1782 exemplo:
1742 1746 1809 1769 nec
1835 1741 1957 1769 tamen
1987 1733 2212 1782 pertimesco
2234 1734 2368 1770 Domi—

323 1801 359 1828 ct
379 1792 495 1841 gratia
515 1792 731 1837 affluentes,
756 1799 932 1839 tanquam
955 1803 1084 1828 revera
1105 1790 1316 1839 spirituales
1337 1795 1363 1830 C
1382 1806 1492 1838 num,
1526 1806 1595 1829 nec
1623 1805 1800 1828 revereor
1824 1796 1985 1828 Patrem.
2007 1795 2164 1829 Manens
2194 1792 2231 1828 in
2259 1792 2369 1829 turba

323 1851 514 1896 homines,
533 1863 628 1899 quos
649 1853 748 1886 Deus
768 1850 910 1894 visitat,
935 1858 971 1885 et
994 1849 1031 1886 in
1052 1848 1190 1898 quibus
1207 1848 1314 1884 habi-

325 1919 389 1946 tat.
412 1914 455 1946 In
476 1923 533 1946 me
554 1922 644 1945 vero
666 1909 755 1945 nihil
778 1909 913 1945 horum
935 1909 1107 1955 inveni03
1135 1908 1313 1957 quoniam

323 1969 523 2007 declinavit
543 1969 726 2006 Dominus
746 1969 783 2005 in
803 1969 857 2005 ira
878 1982 897 2004 a
920 1981 1029 2005 servo
1047 1982 1127 2004 suo.
1144 1968 1237 2004 Inde
1261 1976 1317 2004 est

323 2029 425 2078 quod
454 2042 537 2065 cum
568 2028 629 2064 alii
655 2028 828 2076 vigilant,
857 2040 926 2076 ego
951 2027 1098 2063 dormio
1127 2041 1136 2062 ε
1162 2026 1316 2075 quando

323 2089 383 2124 alii
414 2095 566 2124 cantant
601 2088 637 2122 in
670 2087 920 2130 monasteriO,
955 2098 1026 2135 ego
1050 2086 1123 2122 huc
1157 2093 1193 2122 et
1227 2085 1315 2121 illuc

324 2147 494 2184 discurro
513 2160 520 2182 :
537 2145 689 2194 quando
710 2145 769 2181 alii
789 2145 824 2180 in
848 2145 974 2193 aliquo
996 2152 1140 2180 secreto
1166 2144 1250 2179 loco
1277 2156 1315 2179 se

324 2206 496 2242 furantur
516 2218 535 2241 a
551 2205 747 2253 colloquiis
772 2204 966 2239 bominum
983 2231 992 2248 ,
1018 2211 1057 2238 ut
1085 2202 1135 2238 ibi
1156 2203 1314 2251 loquan-

328 2274 388 2301 tur
403 2278 486 2301 cum
506 2268 606 2312 Rege
620 2263 850 2311 Angelorum
865 2292 874 2308 ‚
891 2275 960 2311 ego
977 2274 1105 2310 quaero
1126 2261 1314 2310 colloquia

325 2324 519 2360 bominum
540 2337 547 2358 :
573 2336 657 2358 cum
695 2323 753 2358 alii
796 2330 927 2357 vacant
963 2320 1209 2364 lectionibus,
1247 2333 1316 2368 ego

330 2383 463 2420 fabulis
483 2390 519 2418 et
539 2380 663 2417 verbis
689 2381 819 2417 otiosis
836 2395 842 2416 :
861 2380 1013 2429 quando
1034 2380 1094 2416 alii
1112 2379 1317 2416 discutiunt

330 2452 366 2479 et
382 2442 587 2491 dijudicant
606 2441 842 2490 semetipsos,
857 2453 926 2489 ego
939 2438 1070 2488 judico
1091 2439 1197 2476 alios.
1228 2439 1318 2475 Aliis

329 2503 451 2551 placet
467 2500 678 2536 communis
697 2499 770 2535 vita
785 2527 793 2543 ,
817 2498 1027 2535 communis
1043 2497 1238 2546 disciplina
1252 2525 1261 2541 ,
1282 2505 1318 2532 et

329 2572 529 2596 commune
554 2558 718 2595 studium
746 2572 753 2593 ε
776 2566 812 2594 et
832 2557 920 2594 mihi
944 2557 1091 2606 placent
1119 2556 1243 2604 anguli
1275 2564 1312 2591 et
1334 2559 1365 2593 D

329 2618 565 2656 diverticula.
603 2617 687 2661 Sic,
720 2616 770 2652 sic
802 2629 847 2652 ex
886 2629 962 2664 quo
996 2627 1150 2664 peccare
1185 2615 1315 2663 potui,

329 2690 522 2726 uunquam
545 2690 563 2711 a
586 2675 746 2725 peccatis
774 2683 810 2712 et
833 2674 939 2709 malis
959 2672 1138 2722 operibus
1165 2673 1315 2709 cessavi.

332 2737 492 2774 Peccatis
507 2743 656 2785 peccata
673 2747 821 2783 semper
838 2733 1068 2769 accumulavi
1084 2748 1093 2778 3
1114 2741 1150 2768 ct
1167 2741 1318 2781 peecata

329 2810 413 2845 quae
447 2794 647 2844 aliquando
680 2792 858 2842 operibus
889 2793 1046 2841 implere
1075 2805 1149 2828 non
1187 2792 1315 2841 potui,

331 2856 434 2891 malis
455 2852 710 2889 voluntatibus
734 2861 770 2888 et
792 2852 896 2888 malis
916 2851 1108 2888 desideriis
1127 2864 1317 2900 nunquam

330 2915 508 2964 perficere
529 2912 680 2947 cessavi.

382 2973 442 3008 40.
465 2975 585 3019 Super
605 2970 729 3006 omnia
748 2970 842 3005 mala
859 2969 1053 3005 delectatio
1072 2970 1214 3015 earnis,
1233 2983 1315 3019 quae

327 3032 373 3067 ab
394 3032 482 3080 ipsis
503 3029 697 3066 cunabulis
718 3041 865 3077 semper
886 3042 1030 3065 mecum
1057 3029 1192 3074 crevit,
1225 3029 1314 3065 milii

328 3102 476 3139 semper
500 3087 672 3131 adhaesit,
702 3100 769 3123 nec
791 3087 1000 3135 adliucjam
1027 3100 1104 3136 prae
1124 3096 1314 3127 senectute

327 3147 585 3185 ‹l‹.·licientibus
619 3145 796 3182 membris
829 3160 886 3182 me
922 3146 1080 3189 deserit,
1123 3148 1246 3184 multis
1279 3156 1315 3184 et

376 3281 467 3310 ¹.11›‹·l
486 3291 530 3312 ιι,
557 3283 606 3309 1.’ὶ.
630 3297 661 3300 ψ
694 3284 704 3299 ²
732 3278 1006 3314 Psal.x11·=‚1‹;.

1381 1853 1557 1896 fratrum,
1576 1851 1733 1887 turbans
1748 1851 1913 1899 aliquos,
1931 1859 1967 1887 et
1981 1850 2027 1887 ab
2041 1851 2168 1900 aliquo
2184 1851 2368 1898 turbatus,

1381 1911 1610 1960 quandoque
1633 1910 1770 1947 accedo
1792 1910 1836 1946 ad
1858 1911 2069 1960 pacificum.
2090 1911 2368 1960 Appropinquo

1382 1971 1492 2008 etiam
1511 1970 1593 2006 talis
1613 1969 1658 2005 ad
1680 1969 1850 2006 osculum
1877 1969 1999 2018 pacis,
2021 1968 2086 2018 qui
2109 1970 2215 2018 prius
2235 1982 2370 2006 recon-

1382 2030 1527 2067 ciliatus
1544 2028 1720 2066 accedere
1741 2029 1953 2065 debuissem
1975 2028 2021 2065 ad
2035 2029 2205 2065 osculum
2225 2027 2367 2065 turbati

1382 2088 1516 2124 fratris.
1534 2088 1802 2125 Convincitme
1822 2100 1927 2123 reum
1947 2096 1984 2124 et
1996 2089 2064 2128 Dei
2079 2088 2272 2124 inimicum
2289 2100 2369 2124 mea

1381 2147 1580 2196 iniquitas;
1610 2155 1801 2197 peccatum
1832 2159 1955 2183 meum
1984 2160 2081 2197 saepe
2106 2146 2292 2197 separavit
2311 2159 2370 2182 nie

1381 2219 1402 2242 a
1425 2209 1518 2242 Deo.
1548 2206 1694 2242 Idcirco
1719 2205 1877 2242 obsecro
1909 2214 1966 2251 te,
1999 2215 2126 2256 pater,
2158 2213 2198 2242 ut
2224 2217 2283 2242 me
2311 2205 2371 2241 in-

1382 2274 1523 2310 struas,
1566 2264 1759 2314 quomodo
1795 2265 1952 2313 possim,
1993 2274 2058 2301 aut
2088 2277 2236 2314 semper
2272 2271 2372 2300 stare

1382 2339 1465 2361 cum
1487 2328 1567 2361 Deo
1586 2337 1688 2369 meo,
1711 2332 1774 2359 aut
1795 2323 1937 2369 redire,
1959 2338 2044 2360 eum
2065 2324 2111 2361 ab
2125 2337 2186 2370 eo,
2207 2323 2369 2373 peccatis

1382 2385 1472 2420 meis
1490 2382 1727 2433 exigentibus
1739 2410 1748 2428 ,
1768 2391 1891 2419 motus
1909 2384 2027 2420 fuero.

1717 2508 1892 2547 CAPUT
1920 2508 2031 2546 XXI.

1383 2622 1481 2653 Patris
1498 2622 1662 2664 spiritualis
1685 2622 1723 2653 ad
1746 2622 1944 2654 confitentem
1961 2621 2119 2664 responsio
2144 2626 2175 2652 et
2201 2622 2370 2654 instructio.

1436 2735 1498 2771 [12.
1521 2734 1713 2771 Confessio
1731 2743 1810 2779 tua,
1829 2734 1901 2780 fili,
1928 2733 1973 2772 ad
1995 2734 2176 2782 lacrymas
2193 2746 2250 2769 me
2266 2746 2371 2770 com-

1385 2796 1522 2839 movit,
1547 2803 1623 2830 tum
1644 2802 1798 2843 propter
1816 2806 1898 2838 me,
1926 2802 2002 2829 tum
2021 2801 2176 2843 propter
2203 2801 2252 2829 te.
2279 2796 2372 2830 Pro-

1383 2862 1467 2903 pter
1498 2866 1556 2889 me
1585 2853 1676 2897 fleo,
1702 2853 1878 2901 quoniam
1906 2865 2153 2901 quaecumque
2177 2851 2223 2888 de
2249 2860 2284 2888 te
2309 2851 2370 2888 di-

1382 2913 1489 2958 xisti,
1509 2911 1637 2948 eadem
1660 2912 1735 2947 fere
1755 2921 1818 2948 aut
1837 2912 1970 2948 similia
1998 2911 2146 2961 reperio
2169 2911 2205 2947 in
2227 2924 2311 2956 me;
2334 2919 2371 2946 et

1382 2972 1496 3008 multa
1517 2970 1561 3006 ad
1581 2971 1798 3006 memoriam
1829 2971 2031 3015 revocasti,
2054 2983 2215 3019 quorum
2234 2968 2372 3005 oblitus

1381 3031 1534 3067 sueram.
1558 3035 1714 3079 Propter
1743 3038 1776 3065 te
1803 3029 1972 3076 gaudeo,
2001 3029 2176 3078 quoniam
2207 3029 2374 3065 visitavit

1382 3098 1416 3125 te
1438 3090 1572 3126 Oriens
1590 3101 1634 3125 ex
1656 3088 1742 3124 alto.
1773 3091 1854 3123 Non
1882 3088 1982 3123 enim
2011 3088 2120 3136 longe
2150 3099 2190 3124 es
2213 3100 2234 3123 a
2258 3100 2374 3136 regno

1381 3149 1462 3185 Dei.
1479 3148 1616 3185 Notitia
1636 3159 1795 3195 namque
1813 3146 1973 3195 peccati,
1992 3146 2138 3182 initium
2157 3154 2212 3183 cst
2229 3147 2371 3183 salutis.
