2504 3928
309 244 317 277 l
331 241 402 275 :393

303 332 386 354 tuen
409 316 528 359 rudis,
546 324 579 351 et
600 314 791 350 vetustatis
810 323 881 350 tua*
897 315 1059 350 tenebris
1075 315 1290 358 obvolutus,

303 377 465 426 propria·
488 374 690 410 voluntatis
711 382 781 408 tuae
804 374 934 408 vitium
954 387 1027 409 non
1046 375 1294 417 intellexeraS,

302 450 385 484 qua·
409 435 578 483 prolecto
601 446 674 468 non
699 432 935 480 relinquitur,
958 433 1103 480 quoties
1129 434 1166 468 lit
1189 442 1294 468 exte—

305 496 380 530 rior
408 493 699 529 abrenuntiatio.
721 492 837 527 Citius
866 491 965 526 enim
987 500 1022 526 et
1042 492 1159 527 levius
1182 493 1296 528 relin-

302 554 430 601 quitur
446 553 617 593 facultas,
636 564 747 599 quam
767 549 951 599 cupiditas
969 551 1169 587 amittatur.
1190 551 1296 588 Unde

304 613 488 648 Dominus
511 624 584 646 non
605 622 864 659 quoscumque
887 622 1092 658 pauperes,
1115 611 1178 646 sed
1201 624 1295 659 pau-

304 685 412 720 peres
433 671 564 719 spiritu
596 670 684 705 dicit
712 682 790 705 esse
821 668 949 704 beatos
968 676 989 705 ¹.
1012 671 1083 716 Qui
1110 679 1195 706 sunt
1217 671 1297 706 illi?

303 735 385 767 ‚Non
415 742 546 765 omnes
573 730 701 777 utique
728 728 791 777 qui
815 727 970 774 babent,
1000 729 1062 764 sed
1085 729 1147 778 qui
1172 737 1297 765 amant

305 798 577 839 paupertatem.

362 850 417 885 lsi.
453 853 585 885 Parum
618 862 707 896 ergo
730 848 906 892 omnino,
928 848 1002 883 imo
1025 848 1116 884 nibil
1145 847 1297 897 prodest

304 909 468 944 exterior
488 907 765 944 abrenuntiatio
792 907 871 943 sine
901 908 1069 943 interiori
1090 908 1147 943 vel
1177 908 1296 943 comi-

305 974 423 1009 tante,
454 966 511 1001 w}
542 964 806 1013 subsequente.
831 965 984 1014 Propria
1011 964 1193 1013 siquidem
1226 978 1295 999 vo-

305 1027 426 1061 luntas
455 1029 573 1061 Deum
602 1025 814 1073 impugnat,
846 1032 882 1059 et
908 1023 1088 1059 adversus
1115 1037 1199 1059 eum
1227 1037 1294 1058 ex·—

967 241 1126 274 stituit)
1158 241 1204 275 ΙΝ
1237 241 1389 274 witin-x
1422 239 1704 273 s.-x1‘1t·‘.N'1·1:t·2.

1305 313 1352 330 702¹

1317 379 1344 410 Α

2257 240 2350 273 timo

1367 322 1488 349 tamen
1513 314 1558 350 ad
1577 315 1711 358 altare,
1735 321 1771 349 et
1793 314 2030 350 Doiuinieum
2052 327 2190 363 corpus
2209 323 2243 349 et
2266 328 2352 350 san-

1362 374 1512 423 guinem
1547 381 1725 417 tractam,
1760 372 1849 408 nihil
1881 373 1917 408 iu
1948 381 1981 408 te
2014 373 2205 409 criminale
2241 387 2349 423 repe-

1363 432 1411 467 ris
1433 446 1439 467 :
1462 431 1543 479 qui,
1566 433 1595 467 si
1623 432 1760 467 veritas
1785 431 1971 467 subtiliter
1998 432 2205 479 indagatur,
2234 436 2351 468 Deum

1363 503 1514 538 negasse
1543 490 1798 534 convinceris,
1827 504 1868 525 ac
1903 491 1994 526 latro
2021 490 2192 539 probaris
2223 504 2263 526 ac
2296 504 2352 526 sa-

1362 550 1530 597 crilegus.
1561 549 1736 597 Sequitur
1763 549 1932 593 tertium,
1963 549 2063 597 qnod
2092 550 2351 596 gravissumum

1363 615 1418 643 est
1440 621 1447 642 ε
1469 620 1579 656 quem
1599 606 1808 655 abnegasti,
1829 621 1939 656 quem
1966 608 2202 657 depraedatus
2227 622 2284 652 es,
2307 608 2353 644 ad

1364 667 1536 702 ultimum
1559 666 1706 702 moliris
1727 666 1908 702 occidere.
1940 670 2166 703 Permanens
2194 667 2291 703 enim
2317 667 2352 703 in

1365 725 1559 774 iniquitate
1588 733 1670 769 tua,
1694 733 1886 774 peccatum
1910 734 2013 761 tuum
2036 726 2092 762 vis
2119 739 2197 762 esse
2228 725 2354 774 impu·

1364 785 1504 828 nituit),
1528 785 1565 821 in
1593 798 1668 833 quo
1696 788 1814 820 Deum
1837 785 1891 820 vis
1918 797 1996 821 esse
2017 784 2209 833 injustum.
2235 784 2355 834 Exigit

1363 844 1461 879 enim
1475 843 1619 892 justitia
1637 842 1716 891 ejus
1733 852 1772 879 ut
1787 843 1986 892 uuicuique
2003 843 2131 879 reddat
2149 843 2352 880 secundum

1362 916 1476 952 opera
1493 904 1598 938 sual.
1619 903 1689 950 Qui
1708 903 1806 938 enim
1827 907 1944 939 Deum
1963 904 2041 939 vult
2057 916 2137 940 esse
2152 903 2352 951 injustum,

1362 962 1443 998 vult
1473 965 1592 998 Deum
1627 974 1700 997 non
1725 974 1804 997 esse
1838 965 1970 998 Deum.
2005 965 2048 998 Et
2075 962 2138 1011 qni
2170 962 2355 998 desiderat

1363 1034 1438 1057 non
1457 1035 1535 1057 esse
1559 1025 1675 1057 Deum
1689 1050 1697 1066 ,
1721 1034 1847 1057 nonne
1868 1030 2048 1070 quantum
2068 1021 2103 1057 in
2122 1034 2166 1057 eo
2182 1029 2254 1066 est,
2276 1021 2355 1070 ipse

306 1086 460 1120 tollitur.
480 1088 561 1133 Ipsa
579 1092 634 1119 est
651 1097 736 1131 qurc
753 1083 965 1132 paradisum
984 1083 1137 1131 spoliat,
1155 1091 1190 1118 et
1206 1082 1296 1118 ditat
1318 1082 1345 1115 B
1366 1083 1484 1116 Deum
1506 1079 1665 1115 oceidit?

306 1144 489 1179 inl‘ernuui
514 1159 520 1179 :
543 1157 626 1191 quae
654 1143 872 1190 sanguinem
903 1142 1037 1179 Christi
1063 1150 1238 1185 evacuat,
1262 1149 1298 1176 et

304 1203 436 1239 ditioni
458 1202 597 1239 diaboli
619 1202 791 1250 subjugat
813 1202 1008 1237 mundum.
1028 1201 1119 1237 vide
1139 1201 1299 1249 qualiter

305 1263 457 1312 propria
486 1263 658 1297 voluntas
679 1261 900 1297 adversatur
922 1264 1013 1296 Deo.
1036 1264 1153 1297 Nemo
1179 1268 1299 1309 potest

308 1321 458 1357 duobus
478 1322 640 1357 dominis
666 1321 806 1356 servire
822 1326 847 1355 ².
872 1324 953 1356 Non
976 1319 1118 1368 poteris
1143 1319 1298 1355 obedire

304 1382 412 1416 simul
442 1390 477 1416 et
507 1381 660 1424 dirinae,
683 1388 719 1414 et
737 1379 899 1428 propria:
927 1377 1118 1414 voluntati.
1140 1377 1176 1413 Si
1197 1377 1295 1413 enim

303 1440 477 1475 xoluntas
504 1448 564 1475 tua
592 1438 775 1474 voluntati
805 1437 941 1472 divinas
970 1435 1193 1480 concordat,
1219 1434 1296 1483 jam

304 1512 379 1535 non
403 1499 555 1547 propria
583 1498 758 1533 voluntas
777 1505 850 1541 cst,
878 1495 942 1531 sed
962 1495 1173 1530 communis
1192 1508 1199 1529 :
1222 1507 1295 1529 non

306 1567 447 1593 tantum
468 1566 521 1593 est
543 1557 723 1600 bominis,
742 1555 805 1591 sed
835 1555 996 1591 bominis
1017 1563 1053 1590 et
1075 1555 1152 1590 l)ei.
1180 1558 1297 1591 Caete-

307 1631 386 1653 rum
405 1616 589 1652 voluntati
617 1617 680 1652 Dei
704 1630 749 1652 ex
775 1615 901 1651 debito
919 1614 1119 1651 creationis
1137 1622 1208 1649 tuae
1229 1627 1297 1650 ne-

303 1676 464 1712 cessario
481 1689 518 1711 es
537 1674 736 1711 obnoxius.
755 1676 904 1722 Quare?
919 1673 1012 1721 Quia
1030 1674 1107 1709 sola
1125 1673 1298 1709 voluntas

304 1734 371 1769 Dei
394 1746 502 1769 causa
523 1741 578 1769 cst
597 1746 713 1781 quare
738 1732 920 1768 creaverit
949 1740 985 1767 et
1014 1731 1237 1767 recreaverit
1264 1739 1298 1766 te

304 1797 423 1837 Deus,
450 1793 545 1827 sicut
573 1792 622 1827 ait
651 1792 844 1840 apostolus
867 1790 1027 1827 ,lacobus
1055 1805 1061 1826 :
1088 1793 1299 1825 Voluntarie

1422 1141 1477 1175 15.
1503 1139 1662 1175 Proinde
1689 1139 1753 1187 qui
1782 1138 1981 1174 vendidisti
2010 1139 2233 1175 exteriorem
2264 1153 2354 1188 pos-

1364 1198 1566 1234 sessionem
1588 1206 1706 1242 tuam,
1735 1206 1773 1234 ut
1797 1197 2056 1233 absconditum
2079 1198 2115 1233 in
2137 1211 2227 1247 agro
2249 1212 2355 1246 regu-

1365 1258 1450 1293 laris
1468 1257 1674 1305 disciplinae
1695 1258 1907 1293 thesaurum
1930 1258 2168 1293 continentiae
2187 1270 2354 1301 cineri-53

1366 1316 1458 1351 vade
1484 1324 1520 1352 et
1546 1315 1667 1352 vende
1687 1316 1903 1351 interiorem
1935 1316 2224 1365 proprietatem,
2246 1317 2356 1365 longe

1363 1375 1533 1425 profecto
1543 1375 1753 1423 graviorem
1769 1374 1814 1411 ad
1831 1375 2137 1423 relinquendum,
2151 1384 2188 1411 et
2201 1376 2359 1411 omnino

1363 1434 1611 1483 perniciosam
1630 1433 1675 1469 ad
1698 1433 1958 1478 retinendum,
1979 1442 2019 1469 ut
2041 1434 2239 1482 pretiosam
2259 1447 2356 1470 mar-

1363 1493 1518 1541 garitam
1539 1492 1728 1541 sapientise
1746 1505 1941 1541 compares
1961 1507 1968 1528 ε
1987 1505 2096 1540 quam
2114 1493 2176 1541 qui
2196 1492 2354 1537 invenit,

1364 1550 1495 1587 beatus
1515 1551 1544 1586 si
1567 1551 1729 1587 tenuerit
1750 1564 1843 1587 eam.
1868 1551 1931 1588 Vis
1962 1564 2041 1587 eam
2067 1551 2231 1587 babere?
2249 1558 2356 1588 serva

1365 1611 1554 1647 mandata.
1592 1611 1650 1647 Sic
1682 1611 1782 1646 enim
1813 1610 1993 1660 scriptum
2024 1619 2079 1646 est
2106 1624 2113 1645 :
2148 1612 2358 1658 Corn-uphei

1364 1675 1586 1718 sapientam}
1602 1674 1621 1707 ,³
1641 1684 1743 1705 serva
1772 1672 1972 1714 nmmlata,
1996 1680 2031 1705 et
2050 1673 2230 1706 Dominus
2255 1673 2360 1706 dabie

1367 1733 1469 1765 [llam
1505 1729 1568 1765 tibi
1594 1728 1620 1765 ⁵.
1657 1729 1838 1778 lmpende
1869 1729 1982 1778 igitur
2013 1728 2288 1773 obedientiam,
2322 1739 2357 1766 ct

1367 1789 1522 1839 recipies
1551 1789 1784 1837 sapientiam.
1803 1787 2004 1835 Quomodo
2030 1788 2129 1823 enim
2158 1801 2358 1838 possumus

301 1857 429 1899 genuit
445 1866 512 1887 nos
530 1851 640 1886 verbo
661 1849 870 1886 veritatis³.
902 1849 1028 1887 Facies
1054 1849 1156 1898 quod
1186 1848 1299 1885 debes
1319 1846 1345 1880 C
1366 1851 1447 1884 Deo
1479 1847 1644 1897 placere,
1679 1855 1743 1882 aut
1776 1847 1854 1896 ipse
1889 1845 1997 1882 nobis
2027 1859 2180 1895 sapere,
2213 1846 2243 1882 si
2276 1846 2357 1895 ejus

304 1910 392 1946 dum
421 1910 552 1945 obedis
577 1910 621 1945 ei.
648 1908 826 1945 Debitum
844 1909 953 1944 etiam
973 1909 1120 1944 virtutis
1141 1921 1298 1957 pensum

306 1971 464 2006 lidcliter
485 1969 687 2018 persolvis,
709 1982 793 2004 cum
814 1967 895 2016 ejus
919 1968 1151 2003 voluntatem
1175 1975 1211 2003 et
1233 1967 1298 2003 lia-

304 2029 370 2064 bes
396 2029 431 2064 in
460 2028 660 2071 desiderio,
691 2036 727 2063 ct
755 2040 881 2063 servas
910 2027 948 2062 in
975 2026 1171 2075 obsequio.
1205 2029 1298 2062 Ecce

304 2097 426 2124 autem
451 2088 600 2123 fallente
627 2086 780 2123 diabolo
807 2095 844 2122 et
872 2085 1043 2123 sensibus
1070 2086 1143 2122 tuis
1161 2086 1298 2122 saeculo

305 2148 561 2191 lenocinante,
583 2146 628 2182 ad
650 2159 691 2182 ea
713 2160 796 2195 quse
816 2146 904 2181 soris
924 2153 1010 2181 sunt
1027 2145 1172 2181 curiose
1193 2158 1298 2194 egre—

304 2206 423 2251 deris,
454 2206 499 2241 ad
525 2218 687 2254 quorum
708 2205 993 2240 delectationem
1019 2204 1108 2240 dum
1134 2203 1299 2253 propriae

304 2265 508 2301 voluntatis
534 2265 730 2300 attraheris
763 2264 1086 2313 concupiscentia,
1110 2263 1297 2312 quodam-

305 2323 419 2359 modo
439 2323 682 2359 abrenuntias
700 2327 791 2366 Deo,
814 2336 855 2359 ac
873 2323 901 2359 si
919 2322 1107 2370 abnegans
1123 2322 1267 2358 diceres
1289 2337 1297 2359 :

306 2386 388 2418 lluc
407 2396 524 2430 usque
547 2390 579 2417 te
600 2381 720 2425 colui,
743 2382 975 2417 voluntatem
1000 2390 1099 2416 tuam
1123 2381 1210 2425 feci,
1234 2381 1299 2417 sed

308 2442 445 2477 nullam
478 2441 512 2476 in
547 2454 604 2475 me
631 2440 808 2488 deinceps
833 2439 967 2475 babeas
997 2440 1190 2484 fiduciam,
1213 2440 1300 2489 quia

304 2501 364 2535 alii
395 2499 550 2534 domino
574 2499 733 2543 servii-v,
761 2498 947 2546 (idemque
972 2512 1121 2534 servare
1151 2511 1300 2547 propo-

305 2560 372 2594 sui.
409 2562 498 2594 Ecce
531 2558 694 2606 proprizc
728 2558 930 2593 voluntatis
961 2557 1158 2605 iniquitate
1180 2556 1298 2593 abne-

305 2619 395 2665 gasti
419 2621 535 2653 Deum
557 2626 660 2652 tuum
685 2631 691 2652 :
715 2616 777 2651 sed
800 2616 958 2652 necdum
981 2617 1117 2651 sul'ticit
1139 2616 1203 2652 tibi
1222 2617 1298 2665 ipsa

307 2677 474 2724 negatum
492 2676 580 2724 quin
605 2676 679 2711 imo
700 2675 1046 2724 impudentissimus
1065 2674 1192 2724 praedo
1213 2673 1302 2710 sub-

308 2743 510 2783 sequenter
541 2735 713 2777 eftectus,
749 2734 786 2769 in
819 2734 1074 2783 possessiones
1108 2733 1188 2781 ejus
1220 2734 1302 2769 vio-

309 2796 428 2830 lenter
454 2793 711 2837 ‹lebaccliaris,
740 2801 812 2828 tam
843 2792 1028 2828 alimentis
1054 2805 1164 2841 quam
1193 2792 1304 2828 indu-

308 2854 462 2897 mentis,
495 2867 578 2901 quze
613 2852 837 2901 praeparavit
869 2865 943 2886 non
977 2851 1303 2900 contemptoribus

309 2913 371 2948 sed
393 2911 639 2947 serxitoribus
660 2912 757 2955 suis,
778 2911 824 2946 ad
847 2919 957 2946 tantae
979 2909 1180 2958 majestatis
1198 2909 1300 2959 inju—

311 2974 400 3008 riam
425 2971 663 3019 impudenter
683 2970 854 3006 abutens.
876 2970 911 3006 Si
929 2971 965 3005 in
993 2970 1220 3005 monasterio
1241 2983 1301 3013 es,

312 3032 401 3068 nibil
420 3031 603 3075 comedis,
623 3031 711 3066 nibil
733 3030 848 3076 bibis,
871 3031 974 3066 nullo
995 3030 1179 3074 indueris,
1201 3029 1303 3078 qnod

313 3094 415 3141 prius
435 3104 507 3125 non
526 3090 670 3125 aul'eras
687 3105 693 3125 :
713 3089 878 3138 dumque
904 3089 949 3125 de
974 3089 1136 3125 sacrario
1158 3089 1304 3125 victua-

314 3152 357 3186 lia
380 3151 496 3199 rapis,
522 3149 718 3185 latrocinio
738 3149 968 3197 sacrilegium
985 3147 1124 3197 jungis.
1147 3148 1304 3184 Accedis

1366 1907 1549 1944 mandatis
1582 1906 1919 1955 contempserimus
1949 1904 2127 1941 obedire?
2158 1906 2269 1943 Unde
2299 1907 2358 1942 in-

1367 1966 1570 2015 terroganti
1587 1965 1623 2001 in
1642 1965 1843 2014 Evangelio
1863 1965 2111 2008 adolescenti,
2132 1964 2256 2001 divina
2273 1979 2359 2002 con-

1367 2026 1471 2061 tinuo
1501 2025 1676 2061 mandata
1702 2025 1879 2074 proponit
1908 2023 2090 2060 servanda
2104 2022 2134 2069 ὅ,
2158 2023 2360 2061 ostendens

1365 2085 1403 2122 in
1421 2084 1529 2121 nobis
1546 2084 1752 2120 taciendam
1770 2097 1850 2120 esse
1870 2083 1951 2132 ejus
1970 2083 2200 2119 voluntatem
2214 2111 2223 2128 ,
2246 2097 2266 2120 a
2283 2097 2359 2132 quo

1364 2152 1539 2180 aeternam
1557 2156 1750 2193 speramus
1765 2142 2066 2180 retributionem.
2082 2145 2241 2191 Propter
2256 2143 2358 2192 quod

1365 2203 1474 2247 dicit,
1497 2205 1580 2240 Non
1603 2204 1718 2238 omm's
1747 2206 1812 2249 qui
1837 2204 1928 2238 dicit
1955 2202 2065 2246 mihi,
2084 2204 2258 2245 Domine,
2281 2204 2359 2237 Do-

1365 2268 1481 2306 ιηίησ,
1506 2261 1658 2298 intrabit
1684 2266 1722 2297 in
1752 2275 1901 2310 regnum
1933 2263 2132 2296 coelormm
2155 2275 2162 2296 :
2182 2269 2219 2297 et
2245 2260 2332 2297 alibi
2349 2290 2358 2307 ‚

1371 2324 1474 2366 Quid
1508 2326 1648 2357 vocatis
1679 2335 1756 2364 me,
1798 2324 1975 2364 Domine,
2010 2323 2185 2364 Domine,
2218 2330 2254 2355 et
2287 2334 2359 2356 mm

1357 2380 1488 2428 facitis
1511 2394 1598 2427 quse
1617 2382 1699 2414 dico
1714 2378 1752 2414 ⁸?
1774 2382 1852 2415 Hoc
1872 2378 2006 2414 ordine
2032 2378 2146 2414 debes
2165 2379 2357 2427 progredi.

1317 2625 1350 2658 D

1366 2439 1566 2476 Continere
1589 2451 1664 2474 non
1684 2446 1790 2486 potes
1811 2438 1847 2473 in
1869 2437 2034 2473 saecnlo?
2054 2437 2137 2485 fuge
2153 2438 2329 2474 saeculum
2348 2466 2357 2482 ,

1365 2507 1400 2535 et
1425 2497 1666 2547 apprehende
1691 2497 1945 2545 disciplinam,
1964 2495 2026 2532 ubi
2054 2497 2222 2545 profecto
2251 2497 2359 2533 inve-

1365 2560 1444 2594 nies
1474 2557 1757 2593 continentiam.
1787 2556 1971 2604 Jugutatis
2009 2556 2251 2604 postmodum
2292 2569 2360 2606 per

1367 2617 1636 2652 consessionem
1675 2614 1888 2651 carnalibus
1925 2614 2140 2660 desideriis,
2183 2614 2228 2651 de
2264 2615 2362 2651 vitiis

1367 2676 1501 2712 animae
1532 2676 1672 2724 poteris
1713 2674 1865 2711 liberius
1893 2673 2081 2722 judicare,
2114 2673 2160 2710 de
2198 2687 2359 2723 quorum

1368 2733 1557 2771 radicibus
1587 2733 1811 2782 flagitiorum
1845 2733 2031 2782 pullulant
2062 2732 2222 2778 surculi,
2253 2740 2290 2768 et
2323 2733 2360 2768 in

1370 2794 1575 2843 perfeetum
1595 2793 1838 2842 turpitudinis
1859 2804 1997 2841 corpus
2020 2799 2252 2827 excrescunt.
2277 2795 2363 2828 Haec

1370 2853 1503 2888 animm=
1527 2852 1635 2896 vitia,
1653 2851 1860 2900 spiritualia
1878 2851 2053 2899 nequitiae
2078 2858 2185 2886 vocat
2201 2854 2363 2899 Aposto-

1372 2912 1427 2947 lus
1441 2918 1468 2957 9,
1490 2924 1573 2960 quae
1595 2923 1725 2959 parum
1744 2910 1958 2946 discernere
1982 2918 2150 2958 poteras,
2167 2908 2254 2945 dum
2276 2923 2361 2945 car-

1369 2968 1515 3005 nalibus
1548 2968 1793 3017 oecupabaris
1825 2967 2035 3011 desideriis,
2065 2975 2102 3003 et
2131 2968 2168 3003 in
2198 2968 2250 3003 eis
2278 2981 2362 3016 quae

1371 3029 1459 3065 soris
1484 3037 1571 3064 sunt
1591 3028 1847 3064 delectabaris.
1872 3032 2070 3076 Postquam
2088 3040 2178 3076 crgo
2195 3027 2360 3063 exterio-

1371 3101 1448 3124 rem
1474 3087 1757 3123 delectationem
1781 3087 1967 3131 amiseris,
1994 3085 2062 3121 nisi
2088 3085 2246 3122 senseris
2267 3086 2361 3120 inte-

1372 3147 1526 3192 riorem,
1560 3146 1622 3182 diu
1653 3154 1749 3182 stare
1780 3159 1854 3182 non
1883 3145 2035 3195 poteris.
2067 3148 2158 3192 Quae
2187 3153 2243 3180 est
2272 3144 2363 3180 illa?

365 3284 369 3295 ¹
394 3276 504 3307 Manli.
524 3288 552 3309 v.
578 3280 608 3306 15.
625 3294 649 3297 —
693 3282 703 3296 ²
728 3275 770 3306 ld.
787 3287 837 3312 vi,
862 3278 913 3306 ΞΗ.
937 3294 976 3297 --
999 3273 1137 3305 3Jac0bi
1154 3285 1187 3312 1,
1213 3279 1260 3305 18.
1278 3294 1318 3297 -
1339 3276 1352 3302 ⁴¹
1370 3278 1460 3306 Rom.
1480 3285 1524 3311 11,
1545 3277 1633 3305 6.-
1651 3270 1663 3294 ⁵
1687 3272 1964 3311 Eccli.1‚33.—
1981 3268 1996 3291 ⁶
2011 3269 2360 3307 1x=1atili.x1x,t7.—

317 3338 325 3340 “
347 3330 390 3360 ld⁴
411 3340 470 3362 vn,
498 3332 549 3357 ''t.
572 3347 608 3349 ᾧ
628 3326 1164 3367 gruum,213.-5il{1›lit›s.v·1‚
1194 3329 1243 3357 12.
