2418 3949
99 224 171 260 745
701 228 983 264 TRACTATUS
1010 228 1076 262 DE
1104 228 1355 263 INTERJORI
1390 230 1538 263 DOMO.
2071 226 2144 261 Tio

95 301 393 339 similitudinem.
411 302 509 349 Quid
521 301 640 350 majus
652 302 710 339 his
724 302 791 338 tibi
808 303 929 339 facere
945 302 1296 352 potuit,⁷'‘³⁴naturae
1320 302 1460 339 bonum
1486 303 1737 353 perdidimus,
1766 304 1905 353 pariter
1931 311 1967 338 et
1996 301 2142 338 arbitrii

94 374 206 410 quam
230 370 271 397 ut
293 361 339 398 ad
356 361 636 398 similitudinem
657 375 762 398 suam
780 369 814 398 te
829 361 1009 398 conderet
1024 361 1079 397 sa-
1095 364 1125 397 A
1146 361 1335 410 vigorem,
1354 362 1418 397 sed
1439 375 1514 397 non
1533 362 1773 407 electionem,
1794 375 1839 398 ne
1862 375 1936 398 non
1957 369 2053 397 esset
2074 374 2139 395 no-

94 429 177 457 ctor
194 429 299 467 tuus;
318 430 355 458 et
367 421 508 458 eisdem
523 421 707 458 virtutum
725 422 957 457 vestimentis
973 429 1007 457 te
1022 433 1084 456 or-

94 488 218 525 naret,
240 480 377 530 quibus
396 481 476 530 ipse
496 489 654 517 ornatus
673 483 756 517 est?
783 479 946 517 Attende
970 479 1084 528 igitur

93 538 294 589 diligenter
316 540 446 589 primae
465 539 692 575 conditionis
712 547 783 575 tuae
799 539 1079 582 excellentiam,

92 606 130 635 et
159 599 413 635 venerandam
439 607 576 635 sanctae
604 599 794 635 Trinitatis
821 598 1018 646 imaginem
1042 597 1081 633 in

93 667 128 695 te
151 659 230 709 ipsa
246 671 407 709 agnosce
426 673 434 694 :
454 658 717 707 honoremque
737 656 996 694 similitudinis
1019 655 1080 692 di-

91 718 206 763 vinae,
225 717 272 754 ad
292 729 405 766 quam
429 725 553 752 creata
573 729 632 762 es,
656 715 794 753 hahere
812 715 921 753 stude
940 713 1081 751 nobili-

93 785 166 814 tate
184 789 350 823 morum,
365 776 544 812 exercitio
560 777 741 812 virtutum
756 804 765 820 ,
784 776 964 825 dignitate
985 788 1082 824 prae—

91 837 276 883 miorum3
299 844 339 872 ut
368 835 521 884 quando
544 834 742 884 apparebit
761 836 880 884 qualis
907 835 972 880 sit,
995 843 1083 870 tunc

91 895 221 931 similis
238 895 274 931 ei
292 906 474 944 apparere
492 893 625 942 possis.
643 893 780 930 Similis
801 894 901 929 enim
921 893 1080 929 similem

89 954 223 1003 quaerit
239 968 247 990 ε
266 961 303 990 et
318 953 466 1002 qualem
493 960 529 989 te
553 952 744 1001 paraveris
773 955 876 996 Deo,
903 952 984 988 talis
1012 964 1082 987 ne-

89 1024 190 1049 cesse
209 1020 264 1048 est
281 1019 460 1061 appareat
480 1010 548 1047 tibi
570 1015 684 1048 Deus.
701 1010 737 1047 Si
762 1023 852 1059 ergo
873 1011 1082 1047 naturalem

1149 428 1286 465 strum,
1316 428 1357 455 ut
1390 420 1676 457 emendaremus
1707 430 1913 470 peecatum.
1946 425 1989 457 In
2029 419 2138 455 nobis

1148 492 1314 528 namque
1336 489 1461 516 manet
1487 479 1533 516 ad
1557 481 1798 529 quaerendam
1819 481 1975 517 salutem
1995 478 2140 516 arbitrii

1148 537 1322 584 libertas,
1342 539 1380 574 id
1402 547 1459 575 est
1481 539 1670 575 rationalis
1696 539 1893 584 voluntas,
1923 539 1989 575 sed
2007 538 2139 574 admo-

1147 606 1261 634 nente
1275 599 1381 648 prius
1399 601 1478 634 Deo
1499 606 1535 634 et
1554 599 1736 634 invitante
1760 598 1805 634 ad
1826 599 2001 643 salutem,
2022 606 2063 633 ut
2079 597 2139 633 vel

1147 657 1347 706 eligamus,
1367 658 1426 693 vel
1455 670 1668 706 sequamur.
1695 658 1892 693 Potestatis
1921 665 2059 693 nostrae
2084 664 2140 692 est

1148 716 1285 752 divinae
1302 716 1539 765 inspirationi
1559 717 1815 765 acquiescere,
1842 725 1878 752 et
1898 729 1981 765 quae
2008 716 2053 752 ad
2077 728 2137 751 sa-

1149 776 1263 812 lutem
1282 784 1449 811 nostram
1465 776 1657 825 pertinent
1674 775 1810 823 eligere
1826 783 1862 811 et
1878 776 2003 823 sequi:
2022 775 2139 810 divini

1148 847 1240 871 vero
1261 836 1427 872 muneris
1443 843 1497 871 est
1514 843 1556 870 ut
1573 835 1759 885 possimus
1776 834 1951 883 adipisci,
1964 834 2066 882 quod
2081 846 2140 868 se-

1148 894 1302 943 quendo
1323 894 1495 944 cupimus
1510 894 1703 943 consequi.
1718 896 1864 929 Nostrae
1878 892 2071 942 potestatis
2086 899 2142 928 est

1148 960 1185 988 et
1200 952 1377 1001 ignaviae,
1394 960 1434 988 ut
1452 951 1625 988 labamur
1644 965 1651 986 :
1676 949 1937 987 sollicitudinis
1958 962 2050 985 vero
2071 962 2142 984 no-

1148 1019 1234 1048 strae
1260 1019 1316 1048 est
1337 1020 1374 1048 et
1397 1011 1558 1048 coelestis
1583 1010 1725 1060 pariter
1751 1008 1952 1058 adjutorii,
1971 1022 2018 1045 ne
2038 1008 2142 1044 laba—

89 1071 410 1122 pulchritudinem
434 1080 535 1108 tuam
555 1071 593 1107 in
613 1078 648 1106 te
668 1071 919 1120 reparaveris,
938 1083 1080 1107 concu—
1103 1070 1129 1103 B
1147 1084 1244 1107 mur.
1264 1071 1369 1108 Felix
1387 1069 1504 1107 homo
1526 1070 1589 1118 qui
1612 1070 1662 1105 sic
1685 1068 1854 1105 ambulat
1871 1068 2073 1117 sapienter,
2096 1079 2142 1102 ne

89 1132 210 1181 piscet
237 1144 304 1168 rex
336 1131 510 1168 decorem
538 1139 644 1167 tuum
671 1131 883 1179 :quoniam
911 1131 992 1180 ipse
1026 1138 1082 1166 est

89 1195 192 1228 Deus
216 1197 346 1237 tuus¹;
368 1191 448 1241 ipse
475 1191 615 1227 amicus
644 1198 682 1227 et
707 1203 887 1240 sponsus,
906 1191 1021 1227 frater
1046 1199 1083 1226 et

89 1251 201 1288 filius.
223 1254 308 1301 Ipse
335 1251 436 1287 enim
465 1250 561 1286 dixit
585 1265 592 1286 ε
616 1251 844 1299 Quicumque
857 1249 993 1298 fecerit
1015 1265 1086 1286 vo-

90 1312 265 1346 luntatem
290 1312 416 1346 Patr-Is
439 1314 514 1345 mei
533 1314 599 1358 qui
621 1314 659 1345 iu
683 1313 786 1346 coelis
803 1319 867 1354 est,
890 1314 967 1358 ipse
982 1323 1084 1344 mens

81 1367 216 1416 frater,
241 1379 279 1405 et
301 1383 416 1415 soror,
442 1379 478 1406 et
496 1379 616 1406 mater
633 1376 725 1405 επὶ.
750 1369 847 1406 Audi
872 1369 1080 1417 quomodo.

89 1429 216 1466 Virtus
235 1438 272 1466 et
287 1429 470 1479 sapientia
486 1429 624 1475 Patris,
638 1429 736 1465 filius
758 1437 814 1466 est
834 1429 964 1466 Patris.
986 1432 1083 1465 Ver-

89 1487 179 1525 bum
203 1489 343 1533 Patris,
368 1489 544 1525 voluntas
569 1496 625 1524 est
647 1488 778 1525 Patris.
810 1488 993 1525 Voluntas
1015 1488 1086 1523 lio—

89 1548 200 1585 minis
234 1548 327 1584 nihil
359 1547 461 1584 aliud
495 1555 574 1592 est,
607 1560 719 1597 quam
753 1547 922 1597 quaedam
958 1548 1086 1596 proles

90 1608 240 1645 mentis.
269 1608 307 1647 Si
335 1609 450 1658 igitur
485 1608 614 1644 eadem
645 1616 699 1644 est
727 1609 905 1645 voluntas
939 1616 1087 1653 tua,*et

89 1667 266 1705 voluntas
288 1668 426 1714 Patris;
452 1667 551 1704 idem
583 1675 639 1704 est
671 1668 769 1703 filius
798 1676 897 1712 tuus,
923 1675 960 1703 et
989 1667 1086 1703 filius

90 1727 220 1763 Patris.
239 1727 403 1772 Veritas,
422 1727 625 1776 sapientia,
642 1726 817 1763 voluntas
833 1726 946 1763 corde
963 1726 1087 1762 conci-

88 1785 210 1835 pitur,
227 1793 264 1822 et
279 1799 324 1822 ex
348 1785 463 1822 corde
480 1793 692 1834 generatur.

1147 1130 1275 1176 cadat3
1291 1138 1356 1166 aut
1374 1130 1404 1166 si
1428 1129 1622 1174 ceciderit,
1642 1137 1683 1165 ut
1702 1128 1825 1164 statim
1844 1136 2025 1175 resurgat.
2048 1126 2142 1164 Feli-

1147 1190 1226 1226 cim·
1240 1203 1332 1226 vcro
1348 1197 1404 1226 est
1422 1189 1487 1238 qui
1506 1201 1699 1237 nunquam
1723 1186 1857 1224 cecidit
1878 1201 1885 1222 :
1908 1186 2143 1222 felicissimus

1150 1258 1274 1286 autem
1295 1257 1369 1295 est,
1390 1249 1456 1298 qui
1469 1247 1545 1297 jam
1569 1261 1654 1284 cum
1676 1251 1757 1284 Deo
1779 1254 1921 1296 regnat.

1501 1379 1678 1418 CAPUT
1706 1379 1790 1417 XL.

1154 1505 1201 1534 De
1220 1500 1466 1544 promptitudine
1491 1500 1601 1530 animae
1626 1499 1665 1529 ad
1688 1497 1899 1540 recipiendum
1921 1495 2099 1533 Christum,
2118 1502 2147 1526 et

1371 1555 1410 1586 de
1427 1554 1536 1585 intimo
1556 1563 1678 1584 recessu
1698 1552 1794 1583 divini
1810 1551 1935 1582 amoris.

1205 1668 1266 1703 82.
1290 1667 1393 1704 Felix
1420 1667 1535 1702 homo
1556 1673 1631 1710 est,
1653 1664 1711 1700 cui
1733 1671 1872 1713 praesto
1893 1670 1948 1699 est
1967 1674 2051 1698 cum
2078 1673 2147 1696 vo-

1152 1726 1282 1772 luerit,
1297 1725 1436 1763 habere
1454 1726 1571 1761 filium
1591 1727 1724 1760 Deum.
1743 1726 1773 1760 Ο
1791 1730 1932 1772 quanta
1947 1729 2003 1758 est
2019 1721 2146 1770 digni-

1154 1795 1207 1823 tas
1226 1786 1409 1831 hominis,
1431 1786 1545 1821 [ilium
1569 1777 1864 1820 liabereDeum!
1883 1790 1919 1817 et
1935 1789 2075 1830 quanta
2092 1788 2147 1816 est

142 1846 205 1881 81.
223 1845 260 1882 Si
278 1845 392 1895 igitur
408 1845 507 1881 idem
527 1845 583 1881 vis
602 1853 639 1881 et
654 1844 752 1881 idem
772 1845 869 1895 sapis
887 1844 992 1893 quod
1010 1847 1079 1881 Pa-
1096 1848 1122 1884 C
1143 1845 1333 1882 humilitas
1367 1843 1648 1893 Omnipotentis
1678 1842 1817 1879 habere
1850 1841 2040 1877 hominem
2075 1853 2145 1890 pa-

90 1913 166 1951 ter,
183 1905 358 1942 eumdem
385 1905 503 1941 filium
523 1903 640 1941 habes
659 1917 769 1954 quem
791 1913 827 1941 et
845 1908 964 1941 Pater.
985 1908 1028 1941 In
1049 1913 1084 1941 te

89 1973 146 2002 est
160 1972 288 2002 utrum
305 1965 354 2002 sis
372 1973 480 2015 pater
500 1974 565 2002 aut
580 1973 712 2009 mater,
729 1978 775 2001 an
795 1966 922 2015 potius
936 1973 1084 2001 utrum-

90 2037 187 2074 que,
207 2032 314 2075 pater
332 2033 370 2061 et
392 2033 533 2071 mater;
555 2038 631 2061 non
656 2032 721 2061 tuo
749 2025 882 2061 merito
897 2054 906 2070 ,
929 2024 993 2060 sed
1017 2024 1083 2060 Dei

91 2082 208 2120 dono.
226 2086 337 2120 Potes
355 2095 518 2132 namque
533 2096 618 2119 cum
637 2083 789 2132 gignere
809 2084 846 2119 in
867 2083 980 2119 corde
999 2091 1083 2128 tuo,

91 2150 128 2179 et
146 2142 184 2178 in
199 2141 314 2179 corde
329 2143 465 2179 alieno.
482 2146 592 2179 Potes
611 2155 696 2178 eum
715 2143 915 2192 concipere
932 2156 952 2178 a
971 2142 1085 2178 corde

92 2209 179 2246 tuo,
201 2210 239 2238 et
257 2200 305 2238 ab
327 2214 394 2238 ore
417 2201 552 2238 alieno.
576 2202 773 2238 Intellectu
794 2202 971 2251 gignitur,
992 2214 1085 2237 con-

90 2273 204 2297 sensu
219 2261 444 2311 concipitur,
459 2261 596 2297 affectu
611 2261 789 2306 nascitur,
807 2262 943 2297 effectu
965 2261 1085 2297 nutri-

92 2329 165 2357 tur.
187 2319 348 2368 Quando
372 2321 569 2357 veritatem
589 2320 785 2369 intelligis,
808 2321 865 2356 vel
887 2321 999 2356 alium
1026 2321 1087 2356 in-

92 2379 259 2429 telligere
271 2379 374 2423 facis,
384 2379 572 2417 Christum
585 2379 717 2428 gignis.
732 2380 837 2416 Nosti
853 2380 1085 2416 voluntatem

90 2439 184 2477 Dei?
199 2439 368 2476 consenti
394 2439 448 2485 ei,
468 2447 506 2476 et
523 2439 741 2489 concepisti.
762 2439 922 2488 Quando
943 2440 1084 2489 gignis,

92 2512 133 2536 es
154 2507 282 2549 pater;
307 2499 460 2548 quando
486 2499 673 2549 concipi5‚
693 2513 733 2537 es
759 2508 889 2536 mater.
913 2499 1087 2537 Amando

94 2557 277 2607 parturis,
298 2557 492 2607 operando
520 2559 653 2594 nutris.
673 2559 753 2605 Sic,
775 2559 827 2595 sic
847 2559 884 2595 in
904 2567 1087 2609 potestate

1150 1907 1264 1941 trem!
1288 1913 1324 1941 et
1343 1912 1484 1953 quanta
1503 1911 1559 1939 est
1585 1901 1760 1938 nobilitas
1781 1901 1935 1945 animae,
1956 1899 2145 1936 Christum

1149 1968 1275 2001 Jesum
1306 1963 1445 2000 habere
1473 1965 1674 2012 sponsum!
1700 1965 1833 1998 Sancta
1854 1973 1942 2009 ergo
1967 1959 2090 1995 anima
2110 1966 2147 1994 et

1151 2025 1229 2060 veri
1247 2024 1374 2073 sponsi
1393 2024 1511 2059 amica
1530 2022 1576 2058 ad
1600 2021 1724 2057 dilecti
1746 2021 1800 2057 sui
1824 2019 2028 2056 adventum
2048 2032 2147 2055 sum-

1151 2097 1214 2119 mo
1230 2097 1314 2120 cum
1334 2083 1519 2119 desiderio
1540 2094 1689 2130 semper
1704 2079 1815 2115 debet
1835 2078 1979 2114 inhiare
1993 2107 2002 2123 ,
2024 2087 2060 2114 et
2084 2091 2147 2127 pa—

1151 2152 1230 2180 rata
1247 2152 1358 2192 atque
1377 2142 1554 2192 expedita
1571 2154 1671 2185 esse,
1689 2149 1728 2176 ut
1751 2140 1962 2188 pulsantem
1984 2138 2144 2173 amicum

1151 2201 1293 2252 absque
1323 2202 1397 2238 ulla
1423 2200 1613 2236 dilationis
1634 2198 1770 2248 injuria
1791 2198 1910 2247 possit
1933 2197 2146 2246 suscipere,

1151 2269 1189 2297 et
1216 2260 1366 2297 vocanti
1397 2272 1480 2295 cum
1510 2258 1614 2294 omni
1643 2256 1832 2293 alacritate
1862 2268 2079 2299 occurrere;
2103 2268 2148 2290 ne

1152 2319 1278 2357 subito
1306 2328 1342 2356 et
1374 2319 1569 2368 inopinate
1596 2316 1824 2360 adveniens,
1862 2316 1986 2351 minus
2016 2327 2147 2364 prom—

1153 2388 1254 2429 ptam
1288 2387 1325 2415 et
1355 2378 1477 2414 minus
1497 2385 1667 2413 ornatam
1692 2376 1885 2412 inveniat:
1908 2375 1966 2410 vel
1994 2374 2057 2410 diu
2079 2388 2147 2410 ex-

1153 2440 1299 2485 clusus,
1321 2438 1475 2475 diutinae
1494 2436 1784 2486 praestolationis
1804 2436 1916 2471 ullam
1938 2435 2144 2470 molestiam

1154 2500 1346 2537 sustineat.
1380 2498 1489 2536 Aliud
1523 2506 1578 2534 est
1606 2505 1728 2533 autem
1762 2510 1846 2533 cum
1879 2496 1961 2545 ipso
1990 2496 2147 2539 intrare,

1154 2568 1267 2608 atque
1292 2558 1392 2595 aliud
1425 2566 1479 2594 est
1507 2557 1553 2593 ad
1583 2558 1703 2606 ipsum
1731 2556 1842 2591 exire.
1876 2554 1932 2591 Ibi
1958 2555 2080 2590 anima
2101 2553 2146 2590 ad

95 2616 280 2666 cujtlsque
309 2618 554 2667 relinquitur,
584 2627 799 2655 utrumnam
830 2628 942 2655 tautae
970 2619 1088 2669 prolis
1107 2625 1136 2658 D
1152 2633 1190 2657 se
1214 2621 1329 2669 ipsam
1352 2618 1568 2661 revertitur,
1591 2625 1628 2653 ct
1655 2629 1739 2651 cum
1771 2615 1908 2650 dilecto
1929 2627 1997 2649 suo
2028 2627 2146 2662 usque

95 2685 216 2713 mater
231 2677 426 2714 efficiatur.
443 2678 639 2714 Maledicta
657 2692 746 2727 ergo
760 2679 894 2715 sterilis
911 2692 994 2728 quae
1010 2692 1086 2715 non

96 2736 213 2787 parit,
231 2749 315 2786 quae
335 2737 444 2773 talem
474 2737 590 2773 filium
618 2750 688 2786 pro
712 2746 801 2774 voto
828 2751 895 2788 per
913 2739 980 2775 Dei
1001 2752 1086 2787 gra-

98 2795 186 2832 tiam
202 2795 341 2832 habere
357 2797 492 2846 potuit.
507 2800 582 2834 Cur
595 2809 669 2832 non
686 2797 855 2834 similiter
871 2798 1089 2835 maledictus

98 2854 163 2904 qui
179 2867 254 2890 non
267 2854 404 2904 gignit,
421 2855 487 2891 nisi
503 2856 588 2904 quia
607 2868 681 2891 non
702 2869 807 2905 aequc
821 2857 858 2893 in
879 2866 1004 2893 nostra
1023 2870 1088 2907 po·

99 2920 229 2949 testate
244 2913 415 2949 consistit
433 2914 625 2950 veritatem
645 2915 867 2964 intelligere,
887 2925 923 2952 ct
940 2916 1086 2953 veritati

99 2971 339 3008 consentire?
359 2975 439 3009 Non
459 2973 559 3009 enim
586 2974 782 3010 veritatem
805 2988 953 3024 semper
979 2975 1087 3010 iutel—

101 3032 176 3081 ligo
204 3045 288 3068 cum
319 3033 406 3068 volo
427 3047 433 3068 :
456 3034 651 3071 intellectae
674 3043 797 3071 autem
826 3048 974 3084 semper
994 3049 1089 3071 eon-

102 3090 247 3127 sentio:
263 3091 493 3129 vellctamen
517 3106 592 3130 non
611 3107 785 3143 possum,
804 3095 872 3130 uisi
893 3095 1007 3143 gratia
1025 3094 1089 3130 Dei

104 3150 216 3187 suerit
236 3163 395 3187 mecum.
416 3152 524 3190 Nulla
540 3162 594 3190 est
611 3154 709 3189 enim
729 3154 889 3189 humana
909 3153 1094 3188 industria

104 3211 184 3247 sine
202 3210 268 3247 Dei
286 3211 413 3259 gratia.
437 3216 488 3248 Ex
510 3226 586 3261 quo
609 3214 752 3263 primus
773 3213 886 3248 homo
911 3213 1093 3261 peeeaxit,

159 3331 163 3343 ¹
186 3325 263 3355 l'sal.
288 3335 372 3358 xiiii,
397 3330 503 3355 12.—
528 3333 538 3347 ’
556 3327 665 3358 nauh.
691 3339 757 3360 x11.
779 3331 829 3358 (³0.

1154 2680 1198 2716 ad
1224 2679 1353 2716 intima
1379 2676 1503 2713 cordis
1524 2676 1579 2711 sui
1605 2674 1808 2724 penetralia
1831 2672 2066 2721 ingreditur:
2091 2672 2146 2707 liic

1154 2748 1258 2775 extra
1278 2737 1513 2784 semetipsam
1541 2734 1710 2776 ‹lm-itur,
1737 2742 1773 2768 et
1796 2732 1840 2767 ad
1862 2731 2035 2768 sublimia
2055 2745 2147 2767 eon-

1156 2797 1369 2848 templanda
1399 2795 1628 2831 sublevatur.
1662 2792 1759 2840 Quid
1787 2806 1948 2841 namque
1977 2800 2031 2827 est
2066 2791 2147 2840 ejus

1156 2858 1330 2901 introire,
1347 2856 1414 2892 nisi
1436 2868 1473 2890 se
1496 2862 1609 2889 tutam
1632 2853 1668 2888 iu
1693 2853 1927 2901 seim-tipsam
1949 2852 2147 2900 colligere?

1153 2917 1251 2964 Quid
1278 2928 1366 2950 vero
1392 2922 1447 2948 est
1477 2912 1556 2960 ejus
1583 2911 1704 2951 exire,
1731 2911 1798 2946 uisi
1825 2925 1862 2947 se
1894 2913 2010 2960 ipsam
2041 2920 2146 2946 extra

1155 2975 1390 3023 semetipsam
1413 2981 1526 3008 totam
1549 2970 1767 3007 estundere?
1785 2971 1879 3006 Nihil
1903 2971 2027 3019 itaque
2047 2969 2147 3006 aliud

1155 3043 1207 3069 est
1237 3033 1398 3069 animam
1419 3044 1502 3066 eum
1531 3030 1667 3066 dilecto
1693 3044 1761 3065 suu
1789 3031 1822 3065 iu
1848 3029 2062 3066 cubiculum
2092 3031 2150 3066 iu-

1160 3093 1282 3142 gredi,
1312 3100 1346 3127 et
1376 3092 1491 3127 solam
1522 3104 1605 3126 eum
1639 3091 1718 3125 solo
1752 3090 1911 3129 inurat-i,
1935 3089 2151 3125 dulcedine-

1163 3167 1235 3202 que
1254 3152 1334 3201 ejus
1355 3152 1512 3201 perl'rui;
1533 3151 1599 3186 nisi
1619 3151 1847 3186 exteriorum
1868 3151 2036 3186 oninium
2056 3149 2131 3185 obli

1166 3212 1277 3251 visci,
1315 3220 1346 3247 et
1376 3211 1411 3246 iu
1443 3224 1523 3257 ejus
1559 3209 1757 3245 dilectione
1789 3223 1932 3245 summe
1962 3217 1997 3243 et
2027 3209 2155 3244 intime
