2418 3949
61 236 109 273 29
812 235 860 270 IN
890 234 1113 276 CANTICA‚
1142 236 1304 272 SERMO
1333 238 1379 272 11.
2055 240 2104 275 30

58 310 161 360 quod
188 311 322 361 legitur
340 326 348 348 ε
367 313 447 360 Ego
464 311 623 358 gloriam
645 321 762 345 meam
784 322 856 344 non
876 323 1003 357 quoero
1017 315 1043 344 ¹.
1075 308 1087 326 ⁷
1113 308 1288 357 dilectus,
1309 312 1398 348 dum
1418 311 1625 349 inflammat
1647 321 1685 350 et
1707 313 1909 351 succendit.
1928 315 2104 352 Lectulus

55 374 119 419 Et,
142 374 214 419 Qui
238 375 433 421 gloriatur,
453 375 490 407 in
517 373 678 406 Domino
705 372 907 419 glorietur²
938 384 946 406 :
977 369 1049 406 hoc
1065 370 1097 404 A
1113 376 1149 405 et
1168 368 1346 416 dilectus,
1368 371 1456 419 quia
1479 371 1638 421 quiescit
1655 373 1693 409 in
1716 373 1795 419 illo,
1814 381 1851 409 et
1871 374 2103 424 concupiscit

55 439 129 477 est,
149 444 227 468 non
243 443 315 481 pro
331 430 439 467 donis
463 429 616 467 Domini
639 428 678 465 in
703 429 900 465 hominum
918 428 1045 465 favore

52 490 240 541 quiescat;
257 502 326 528 nec
346 490 430 527 finis
444 487 558 538 hujus
574 488 824 534 admixtione,
841 486 1044 538 spiritualis

50 549 180 600 gloriae
196 549 382 587 adulteret
393 550 431 586 in
448 549 574 598 aliquo
591 548 743 598 gaudia,
758 547 822 584 sed
842 546 895 583 illi
907 547 1044 583 referat

50 609 206 659 gratiam
216 636 226 654 ,
244 617 282 645 et
294 616 437 659 quaerat
451 608 489 645 in
502 608 567 644 illo
584 607 740 657 gloriam
759 622 767 644 :
784 607 857 642 hoc
871 613 927 642 est
940 605 1041 642 enim

49 667 173 718 ipsum
193 679 373 718 quaerere.
400 666 523 704 Habet
546 667 615 703 iste
633 665 672 702 in
693 664 962 714 tranquillitate
983 664 1041 700 le-

49 728 213 774 ctulum,
231 728 270 764 in
294 726 502 763 humilitate
525 734 688 762 noctem.
705 729 790 762 Non
810 725 915 761 illum
935 737 1040 760 mor—

47 786 158 824 daces
185 799 284 824 curae
308 785 600 830 circumvolant,
630 784 933 834 inquietudinum
962 797 1040 820 non

46 854 270 897 exasperant
287 844 460 895 injuriae;
477 844 543 882 sed
566 852 689 881 totum
706 845 866 882 lectulus
881 852 918 882 et
937 857 1035 889 nox,

45 913 166 942 totum
184 917 260 954 pax
279 912 317 941 et
334 904 459 954 quies,
481 912 519 941 et
533 903 699 940 latebrae.

97 966 134 1003 6.
161 964 353 1014 Numquid
390 964 477 1002 satis
512 965 595 1002 est?
620 963 803 1002 Fortassis
832 964 938 1009 satis,
972 964 1037 1001 sed

42 1023 253 1070 laboranti3
277 1037 364 1061 nam
392 1037 470 1061 non
495 1024 583 1062 satis
602 1023 753 1060 amanti.
781 1023 911 1060 Dulcis
935 1024 1037 1060 enim

1110 436 1148 464 et
1164 428 1290 466 deficit
1308 430 1347 466 in
1368 431 1503 481 ipsum.

1163 488 1196 524 7.
1227 489 1374 526 Miraris
1403 490 1505 539 quod
1530 490 1614 527 dico
1641 492 1845 529 lectulum?
1873 492 2032 530 Audebo
2063 503 2101 531 et

1107 546 1279 596 adjiciam
1314 549 1424 586 vilius
1456 551 1616 600 aliquid,
1648 551 1725 588 imo
1755 551 1952 589 sublimius
1984 566 2099 603 super

1106 618 1259 644 omnem
1289 609 1445 658 gloriam
1475 609 1594 646 laudis
1621 609 1715 659 ejus.
1736 614 1887 659 Quanto
1906 613 2005 649 enim
2026 626 2097 662 pro

1106 677 1165 702 me
1179 667 1254 715 egit
1268 668 1419 714 viliora,
1437 676 1541 705 tanto
1559 668 1737 706 bonitatis
1753 684 1827 707 suae
1842 671 1946 708 dedit
1960 672 2096 709 indicia

1105 723 1262 773 majora.
1282 729 1368 775 Ipse
1396 728 1562 777 parvulis
1583 728 1759 774 lectulus,
1793 729 1872 778 ipse
1900 732 2013 780 pullis
2044 740 2100 769 est

1105 783 1258 822 nidulus
1278 799 1286 821 :
1306 787 1457 822 Etenim
1473 801 1610 836 passer
1627 790 1765 824 invenit
1780 789 1850 825 sibi
1871 792 2041 836 domum,
2063 803 2099 828 et

1104 852 1221 880 turtur
1242 847 1369 881 nidum
1391 846 1454 882 ubi
1468 856 1589 895 ponat
1599 850 1725 896 pullos
1745 861 1829 884 suos
1843 855 1870 884 7.
1888 850 1950 886 Vis
1965 851 2096 889 audire

1103 904 1223 952 qualis
1250 904 1437 942 lectulus?
1455 910 1561 943 Jacta
1584 906 1768 956 cogitatus
1793 916 1877 945 tuos
1896 909 2096 959 implumes

1103 963 1225 1000 adhuc
1255 972 1292 1000 et
1323 964 1494 1002 infirmos
1522 966 1563 1002 in
1583 966 1762 1012 Domino,
1787 976 1825 1004 et
1842 968 1921 1018 ipse
1942 977 1976 1006 te
1996 983 2095 1007 enu-

1103 1023 1207 1068 triet,
1238 1023 1360 1061 donec
1390 1025 1574 1062 formetur
1603 1034 1641 1062 et
1670 1027 1842 1063 firmetur
1872 1028 2039 1066 Christus
2058 1031 2097 1068 in

41 1082 231 1121 laboranti
270 1096 426 1121 somnus
451 1081 478 1120 ³.
518 1083 688 1120 Amantis
721 1083 891 1119 anxietas
929 1083 1036 1120 illum
1056 1084 1084 1119 B
1102 1089 1137 1118 te
1145 1098 1155 1129 3
1172 1091 1209 1119 et
1223 1096 1399 1121 occurras
1412 1085 1451 1121 in
1467 1085 1591 1122 virum
1606 1086 1816 1135 perfectum
1831 1087 1896 1136 qui
1913 1088 2097 1126 fluctuare

41 1143 208 1181 dormire
223 1156 302 1180 non
319 1143 425 1190 sinit,
442 1142 733 1180 somnolentiam
757 1143 917 1190 excutit,
937 1142 1035 1192 vigi-

0 1244 1 1248 ,
39 1203 106 1240 lias
139 1202 296 1240 inducit.
327 1205 447 1240 Amor
482 1201 529 1239 de
560 1202 686 1252 quiete
720 1201 802 1252 ipsa
829 1202 1035 1251 inquietior

38 1262 224 1300 redditur.
253 1261 418 1310 Quiescit
445 1261 616 1307 tentatio,
637 1260 794 1310 quiescit
818 1262 1031 1311 occupatio,

37 1322 197 1373 quiescit
219 1321 391 1367 afflictio,
419 1320 484 1358 sed
503 1320 696 1370 quiescere
720 1319 873 1358 dilectio
902 1322 1030 1359 nescit.

37 1384 143 1420 Tunc
166 1380 283 1430 magis
308 1380 409 1417 vires
428 1388 580 1417 exercet
606 1380 715 1417 dulce
741 1380 976 1428 incendium,
995 1389 1033 1418 et

37 1441 187 1479 flamma
199 1453 318 1478 vorax
332 1440 378 1477 de
392 1439 556 1477 latibulis
568 1440 731 1477 evadens
745 1453 865 1477 vacuo
878 1440 1032 1478 liberius

36 1509 214 1551 evagatur
230 1500 269 1537 in
295 1501 435 1546 animo,
457 1500 567 1537 altius
586 1500 801 1550 possidens,
822 1508 860 1536 et
884 1501 1030 1538 avidius

35 1560 252 1611 depascens.
267 1558 472 1598 Occasione
489 1567 642 1609 accepta
658 1572 767 1596 suum
790 1559 907 1596 nescit
923 1573 1031 1597 amor

34 1633 113 1657 non
146 1631 321 1656 exercere
350 1619 557 1668 negotium.
586 1621 743 1669 Semper
778 1618 878 1655 enim
916 1632 1028 1668 quem

34 1686 152 1726 amat,
169 1678 229 1715 vel
243 1686 428 1728 praesente
443 1690 488 1714 eo
504 1691 543 1715 se
557 1677 741 1725 oblectat3
758 1678 818 1714 vel
835 1677 1028 1715 absentem

34 1737 233 1776 desiderat.
273 1740 318 1773 Ia
359 1739 438 1782 die,
479 1737 619 1786 inquit,
652 1737 901 1774 tribulationis
935 1752 1029 1774 meoe

32 1800 150 1834 Deum
167 1800 351 1846 exquisivi
366 1795 538 1833 manibus
552 1801 642 1833 meis
653 1797 680 1834 4.
701 1800 830 1846 Longe
847 1796 1027 1834 differen-

1100 1155 1178 1178 non
1197 1143 1326 1192 possit.
1347 1147 1447 1181 Bene
1474 1157 1565 1195 ergo
1589 1145 1766 1192 lectulus,
1785 1147 1850 1195 qui
1870 1147 1960 1183 mihi
1979 1148 2096 1186 factus

1099 1210 1155 1238 est
1175 1215 1196 1238 a
1214 1206 1296 1239 Deo
1312 1202 1459 1252 justitia
1478 1212 1515 1240 et
1543 1217 1637 1254 pax,
1666 1212 1704 1241 et
1729 1205 1955 1255 redemptio,
1978 1216 2016 1244 et
2034 1221 2095 1245 sa—

1098 1261 1250 1311 pientia.
1267 1263 1358 1311 Quis
1374 1263 1478 1300 dabit
1492 1264 1584 1301 mihi
1601 1264 1663 1301 tali
1679 1265 1855 1302 collocari
1875 1266 1914 1302 in
1931 1267 2096 1305 lectulo?

1098 1321 1200 1370 quis,
1230 1322 1406 1372 inquam,
1440 1322 1545 1360 dabit
1576 1323 1668 1359 mihi
1699 1324 1790 1360 istos
1818 1325 2020 1374 pulvillos,
2058 1336 2095 1364 et

1098 1382 1294 1419 cervicalia
1313 1381 1575 1431 hujuscemodi
1595 1383 1694 1420 assui
1722 1382 1792 1419 sub
1819 1383 1948 1421 cubito
1969 1394 2007 1422 et
2029 1400 2093 1423 ca-

1097 1440 1174 1490 pite
1194 1441 1303 1478 meo?
1319 1443 1420 1480 Felix
1439 1443 1618 1489 cervical,
1639 1442 1741 1492 quod
1762 1442 1832 1479 sibi
1849 1457 1987 1493 sponsa
2007 1458 2095 1495 sup-

1095 1500 1205 1549 ponit
1233 1515 1241 1537 :
1272 1503 1385 1537 Loevtt
1415 1506 1493 1548 rjus
1520 1501 1584 1537 sub
1605 1506 1728 1550 capite
1748 1516 1847 1546 mee,
1870 1513 1905 1539 et
1933 1506 2094 1540 dextera

1096 1561 1194 1595 illius
1211 1560 1489 1608 amplexabitur
1503 1575 1560 1597 me
1575 1560 1602 1598 ⁸.
1621 1562 1790 1599 Alterum
1804 1561 1880 1610 jam
1903 1563 2090 1612 possidet,

1095 1618 1253 1654 alterum
1275 1618 1345 1656 sibi
1366 1620 1578 1669 pollicetur.
1600 1624 1749 1657 Laevam
1776 1629 1898 1667 tenet,
1920 1622 1985 1659 sed
2005 1622 2094 1659 dex—

1095 1686 1190 1715 tram
1211 1680 1358 1728 quaerit.
1380 1683 1650 1716 Delectationes
1670 1681 1770 1716 enim
1795 1685 1832 1716 in
1863 1683 2001 1718 (lextra
2028 1693 2093 1718 tua

1096 1750 1211 1785 usquc
1241 1742 1280 1773 in
1303 1739 1425 1784 finem
1439 1745 1466 1775 9.
1500 1739 1614 1787 Quasi
1648 1738 1695 1775 de
1718 1738 1856 1776 lectulo
1892 1740 2013 1776 tendit
2045 1741 2092 1777 ad

1094 1795 1283 1833 lectulum.
1304 1798 1574 1835 Suavissimum
1596 1798 1687 1834 mihi
1708 1798 1888 1844 cervical,
1911 1798 2010 1837 bone
2027 1805 2092 1838 Je-

33 1857 108 1894 tior
130 1855 324 1906 quaerendi
347 1856 442 1892 ratio
459 1869 562 1893 nunc
577 1869 598 1892 a
621 1869 760 1906 sponsa
782 1857 1024 1907 proponitur.
1047 1859 1074 1894 C
1095 1869 1159 1902 su,
1177 1857 1307 1906 spinea
1323 1857 1385 1893 illa
1403 1858 1534 1908 capitis
1551 1858 1604 1894 tui
1619 1870 1771 1894 corona.
1794 1859 1919 1895 Dulcis
1934 1860 2093 1897 lectulus

30 1916 137 1954 Illam
161 1928 238 1952 non
260 1915 421 1965 impellit
444 1915 613 1961 afflictio,
635 1915 701 1952 sed
725 1915 838 1952 trahit
864 1916 1028 1955 affectio.

29 1976 97 2014 Ille
115 1976 154 2012 in
175 1975 321 2025 psalmo
352 1974 489 2024 quaerit
518 1975 699 2011 adversus
719 1974 1026 2023 tribulationem;

29 2035 121 2081 ista,
142 2034 189 2072 ad
208 2033 349 2071 amoris
368 2046 477 2070 usum
500 2042 538 2070 et
552 2033 855 2071 oblectationem.
873 2034 932 2070 Ad
956 2035 1029 2072 hoc

29 2095 129 2131 enim
152 2094 266 2131 refert
294 2102 332 2130 et
359 2093 495 2143 quietis
525 2094 721 2138 lectulum,
740 2101 778 2130 et
798 2094 919 2130 noctis
943 2094 1027 2130 lati-

30 2153 182 2199 bulum,
204 2161 248 2190 ut
265 2166 376 2203 quem
396 2153 533 2202 diligit,
554 2161 592 2189 et
616 2153 839 2189 inconcusse
860 2154 1024 2199 recolat,

29 2221 67 2249 et
86 2212 229 2250 sincere
246 2212 382 2262 sapiat,
402 2219 440 2248 et
455 2212 614 2249 dulciter
629 2212 775 2248 sentiat.
791 2215 891 2261 Ergo
907 2212 1026 2249 multo

29 2272 157 2321 potior
174 2271 213 2308 in
235 2270 412 2320 diligente
431 2283 546 2320 quam
566 2271 604 2306 in
624 2270 817 2320 indigente
833 2271 1026 2320 quaerendi

29 2330 124 2367 ratio
147 2344 156 2367 :
183 2330 356 2380 quamvis
379 2328 466 2379 jure
495 2329 569 2366 dici
598 2329 736 2379 possit,
765 2329 869 2378 quod
898 2338 1027 2367 sancta

28 2389 190 2439 quadam
226 2401 375 2438 semper
411 2396 494 2438 eget
525 2401 633 2425 amor
666 2389 834 2425 avaritia.
870 2391 1027 2439 Semper

27 2449 129 2485 enim
148 2448 196 2485 ad
215 2448 418 2486 secretiora
435 2456 634 2495 exaestuat,
655 2456 693 2485 ct
713 2461 798 2497 quae
828 2456 930 2485 tenet
949 2462 1026 2486 non

30 2516 224 2559 reputans,
243 2507 404 2545 volubili
421 2520 459 2545 se
478 2516 602 2558 raptat
615 2508 654 2544 in
671 2508 861 2545 anteriora
877 2517 1024 2556 rotatu;

28 2575 66 2605 et
82 2568 206 2606 vitalis
224 2568 344 2606 instar
363 2576 455 2605 rotae
475 2568 661 2618 spirituali
682 2568 833 2605 levitate
851 2568 897 2605 ad
919 2581 1028 2619 supe-

28 2627 127 2664 riora
153 2635 234 2665 toto
257 2635 394 2664 conatu
416 2628 614 2673 attollitur,
636 2627 683 2664 de
714 2636 812 2664 terra
841 2628 904 2665 vix
932 2642 1027 2678 pau-
1042 2635 1075 2668 D

28 2687 146 2724 lulum
178 2687 319 2737 aliquid
351 2687 549 2736 attingens.
571 2687 744 2737 Denique
772 2696 810 2724 et
841 2688 878 2724 in
908 2690 1024 2726 Paulo

29 2747 197 2784 nondum
217 2760 256 2784 se
269 2748 602 2797 comprehendisse
618 2747 823 2784 arbitratur
840 2763 848 2784 ;
866 2748 930 2785 sed
946 2749 1025 2799 ipsc

29 2805 75 2842 ad
95 2806 283 2843 anteriora
304 2814 500 2853 extensus,
521 2807 627 2856 quasi
648 2807 840 2844 rationalis
861 2817 942 2845 rota
963 2822 1024 2845 se-

27 2864 170 2914 quitur,
192 2879 268 2915 quo
296 2865 403 2902 illum
427 2866 525 2916 rapit
545 2866 698 2916 spiritus
719 2867 897 2904 ferventis
927 2868 1025 2904 desi-

28 2924 120 2961 derii
135 2923 162 2962 ⁵.
183 2925 374 2975 Siquidem
395 2934 432 2962 et
451 2925 538 2962 cum'
554 2927 873 2963 consummaverit
893 2927 1021 2973 liomo,

29 2991 117 3021 tunc
133 2984 288 3034 incipiet
300 2983 327 3021 ⁶.
347 2988 390 3022 In
410 2985 586 3035 praesenti
604 2999 756 3035 quoquc
776 2999 913 3036 sponsa
933 2987 1023 3023 (lum

30 3050 131 3080 tenet
157 3044 355 3090 lectulum,
388 3058 466 3080 non
497 3045 570 3081 hoc
602 3053 798 3090 contenta,
833 3046 1025 3084 ardentius

29 3103 185 3153 requirit
204 3104 394 3141 dilectum.
415 3105 482 3141 Ille
501 3104 554 3140 illi
572 3105 730 3141 lectulus
751 3119 758 3140 :
776 3104 837 3141 ille
855 3105 1023 3144 dilectus,

28 3163 221 3210 Lectulus,
242 3163 332 3200 dum
353 3163 540 3200 infirmam
561 3173 598 3200 ct
618 3164 807 3213 fatigatam
834 3166 990 3215 suscipit
1012 3181 1020 3202 :

79 3293 88 3307 ¹
108 3290 200 3319 Joau.
224 3300 284 3319 vm
302 3313 308 3325 ‚
329 3294 380 3321 50.
400 3309 441 3312 Α
466 3295 476 3310 ²
500 3293 526 3320 11
550 3292 621 3321 Cor.
641 3301 680 3326 x,
708 3292 757 3320 17.
780 3309 815 3312 —
850 3288 974 3322 ³1⁴'.‹·cle.
996 3305 1025 3330 v,
1051 3297 1100 3323 11.
1121 3311 1157 3315 -ss
1193 3290 1293 3321 il‘sal.
1315 3301 1411 3319 [xxxi
1428 3314 1434 3326 ‚
1455 3294 1485 3320 Il.

1008 3351 1022 3373 ἐ)
1043 3345 1121 3375 l'sal.
1140 3356 1192 3375 λι,
1214 3347 1262 3373 ll.

28 3350 113 3370 xvxii
128 3364 135 3379 ,
153 3345 183 3372 6.
202 3361 243 3365 -—-
268 3342 539 3376 7l‘sal.1.xxx111.
564 3344 594 3373 [ι.
677 3342 689 3362 ⁸
704 3342 822 3373 (lautic.
841 3354 861 3372 ιι
875 3368 881 3378 ,
904 3348 957 3374 fi„

1095 1915 1186 1951 illud
1208 1917 1328 1954 crucis
1359 1925 1432 1953 tuae
1461 1918 1617 1967 lignum.
1638 1921 1681 1954 In
1704 1917 1774 1954 hoc
1804 1931 1874 1967 ego
1902 1932 2037 1956 nascor
2055 1929 2094 1958 et

1095 1975 1257 2021 nutrior,
1274 1989 1383 2012 creor
1399 1984 1436 2012 et
1452 1989 1616 2021 recreor,
1636 1985 1672 2013 et
1688 1990 1802 2026 super
1818 1978 2002 2027 passionis
2020 1987 2094 2016 tuae

1093 2034 1223 2070 altaria
1239 2036 1431 2071 memoriae
1448 2036 1538 2072 mihi
1555 2036 1685 2072 nidum
1708 2036 1871 2073 libenter
1887 2039 2087 2076 recolloco.

1093 2093 1204 2141 Quod
1232 2094 1261 2130 si
1294 2093 1438 2143 majora
1465 2094 1575 2130 datur
1594 2103 1630 2130 et
1661 2095 1855 2131 arcaniora
1884 2099 2091 2145 persentire

1092 2151 1230 2189 divinae
1251 2152 1455 2201 majestatis
1475 2154 1671 2202 mysteria,
1696 2154 1787 2190 nihil
1807 2155 1900 2191 illud
1916 2168 1933 2191 a
1952 2156 2091 2193 lectulo

1091 2220 1128 2248 et
1151 2220 1261 2249 nocte
1285 2213 1430 2260 differt,
1454 2213 1483 2250 si
1503 2214 1588 2263 quis
1607 2214 1835 2250 adfuturam
1858 2217 2091 2266 contemple-

1093 2279 1154 2307 tur
1183 2272 1477 2320 plenitudinem,
1509 2285 1586 2308 non
1617 2273 1816 2309 formulam
1850 2275 2092 2322 perfectionis

1092 2331 1277 2368 humanae.
1299 2335 1391 2369 Nam
1420 2341 1457 2368 et
1478 2332 1683 2381 perfectius
1706 2341 1878 2369 nostrum
1909 2333 2090 2383 imperfe-

1091 2398 1192 2427 ctum
1214 2399 1288 2437 est,
1318 2399 1356 2427 et
1387 2391 1444 2442 (ut
1472 2391 1598 2429 verius
1619 2391 1757 2441 dicam)
1785 2392 1847 2428 vix
1881 2392 2002 2429 adhuc
2028 2394 2092 2430 in-

1092 2450 1281 2488 choatum.
1302 2455 1507 2500 Propterea
1532 2460 1569 2487 et
1594 2455 1739 2488 initium
1760 2454 1914 2499 aliquod
1931 2451 2092 2489 dicimur

1092 2518 1276 2545 creaturoe
1302 2510 1371 2547 Dei
1388 2516 1430 2557 ¹⁰,
1451 2518 1488 2546 et
1521 2518 1664 2546 tantum
1680 2512 1874 2559 primitias
1903 2513 2090 2561 accepisse

1092 2570 1251 2616 Spiritus
1268 2574 1310 2604 ¹¹.

1146 2628 1181 2663 8.
1211 2627 1447 2665 Temerarius
1468 2628 1623 2665 forsitan
1643 2627 1784 2674 videar,
1805 2628 1870 2677 qui
1891 2642 2010 2665 conor
2029 2629 2090 2666 in-

1091 2695 1246 2738 experta
1279 2701 1471 2737 exponere
1502 2697 1539 2724 et
1570 2689 1616 2725 de
1644 2702 1793 2738 sponsae
1825 2689 1981 2734 lectulo,
2005 2704 2089 2739 quae

1090 2748 1196 2783 illum
1229 2747 1379 2784 suavius
1416 2747 1540 2783 forsan
1576 2756 1613 2784 ct
1649 2748 1830 2784 secretius
1863 2748 2086 2794 collocavit,

1091 2820 1204 2855 quam
1227 2806 1444 2856 conjectura
1465 2815 1591 2843 nostra
1622 2808 1740 2857 possit
1768 2808 1962 2856 attingere.
1985 2812 2089 2855 Qua—

1093 2875 1249 2916 propter
1270 2867 1316 2903 de
1345 2868 1530 2916 mysteriis
1558 2868 1603 2904 ad
1636 2881 1760 2904 mores
1791 2868 2085 2914 descendamus,

1091 2933 1127 2961 et
1148 2926 1316 2962 dicamus
1335 2926 1406 2961 lioc
1426 2939 1505 2961 csse
1523 2926 1700 2962 dilectum
1730 2931 1767 2961 iu
1795 2929 1936 2970 lectulo,
1961 2936 1996 2963 et
2017 2942 2091 2976 per

1091 2995 1214 3021 noc-trs
1244 2999 1431 3034 quaerere,
1453 3000 1537 3022 cum
1563 2995 1648 3035 post
1674 2986 1798 3022 cordis
1825 2987 2022 3036 strepitum
2053 2997 2089 3024 et

1092 3047 1213 3083 carnis
1246 3055 1409 3092 motum,
1443 3047 1580 3095 quietis
1612 3055 1648 3082 ct
1679 3047 1920 3097 prmsentium
1953 3047 2086 3092 obliti,

1091 3106 1301 3156 primitivas
1316 3106 1496 3154 quasdam
1517 3106 1651 3142 futurae
1667 3106 1875 3142 dulcedinis
1895 3115 2089 3155 captamus

1092 3165 1254 3202 delicias.
1279 3164 1402 3201 llalies
1423 3178 1512 3213 crgo
1546 3164 1601 3214 (ut
1634 3164 1800 3201 breviter
1831 3164 2018 3214 colligaml
2052 3166 2088 3201 iu

1934 3310 1937 3311 ν
1961 3288 1975 3308 '³
1998 3291 2088 3321 Ι·“,ιϊ1ι.

1347 3342 1493 3372 “ulau-obi
1517 3355 1547 3379 1,
1573 3345 1622 3373 18.
1661 3362 1688 3364 —
1710 3349 1733 3363 ¹¹
1759 3346 1846 3372 llum.
1871 3354 1950 3374 xm,
1974 3347 2024 3371 Ἧι.

1527 3310 1537 3311 ff
1563 3288 1576 3310 s'
1596 3290 1728 3332 l'liilipp.
1747 3302 1805 3324 ιιι,
1833 3294 1881 3320 Ιζὶ.
