2418 3949
187 248 282 284 1133

180 325 270 360 dum
299 337 438 374 corpus
462 333 499 361 et
529 325 747 374 sanguinem
780 325 1057 373 Redemptoris.
1085 321 1210 359 vidi-³⁷

179 383 430 420 assistentium
445 383 592 433 turbam
608 385 840 421 ministeriali
855 383 1058 420 devotione
1071 395 1171 418 nunc
1189 384 1218 415 A

181 442 332 479 flectere
351 456 492 492 genua,
512 456 613 479 nunc
633 443 795 480 osculari
815 455 958 487 manus,
977 451 1014 478 et
1034 441 1080 478 ad
1101 441 1171 477 im—

180 501 393 549 perantium
421 509 555 538 nutum
582 510 676 538 nutu
709 502 816 538 citius
844 500 1010 536 obedire.
1039 499 1109 538 Sed
1137 507 1173 534 et

181 572 318 608 pueros
337 560 484 609 aspexi,
498 560 563 609 qui
577 561 749 596 nesciunt
762 559 852 609 quid
867 560 912 596 sit
925 560 1022 596 inter
1041 559 1173 595 dexte-

182 631 259 654 ram
287 627 324 655 et
347 619 535 655 sinistram
550 647 560 663 ‚
584 618 656 655 sibi
673 619 719 655 ad
737 619 894 654 invicem
921 618 1095 668 psalteria
1115 617 1173 652 in-

182 676 333 722 videre,
361 686 398 714 et
430 686 624 727 reportare
658 677 704 714 ad
732 678 890 714 lectulos
920 690 1028 720 suos,
1057 676 1170 713 furari

180 749 355 772 somnum
386 737 433 773 ab
455 737 574 773 oculis
601 737 700 782 suis,
722 745 759 773 et
783 737 819 773 in
849 737 984 773 lectulo
1009 749 1078 772 suo
1104 748 1172 785 per

181 804 309 832 noctes
333 808 501 844 quaerere
523 808 634 844 quem
665 794 840 844 diligebat
867 796 990 831 anima
1015 807 1170 840 eorum;

180 854 283 903 quod
302 855 388 891 licet
407 863 537 890 contra
562 854 873 891 consuetudinem
897 861 1167 903 praesumptum

180 913 247 959 sit,
266 926 343 950 non
364 922 486 950 tamen
506 921 638 949 contra
659 913 913 950 devotionem.
938 917 1092 958 Fateor,
1112 913 1170 948 in-

180 980 236 1008 ter
251 971 330 1008 haec
345 973 472 1008 omnia
485 971 694 1021 cogitabam
711 987 719 1008 :
738 973 868 1008 Castra
885 975 956 1008 Dei
971 982 1058 1008 sunt
1071 973 1168 1014 hoec,

179 1044 252 1066 non
268 1041 320 1067 est
333 1032 393 1067 laic
407 1034 514 1067 aliud
528 1036 602 1067 m'si
617 1034 748 1067 domas
763 1034 847 1075 Dei,
868 1041 902 1066 e!
915 1039 1026 1079 porta
1044 1033 1129 1065 roelt'
1144 1035 1168 1064 ¹.

1000 249 1163 283 SERMO
1193 247 1412 282 TERTIUS.

1215 322 1421 357 “eraverunt
1457 335 1568 369 aquoe
1614 334 1726 368 usque
1766 321 1817 354 (nl
1850 321 2015 353 animam
2054 329 2173 351 meam
2200 314 2228 350 ὁ.

2133 240 2230 275 1134

1291 383 1326 417 5.
1358 381 1503 416 Primus
1529 380 1642 428 liujus
1671 379 1836 415 fluminis
1856 377 1958 413 rivus
1978 383 2034 411 est
2051 374 2227 423 cogitatio

1238 440 1345 476 mala.
1377 440 1493 476 Rivus
1525 440 1742 483 exundans,
1764 447 1801 474 et
1830 438 1895 486 qui
1919 436 2028 472 nullis
2055 434 2229 471 obicibus

1238 499 1453 547 repellatur.
1486 497 1608 534 llabet
1637 497 1883 546 frequentiam
1916 494 2129 544 pluviarum
2162 505 2229 541 per

1240 559 1419 594 fenestras
1449 570 1720 606 corporeorum
1747 568 1944 599 sensuum,
1971 554 2036 603 qui
2057 553 2089 589 ei
2113 565 2228 588 niun—

1240 616 1346 652 danis
1371 617 1564 653 cataractis
1585 616 1798 652 mortiferos
1818 614 1956 650 imbres
1980 612 2140 649 infusius
2162 611 2228 647 ad-

1240 675 1466 711 ministrant.
1485 678 1665 712 Occursat
1691 673 1856 723 aspectui
1883 672 2017 707 mentis
2039 670 2142 720 quod
2172 670 2229 705 vi-

1237 734 1291 769 dit
1309 743 1346 770 et
1364 734 1529 779 audivit,
1548 734 1651 783 quod
1676 733 1851 769 odoravit
1866 740 1902 767 et
1919 730 2105 781 gustavit,
2123 729 2227 779 quod

1237 793 1403 842 palpavit
1424 802 1461 829 et
1485 793 1614 842 tetigit.
1634 796 1680 829 Et
1702 793 1925 842 plerumque
1945 789 2047 838 quod
2067 788 2229 838 simplici

1236 853 1347 889 oculo
1367 854 1581 902 aspeximus
1594 881 1603 896 ‚
1616 852 1824 901 versipellis
1839 858 2036 886 contortor
2051 850 2087 884 in
2106 848 2228 884 offen-

1236 912 1402 948 diculum
1439 920 1633 961 retorquet
1668 925 1710 947 ac
1747 910 1980 947 scandalum.
2020 908 2144 956 Fingit
2177 907 2228 943 si-

1239 971 1488 1017 militudines,
1515 972 1695 1021 imagines
1721 971 1864 1020 pingit,
1885 970 2031 1005 colores
2049 976 2170 1017 aptat,
2193 976 2230 1003 et

1239 1032 1275 1067 in
1303 1031 1466 1068 thalamo
1495 1031 1631 1067 mentis
1654 1031 1827 1067 universa
1850 1027 2062 1071 convolvit,
2084 1027 2115 1063 si
2135 1026 2231 1062 sorte

179 1091 341 1136 Vellem,
365 1091 523 1137 nollem,
539 1098 665 1128 vestra
685 1090 890 1126 devotione
914 1088 1113 1133 trahebar,
1137 1097 1175 1124 et
1194 1090 1220 1122 B
1241 1104 1464 1127 consensum
1495 1091 1638 1134 eliciat,
1668 1098 1705 1126 et
1734 1089 1909 1125 affectum
1939 1087 2091 1123 inficiat.
2114 1085 2234 1123 Ossert

180 1149 287 1186 vobis
307 1149 588 1200 negotiantibus
603 1150 712 1186 otiari
730 1163 808 1186 non
829 1158 1015 1199 poteram.
1032 1152 1169 1197 Seque-

179 1208 248 1245 bar
276 1222 363 1255 vos,
383 1208 449 1246 sed
479 1222 499 1245 a
528 1209 662 1258 longe,
678 1209 736 1245 vel
763 1209 943 1245 aberrans
964 1222 984 1244 a
1003 1208 1082 1253 via,
1109 1207 1169 1243 vel

177 1268 392 1305 claudicans
421 1281 442 1304 a
464 1269 605 1305 semitis
633 1269 742 1314 meis,
764 1269 895 1317 lugens
917 1277 953 1305 et
971 1267 1170 1304 contrista-

180 1336 257 1373 tus,
274 1328 362 1377 quia
383 1340 459 1364 non
479 1336 649 1378 poteram
669 1341 817 1376 aequare
838 1336 1045 1364 currentes.
1058 1326 1173 1363 Novit

178 1387 240 1424 ille
272 1393 398 1424 unus³
415 1415 425 1433 ,
448 1401 533 1424 cum
564 1401 640 1437 quo
667 1401 744 1424 uno
774 1401 889 1424 unum
917 1387 1014 1437 coepi
1034 1400 1114 1423 esse
1135 1387 1172 1421 in

179 1447 366 1493 Domino,
387 1460 499 1496 quam
524 1447 786 1495 frequentibus
806 1447 970 1495 querelis
993 1447 1175 1495 impleve-

183 1507 252 1542 rim
274 1519 382 1542 aures
398 1505 498 1554 ejus,
516 1506 617 1555 quod
637 1519 703 1542 vos
719 1507 754 1541 in
773 1505 927 1541 meridie
947 1506 1075 1541 essetis
1091 1518 1174 1540 cum

182 1578 338 1615 sponso,
357 1573 395 1601 et
411 1578 481 1614 ego
495 1578 579 1601 cum
599 1578 735 1614 sponsa
751 1566 785 1600 in
806 1565 1021 1614 vespertino
1040 1565 1176 1613 frigore

182 1637 452 1661 commorarer.

235 1683 270 1719 4.
289 1682 367 1728 Eia,
382 1682 528 1727 fratres,
543 1682 571 1717 si
583 1681 723 1730 aliquid
742 1682 864 1718 adhuc
876 1682 1023 1718 defluus
1038 1682 1177 1717 humor

182 1742 228 1779 de
246 1743 401 1778 flumine
422 1741 658 1778 mortalitatis
679 1740 791 1789 liujus
812 1750 954 1777 vestras
973 1742 1176 1777 circumro—

182 1802 480 1845 rataffectiones‚
498 1801 630 1849 tergite
646 1808 681 1836 et
701 1801 812 1849 tegite
831 1800 936 1836 illum
955 1800 1067 1836 niveo
1085 1812 1175 1835 con-

1235 1149 1427 1186 horribilia
1455 1150 1500 1185 de
1528 1149 1745 1193 divinitate,
1767 1146 1950 1184 terribilia
1976 1145 2022 1181 de
2046 1144 2138 1189 fide,
2158 1144 2232 1180 mi—

1237 1208 1367 1245 rabilia
1386 1208 1432 1244 de
1452 1207 1538 1245 fidei
1557 1207 1812 1250 institutione3
1830 1213 1865 1241 et
1884 1205 1921 1240 in
1936 1204 2083 1240 alveolo
2100 1202 2235 1238 mentis

1237 1268 1472 1304 veneniferas
1506 1267 1642 1316 ingerit
1678 1266 1870 1315 potiones,
1893 1275 1986 1311 quas
2015 1262 2052 1298 in
2080 1261 2232 1298 confes-

1238 1328 1345 1363 sione
1391 1340 1567 1363 evomere
1608 1333 1784 1375 peccator
1821 1330 1998 1359 oneratus
2043 1320 2232 1356 exhorret.

1240 1386 1351 1421 Venit
1378 1385 1414 1421 in
1436 1385 1667 1429 oratorium,
1689 1382 1954 1418 dormitorium
1977 1387 2158 1428 occupat,
2177 1379 2236 1414 in-

1241 1445 1337 1481 sidet
1361 1444 1578 1488 refectorio,
1603 1442 1736 1478 circuit
1756 1441 1983 1484 claustrum,
2005 1438 2134 1474 revisit
2155 1438 2236 1473 ofli-

1243 1505 1364 1546 cinas,
1388 1503 1527 1539 nullam
1552 1500 1806 1551 praetermittit
1825 1506 1941 1534 artem
1965 1496 2150 1541 nocendi;
2171 1496 2235 1532 sed

1244 1563 1402 1600 ubilibet
1428 1576 1503 1599 suae
1527 1561 1735 1598 calliditatis
1755 1559 1917 1607 assignat
1935 1557 2109 1606 argutias.
2132 1559 2178 1592 Et
2197 1557 2236 1591 ιιι

1243 1623 1360 1659 choro
1391 1622 1543 1671 quidem
1577 1622 1675 1657 inter
1709 1619 1894 1655 orandum
1930 1626 1966 1654 et
1998 1616 2234 1666 psallendum

1245 1690 1406 1718 mentem
1443 1680 1626 1731 pertrabit
1662 1680 1697 1715 in
1737 1678 1885 1714 diversa
1908 1705 1917 1721 ,
1959 1676 2235 1725 praeteritorum

1244 1741 1558 1777 rememoratione
1606 1739 1808 1788 puritatem
1857 1736 2068 1772 intellectus
2108 1735 2236 1770 invol-

1245 1814 1346 1837 vens.
1362 1804 1404 1837 In
1420 1801 1536 1836 choro
1550 1812 1639 1835 vero
1657 1798 1910 1834 multiformes
1926 1794 2090 1831 libidinis
2104 1807 2236 1830 sensus

183 1860 563 1904 fessionisamictu‚et
575 1861 712 1896 calcate
725 1859 840 1895 vosin
859 1859 1171 1908 praeparationem
1191 1861 1217 1895 C
1239 1860 1400 1903 evolvit,
1425 1858 1604 1896 insidians
1632 1856 1877 1893 sollicitudini
1908 1863 2060 1898 vestrae,
2083 1862 2120 1890 et
2153 1854 2233 1890 telis

182 1920 375 1970 Evangelii
406 1920 508 1969 pacis
525 1925 558 1965 ²,
584 1928 627 1955 ut
647 1919 726 1955 sitis
753 1918 799 1954 de
821 1918 960 1967 quibus
981 1918 1070 1954 dicit
1089 1930 1176 1954 san-

181 1989 264 2016 ctus
287 1994 294 2016 :
325 1983 365 2014 ln
378 1980 541 2025 flumine
557 1978 837 2026 pertransibunt
858 1979 968 2027 pede.
989 1976 1089 2024 Quid
1109 1990 1178 2013 au-

182 2048 255 2075 tem
270 2051 339 2089 per
352 2038 454 2074 haec?
467 2037 524 2073 Ibi
539 2037 802 2073 laetabimur-itt
820 2035 934 2085 ipso3.
954 2040 1009 2072 De
1024 2036 1178 2072 flumine

181 2099 253 2134 linc
268 2127 277 2144 ,
299 2098 375 2134 imo
396 2098 442 2134 de
459 2096 678 2133 fluminibus
700 2097 780 2133 istis
798 2096 912 2133 Isaias
931 2096 1116 2146 propheta
1137 2096 1174 2131 in

181 2157 377 2194 nocturnis
395 2155 621 2193 lectionibus
639 2156 777 2204 largius
799 2155 1016 2204 disputavit.
1038 2157 1173 2190 Percu-

179 2222 266 2261 τίει,
291 2216 434 2265 inquit,
452 2219 629 2252 Dominus
638 2216 795 2262 fluvittm
820 2217 971 2263 sEgani
987 2219 1025 2249 ιή
1041 2224 1175 2262 septem

181 2281 287 2321 rivis,
309 2283 362 2311 ιἸα
389 2285 429 2312 ut
451 2284 646 2311 transeant
659 2288 733 2322 per
759 2288 838 2310 eum
860 2275 1057 2309 calcea11·⁴'.
1082 2274 1177 2309 Volo

181 2336 227 2373 de
247 2336 364 2372 fluvio
381 2344 419 2372 et
436 2335 526 2372 rivis
546 2334 628 2383 ejus
647 2334 839 2384 paulisper
860 2332 1095 2369 confabulari
1114 2346 1181 2368 vo-

181 2395 324 2432 biscum
340 2425 350 2441 ,
368 2394 562 2445 quomodo
581 2403 618 2430 et
632 2394 795 2443 qualiter
811 2394 1067 2442 percutiatur,
1085 2391 1178 2441 quid

179 2457 227 2492 sit
247 2469 315 2507 per
342 2468 427 2492 eum
453 2455 611 2491 transire
631 2454 827 2490 calceatos.
853 2457 1019 2502 AEgypto
1040 2453 1178 2502 ligura-

181 2515 265 2552 liter
291 2514 452 2564 exprimi
483 2514 667 2550 mundum
699 2514 832 2557 istum,
857 2512 1073 2548 divinorum
1101 2511 1178 2547 elo-

179 2574 357 2623 quiorum
375 2581 603 2610 scrutatores
629 2573 841 2617 affirmant,
869 2572 933 2621 qui
957 2572 1103 2621 positus
1122 2579 1178 2608 est

1243 1919 1461 1956 fortioribus
1487 1929 1713 1968 oppugnans
1736 1928 1822 1954 vos,
1844 1914 1985 1950 utinam
2011 1926 2086 1949 non
2113 1926 2235 1962 expu-

1243 1987 1350 2029 gnet3
1366 1987 1521 2028 pungat,
1539 1990 1616 2013 non
1634 1976 1819 2011 vulneret.
1838 1977 1877 2009 In
1897 1973 2096 2009 refectorio
2113 1980 2236 2008 autem

1245 2039 1367 2087 gulam
1389 2038 1503 2074 allicit
1523 2037 1569 2073 ad
1590 2034 1795 2072 videndum
1817 2046 1900 2082 qua²
1922 2033 2182 2082 perferuntur,
2202 2040 2239 2067 et

1244 2097 1387 2146 ingenti
1407 2096 1584 2132 aviditate
1605 2100 1739 2130 onerat
1761 2091 1963 2127 distentum
1985 2098 2175 2134 ventrem,
2198 2099 2238 2126 ut

1243 2155 1385 2204 majore
1412 2168 1527 2204 opera
1559 2152 1604 2189 ad
1635 2150 1864 2200 egerendum
1897 2162 2025 2197 egeas,
2050 2162 2162 2197 quam
2191 2149 2236 2185 ad

1243 2215 1504 2264 ingerendum.
1522 2217 1563 2250 In
1588 2212 1752 2248 claustro
1777 2209 1892 2246 libros
1913 2208 2057 2244 revellit
2077 2221 2097 2244 a
2117 2210 2236 2244 mani-

1245 2275 1335 2318 bus,
1359 2274 1579 2310 memoriam
1603 2280 1744 2308 reserat
1765 2270 2058 2318 scripturarum,
2081 2276 2117 2304 et
2139 2281 2238 2304 nuuc

1247 2336 1293 2371 de
1314 2335 1384 2370 isto
1401 2333 1447 2370 ad
1468 2334 1572 2369 illum
1588 2361 1596 2377 ‚
1617 2344 1717 2367 nunc
1737 2330 1782 2365 de
1804 2329 1868 2364 illo
1889 2327 1935 2364 ad
1954 2328 2062 2362 istum
2085 2340 2170 2362 eum
2188 2328 2239 2362 si—

1245 2394 1327 2443 gnis
1351 2401 1388 2428 et
1408 2392 1634 2428 scurrilitate
1661 2388 1888 2426 transvertit.
1912 2390 1981 2422 Per
2003 2386 2238 2425 ofliciuarum

1246 2451 1525 2488 multitudinem
1548 2458 1582 2485 tc
1604 2449 1690 2484 facit
1714 2458 1914 2484 excurrere
1929 2473 1938 2490 ,
1958 2453 1994 2480 et
2013 2444 2239 2493 vagabundo

1243 2525 1282 2548 se
1308 2510 1483 2547 comitem
1515 2508 1619 2551 facit,
1643 2506 1764 2542 donec
1797 2503 2060 2541 taciturnitatis
2080 2503 2237 2545 ostium,

1243 2579 1307 2607 aut
1347 2569 1514 2619 aperiat,
1549 2575 1613 2603 aut
1645 2566 1866 2614 confringat.
1900 2562 2000 2611 Quid
2032 2562 2168 2611 plura?
2198 2567 2236 2599 Ιιι

182 2635 218 2669 in
250 2633 413 2682 maligno
429 2661 438 2677 ‚
459 2633 523 2681 qui
551 2631 716 2668 tenebris
744 2641 781 2668 et
805 2630 1093 2668 confusionibus
1116 2638 1173 2667 est
1193 2637 1223 2669 D
1241 2630 1358 2665 clioro
1379 2627 1620 2664 devotionem
1639 2654 1648 2670 ,
1674 2625 1710 2660 ιιι
1736 2625 1846 2660 thoro
1867 2622 2094 2665 castitatem,
2116 2622 2152 2657 in
2178 2635 2239 2657 re-

183 2693 358 2742 repletus.
396 2692 549 2728 Flumen
581 2691 704 2726 fluxus
732 2690 886 2726 humani
917 2690 1064 2738 generis
1095 2697 1174 2733 est,

180 2753 244 2800 qui
266 2751 312 2787 de
333 2751 463 2800 primis
485 2748 704 2799 parentibus
725 2749 862 2784 infelici
882 2761 978 2784 vena
998 2760 1176 2796 prorum-

182 2823 296 2861 pens,
316 2810 351 2846 in
371 2810 622 2858 impetuosum
641 2820 844 2857 erumpens
863 2815 1068 2843 torrentem
1083 2835 1091 2851 ,
1109 2819 1176 2855 per

183 2880 298 2907 totam
333 2869 462 2906 mundi
493 2868 727 2905 latitudinem
758 2867 1015 2917 instagnavit:
1046 2867 1109 2915 qui
1138 2867 1172 2902 in

181 2937 324 2978 septem
349 2927 580 2964 torrentibus
600 2927 813 2972 derivatur,
839 2927 952 2963 valles
972 2935 1007 2962 ct
1028 2939 1174 2974 campe-

183 2988 293 3033 stria,
319 2986 508 3037 profunda
529 2987 705 3035 voragine
727 2986 956 3036 supersedit;
973 2985 1062 3034 ipsis
1075 2998 1174 3034 quo-

182 3060 256 3096 que
272 3047 455 3083 montium
478 3045 735 3083 cacuminibus
752 3046 922 3082 eamdem
946 3045 1172 3081 refusionem

184 3108 383 3143 intentans.
402 3106 511 3144 Unde
525 3119 620 3142 unus
636 3106 682 3141 de
698 3104 894 3141 altioribus
911 3105 1068 3148 clamat,
1093 3105 1175 3138 Tor-

184 3174 301 3201 reutrs
330 3169 537 3214 iniquitatis
564 3164 864 3200 conturbavcmmt
889 3162 970 3199 'lus'
997 3179 1003 3198 :
1031 3171 1087 3208 et,
1121 3165 1177 3197 Ιη-

235 3296 240 3309 ¹
264 3294 342 3320 tien.
360 3300 479 3326 xxviii,
501 3293 552 3320 Γ.
566 3307 609 3312 -
626 3295 636 3310 ²
653 3288 905 3331 Ephes.v1,l.'=.
923 3305 961 3308 -ν

233 3356 245 3369 ··
266 3349 386 3380 Scilicet
406 3348 601 3386 uernat-dus,
623 3348 669 3379 vel
688 3351 798 3380 Petrus
812 3346 1034 3379 Cluuiaceusis.

990 3286 1090 3318 ‘psat
1110 3298 1182 3318 ixx.
1203 3290 1233 3316 st.

1243 2687 1399 2725 feetorio
1431 2687 1674 2736 parcitatem,
1703 2685 1739 2719 ιιι
1765 2684 1928 2719 elaustro
1959 2680 2175 2726 lectionem,
2203 2682 2238 2716 ιιι

1241 2747 1402 2783 oflicinis
1429 2745 1566 2781 silentii
1592 2745 1766 2779 virtutem
1796 2741 1945 2776 virtutis
1967 2739 2140 2775 iuimicus
2167 2754 2237 2776 ex·

1241 2808 1387 2856 stirpat.
1412 2809 1486 2842 Nec
1511 2804 1647 2840 suflicit
1668 2804 1703 2838 ιιι
1726 2799 1919 2849 vigilando
1938 2798 2140 2835 subtilibus
2161 2801 2239 2848 spi-

1241 2866 1334 2901 culis
1367 2863 1490 2900 cordis
1520 2861 1709 2898 terebrare
1742 2859 1886 2902 vitalia,
1916 2857 1979 2893 scd
2013 2857 2237 2893 dormiendo

1242 2923 1420 2973 singulari
1442 2936 1480 2957 se
1503 2929 1623 2956 versat
1641 2928 1676 2955 et
1695 2926 1860 2955 reversat
1878 2916 2023 2952 astutia.
2043 2919 2134 2962 Qua»
2153 2929 2236 2951 om-

1243 2983 1302 3018 nia
1320 2981 1452 3017 melius
1467 2987 1599 3016 vestrae
1616 2977 1857 3014 couscientia·
1870 3004 1879 3020 ‚
1896 2987 2007 3023 quam
2026 2974 2099 3010 stili
2120 2974 2237 3010 scien—

1242 3042 1300 3077 tiae
1315 3038 1631 3088 derelinquofictl
1648 3046 1684 3073 et
1701 3036 1746 3072 ad
1761 3036 1875 3071 altare
1892 3033 2042 3070 Domini
2056 3034 2237 3070 virtutum

1243 3109 1453 3150 sequuntur
1474 3112 1542 3135 nos
1558 3098 1713 3148 spiritus
1728 3097 1794 3146 ipsi
1807 3111 1815 3138 ;
1830 3103 1865 3131 et
1887 3095 1989 3143 ipsos
2006 3102 2090 3129 ante
2106 3095 2238 3130 mentis

1245 3161 1376 3196 oculos
1404 3160 1634 3202 iuvolantes‚
1658 3165 1698 3193 ut
1728 3157 1789 3192 xix
1819 3156 1941 3203 aliqua
1972 3154 2027 3189 vel
2053 3155 2238 3189 nascentis

1945 3279 1958 3294 ¹*
1975 3277 2040 3307 l‘sal
2075 3289 2192 3308 iniit.
2212 3282 2225 3305 ’ἓ

1300 3287 1538 3318 ⁴t>;n.x1‚1;›.
1575 3300 1581 3303 -
1614 3280 1870 3312 3³1⁸>al.n11..=.
