2504 3928
290 89 360 124 -127

302 164 385 199 lidei
410 173 545 199 nostrae
566 161 710 197 assidue
733 160 955 196 celebratur.
982 161 1091 206 Ideo,
1113 162 1208 197 sicut
1228 160 1284 196 di-

1008 88 1036 121 G
1047 87 1072 121 U
1081 87 1242 122 lthNlS
1271 87 1328 121 CA
1337 87 1620 123 R'rusniixffls.

1292 159 1340 177 ἰοῦ

2255 88 2328 123 (128

1355 162 1472 205 tione,
1505 162 1643 197 scilicet
1675 161 1954 210 incipientium,
1981 162 2280 209 proficientium,
2301 172 2333 198 et

298 232 398 257 ctum
420 230 492 263 est,
514 221 699 262 alienum,
722 218 786 266 qui
816 231 890 254 non
913 227 968 254 est
998 219 1116 263 lilius,
1139 220 1247 256 citius
1265 232 1283 254 a
1306 225 1332 256 Α
1352 220 1615 269 perfectorum.
1652 220 1913 269 incipientium
1952 227 2066 255 status
2106 228 2229 269 potest
2263 220 2333 256 dici

300 295 337 315 ,ψ
367 280 513 329 projicit
544 278 647 327 quasi
670 277 906 322 abortivum,
935 279 1078 315 evomit
1106 287 1281 328 tanquam

301 341 470 376 inutilem
490 352 531 373 ac
553 338 707 373 noxium
728 336 876 382 cibun1;
895 350 963 373 nec
985 338 1049 374 diu
1077 339 1186 374 talem
1208 339 1283 387 pati

301 407 421 446 potest
440 398 475 432 in
500 395 705 432 visceribus
722 396 797 431 suis
814 396 961 432 oflicina
980 397 1144 444 pietatiS,
1168 397 1284 432 venit-

299 470 372 504 que
392 469 457 504 pes
477 454 682 503 superbiae,
703 463 738 490 et
759 463 925 504 asportat
945 468 1030 490 eum
1052 468 1183 491 manus
1204 468 1286 504 pec-

299 515 454 557 catoris,
472 522 508 550 et
529 522 654 550 movet
674 526 759 549 eum
781 527 787 547 t
812 522 847 549 et
867 514 1046 562 expulsus
1067 527 1142 550 non
1164 522 1287 563 potest

299 581 417 617 stare,
440 572 503 608 scd
526 573 617 620 fugit
638 573 766 616 miser,
790 572 912 608 nudus
931 581 967 608 et
997 572 1286 615 tremebundus,

299 633 393 668 sicut
422 632 511 668 (lain
542 645 562 667 a
591 632 680 668 facie
703 632 850 668 Domini
874 646 880 666 :

298 690 555 734 ‹lzemonibus,
574 699 614 726 ut
629 691 693 739 qui
712 691 816 739 prior
836 691 1020 726 invenerit
1040 704 1148 734 eum,
1166 700 1286 727 morte

298 750 430 785 animae
445 762 530 785 eum
549 749 715 792 occidat3
736 749 792 784 vel
808 749 836 784 si
859 748 1075 796 aliquandiu
1096 748 1286 785 duraverit

299 810 335 843 in
368 822 410 844 ea
424 837 433 852 ,
466 822 540 844 uon
573 809 722 844 virtutis
752 808 979 852 constantia,
1013 807 1076 844 sed
1106 808 1285 856 pertinaci

299 868 465 911 miseria,
487 868 537 903 sic
565 868 597 902 ei
619 867 710 902 cella
736 875 789 902 est
809 866 914 915 quasi
935 879 1082 910 carcer,
1105 874 1167 902 aut
1191 867 1286 902 sicut.

903 632 1097 680 expositus
1124 632 1223 668 vitiis
1251 641 1287 667 et

1349 279 1538 321 animalis;
1574 278 1870 327 proficientium,
1904 278 2112 323 rationalis;
2148 279 2335 328 perfecto-

1352 352 1455 382 rum,
1478 338 1693 386 spiritualis.
1720 337 1991 385 Ignoscendum
2015 346 2071 373 est
2091 338 2126 373 in
2149 337 2336 386 aliquibus

1351 397 1552 446 aliquando
1573 398 1624 432 eis
1645 397 1708 445 qui
1729 396 1849 432 adliuc
1872 404 1958 432 sunt
1977 396 2173 440 animales,
2196 397 2231 432 in
2252 397 2337 444 qui-

1352 456 1421 492 lius
1453 456 1592 504 ignosci
1625 469 1700 490 non
1729 454 1839 490 debet
1868 455 1920 490 eis
1953 455 2017 503 qui
2043 454 2120 502 jam
2153 453 2337 490 habentur

1352 517 1456 565 quasi
1493 515 1703 551 rationales.
1738 518 1978 563 Rursumque
2016 513 2260 550 rationalibus
2299 513 2334 547 in

1353 574 1575 623 quibusdam
1594 573 1810 622 ignoscitur,
1831 573 1867 607 in
1882 572 2019 621 quibus
2041 585 2117 608 non
2136 571 2339 620 ignoscitur

1354 632 1628 680 spiritualibus,
1657 644 1819 680 quorum
1844 631 2006 679 perfecta
2026 631 2153 667 omnia
2177 644 2256 667 esse
2277 630 2338 665 de-

1354 691 1461 734 bent,
1480 699 1514 725 et
1540 690 1746 725 imitatione
1767 697 1803 724 et
1824 689 1931 725 laude
1960 690 2106 738 potius,
2135 702 2246 738 quain
2278 701 2337 725 re.-

1354 749 1602 798 preliensione
1623 748 1744 796 digna.
1769 751 1812 784 Et
1832 761 1916 784 cum
1937 761 1981 784 ex
2000 748 2056 784 liis
2079 747 2197 784 tribus
2214 747 2337 783 homi-

1354 822 1441 843 num
1465 807 1665 855 generibus
1685 816 1829 842 constet
1850 808 1972 843 omnis
1989 816 2106 843 status
2128 807 2336 856 religionis,

1351 881 1434 916 quze
1456 868 1549 903 sicut
1567 867 1728 916 propriis
1745 865 1961 902 nominibus
1981 865 2274 913 distinguuntur,
2288 866 2338 900 sic

299 926 438 962 viventi
461 926 664 974 sepultura.
688 926 887 962 Pestilente.
908 938 998 960 vero
1020 925 1205 973 flagellato
1226 938 1282 960 sa-
1306 927 1329 959 B
1350 927 1459 962 etiam
1482 927 1755 974 dignoscuntur
1774 938 1819 961 ex
1835 937 1989 960 suorum
2009 925 2238 973 proprietate
2260 931 2338 959 stu-

298 985 404 1033 piens
427 985 630 1034 sapientior
650 985 719 1020 erit
739 992 767 1028 ¹,
789 993 823 1020 et
852 984 990 1021 lavabit
1005 984 1128 1032 justus
1153 997 1285 1020 manus

298 1056 384 1079 suas
413 1044 449 1079 in
480 1044 662 1093 sanguine
687 1043 930 1091 peccatoris².
958 1043 1059 1079 Sicut
1082 1055 1172 1091 ergo
1198 1042 1285 1077 dicit

300 1102 484 1151 propheta
498 1131 506 1146 ‚
525 1105 564 1137 Si
584 1107 816 1141 converteris,
838 1104 974 1144 Israel,
999 1103 1052 1136 ml
1065 1115 1121 1136 me
1141 1115 1283 1135 conver-

295 1161 397 1196 !ae·re³
422 1176 428 1196 :
458 1161 527 1197 hoc
556 1169 629 1206 est,
659 1162 835 1197 Perfectae
859 1161 1115 1196 conversionis
1137 1160 1283 1195 culmen

296 1220 547 1269 apprehende.
567 1220 666 1256 Nulli
688 1221 786 1255 enim
807 1221 842 1255 in
859 1220 991 1255 eodem
1014 1227 1108 1255 statu
1127 1219 1189 1254 diu
1206 1232 1285 1254 esse

295 1278 526 1314 conceditur.
540 1281 656 1315 Servo
672 1279 737 1313 Dei
754 1286 816 1313 aut
831 1291 980 1326 semper
994 1277 1282 1325 prolicicndum,

298 1346 362 1372 aut
382 1336 630 1372 deficiendum
648 1344 703 1372 cst
719 1351 726 1371 :
744 1345 807 1372 aut
825 1349 971 1372 sursum
992 1336 1141 1378 nititur,
1164 1344 1226 1371 aut
1249 1336 1283 1370 in

293 1395 470 1431 iuferiora
485 1403 649 1443 urgetur.
668 1394 726 1431 Ab
743 1394 920 1430 omnibus
934 1403 1057 1431 autem
1077 1393 1183 1429 vobis
1199 1407 1285 1442 per-

294 1454 404 1489 fectio
424 1453 606 1501 exigitur,
626 1454 710 1489 licet
729 1467 804 1489 non
823 1454 1034 1490 uniformis.
1058 1453 1129 1489 Sed
1147 1453 1175 1489 si
1194 1454 1283 1488 inci-

293 1513 367 1561 pis,
391 1513 514 1561 incipe
535 1513 700 1561 perfecte
723 1527 730 1548 :
752 1513 781 1548 si
807 1512 883 1561 jam
908 1513 944 1548 in
968 1513 1141 1561 profectu
1162 1525 1224 1556 es,
1246 1521 1281 1547 et

293 1571 363 1606 lioc
393 1571 513 1620 ipsum
542 1570 621 1619 jam
648 1572 813 1621 perfecte
833 1585 898 1620 age
916 1564 926 1606 ‘z
952 1572 980 1607 si
1002 1579 1126 1606 autem
1156 1571 1281 1619 perfe-

292 1630 425 1665 ctionis
445 1630 584 1678 aliquid
607 1631 778 1679 attigisti,
805 1639 839 1666 te
867 1631 988 1680 ipsum
1017 1631 1052 1666 in
1081 1630 1280 1678 temetipso

1351 985 1498 1021 diorum
1526 1000 1532 1020 :
1553 985 1691 1020 debent
1715 996 1845 1019 onmes
1866 984 1927 1018 filii
1953 984 2017 1018 Dei
2040 983 2075 1018 in
2097 982 2157 1018 die
2180 982 2244 1031 qui
2261 990 2338 1026 est,

1351 1057 1500 1092 semper
1528 1043 1725 1091 diligenter
1754 1042 1970 1091 prospicere
1998 1040 2087 1089 quid
2120 1040 2215 1077 desit
2245 1040 2338 1085 sibi;

1351 1102 1450 1138 unde
1479 1103 1669 1146 venerint,
1704 1114 1902 1149 quousque
1936 1100 2197 1149 pervenerint,
2230 1107 2265 1135 et
2300 1100 2337 1135 in

1350 1176 1425 1210 quo
1443 1162 1663 1210 proficiendi
1685 1169 1782 1197 statu
1804 1161 1956 1208 singulis
1976 1160 2126 1204 diebus,
2156 1159 2212 1196 vel
2236 1159 2339 1196 horis

1351 1235 1415 1256 sua
1437 1235 1474 1256 se
1491 1221 1685 1257 aestiniatio
1703 1219 1970 1269 deprehendat.
1996 1223 2088 1256 Sunt
2103 1218 2240 1254 etenim
2258 1218 2338 1254 ani-

1353 1281 1482 1323 males,
1505 1280 1568 1328 qui
1590 1293 1658 1328 per
1677 1292 1715 1315 se
1736 1292 1804 1315 nec
1823 1279 1966 1314 ratione
1987 1286 2161 1327 aguntur,
2183 1291 2251 1314 nec
2268 1286 2338 1313 tra-

1353 1337 1494 1373 huntur
1524 1338 1659 1373 affectu
1686 1346 1751 1373 :et
1771 1347 1892 1374 tamen
1916 1338 1974 1373 vel
2003 1337 2224 1374 auctoritate
2252 1350 2338 1385 per-

1353 1396 1465 1439 moti,
1505 1396 1562 1431 vel
1597 1395 1770 1431 doctrina
1802 1396 2039 1440 commoniti,
2074 1395 2132 1431 vel
2165 1395 2338 1443 exemplo

1350 1454 1556 1502 provocati,
1571 1453 1784 1503 approbant
1798 1453 1941 1489 bonum
1958 1453 2022 1490 ubi
2043 1454 2282 1498 inveniunt³,
2297 1462 2335 1490 et

1348 1512 1454 1559 quasi
1470 1512 1555 1547 caeci
1567 1541 1576 1558 ,
1594 1512 1657 1548 sed
1673 1512 1719 1548 ad
1737 1525 1887 1548 manum
1907 1512 2012 1548 tracti
2029 1520 2251 1561 sequuntur,
2268 1511 2338 1548 hoe,

1349 1578 1403 1606 est
1424 1571 1629 1608 imitantur.
1652 1574 1745 1608 Sunt
1772 1572 1991 1616 rationales,
2011 1572 2075 1620 qui
2100 1584 2168 1620 per
2186 1571 2339 1607 rationis

1342 1628 1526 1677 judicium
1545 1639 1582 1666 et
1601 1631 1778 1667 naturalis
1799 1630 1962 1666 scientiae
1985 1629 2258 1674 discretionem,
2276 1629 2340 1666 lia-

294 1688 448 1731 metirc‚
477 1697 514 1724 et
548 1688 606 1724 dic
631 1702 713 1724 cum
743 1690 925 1738 Apostolo
946 1704 952 1724 :
977 1692 1060 1724 Νοη
1087 1690 1282 1735 quodsum
1304 1692 1330 1725 C
1351 1688 1439 1724 bent
1460 1697 1497 1724 et
1518 1690 1769 1737 cognitionem
1798 1689 1911 1733 boni,
1943 1697 1979 1724 et
2010 1688 2218 1738 appetitum
2244 1703 2251 1724 ε
2272 1688 2334 1724 sed

294 1748 628 1794 apprehenderim,
656 1756 720 1782 aut
739 1747 922 1794 [mysecllts
941 1752 1009 1782 sim
1031 1761 1041 1780 .·
1060 1760 1192 1794 sequor
1212 1760 1283 1781 (lu-

294 1815 364 1839 tem
377 1833 387 1847 ,
407 1809 438 1839 si
448 1804 550 1852 sorte
569 1806 875 1853 comprehendam
890 1834 899 1849 ‚
921 1811 958 1840 in
975 1820 1044 1853 qno
1061 1814 1096 1840 e!
1115 1819 1282 1852 eompre-

291 1865 422 1898 hensm·
453 1878 548 1899 sum.
587 1865 707 1899 Unum
739 1875 882 1907 autem,
915 1879 1000 1912 qua?
1019 1867 1166 1912 quidem
1189 1874 1281 1899 retro

289 1933 375 1958 sunt
392 1924 603 1958 obliviscens
616 1952 626 1967 ,
648 1933 682 1958 et
704 1927 758 1958 ad
783 1938 828 1959 ι’(ι
852 1938 937 1971 qme
958 1932 1044 1958 sunt
1057 1928 1187 1971 priora
1208 1937 1279 1959 ex-

289 1983 442 2016 tendens
457 1995 514 2016 me
529 1986 650 2028 ipsum
659 2010 669 2025 ‚
693 1984 746 2017 ml
758 1985 981 2017 destinatum
994 1995 1193 2029 persequor
1205 2009 1214 2024 ‚
1231 1983 1284 2015 ml

290 2041 450 2075 bravium
481 2054 656 2087 superate
690 2045 895 2076 vocacionis
930 2046 968 2076 in
1004 2041 1144 2076 Christo
1179 2042 1278 2075 lesu.

293 2098 435 2134 Deinde
461 2099 565 2134 addit
593 2113 600 2134 :

290 2160 356 2192 hoc
377 2163 569 2204 sapiamus
584 2156 610 2192 4.
630 2161 672 2193 In
691 2171 766 2206 quo
788 2158 980 2194 manifeste
1002 2158 1185 2206 Apostolo
1208 2157 1279 2193 do-

288 2224 395 2251 cente
409 2215 632 2260 declaratur,
647 2217 733 2264 quia
750 2217 914 2264 perfecta
928 2230 1058 2252 eorum
1075 2230 1158 2263 quae
1175 2225 1274 2252 retro

290 2283 375 2310 sunt
395 2273 556 2318 oblivio,
581 2282 616 2309 et
637 2275 801 2322 perfecta
824 2275 858 2310 in
880 2275 1070 2311 anteriora
1090 2275 1281 2320 extensio,

291 2335 370 2382 ipsa
391 2342 446 2370 est
472 2334 632 2369 hominis
653 2333 745 2381 justi
766 2334 802 2369 in
827 2334 894 2370 bac
921 2334 994 2370 vita
1017 2334 1198 2382 perfectio
1217 2349 1224 2369 :
1247 2343 1283 2370 et

291 2392 470 2442 perfectio
505 2391 618 2440 hujus
639 2392 882 2441 perfectionis
914 2392 965 2429 ibi
997 2393 1085 2438 erit,
1114 2392 1177 2428 ubi
1211 2393 1282 2429 erit

635 2101 818 2146 Quotquot
844 2113 927 2145 ergo
946 2100 1104 2146 perfecti
1131 2112 1275 2140 smnus,

1341 2218 1435 2254 circa
1474 2220 1634 2255 animam
1670 2232 1707 2255 se
1735 2226 1882 2254 exercet
1913 2231 1919 2252 :

1349 1747 1516 1782 nondum
1550 1746 1689 1783 liabent
1718 1749 1905 1784 affectum.
1939 1751 2031 1783 Sunt
2061 1747 2238 1796 perfecti,
2273 1747 2335 1794 qui

1348 1805 1480 1853 spiritu
1511 1815 1686 1854 aguntur,
1717 1807 1780 1854 qui
1810 1820 1829 1841 a
1861 1815 1989 1841 sancto
2019 1806 2162 1854 Spiritu
2192 1805 2338 1854 plenius

1347 1865 1621 1902 illuminantur.
1636 1869 1680 1901 Et
1699 1866 1877 1914 quoniam
1895 1865 1989 1913 sapit
2006 1865 2058 1901 cis
2073 1864 2215 1901 bonum
2231 1863 2338 1912 cujus

1348 1924 1548 1960 trahuntur
1569 1925 1702 1961 affectu
1717 1953 1726 1969 ‚
1747 1925 1932 1974 sapientes
1952 1932 2144 1960 vocantur.
2167 1924 2261 1971 Quia
2278 1936 2340 1959 ve—

1348 1996 1390 2018 ro
1418 1983 1542 2021 induit
1575 1997 1639 2020 eos
1671 1984 1831 2033 Spiritus
1861 1992 2031 2028 sanctus,
2065 1982 2172 2031 cujus
2202 1982 2336 2019 affectu

1348 2042 1562 2088 trahuntur,
1585 2044 1680 2080 sicut
1707 2043 1829 2079 induit
1855 2043 1944 2078 olim
1973 2042 2190 2080 cheonem
2221 2055 2228 2076 ε
2251 2041 2337 2090 Spi-

1348 2100 1438 2136 ritus
1457 2102 1575 2137 sancti
1593 2102 1835 2145 indumento,
1855 2101 2065 2150 spirituales
2085 2100 2334 2149 appellantur.

1346 2159 1492 2196 Primus
1517 2169 1636 2197 status
1656 2160 1754 2196 circa
1773 2173 1911 2208 corpus
1931 2173 1969 2195 se
1990 2159 2100 2195 habet
2122 2174 2129 2195 :
2151 2159 2337 2196 secundus

1954 2218 2083 2254 tertius
2114 2218 2263 2254 nonnisi
2299 2219 2334 2254 in

1347 2280 1427 2312 Deo
1446 2278 1612 2326 requiem
1639 2277 1762 2315 habet.
1784 2281 1954 2325 Quorum
1978 2277 2113 2326 singuli
2149 2277 2243 2313 sicut
2268 2277 2336 2313 lia-

1348 2334 1438 2371 bent
1458 2345 1596 2372 certam
1615 2337 1835 2385 proficiendi
1854 2336 2059 2381 rationem;
2076 2336 2127 2371 sic
2144 2336 2182 2372 in
2198 2348 2335 2386 genere

1348 2408 1416 2430 suo
1439 2403 1578 2432 certam
1597 2395 1734 2432 liabent
1754 2395 1997 2445 perfectionis
2017 2408 2093 2431 suae
2108 2407 2333 2432 mensuram.

290 2452 410 2489 bravii
424 2465 598 2501 supernae
611 2452 819 2489 vocationis
836 2452 999 2501 perfecta
1016 2453 1278 2501 apprehensio.
1298 2454 1498 2494 Dlnitium
1528 2453 1619 2490 boni
1654 2454 1689 2490 in
1721 2454 2005 2491 conversatione
2035 2454 2207 2499 animali,
2245 2467 2334 2503 per—

645 2581 820 2620 CAPUT
848 2582 901 2621 V.

286 2692 304 2718 ‘1
315 2689 412 2730 riplex
435 2695 532 2718 status
549 2689 618 2719 vita:
635 2689 784 2729 religiosae
798 2713 805 2725 ,
827 2690 966 2720 animalis
980 2713 987 2726 ,
1014 2691 1170 2721 rationalis
1184 2716 1191 2730 ,
1216 2692 1277 2731 spi-

332 2742 468 2778 ritiialis;
498 2743 571 2772 alias
595 2742 828 2784 incipientium,
851 2743 1095 2784 proficientium,
1119 2751 1148 2774 et
1176 2744 1275 2785 perle-

332 2802 463 2825 ciorum.

342 2919 397 2954 12.
427 2922 505 2954 lloc
527 2928 650 2955 autem
674 2922 786 2956 modo
808 2931 903 2958 sicut
921 2923 1025 2958 stella
1045 2937 1065 2958 a
1090 2924 1194 2959 stella
1217 2924 1272 2960 di-

279 2985 349 3012 stat
380 2977 414 3013 in
447 2978 632 3023 claritate,
655 2980 704 3015 sic
732 2981 822 3016 cella
849 2995 868 3016 a
897 2982 988 3017 cella
1011 2982 1047 3017 in
1071 2996 1273 3019 conversa-

327 3108 445 3134 ¹1’r0x.
462 3116 515 3134 xix
532 3129 538 3141 ,
558 3109 610 3134 23.
627 3124 633 3127 -
689 3113 697 3125 ²
718 3107 796 3135 l'sal.
819 3118 894 3143 ixii,
919 3111 1012 3136 lt.--

322 3169 331 3181 ³
357 3163 438 3192 Alias
453 3187 458 3197 ,
480 3162 684 3205 approbatum
704 3163 814 3193 (tonum
840 3166 1007 3194 immitam.
1033 3191 1037 3201 ,

1048 3107 1058 3127 ³
1075 3112 1192 3139 Jervni.
1216 3121 1259 3147 ιτ,
1288 3114 1336 3140 1.Γ

1346 2513 1438 2548 fecta
1460 2512 1673 2549 obedientia
1701 2522 1755 2549 est
1782 2528 1789 2549 :
1818 2514 2029 2562 profectus,
2053 2512 2237 2561 subjicere
2252 2526 2336 2549 cor-

1346 2585 1415 2620 pus
1429 2585 1551 2616 suum,
1571 2581 1607 2608 et
1628 2573 1663 2608 in
1685 2573 1901 2609 servitutem
1924 2572 2092 2622 redigere
2114 2585 2121 2606 ε
2140 2572 2332 2621 perfectio,

1347 2644 1412 2666 usu
1448 2631 1537 2667 boni
1567 2632 1877 2668 consuetudinem
1908 2632 2062 2668 vertisse
2099 2632 2135 2667 in
2170 2631 2334 2667 delecta-

1347 2689 1496 2725 tionem.
1517 2691 1667 2726 Initium
1697 2704 1786 2727 vero
1812 2691 2003 2727 rationalis
2028 2698 2083 2726 cst
2109 2690 2333 2738 intelligere,

1344 2761 1428 2795 quae
1449 2749 1484 2783 in
1507 2749 1674 2784 doctrina
1693 2749 1776 2785 lidei
1794 2757 2039 2799 apponuntur
2055 2749 2087 2785 ei
2105 2763 2112 2784 ε
2129 2749 2333 2798 profectus,

1346 2807 1428 2843 talia
1451 2820 1676 2856 praeparare,
1699 2809 1822 2857 qualia
1842 2816 2089 2858 apponuntur
2110 2823 2117 2844 z
2138 2808 2332 2857 perfec-tio,

1342 2879 1426 2901 eum
1451 2867 1487 2902 in
1509 2868 1683 2903 affectum
1711 2869 1846 2904 mentis
1867 2867 2195 2915 transitjudicium
2219 2868 2331 2903 ratio-

1343 2925 1411 2961 nis.
1433 2926 1614 2961 l'erfectio
1647 2940 1736 2962 vcro
1761 2927 1925 2962 hominis
1947 2926 2156 2971 rationalis,
2186 2926 2330 2962 initium

1343 2993 1397 3021 cst
1421 2985 1584 3022 hominis
1613 2986 1813 3035 spiritualis
1843 2999 1850 3019 :
1873 2986 2062 3035 profectus
2089 2985 2191 3033 ejus,
2221 2997 2329 3021 reve-

1398 3110 1551 3152 ·l'liilipp.
1575 3124 1624 3148 iii,
1649 3116 1762 3143 ΙῚ-Ιζι.
