2504 3928
331 175 399 210 271

334 251 392 286 hic
413 250 585 298 quamvis
610 249 720 285 tristis
738 278 747 294 ,
776 249 928 286 accessit
957 257 1092 287 tamen.
1116 250 1246 288 Videte
1273 251 1320 286 ti—

335 310 451 345 moris
481 309 693 358 aquilonem
726 309 876 345 llantem
909 308 980 346 sub
1015 310 1093 359 lege
1120 325 1128 346 :

337 368 536 417 praecipuis
559 369 760 417 electisque
779 368 1010 405 aromatibus
1030 382 1112 405 rara
1132 369 1322 406 fluxerunt

336 428 374 461 in
404 439 460 462 ea.
494 425 584 462 Ideo
612 425 671 462 die
696 430 954 473 Pomm-ostes,
981 427 1134 476 quamdo
1163 427 1324 476 Spiritus

336 484 538 521 vehemens
557 485 657 521 flavit
675 485 721 522 ab
739 494 887 531 austro,
911 494 966 523 tot
986 486 1180 522 hominum
1197 487 1325 531 millia,

337 543 510 588 veritate,
525 543 661 590 verbo,
677 545 754 581 vita
768 545 1012 594 spiritualiter
1027 545 1290 595 profluxerunt
1303 551 1328 580 ¹.

338 605 419 638 Non
453 616 518 639 eos
552 603 603 640 rei
635 604 823 640 familiaris
853 617 942 641 cura
972 606 1248 642 constrinxerat
1280 604 1327 641 de

338 661 497 710 reliquo.

390 721 424 757 2.
447 721 583 759 Libera
597 721 749 772 quidem
766 722 812 759 ab
832 722 904 759 hoc
920 723 1095 772 aquilone
1111 722 1198 759 satis
1213 722 1324 768 duro,

335 778 450 815 corda
482 780 617 829 largius
647 781 843 830 prossuunt
874 781 911 817 in
940 781 1258 831 contemplatione
1288 789 1325 817 ct

335 837 513 874 charitate
538 840 615 875 Dei.
638 842 722 875 Nou
747 845 965 888 accepistis,
988 841 1130 890 inquit,
1157 844 1324 888 spiritmn

335 900 516 931 servitulis
534 901 664 932 iterum
687 903 725 932 in
747 903 896 943 limare,
915 901 983 934 secl
1000 903 1195 946 accepistis
1211 904 1323 946 spiss—

336 962 412 990 tum
427 957 636 1003 adoptionis
641 958 739 1002 filim
748 971 821 1001 um,
837 962 875 992 iu
886 971 958 1005 quc)
972 960 1188 1002 clamamus,
1204 957 1322 1002 Abba,

1100 176 1386 212 olma-:nizam
1418 178 1614 213 AnnA'rts

1331 248 1373 266 151

2302 176 2377 212 272

1390 251 1557 300 signatur
1573 267 1580 288 :
1595 250 1696 300 quod
1709 250 1753 287 ad
1770 251 1898 287 flatum
1914 250 2051 296 austri,
2065 251 2208 287 coactio
2223 251 2376 290 tollitur.

1160 310 1244 346 ideo
1277 310 1323 346 dc
1345 316 1373 349 A
1391 311 1558 347 Charitas
1575 324 1650 347 non
1676 317 1800 359 potest
1826 310 1908 358 cogi
1924 337 1934 354 ‚
1955 309 2069 358 gratis
2089 309 2195 355 ttuit3
2215 321 2290 345 non
2310 322 2378 346 ne-

1387 370 1554 405 cessitate
1569 397 1578 415 ,
1615 368 1679 405 sed
1714 367 1870 404 arbitrio
1901 368 2026 404 fertur
2044 396 2054 414 ,
2090 375 2218 404 austro
2254 376 2379 405 tamen

1391 428 1516 465 llantc.
1543 427 1694 466 Arbitrii
1715 428 1814 464 enim
1836 427 1927 476 quid
1950 427 2141 463 conferret
2161 426 2330 474 libertas,
2349 427 2380 465 si

1392 501 1468 525 non
1488 489 1670 538 aspiraret
1685 495 1809 524 auster
1825 487 1974 536 gratiaei’
1988 490 2080 523 Nam
2098 486 2167 523 etsi
2183 485 2379 527 arbitrium

1394 547 1459 584 ubi
1480 556 1558 593 est,
1577 560 1726 596 semper
1747 546 1906 583 liberum
1934 554 2011 593 est;
2035 558 2111 582 non
2139 554 2261 582 tamen
2283 545 2380 583 libe-

1396 620 1478 644 rum
1499 607 1546 643 ad
1568 607 1695 643 omnia
1716 606 1754 642 id
1773 618 1852 643 esse
1871 606 2002 642 damus
2022 620 2030 642 ε
2052 618 2120 642 nec
2138 605 2380 651 electionem,

1392 679 1461 702 nec
1490 665 1770 701 exsecutionem
1797 664 1966 702 omnium
2000 664 2156 701 liberam
2185 663 2309 700 habet.
2337 667 2380 701 ln

1391 724 1564 774 eligendo
1588 737 1736 773 semper
1754 731 1810 760 est
1830 723 2001 769 libertas,
2019 722 2084 760 sed
2104 734 2180 759 non
2200 730 2257 759 est
2275 734 2392 761 sem-.

1390 797 1458 833 per
1478 784 1524 820 ad
1552 783 1782 832 eligendum.
1812 784 1958 834 Eligere
1984 795 2147 832 namque
2174 782 2243 818 nisi
2264 781 2381 819 libere

1390 855 1467 878 non
1488 850 1638 892 potest:
1659 842 1723 879 scd
1744 851 1800 878 est
1820 842 1982 891 aliquid,
2011 841 2114 891 quod
2142 853 2218 877 non
2243 840 2381 889 eligere

1389 914 1457 951 per
1475 914 1512 937 se
1531 909 1666 950 potest.
1689 902 1752 937 Sui
1767 900 1866 949 juris
1885 901 2060 937 voluntas
2085 907 2163 945 est;
2184 898 2301 935 libera
2324 907 2381 936 est

1390 974 1473 997 cum
1490 960 1614 997 adest:
1635 960 1700 997 sed
1718 973 1793 996 non
1810 968 1865 997 est
1882 960 2027 996 animus
2041 958 2087 995 ad
2101 970 2252 994 omnem
2266 971 2381 1007 quam

336 1016 490 1050 [ἰών-3.
516 1015 582 1051 Ille
600 1016 786 1063 aquilonis
804 1016 956 1065 spiritus
975 1025 1077 1061 erat,
1105 1016 1163 1052 hic
1181 1016 1296 1052 austri
1317 1031 1324 1052 ε
1345 1019 1371 1052 Β
1391 1028 1542 1069 oportet
1572 1020 1700 1056 adesse
1734 1020 1968 1056 voluntatem
1996 1017 2091 1055 liber
2105 1046 2115 1064 ,
2149 1030 2233 1054 cum
2263 1016 2380 1054 abest.

336 1072 396 1107 ille
416 1073 560 1121 gravis,
579 1074 637 1110 hic
657 1083 794 1122 gratus.
814 1075 904 1111 ldeo
925 1075 997 1119 illi,
1022 1083 1198 1123 tanquam
1219 1076 1322 1123 gravi

335 1140 371 1168 et
397 1133 613 1181 ponderoso
645 1135 905 1183 prementique
926 1133 1082 1180 dicitur,
1105 1136 1239 1182 Surge,-
1266 1133 1324 1170 hic

336 1198 512 1239 tanquam
546 1192 652 1228 taetus
681 1201 882 1241 gratusque
911 1192 1110 1239 invitatur,
1133 1201 1172 1229 ut
1201 1193 1326 1229 veniat

333 1257 371 1285 et
389 1250 523 1298 perflet
542 1250 735 1286 hortulum
754 1252 893 1300 sponsi.
924 1252 990 1287 Ille
1010 1265 1160 1300 posnam
1187 1251 1298 1288 habet
1311 1280 1322 1298 ,

334 1308 393 1344 hic
415 1309 563 1357 proflua
587 1310 732 1358 gaudia.
756 1312 821 1347 Ille
844 1311 968 1346 minax
988 1319 1043 1347 est
1058 1339 1067 1356 ,
1089 1311 1148 1346 hic
1175 1310 1324 1346 blandi-

334 1368 470 1403 mentis
504 1368 721 1417 deliciisque
759 1382 927 1405 manans.
967 1368 1139 1417 Ragaba,
1176 1369 1323 1417 inquit,

335 1429 484 1462 Patrem
500 1441 634 1470 mcum,
653 1436 686 1462 et
696 1430 808 1463 alium
821 1429 1055 1463 Paracletum
1069 1426 1170 1462 dabit
1180 1426 1324 1462 vobis³z

335 1484 404 1520 hoc
423 1493 478 1521 est
503 1493 670 1522 austrum
687 1486 846 1522 invitare
858 1514 867 1531 ‚
885 1494 923 1522 et
937 1486 1060 1522 dicere
1075 1493 1115 1521 ut
1128 1486 1274 1533 veniat,
1290 1494 1328 1522 et

334 1544 468 1592 perflet
492 1543 643 1580 hortum
665 1558 786 1581 suum.
805 1546 929 1592 Petssa
953 1546 1096 1581 hortum
1119 1558 1262 1589 meum,
1292 1553 1329 1581 et

324 1603 452 1647 slus-nc
465 1612 636 1654 arontam
652 1608 742 1649 ejus.
760 1603 920 1651 Quidam
938 1604 1080 1639 fructus
1094 1631 1104 1648 ,
1122 1603 1191 1639 nisi
1209 1603 1327 1652 pressi

335 1660 549 1708 coactique,
576 1661 761 1710 liquorem
783 1674 859 1697 non
882 1662 1058 1698 fundunt.
1087 1665 1244 1699 Fructus
1263 1675 1326 1698 au-

337 1727 411 1755 tem
444 1719 509 1768 qui
536 1728 624 1756 sunt
652 1720 689 1756 in
720 1720 832 1756 horto
866 1728 938 1756 tam
965 1720 1122 1757 delicate
1152 1721 1324 1770 depicto,

1389 1082 1463 1115 lN'ec
1484 1079 1598 1127 magis
1618 1079 1674 1115 sui
1697 1077 1794 1126 juris
1821 1086 1896 1124 est,
1918 1076 2020 1127 quod
2040 1077 2220 1112 intensam
2248 1074 2382 1112 habeat

1389 1138 1622 1174 voluntatem
1650 1150 1764 1186 quam
1788 1136 1921 1181 habet,
1949 1148 2016 1172 nec
2033 1134 2134 1185 quod
2156 1133 2292 1170 habeat
2309 1147 2381 1171 vo-

1391 1197 1572 1233 luntatem
1593 1195 1745 1232 bonam.
1774 1196 1845 1234 Sed
1865 1203 2048 1245 quantum
2073 1201 2158 1244 post
2177 1194 2322 1243 lapsum
2343 1193 2382 1230 in

1390 1254 1562 1291 libertate
1586 1254 1757 1291 consistit
1785 1254 1953 1300 arbitrii,
1983 1252 2086 1302 quod
2110 1252 2192 1289 vult
2213 1251 2382 1296 animus,

1389 1326 1538 1362 semper
1551 1313 1666 1350 libere
1682 1313 1783 1350 vult:
1802 1313 1865 1350 sed
1883 1326 1959 1349 non
1973 1321 2028 1349 est
2041 1311 2198 1348 liberum
2217 1311 2250 1347 ei
2262 1309 2381 1359 quod-

1389 1371 1502 1418 libet,
1516 1372 1626 1408 etiam
1641 1372 1743 1421 quod
1757 1380 1933 1422 oportet,
1949 1372 2058 1408 velle.
2076 1374 2141 1407 Est
2154 1370 2253 1407 enim
2268 1368 2380 1406 liber-

1391 1439 1467 1476 tas,
1497 1444 1580 1479 quae
1610 1430 1690 1467 sine
1720 1431 1916 1468 voluntate
1939 1443 2016 1468 non
2043 1438 2118 1475 est,
2141 1437 2180 1466 et
2205 1429 2285 1465 sine
2307 1442 2381 1478 qua

1391 1502 1468 1526 non
1484 1498 1539 1526 est
1553 1490 1728 1527 voluntas
1743 1503 1751 1526 ε
1769 1498 1805 1526 et
1820 1499 1876 1527 est
1891 1489 2043 1526 libertas
2059 1488 2250 1538 quaedam,
2269 1499 2382 1537 quam

1393 1562 1470 1585 non
1490 1562 1639 1599 semper
1658 1549 1859 1586 comitatur
1877 1549 2066 1586 voluntas.
2087 1548 2157 1585 Illa
2180 1555 2237 1584 est
2255 1547 2292 1583 in
2313 1559 2382 1583 vo-

1392 1608 1555 1654 luntate3
1581 1608 1660 1644 haec
1685 1616 1739 1645 est
1767 1608 1804 1644 in
1833 1607 1994 1657 quadam
2019 1605 2171 1643 volendi
2193 1605 2380 1642 facultate.

1390 1667 1459 1704 Illa
1474 1667 1581 1704 estin
1597 1667 1698 1717 ipsa3
1719 1667 1798 1704 haec
1813 1667 1919 1716 quasi
1937 1666 1983 1702 ad
2002 1665 2135 1715 ipsam.
2157 1668 2269 1702 Istam
2288 1677 2377 1713 pos-

1391 1739 1544 1771 sumus,
1565 1734 1602 1762 et
1622 1726 1720 1762 illam
1741 1725 1923 1775 cogimus.
1948 1728 1993 1761 Et
2011 1724 2113 1761 visus
2131 1722 2303 1772 quaedam
2322 1730 2378 1759 est

336 1779 569 1827 pressionem
589 1792 665 1815 non
687 1788 906 1828 exspectant
925 1795 933 1817 :
953 1781 1034 1828 cogi
1052 1780 1244 1826 nesciunt,
1262 1780 1327 1817 sed
1347 1782 1375 1818 C
1392 1785 1546 1821 videndi
1573 1785 1693 1822 virtus
1716 1785 1753 1821 in
1780 1784 1913 1829 oculo,
1940 1791 1978 1819 et
2007 1782 2110 1819 visus
2139 1781 2383 1818 nihilominus

334 1845 463 1872 austro
483 1837 667 1886 perflante
686 1837 807 1874 ssuunt
832 1839 946 1876 ultro.
974 1839 1175 1875 Intuemini
1197 1839 1328 1875 mundi

334 1895 568 1944 sapientiam.
595 1901 727 1933 Nonne
747 1897 932 1934 violenter
953 1910 1130 1947 expressa
1149 1897 1300 1934 videtur
1317 1926 1328 1944 ‚

334 1962 371 1990 et
392 1954 506 2002 longo
526 1953 717 1990 elaborata
737 1963 810 1991 tam
829 1956 1029 2001 exercitio,
1049 1969 1160 2004 quam
1182 1956 1332 1993 studio?

337 2017 385 2050 At
406 2013 442 2048 in
461 2022 600 2050 nostrae
620 2013 838 2051 auctoribus
856 2015 1103 2064 philosophice
1116 2043 1126 2061 ,
1144 2024 1180 2051 et
1199 2017 1308 2052 velox
1321 2045 1331 2063 ,

338 2079 376 2107 et
395 2072 599 2108 vehemens
619 2074 811 2122 sapientiae
828 2075 1003 2123 prorupit
1019 2073 1189 2123 abyssus.
1212 2075 1332 2112 Vultis

336 2131 572 2167 velocitatem
595 2131 753 2167 audire?
778 2132 865 2167 Cum
886 2137 1054 2168 steteritis
1075 2142 1161 2168 (mle
1179 2146 1281 2181 reges
1298 2143 1333 2170 et

332 2192 519 2236 proesides
529 2217 540 2233 ‚
560 2193 675 2225 nolite
691 2192 949 2238 proemeditari
957 2205 970 2234 ;
987 2190 1137 2225 clabitur
1153 2195 1251 2227 cuim
1268 2205 1331 2227 vo-

337 2248 390 2283 bis
408 2253 446 2283 iu
465 2252 533 2283 illa
549 2250 639 2284 liora
654 2252 747 2297 quid
763 2253 979 2296 loquamini.
994 2250 1114 2286 Vultis
1131 2249 1331 2286 vehemen-

338 2307 451 2342 tiam?
468 2309 548 2354 Ego
559 2336 569 2352 ,
586 2307 706 2356 inquit
720 2335 729 2351 ,
745 2307 840 2342 dabo
856 2307 962 2343 vobis
981 2321 1021 2342 os
1035 2317 1071 2343 et
1085 2313 1327 2356 sapientiam,

335 2370 394 2400 cui
427 2380 499 2400 mm
530 2375 702 2414 poterunt
731 2371 899 2401 resistere
934 2368 1136 2401 mlvermzrii
1167 2370 1284 2403 vestri
1299 2368 1326 2402 4.

335 2425 536 2471 Quomodo
550 2425 626 2461 haec
645 2433 717 2461 tam
737 2424 858 2461 subita
874 2433 910 2461 et
928 2434 1000 2461 tam
1017 2439 1149 2462 serena
1166 2427 1328 2474 proflue-

338 2490 444 2527 rent,
475 2483 544 2518 nisi
570 2483 641 2518 hoc
671 2491 798 2518 austro
817 2484 996 2519 afflante?
1027 2484 1233 2520 Audivistis
1249 2483 1326 2532 jam

1395 1844 1566 1892 quaedam
1596 1843 1717 1894 passio
1751 1844 1788 1879 in
1819 1842 1995 1879 videndo.
2029 1841 2088 1878 Sic
2121 1848 2158 1876 ct
2185 1841 2223 1876 in
2254 1841 2382 1877 animo

1397 1903 1533 1940 dicitur
1557 1904 1767 1939 intellectus
1795 1910 1832 1938 et
1860 1900 2027 1950 potentia
2047 1899 2225 1936 naturalis
2251 1898 2297 1935 ad
2322 1899 2381 1935 in-

1399 1961 1638 2011 telligendum
1654 1989 1664 2007 ,
1684 1970 1720 1997 et
1736 1973 1825 1997 usus
1840 1959 2032 2010 potentiae.
2049 1962 2092 1995 In
2113 1957 2269 1994 arbitrio
2286 1958 2384 1994 simi-

1398 2021 1483 2058 liter
1499 2022 1577 2058 haec
1602 2021 1766 2057 occurrit
1786 2019 1993 2066 distinctio,
2020 2027 2061 2055 ut
2080 2031 2156 2054 uno
2175 2017 2245 2054 sub
2263 2017 2384 2054 nomi—

1397 2095 1463 2126 ne,
1481 2090 1518 2118 et
1532 2081 1704 2131 aptitudo
1723 2080 1974 2129 intelligatur,
1992 2086 2029 2114 et
2042 2086 2156 2115 actus.
2172 2077 2384 2126 Utrobique

1395 2140 1541 2176 arbitrii
1569 2140 1720 2176 libertas
1744 2147 1818 2184 cst,
1841 2147 1878 2174 et
1906 2138 1952 2174 ad
1978 2136 2255 2182 arbitrandum,
2281 2144 2319 2171 et
2345 2136 2383 2171 in

1394 2199 1612 2235 arbitrando
1633 2213 1641 2234 ε
1664 2206 1701 2234 ct
1722 2211 1805 2233 cum
1832 2198 1866 2233 in
1891 2197 1989 2232 malo
2009 2204 2083 2238 cst,
2106 2208 2255 2243 semper
2277 2207 2383 2231 serva

1394 2265 1462 2292 est.
1486 2257 1552 2293 Illa
1567 2256 1718 2305 quidem
1740 2268 1784 2291 eo
1806 2255 1886 2305 ipso
1903 2267 2028 2300 serva,
2046 2267 2121 2303 quo
2140 2253 2288 2289 infirma
2309 2260 2382 2288 tam

1396 2315 1441 2351 ad
1471 2315 1613 2351 bonum
1632 2343 1641 2359 ‚
1676 2328 1786 2363 qnam
1819 2322 1951 2350 contra
1982 2314 2133 2349 malum.
2167 2311 2302 2349 Libera
2329 2320 2385 2348 est

1393 2374 1567 2411 voluntas
1588 2374 1683 2410 mala
1707 2386 1752 2409 eo
1775 2374 1855 2422 ipso
1875 2372 1978 2421 quod
1998 2373 2172 2408 voluntas
2192 2385 2200 2406 τ
2221 2370 2285 2407 sed
2306 2383 2383 2407 ser-

1395 2431 1474 2468 vilis
1494 2445 1538 2468 co
1559 2433 1641 2481 ipso
1661 2431 1763 2480 quod
1791 2431 1899 2467 mala.
1923 2430 2054 2468 Omnis
2081 2429 2181 2466 enim
2207 2429 2272 2477 qui
2298 2429 2384 2465 facit

1393 2498 1611 2538 peccatum,
1633 2502 1762 2525 servus
1783 2497 1837 2524 cst
1864 2488 2044 2537 peccati7.
2068 2492 2263 2525 Peccatum
2283 2487 2382 2523 enim

337 2541 436 2577 unde
454 2550 641 2578 venerunt
660 2550 827 2578 aromata
848 2542 1013 2578 veritatis
1032 2550 1103 2578 tam
1127 2544 1272 2592 prollua
1293 2552 1328 2580 et
1348 2554 1378 2587 D
1395 2562 1505 2597 quem
1526 2556 1705 2597 occupat,
1727 2547 1877 2596 stringit
1901 2555 1938 2583 et
1966 2547 2053 2595 ligat
2074 2561 2082 2583 z
2105 2545 2268 2595 captivat
2292 2545 2380 2582 dum

336 2609 465 2649 parata
487 2609 656 2649 tempore
677 2614 756 2637 suo.

389 2661 423 2696 3.
443 2660 611 2697 Charitas
638 2673 765 2695 nonne
793 2668 829 2694 ct
849 2659 927 2708 ipsa
948 2659 1082 2696 diffusa
1102 2669 1157 2696 cst
1184 2661 1218 2696 in
1242 2674 1319 2697 cor·

336 2718 447 2755 dihus
470 2719 606 2755 nostris
627 2732 695 2768 per
723 2719 901 2768 Spiritum
930 2727 1099 2755 sanctum
1125 2719 1187 2768 qui
1218 2719 1325 2756 datus

337 2786 391 2813 cst
414 2777 523 2814 nobis
539 2778 578 2813 ⁵?
602 2778 719 2814 Multa
739 2785 826 2814 sunt
843 2786 1008 2813 aromata
1029 2791 1111 2826 quae
1131 2778 1326 2827 prolluunt

338 2849 404 2884 per
424 2837 600 2886 Spiritum
616 2865 625 2881 ‚
647 2851 713 2872 nec
731 2837 798 2872 nisi
817 2850 883 2885 per
901 2838 1103 2886 Spiritum,
1124 2838 1299 2886 gaudium
1314 2866 1323 2883 ,

337 2907 429 2942 pax,
446 2896 645 2943 patientia,
665 2896 948 2942 longanimitas,
971 2896 1136 2942 bonitas,
1160 2896 1327 2945 benigni-

338 2961 410 2997 tas,
432 2953 522 2989 tides
538 2982 546 2997 ‚
567 2955 834 2999 mansuetudo,
854 2956 1058 3001 modestia,
1081 2957 1328 3003 continentia,

339 3012 485 3047 castitas
506 3012 532 3047 ⁰.
568 3015 656 3048 llaec
688 3026 761 3048 non
801 3014 914 3048 modo
950 3024 1233 3063 provenerunt,
1265 3016 1329 3052 sed

338 3071 447 3106 ctiam
469 3070 746 3119 profluxerunt.
766 3072 875 3118 Quod
899 3073 1088 3120 profluunt
1108 3102 1116 3118 ‚
1141 3074 1248 3122 copia
1270 3075 1330 3110 de-

385 3210 390 3222 ¹
413 3207 477 3233 Art.
510 3215 529 3232 ιι
638 3206 757 3232 ²1:01...
781 3215 851 3237 im,
881 3208 983 3233 1‘›.-—
1014 3203 1131 3234 3.10.·=·.
1157 3217 1221 3241 xiv,
1250 3211 1319 3236 lo„

348 3271 350 3280 .
395 3274 399 3276 -
450 3256 579 3284 ⁴*‹..1!.=t.
597 3267 625 3289 x,
651 3259 688 3284 Τ).
706 3279 712 3291 ,
738 3258 788 3284 ¹25⁵.
869 3259 984 3286 TJoair
1013 3261 1157 3290 x111,.;'·.

1392 2616 1501 2655 cogit.

1452 2666 1478 2701 ’1.
1511 2665 1581 2701 Sed
1615 2672 1672 2709 tu,
1706 2664 1888 2710 Domine,
1920 2671 2099 2700 converte
2128 2662 2380 2712 captivitatem

1392 2732 1556 2760 nostram
1579 2723 1673 2759 sicut
1694 2732 1839 2758 torrens
1858 2723 1894 2758 in
1916 2730 2044 2758 austro
2057 2720 2082 2758 ⁸.
2105 2722 2241 2758 Emitte
2264 2721 2381 2770 spiri-

1394 2791 1470 2818 tum
1493 2791 1615 2827 tuum,
1637 2790 1673 2817 ct
1694 2781 1937 2817 renovabitur
1954 2781 2106 2829 antiqua
2125 2779 2276 2815 libertas
2297 2794 2304 2816 :
2328 2792 2383 2816 re-

1394 2840 1614 2885 novabitur,
1638 2841 1812 2888 inquam,
1834 2853 1909 2874 non
1933 2838 2173 2875 recreabitur.
2200 2842 2290 2875 Nam
2314 2838 2381 2874 etsi

1395 2898 1590 2934 obliterata
1608 2906 1662 2933 est
1675 2925 1684 2941 ,
1707 2897 1826 2932 ablata
1847 2906 1967 2932 tannen
1985 2910 2059 2932 non
2074 2905 2140 2932 cst.
2157 2900 2282 2932 Manet
2297 2909 2382 2945 quae

1396 2966 1519 2993 creata
1547 2965 1623 3001 est,
1646 2956 1709 2992 scd
1740 2969 1890 2991 movere
1910 2969 1948 2990 se
1975 2956 2104 3003 nequit
2123 2954 2170 2990 ad
2198 2954 2301 3003 quod
2327 2963 2382 2991 est

1397 3017 1499 3061 ‹lata;
1516 3016 1606 3051 vivit
1623 3043 1631 3058 ,
1652 3028 1725 3050 non
1742 3015 1851 3062 viget.
1873 3014 1932 3049 Sic
1949 3023 1985 3049 ct
2006 3014 2040 3049 in
2061 3013 2287 3062 phreneticis
2305 3026 2380 3049 non

1399 3075 1580 3111 minuitur
1599 3075 1720 3110 innata
1744 3073 1993 3117 rationalitas,
2021 3072 2084 3108 sed
2110 3073 2146 3108 in
2170 3073 2221 3108 sic
2240 3073 2381 3109 :iffi-ciis

1389 3205 1513 3236 iMatth
1543 3217 1577 3237 x.
1607 3210 1640 3235 ta
1657 3229 1664 3243 ‚
1687 3210 1736 3242 iti,
1755 3211 1782 3236 ct
1803 3209 1872 3236 Ι,ιιι·,
1891 3217 1959 3241 xxi,
1987 3208 2045 3240 Η,
2075 3209 2121 3235 112.
2144 3224 2181 3227 —
2202 3203 2214 3225 3
2235 3208 2325 3236 Rom.
2346 3216 2375 3233 v.

1269 3260 1345 3288 l'›·tl.
1367 3270 1462 3293 cxxx,
1492 3262 1517 3289 '¹-
