2418 3949
363 561 1013 654 ADMONITIO
1069 565 1164 647 D.
1223 562 1813 651 MABILLON

645 779 709 825 IN
744 777 1126 840 SEQUENTEM
1160 775 1531 823 EPISTOLAM.

126 1174 161 1208 1.
183 1168 240 1208 De
259 1176 413 1207 auctore
442 1168 634 1220 sequentis
654 1166 835 1219 Epistolae
853 1168 933 1218 jam
960 1166 1116 1205 dudum
1135 1165 1249 1216 coepit
1279 1163 1454 1203 dubitari
1477 1180 1485 1201 ε
1511 1172 1550 1201 at
1569 1177 1657 1202 eam
1687 1162 1901 1202 Guillelmo
1920 1178 1988 1203 seu
2010 1165 2116 1204 Wil—

71 1234 209 1282 lelmo,
229 1234 452 1272 monasterii
472 1233 853 1271 Sancti-Theoderici
873 1246 994 1283 prope
1017 1232 1160 1270 Remos
1185 1230 1318 1269 abbati
1335 1260 1344 1278 ,
1365 1228 1619 1269 tribuendam
1643 1242 1724 1267 esse
1745 1238 1908 1267 constat.

123 1301 160 1337 2.
184 1298 478 1337 Dubitationem
497 1299 680 1349 exprimit
695 1307 807 1336 vetus
828 1296 948 1335 codex
969 1297 1041 1335 viri
1064 1296 1274 1335 doctissimi
1291 1304 1330 1334 et
1346 1294 1618 1332 humanissimi
1642 1294 1823 1332 Leonorii
1845 1295 1876 1331 F
1878 1308 1926 1346 oy
1940 1297 2113 1333 canonici

73 1362 373 1410 Bellovacensis,
395 1372 483 1400 ante
511 1377 630 1401 annos
650 1363 800 1400 circiter
823 1361 1130 1413 quadringentos
1157 1362 1322 1411 scriptus
1338 1389 1348 1408 ,
1380 1361 1420 1397 in
1439 1373 1520 1410 quo
1546 1360 1619 1397 ista
1642 1358 1805 1409 epistola
1833 1358 1935 1397 hanc
1959 1361 2115 1410 praesert

70 1428 359 1478 inscriptionem
377 1443 386 1465 ς
411 1446 426 1461 α
450 1427 591 1478 Incipit
608 1426 782 1478 Epistola
801 1426 849 1464 ad
874 1426 1138 1465 cartusienses
1154 1456 1163 1473 ‚
1179 1438 1266 1477 quae
1284 1424 1375 1462 licet
1391 1424 1614 1461 intituletur
1637 1424 1796 1460 nomine
1816 1423 1969 1462 abbatis
1995 1426 2118 1464 Guil-

74 1509 91 1524 »
113 1491 222 1530 lelmi
240 1521 250 1540 ,
275 1500 406 1529 tamen
437 1490 634 1529 Bernardo
666 1505 688 1528 a
716 1490 898 1540 pluribus
920 1490 1166 1528 adscribitur.
1201 1507 1217 1522 »
1254 1489 1303 1527 Et
1333 1488 1496 1539 quidem
1530 1488 1631 1526 hanc
1660 1489 1782 1539 ipsam
1813 1489 2018 1539 epistolam
2040 1492 2116 1530 sub

70 1557 231 1594 nomine
261 1555 448 1594 Bernardi
484 1555 700 1593 laudarunt
723 1555 889 1593 Joannes
920 1554 1069 1593 Gerson
1107 1553 1358 1592 cancellarius
1390 1553 1616 1592 parisiensis
1647 1554 1688 1590 in
1713 1566 1890 1592 sermone
1921 1553 1969 1592 de
1999 1554 2116 1594 Coena

74 1620 232 1658 Domini
251 1637 259 1666 ;
281 1619 498 1670 eodemque
515 1629 689 1670 tempore
704 1619 874 1657 Joannes
893 1618 941 1657 de
957 1618 1127 1670 Ragusio
1145 1618 1252 1669 apud
1274 1620 1488 1658 Henricum
1508 1619 1706 1657 Canisium
1719 1648 1728 1666 ‚
1756 1620 1794 1656 in
1816 1627 1923 1656 tomo
1938 1621 1962 1658 3
1979 1620 2111 1672 Antiq.

72 1684 161 1724 lect.
179 1699 266 1737 pag.
285 1685 378 1732 240,
395 1683 538 1735 aliique
553 1686 695 1735 passim
710 1693 797 1736 post
818 1697 882 1723 eos
905 1701 913 1722 :
937 1685 999 1722 cui
1019 1685 1214 1723 sententiae
1231 1683 1377 1723 codices
1400 1686 1529 1736 scripti
1555 1697 1632 1722 non
1649 1685 1762 1734 pauci
1783 1683 2114 1736 suffragabantur.

72 1749 183 1787 Nihil
205 1758 334 1787 tamen
355 1763 401 1787 ex
427 1749 498 1787 hac
513 1749 675 1801 epistola
691 1758 917 1800 excerptum
938 1758 997 1787 est
1021 1750 1061 1787 in
1087 1749 1342 1798 Bel-nardino,
1368 1764 1436 1789 seu
1457 1751 1497 1787 in
1514 1748 1616 1787 libro
1640 1747 1804 1786 Florum
1827 1762 1873 1786 ex
1900 1749 2115 1790 Bernardo.

125 1816 163 1853 3.
186 1813 401 1852 Dubitandi
431 1814 479 1852 de
503 1824 659 1853 auctore
683 1816 828 1852 occasio
854 1815 1103 1864 potissimum
1123 1823 1215 1853 nata
1240 1824 1298 1854 est
1320 1829 1366 1853 ex
1390 1814 1694 1852 amanuensium
1722 1814 1839 1861 vitio,
1865 1815 1933 1864 qui
1957 1817 2116 1866 genuini

73 1879 253 1925 auctoris,
272 1877 312 1915 id
331 1886 388 1915 est
402 1878 613 1925 willelmi,
635 1892 780 1916 nomen
802 1879 914 1916 initio
931 1878 1100 1929 epistolae
1117 1880 1321 1930 praefixum
1345 1878 1599 1916 decurtarunt
1613 1907 1622 1925 ‚
1644 1877 1707 1916 vel
1731 1878 1849 1916 etiam
1871 1879 2027 1928 penitus
2050 1892 2118 1918 ex-

73 1950 326 1992 punxerunt3
361 1943 440 1979 imo
467 1951 506 1978 et
533 1942 770 1992 praesationis
797 1956 980 1994 magnam
1002 1952 1177 1993 partem,
1208 1944 1249 1980 in
1284 1957 1363 1994 qua
1396 1943 1543 1981 Auctor
1575 1943 1670 1980 texit
1704 1942 1924 1994 catalogum
1954 1956 2117 1982 suorum

74 2020 265 2057 operum,
295 2019 381 2056 quae
411 2007 542 2043 onmia
569 2005 755 2044 Willelmi
784 2006 937 2045 abbatis
961 2021 1040 2045 csse
1059 2007 1305 2057 exploratum
1330 2016 1401 2046 est.
1422 2008 1530 2044 Hanc
1555 2020 1646 2045 vero
1674 2006 1947 2057 praefationem
1965 2009 2120 2058 primus

75 2070 123 2108 ad
142 2079 311 2108 vetustos
330 2070 474 2108 codices
496 2072 687 2122 integram
704 2071 825 2110 edidit
841 2102 850 2119 ‚
868 2086 1016 2122 suoque
1037 2073 1183 2110 auctori
1211 2073 1382 2110 restituit
1409 2071 1611 2122 religiosus
1630 2084 1673 2108 ac
1692 2072 1780 2121 pius
1804 2072 1862 2108 vir
1880 2071 2119 2110 Bertrandus

75 2134 234 2182 Tissicr,
253 2135 292 2171 in
312 2143 419 2172 tomo
440 2136 462 2173 4
479 2134 725 2173 Bibliotheca!
743 2136 1015 2174 Cisterciensis.
1038 2136 1182 2175 Praeter
1197 2136 1344 2174 codices
1359 2135 1408 2173 ab
1433 2149 1480 2173 eo
1499 2134 1692 2181 laudatos,
1710 2137 1778 2186 qui
1795 2135 1896 2173 hanc
1914 2137 2119 2187 epistolam

76 2198 274 2237 willelmo
287 2200 487 2247 tribuunt,
504 2215 644 2251 nempe
664 2201 947 2252 Siguiaccnsem
963 2231 972 2247 ‚
992 2200 1345 2239 Caroli-Locensem
1362 2230 1372 2249 ,
1390 2200 1670 2252 Longi-Pontis
1684 2209 1722 2238 et
1736 2201 1767 2238 F
1770 2200 2092 2240 ulcardi-Montis
2106 2221 2115 2248 ;

75 2262 169 2301 alios
196 2264 354 2314 insuper
387 2265 607 2301 invenimus
640 2264 741 2303 idcm
767 2275 1015 2313 attestantes,
1047 2265 1187 2304 scilicet
1217 2265 1530 2312 Flaviacenscm,
1553 2264 1671 2303 modo
1703 2266 1814 2316 regiae
1838 2265 2115 2312 Bibliothccae;

75 2326 337 2375 Thuancum,
361 2342 465 2365 nunc
484 2327 739 2375 Collicrtinae;
762 2338 800 2367 et
833 2330 1153 2380 Ratisponensem
1179 2328 1619 2366 Sancti-Emmerammi
1650 2344 1658 2366 :
1682 2330 1721 2365 in
1752 2328 1898 2379 quibus
1929 2330 2117 2369 omnibus

75 2391 235 2442 epistola
252 2391 331 2430 liaec
355 2394 407 2430 ita
423 2393 604 2444 inscripta
620 2402 677 2431 est
695 2410 703 2431 ε
730 2412 746 2427 u
768 2394 945 2432 Dominis
957 2404 995 2432 et
1014 2394 1202 2432 fratribus
1221 2394 1271 2432 H.
1293 2394 1417 2432 Priori
1437 2403 1508 2432 etc.
1529 2394 1593 2430 W.
1618 2393 1825 2431 sabbatum
1844 2393 2072 2433 delicatum.
2098 2415 2114 2429 n

79 2456 155 2494 Ubi
181 2456 284 2495 vides
307 2456 493 2495 &villelmi
514 2472 656 2495 nomcn
677 2459 814 2509 primis
838 2467 993 2496 tantuin
1015 2459 1216 2497 clementis
1241 2472 1491 2509 expressum,
1512 2459 1570 2495 uti
1588 2467 1625 2497 et
1642 2458 1845 2496 Ilaimonis
1861 2458 2025 2506 Primis,
2049 2461 2118 2511 qui

77 2529 167 2558 tunc
193 2519 374 2558 cartusiae
396 2521 631 2559 Montis-Dei
659 2531 834 2572 praecrat.
867 2523 933 2560 Est
948 2532 1083 2560 autem
1107 2522 1283 2560 Cartusia
1303 2523 1551 2561 Montis-Dei
1573 2525 1611 2560 iu
1632 2522 1781 2561 dioeccsi
1807 2523 1988 2562 Remcnsi
2007 2554 2016 2570 ,
2045 2525 2119 2562 sub

77 2585 302 2635 praefectura
322 2586 556 2624 Mosomcnsi
576 2616 585 2631 ,
613 2586 662 2624 ab
689 2587 826 2625 Oillone
856 2586 895 2624 S.
923 2586 1089 2638 Remigii
1116 2586 1258 2625 abbate
1286 2587 1449 2626 fundata
1473 2601 1576 2625 anno
1609 2589 1727 2634 1136,
1762 2587 1955 2626 Gausrido
1986 2589 2120 2629 Priore

78 2650 220 2699 primo,
242 2651 301 2686 cui
324 2650 463 2688 llnimo
491 2651 559 2687 istc
581 2665 684 2688 anuo
713 2651 812 2689 1144
833 2653 1010 2691 successit
1029 2669 1038 2690 :
1069 2653 1252 2690 llaimoni
1281 2666 1373 2690 vero
1395 2653 1508 2690 tcrtio
1526 2651 1609 2689 loco
1629 2652 1836 2690 Gervasius
1852 2682 1860 2698 ,
1890 2654 1999 2702 cujus
2021 2667 2122 2705 sup—

79 2727 207 2763 presso
228 2715 382 2751 nominc
400 2716 546 2752 mentio
563 2724 618 2753 cst
634 2717 673 2752 iu
692 2715 875 2754 Bernardi
894 2716 1055 2768 epistola
1075 2718 1166 2763 290,
1185 2730 1441 2755 successorem
1463 2718 1623 2755 sortitus
1645 2726 1787 2767 quarto
1803 2716 1884 2754 loco
1901 2717 2120 2763 Simonem,

80 2786 124 2816 ut
146 2791 191 2816 ex
208 2778 415 2817 venerabili
440 2789 548 2830 patre
569 2780 772 2819 Francisco
792 2782 994 2820 Ganeronc
1021 2781 1115 2820 olim
1137 2783 1368 2832 accepimns.
1391 2781 1582 2820 Caetcruin
1603 2781 1702 2819 lianc
1730 2781 1932 2831 epistolam
1962 2782 2011 2820 ab
2032 2785 2121 2833 ipsis·

79 2842 240 2881 conditae
261 2842 498 2882 Montis-Dei
520 2845 701 2884 Can-iusim
719 2847 834 2885 initiis
854 2848 1034 2898 scriptam
1053 2847 1170 2885 fuisse
1192 2846 1422 2897 intelligitur
1440 2861 1485 2884 cx
1504 2860 1565 2892 co,
1586 2845 1693 2896 quod
1706 2866 1718 2877 ·‹
1738 2848 1919 2884 novitatis
1937 2849 2093 2885 nominc
2110 2868 2121 2880 ι-

79 2917 269 2946 notantur
288 2910 403 2960 primi
420 2911 501 2959 ejus
524 2911 654 2950 incolae
678 2925 721 2950 ex
742 2926 854 2952 num.
880 2915 919 2952 3.

134 2973 171 3011 4.
190 2974 296 3012 Ilauc
313 2976 513 3026 epistolam
537 2976 773 3015 Guillclnius
793 2977 980 3015 an'abbas
998 2978 1204 3027 scripserit,
1227 2991 1274 3014 an
1302 2989 1347 3014 cx
1363 2975 1502 3013 abbate
1523 2975 1644 3014 sactus
1663 2975 1882 3014 monachus
1900 2977 2124 3028 signiacen—

81 3037 154 3083 sis,
181 3040 326 3076 nonita
354 3040 612 3090 exploratum.
637 3041 841 3079 Postcriori
869 3043 1065 3079 scutcntiac
1093 3041 1191 3079 illud
1220 3041 1323 3078 savct
1342 3071 1351 3087 ‚
1373 3041 1479 3091 quod
1498 3042 1578 3089 jam
1600 3050 1685 3078 tum
1707 3041 1849 3079 affecta·
1874 3052 1969 3080 cssct
1988 3044 2123 3085 artatis,

81 3115 169 3140 cum
192 3103 302 3141 istam
325 3104 525 3154 epistolam
549 3108 711 3155 scripsit.
743 3106 893 3143 Aci-mlii
921 3106 1026 3156 quoil
1054 3105 1191 3142 cailcm
1222 3105 1383 3155 epistola
1415 3105 1488 3142 sul)
1522 3106 1680 3142 nominc
1707 3125 1722 3138 «ι
1746 3106 1948 3143 Guillclmi
1980 3107 2127 3144 (Ilarw—

85 3184 99 3198 n
121 3166 244 3205 Vallis
256 3169 303 3205 ‹lc
316 3169 405 3207 Yita
421 3170 587 3208 solitaria
609 3189 623 3202 n
642 3171 798 3208 laudata
816 3181 871 3208 cst
887 3180 1108 3208 :uitcauinos
1122 3171 1201 3207 scic
1216 3170 1520 3221 quadringentos
1537 3184 1558 3206 a
1575 3169 1746 3220 quodam
1763 3172 1945 3207 canonico
1963 3171 2128 3220 reg-‚ulmi

82 3231 446 3271 Sancti-salvatoris
474 3235 578 3284 apud
607 3235 841 3282 Bononiam,
873 3250 1013 3285 ncmpc
1037 3236 1074 3271 iu
1108 3234 1206 3271 libi-o
1235 3236 1362 3285 primo
1383 3234 1618 3272 Sermonum
1643 3233 1691 3271 :ul
1719 3234 1930 3271 lin-ciuitas.
1954 3248 2036 3283 cap.
2063 3236 2128 3270 23.

82 3295 170 3342 Quo
192 3296 240 3333 ilc
262 3306 418 3335 auctor(-
441 3299 475 3334 iu
501 3299 640 3336 ltincn·
663 3310 792 3337 nostro
814 3299 957 3339 italico,
978 3314 1064 3350 pap..
1097 3302 1177 3335 ΗΠ.
