2418 3949
63 183 128 220 141

773 185 821 219 IN
851 183 1076 226 CANTICA‚
1105 183 1268 220 SERMO
1296 187 1382 220 XX.

2041 181 2112 217 1²12

61 263 250 296 exaltatus
267 258 377 308 fitero
399 273 422 295 α
449 269 562 304 terra,
594 263 721 295 omnia
738 260 883 295 traham
915 261 968 294 ad
991 272 1048 294 me
1064 256 1096 275 ⁰⁴
1112 259 1237 296 vitatis
1265 261 1412 309 signum
1440 268 1495 296 est
1523 259 1625 308 quod
1657 272 1750 310 ruga
1775 267 1889 295 caret.
1922 257 2109 306 Explicuit

60 323 194 368 ipsum.
232 320 373 356 Efficax
411 319 458 356 ad
492 319 713 356 trahendum
750 319 939 355 humilitas
975 318 1055 354 ista.
1074 321 1107 355 A
1121 319 1289 357 Christus
1312 319 1445 356 litterae
1465 332 1597 368 rugas,
1620 327 1658 355 et
1674 317 1777 368 quod
1794 318 1915 354 inerat
1937 316 2112 352 novitatis

61 378 201 426 Quidni
215 380 231 414 Ξ)
245 379 336 426 Quis
349 392 424 416 non
438 379 485 416 ad
504 379 709 428 simplicem
725 378 927 428 cogitatum
942 376 1054 425 hujus

63 437 117 473 rei
133 444 289 487 stupore
313 446 351 474 et
364 438 495 474 ecstasi
511 438 726 487 repleatur?
741 436 854 485 Cujus
867 449 945 473 non
960 435 1054 472 affe-

60 504 162 532 ctum
187 496 279 533 {ides
298 497 376 533 haec
399 498 595 534 exhauriat
619 505 656 533 et
674 496 849 540 infatuet,
870 503 908 531 et
923 493 1055 531 reddat

62 555 372 592 insufficientem?
386 556 516 594 Facilis
529 555 576 592 ad
589 552 920 603 contemplandum
936 554 1052 598 locus,

64 614 130 651 sed
151 614 333 651 fecundus
347 614 394 651 ad
410 614 578 663 gratiam.
596 613 819 663 Simplicitas
836 611 922 648 fidei
942 610 1054 659 hujus

66 673 190 710 minus
223 672 335 709 habet
371 673 626 721 intelligentiae
640 701 650 718 ,
682 672 770 708 satis
804 684 979 720 magnum
1017 680 1054 707 et

63 731 324 767 admirationis
349 739 386 767 et
418 731 557 767 amoris
582 730 865 766 incitamentum
897 729 1050 766 habens.

65 789 301 828 Accessibilis
321 791 442 835 locus,
461 789 524 826 sed
542 802 715 826 excessus
735 789 971 826 dulcissimos
986 802 1053 838 pa-

66 849 178 885 riens.
206 849 329 886 Nolite
351 849 451 885 hunc
481 848 811 897 contemplationis
839 849 963 884 locum
985 848 1054 884 de—

66 907 224 957 dignari.
243 912 325 945 Non
353 916 409 945 est
428 907 590 944 difficilis
616 907 664 944 ad
690 908 996 956 recogitandum,
1019 917 1057 944 et

66 975 123 1004 est
138 967 242 1003 dives
255 967 302 1004 ad
317 966 487 1017 gloriam.
508 968 626 1011 Mihi,
644 967 769 1015 inquit
784 967 921 1003 Paulus
932 994 941 1011 ,
959 966 1057 1002 absit

1118 378 1257 415 clicuit.
1279 378 1377 426 Quid
1409 378 1521 414 vultis
1540 391 1630 423 vos,
1658 378 1745 415 Sion
1771 385 1809 413 et
1838 380 2040 425 Synagogae
2072 375 2112 410 fi-

1117 438 1176 474 liae
1188 466 1198 483 ,
1217 451 1326 487 rugas
1353 437 1593 482 contrahere,
1617 450 1708 486 quas
1727 437 1894 474 Christus
1911 434 2112 485 explicuit?

1116 497 1231 534 Novis
1260 495 1632 545 supervenientibus,
1655 495 1746 544 quid
1772 494 1962 531 veteribus
1989 493 2111 529 adhuc

1117 555 1357 604 gloriamini?
1377 554 1628 603 Egredimini,
1652 555 1733 590 filiae
1754 555 1859 599 Sion,
1880 553 1925 589 de
1942 552 2112 588 cavernis

1118 615 1263 659 litterae,
1280 613 1326 649 de
1337 622 1495 661 angusta
1511 621 1548 648 et
1563 612 1714 661 ignobili
1731 612 1987 661 intelligentia.
2000 615 2110 659 Egre-

1118 673 1272 718 dimini,
1300 680 1337 708 et
1360 671 1485 708 videte
1511 684 1635 720 regem
1659 671 1896 707 Salomonem
1924 671 1961 705 in
1983 669 2110 705 diade-

1118 739 1216 768 mate
1242 744 1319 780 quo
1351 730 1548 767 coronavit
1581 743 1667 766 eum
1704 737 1822 765 mater
1855 742 1931 764 sua.
1966 731 2114 765 Corona

1118 790 1228 828 nobis
1246 798 1302 826 est
1322 790 1554 835 Incarnatio,
1584 802 1696 838 quam
1726 801 1792 824 vos
1816 788 1955 837 putatis
1975 796 2112 823 contn—

1123 851 1283 887 meliam.
1310 853 1355 886 Et
1373 849 1498 885 videte
1517 849 1595 897 jam
1616 848 1810 897 quomodo
1833 846 2026 883 benedixit
2046 860 2113 881 eo—

1121 923 1223 947 ronae
1253 909 1342 946 anni
1374 908 1615 957 benignitatis
1643 921 1740 953 suae,
1768 906 1961 956 quomodo
1993 905 2113 954 campi

1121 970 1202 1019 ejus
1232 969 1365 1018 repleti
1396 977 1485 1005 sunt
1512 967 1682 1004 ubertate
1697 966 1722 1003 5.
1750 966 1882 1003 Videte
1913 977 2113 1008 coronam,

65 1029 217 1075 gloriari
227 1031 298 1062 nisi
309 1031 346 1062 in
361 1040 468 1062 cruce
483 1029 637 1062 Domini
651 1030 767 1061 nostri
783 1027 871 1061 ,Ιωιι
888 1026 1021 1062 Christi
1034 1032 1058 1062 ¹.
1079 1032 1106 1065 B
1127 1029 1250 1065 videte
1273 1037 1309 1064 et
1329 1029 1476 1077 copiam
1496 1042 1504 1063 ε
1526 1039 1704 1063 coronam
1723 1025 1910 1069 victoriae,
1935 1024 2114 1059 virtutum

67 1088 115 1122 Et
129 1085 219 1134 quid
237 1086 351 1122 vultis
363 1086 517 1122 audire?
535 1087 634 1123 Crux
652 1085 730 1134 ipsa
746 1097 887 1121 corona
901 1092 956 1120 est
974 1085 1056 1133 glo-

69 1145 156 1191 riae,
173 1145 343 1181 diadema
369 1145 485 1194 regni.
517 1144 687 1193 Denique
717 1144 754 1180 in
784 1157 894 1180 cruce
922 1144 1056 1180 trium-

68 1204 220 1254 phavit,
242 1205 455 1254 exspolians
470 1204 703 1254 principatus
719 1211 758 1239 et
776 1211 979 1253 potestates
991 1232 1000 1249 ,
1021 1211 1058 1240 et

69 1262 202 1298 mundi
233 1262 441 1311 principem
474 1261 584 1310 ejecit
620 1262 730 1297 foras.
761 1260 934 1299 Gloriosa
962 1260 1058 1296 visio

70 1321 249 1370 triumphi
275 1321 403 1370 ipsius.

122 1381 422 1427 6.'Egreclimini
437 1407 447 1424 ‚
462 1379 568 1425 filsae
594 1379 695 1422 Sion,
722 1387 757 1413 et
788 1380 912 1413 videte
939 1391 1058 1425 regem

70 1442 304 1477 Salomonem
336 1445 374 1475 in
405 1442 617 1475 diademate
646 1454 715 1487 (sao
753 1444 942 1475 coronavit
977 1452 1059 1474 eum

70 1508 189 1535 mater
205 1512 286 1535 sua.
304 1497 435 1536 Videte
451 1511 601 1535 carnem
615 1527 625 1544 ,
643 1511 754 1547 quam
772 1498 938 1534 humano
959 1510 1060 1534 sum-

70 1558 146 1607 psit
163 1570 210 1594 ex
237 1570 374 1606 genere
394 1557 688 1606 triumphantem
709 1557 746 1593 in
768 1558 881 1606 ligno.
904 1560 949 1594 Et
972 1557 1059 1593 felix

70 1631 178 1663 caro,
201 1630 313 1666 quam
334 1615 405 1653 sibi
428 1617 597 1654 Christus
618 1629 694 1652 non
718 1617 823 1666 quasi
841 1629 1027 1653 carcerem
1047 1644 1056 1661 ,

71 1676 137 1714 sed
158 1676 265 1726 quasi
293 1687 471 1713 coronam
495 1676 695 1725 assumpsit
722 1691 729 1712 ε
752 1689 835 1725 quae
857 1676 925 1712 fuit
945 1689 1060 1712 orna-

72 1743 200 1772 mento
213 1763 223 1780 ‚
245 1747 321 1771 non
339 1734 458 1771 oneri.
478 1737 554 1771 Nos
573 1747 703 1771 omnes
720 1735 757 1771 in
775 1748 886 1771 carne
901 1735 1006 1784 quasi
1022 1735 1059 1770 in

72 1793 248 1830 domibus
267 1806 455 1830 carcerum
482 1792 694 1829 absconditi
723 1806 872 1839 sumus,
905 1806 1061 1842 compe-

72 1852 141 1889 diti
157 1861 194 1889 et
215 1852 420 1889 servientes
437 1852 508 1901 legi
522 1852 676 1901 peccati.
695 1853 840 1899 Infelix
857 1865 921 1899 ego
941 1853 1060 1896 homo,

73 1915 155 1961 quis
174 1926 230 1948 me
249 1911 419 1948 liberabit
437 1913 483 1947 de
500 1925 652 1958 corpore
672 1916 795 1947 mortis
815 1913 951 1957 lmjuss⁷
972 1913 1064 1947 Gra-

73 1976 152 2015 εἰα,
174 1971 318 2020 inquit,
347 1974 418 2007 Dei
445 1985 517 2019 per
541 1973 666 2007 lesum
698 1972 878 2007 Christum
908 1976 933 2007 ².
966 1973 1064 2007 Dens

75 2030 176 2067 enirn
193 2035 338 2066 mittens
356 2033 391 2066 F
390 2034 493 2066 ilium
509 2044 615 2066 suum
636 2035 673 2066 in
689 2033 970 2067 similitudinem
986 2046 1064 2067 ear-

75 2094 136 2126 nis
150 2094 298 2137 peccati
312 2117 323 2134 ‚
346 2092 392 2125 de
413 2099 566 2138 peccato
591 2092 781 2125 damnavit
808 2099 1000 2138 peccatam
1027 2096 1065 2126 in

76 2162 188 2184 carne
206 2149 231 2185 3.
254 2149 396 2186 Veritas
419 2149 541 2185 earnis
563 2149 601 2184 in
621 2149 788 2192 Christo,
811 2150 952 2196 peceati
970 2163 1066 2197 pon-

75 2207 146 2244 dus
167 2220 242 2243 non
272 2207 455 2253 sentiens,
485 2206 593 2243 nobis
624 2206 799 2243 omnibus
830 2207 876 2242 de
911 2215 1064 2255 peccato

76 2265 268 2302 victricem
288 2266 449 2314 palmam
470 2265 631 2301 advexit.
653 2268 752 2301 Bene
772 2265 876 2314 quasi
894 2264 1066 2301 diadema

76 2323 262 2373 accipitur
277 2336 414 2373 corpus
434 2324 737 2371 immaculatum,
769 2337 906 2373 corpus
932 2324 1065 2360 trium—

80 2382 167 2431 phi,
191 2395 328 2431 corpus
356 2382 512 2419 honoris
541 2391 578 2419 et
612 2383 764 2431 gloriae3
792 2395 930 2432 corpus
960 2382 1066 2431 eujus

78 2454 213 2478 cruore
233 2441 376 2490 peccati
401 2441 548 2478 deletur
573 2442 863 2491 chirographum
878 2471 887 2488 ,
914 2441 1067 2490 justitire

78 2507 116 2536 et
145 2499 272 2535 salutis
297 2499 464 2548 signatur
491 2500 738 2549 conscriptio,
772 2501 953 2550 nuptialia
980 2509 1067 2537 sunt

1121 1088 1279 1138 copiam.
1297 1087 1408 1124 Unde
1427 1086 1525 1132 haec,
1554 1086 1625 1122 nisi
1643 1085 1731 1134 quia
1755 1096 1911 1133 granum
1933 1083 2112 1118 frumenti

1121 1147 1257 1184 cadens
1277 1147 1311 1182 in
1332 1155 1468 1183 terram
1496 1154 1687 1182 mortuum
1719 1144 1811 1180 fuit?
1838 1142 2011 1190 Denique
2035 1141 2112 1176 haee

1122 1214 1178 1243 cst
1199 1206 1376 1252 victoria,
1411 1218 1495 1254 quae
1527 1204 1645 1241 vincit
1676 1203 1857 1239 mundum
1881 1229 1890 1246 ‚
1920 1200 2012 1236 fides
2044 1213 2115 1235 no-

1124 1274 1201 1302 stra
1214 1264 1243 1302 ⁶.
1264 1269 1311 1301 Et
1328 1265 1408 1314 ipsa
1427 1264 1661 1300 credentium
1681 1260 1883 1298 multitudo
1901 1272 2043 1295 corona
2063 1267 2118 1294 est

1124 1333 1162 1362 et
1194 1332 1460 1361 ornamentum
1494 1323 1654 1360 Christo.
1685 1323 1789 1364 Eris,
1813 1319 1957 1367 inquit,
1982 1331 2116 1352 corona

1121 1388 1256 1432 glorioe
1277 1388 1315 1418 in
1347 1396 1459 1418 manu
1480 1385 1656 1424 Domini,
1687 1389 1722 1415 et
1750 1380 1928 1414 diadema
1958 1381 2117 1425 regni‘in

1126 1456 1239 1478 mama
1258 1445 1329 1477 Dei
1348 1446 1412 1477 tui.
1434 1439 1624 1488 Numquid
1641 1439 1712 1474 hoc
1725 1437 1866 1473 dictum
1881 1434 1989 1471 vobis
2010 1447 2119 1470 usur—

1125 1500 1246 1551 patis?
1267 1513 1312 1536 an
1335 1513 1411 1536 non
1435 1512 1504 1549 per
1526 1512 1594 1535 vos
1621 1510 1761 1534 nomen
1793 1495 1862 1532 Dei
1881 1494 2117 1542 blasphema-

1127 1562 1213 1596 tur?
1236 1559 1488 1607 ngdimini,
1523 1558 1607 1594 filiae
1633 1557 1746 1601 Sion,
1779 1563 1816 1590 et
1852 1553 1975 1589 videte
2005 1566 2117 1601 quam

1124 1618 1309 1668 gloriosus
1333 1618 1380 1654 sit
1398 1622 1500 1654 Deus
1527 1617 1564 1652 in
1583 1615 1719 1652 sanctis
1739 1614 1834 1658 suis,
1858 1612 1888 1648 si
1910 1612 2004 1647 forte
2025 1611 2120 1647 visio

1125 1678 1204 1714 haec
1221 1678 1266 1713 ad
1286 1677 1562 1713 aemulationem
1583 1689 1649 1712 vos
1669 1674 1830 1710 adducat
1846 1700 1855 1717 ,
1879 1671 1976 1706 etde
1989 1671 2120 1707 solitu-

1126 1736 1214 1773 dine
1240 1744 1363 1773 vestra
1391 1735 1437 1772 ad
1472 1735 1647 1772 Ecclesiae
1686 1731 1935 1780 frequentiam
1965 1729 2120 1765 transire

1078 1804 1104 1839 C
1128 1796 1246 1832 faciat.
1272 1796 1349 1832 Etsi
1384 1795 1529 1831 deserta
1568 1794 1691 1838 fuisti,
1725 1791 1789 1828 sed
1821 1804 1893 1825 non
1915 1788 2118 1832 vocaberis,

1128 1857 1250 1905 inquit
1267 1884 1276 1901 ‚
1299 1859 1394 1891 ultra
1414 1857 1588 1890 derelicta
1604 1868 1614 1887 .·
1632 1863 1665 1888 et
1680 1863 1778 1888 terra
1797 1861 1859 1886 tua
1879 1863 1951 1885 nou
1974 1847 2122 1883 vocabi-

1129 1923 1189 1950 tur
1203 1917 1366 1962 amplius
1385 1916 1552 1948 desolata
1568 1919 1594 1948 7.

1184 1975 1217 2010 7.
1239 1973 1311 2009 Sed
1335 1972 1412 2020 jam
1434 1971 1656 2008 desistamus
1678 1968 1724 2005 ad
1745 1981 1809 2004 eos
1830 1967 1894 2015 qui
1920 1965 2008 2001 soris
2035 1973 2122 2001 sunt

1131 2044 1342 2068 sermonem
1366 2031 1548 2079 proferre.
1570 2029 1645 2078 Ipsi
1666 2027 1791 2076 potius
1810 2025 1939 2060 videre
1961 2023 2124 2060 delecte-

1132 2104 1238 2135 mur,
1259 2089 1454 2139 quomodo
1474 2089 1551 2138 jam
1575 2089 1826 2137 pinguescunt
1855 2083 2022 2133 speciosa
2052 2082 2119 2119 de-

1131 2150 1237 2195 serti,
1255 2149 1448 2195 quomodo
1472 2147 1706 2184 credentium
1734 2156 1874 2181 corona
1895 2143 2063 2179 Christus
2084 2142 2119 2177 in

1132 2206 1295 2242 Ecclesia
1315 2205 1488 2253 cingitur.
1519 2205 1614 2249 Qaoe
1637 2211 1692 2237 est
1713 2214 1796 2248 spes
1820 2208 1971 2243 nostra,
1999 2208 2034 2234 et
2059 2212 2122 2233 co-

1133 2279 1222 2301 rona
1237 2266 1370 2312 glorioe
1385 2266 1404 2299 Ρ
1433 2266 1566 2300 Nonne
1595 2274 1660 2297 vos
1692 2269 1779 2295 ante
1814 2262 2010 2294 Dominum
2028 2256 2069 2292 ⁸?
2089 2259 2125 2295 Si

1132 2324 1267 2361 Paulus
1286 2323 1357 2359 hoc
1374 2322 1482 2366 dicit,
1501 2319 1696 2370 quomodo
1712 2331 1788 2355 non
1804 2317 1919 2365 magis
1935 2317 2125 2354 Christus?

1137 2385 1222 2418 Vivo
1245 2396 1325 2430 ego,
1349 2380 1440 2417 dicit
1459 2379 1658 2423 Dominus,
1681 2382 1770 2426 quia
1789 2378 1845 2411 his
1862 2375 2029 2410 omnibus
2048 2378 2126 2410 vel-

1133 2451 1173 2478 ut
1194 2449 1409 2477 orumncnto
1442 2443 1612 2475 vestieris
1635 2445 1662 2473 9.
1693 2435 1898 2474 Advertisti
1932 2435 2125 2483 quomodo

1133 2501 1368 2538 credentium
1403 2499 1551 2548 agmina
1581 2504 1847 2534 ornamentum
1874 2507 1954 2530 esse
1989 2493 2124 2530 Christi

79 2558 327 2594 instrumenta
343 2559 526 2594 confecta.
544 2559 714 2607 Denique
732 2560 790 2595 hic
810 2560 889 2596 dies
902 2559 1067 2609 despon-
1087 2563 1119 2596 D
1136 2561 1174 2597 in
1193 2560 1356 2597 Ecclesia
1376 2558 1542 2594 deliniat.
1563 2560 1687 2603 Quare
1705 2567 1781 2590 non
1805 2561 1840 2589 et
1858 2565 1996 2588 corona
2017 2554 2129 2588 sunt?

80 2616 257 2662 sationis,
278 2616 432 2665 quando
452 2625 595 2653 veteres
614 2618 815 2667 repudians
836 2619 927 2654 ritus
941 2647 951 2664 ‚
974 2632 1072 2655 nova

79 2676 254 2715 Ecclesiae
280 2679 516 2714 Sacramenta
538 2678 698 2714 instituit
718 2692 725 2714 :
747 2678 901 2727 quando
922 2679 958 2714 in
981 2692 1072 2727 per-

83 2735 186 2784 petui
219 2736 447 2772 matrimonii
472 2736 619 2785 signnm
648 2745 684 2773 et
709 2738 853 2786 copula:
881 2738 1072 2787 nuptialis,

83 2792 129 2829 de
148 2794 260 2829 latere
275 2792 354 2842 ejus
367 2794 555 2842 sanguinis
569 2803 606 2830 et
621 2808 726 2843 aquae
744 2795 904 2831 mixtura
924 2796 1072 2844 proflu-

84 2852 149 2889 xit.
172 2852 293 2889 Hodie
320 2855 525 2902 Synagogae
546 2854 649 2890 dedit
668 2853 834 2891 libellum
854 2855 1022 2904 repudii,
1040 2863 1077 2891 ct

85 2924 105 2948 a
134 2910 262 2960 priore
288 2911 418 2948 odiosa
435 2912 481 2948 ad
503 2913 748 2962 posteriorem
768 2913 941 2949 dilectam
958 2922 1075 2949 trans-

87 2970 165 3006 ivit.
198 2974 230 3007 A
256 2971 372 3006 veteri
404 2972 573 3008 transivit
600 2972 645 3008 ad
676 2986 840 3018 novam,
873 2985 985 3021 quam
1007 2972 1075 3008 sihi

88 3029 167 3078 ipse
188 3028 358 3066 exhibuit
387 3030 586 3079 gloriosam
620 3045 694 3068 non
722 3031 920 3068 habentem
950 3045 1076 3068 macn—

90 3089 161 3125 lam
192 3098 254 3125 aut
277 3103 404 3138 rugam
422 3119 431 3136 ‚
454 3100 518 3128 aut
545 3092 684 3140 aliquid
714 3092 926 3140 hujusmodi
950 3093 968 3127 ³.
1001 3096 1078 3127 No-

143 3226 150 3240 ¹
170 3221 270 3251 Galat.
292 3233 321 3251 νι
337 3246 344 3258 ‚
369 3225 417 3253 l'i.
436 3241 471 3245 -
493 3229 503 3244 ²
523 3227 611 3254 llum.
633 3227 755 3257 ν11,ἶὲ’1
775 3248 781 3259 ,

97 3284 125 3310 ν,
155 3275 178 3303 ἰ.

807 3229 822 3254 ⁵)
831 3230 846 3254 ζ)
854 3249 858 3254 .

257 3281 269 3303 7
287 3274 353 3305 lsai.
379 3286 444 3303 ιλιι
462 3299 469 3312 ,
493 3279 509 3304 :t
526 3300 532 3307 .
557 3279 581 3306 ’1.
657 3276 670 3297 ⁸
687 3280 695 3306 1
713 3276 821 3307 'l‘lws-s.
840 3289 881 3312 11,
908 3280 957 3307 li).

951 3224 1022 3255 5ld.
1040 3235 1096 3253 viu
1114 3248 1120 3260 ,

1138 2619 1209 2657 Sed
1238 2631 1379 2655 corona
1405 2616 1517 2652 habet
1544 2614 1745 2664 quamdam
1768 2613 1951 2659 insignem
1984 2620 2019 2647 et
2048 2612 2129 2646 illn—

1139 2686 1251 2713 strem
1274 2689 1351 2725 prae
1368 2674 1511 2711 caeteris
1528 2672 1758 2709 ornamentis
1775 2670 1993 2718 dignitatem
2013 2684 2020 2705 ι
2043 2669 2130 2717 quia

1141 2745 1274 2773 caetera
1300 2749 1384 2772 eum
1420 2735 1492 2770 sint
1520 2732 1704 2781 corporis,
1726 2731 1793 2766 ista
1819 2737 1874 2764 cst
1908 2729 2049 2777 capitis.
2087 2731 2131 2764 Et

1142 2795 1323 2845 temporis
1346 2794 1439 2830 ratio
1474 2791 1520 2828 ad
1549 2791 1630 2840 ejus
1662 2787 2030 2826 eommendationem
2062 2788 2131 2823 ali-

1143 2855 1233 2903 quid
1255 2855 1375 2890 al'l'ert.
1405 2850 1642 2888 Solemnibus
1675 2858 1818 2885 tantum
1849 2860 1936 2883 usus
1966 2846 2047 2894 ejus
2078 2855 2133 2883 est

1143 2911 1450 2949 accommodatus
1479 2910 1590 2946 feriis.
1619 2913 1700 2945 ‚lam
1724 2915 1885 2944 erectam
1912 2905 2023 2941 video
2051 2906 2129 2941 ala—

1143 2973 1310 3009 critatem
1341 2979 1501 3007 vestram
1527 2985 1533 3005 :
1554 2968 1632 3017 jam
1660 2968 1706 3003 ad
1727 2980 1793 3003 vos
1815 2965 1926 3013 hujus
1948 2965 2051 3001 verbi
2074 2966 2132 3001 in-

1146 3031 1451 3081 terpretationem
1474 3028 1681 3064 deflectitis
1712 3031 1793 3062 Jani
1815 3034 1980 3060 vestrum
2006 3025 2040 3060 in
2070 3038 2135 3058 eo-

1147 3105 1249 3127 ronw
1281 3089 1525 3139 prwrogativa
1556 3086 1758 3135 intelligitis
1785 3084 2039 3133 privilegium,
2072 3083 2133 3130 qni

1982 3217 1996 3231 ⁴*
2015 3217 2021 3241 Ι
2046 3216 2123 3242 joan

1141 3228 1170 3252 21.
1256 3222 1392 3264 -¹1·1plw<.
1413 3234 1442 3259 v,
1467 3224 1518 3251 27.
1579 3240 1585 3242 -
1606 3219 1617 3240 's'
1635 3219 1711 3249 l‘sal.
1740 3229 1827 3248 ixix,
1854 3221 1860 3245 1
1884 3222 1901 3243 t,

1041 3285 1056 3305 ‘J
1073 3280 1139 3307 lsai.
1158 3287 1230 3305 κως
1246 3300 1251 3308 ,
1283 3278 1330 3304 ΙΝ.
