2418 3949
97 160 170 195 413
624 158 896 194 ADMOMTlo
925 159 972 192 lm
1002 158 1289 202 SEQUENJEM
1323 159 1600 194 EPISTOLAM.
2058 161 2131 197 414

96 249 289 286 novimus.
331 247 406 285 Sed
435 256 473 285 et
509 248 548 285 in
591 249 664 285 isto
691 247 924 300 Signiacensi
962 244 1091 283 codice
1109 273 1119 292 ,
1156 258 1276 295 quem
1315 245 1519 297 diligenter
1549 247 1730 298 expendit
1746 277 1756 295 ,
1791 262 1863 299 pro
1894 263 2003 287 more
2037 264 2108 289 suo
2123 283 2133 300 ‚

94 313 312 351 Martenius
346 322 490 359 noster,
525 313 654 363 ipsum
687 326 726 350 se
751 311 856 350 ultro
878 309 1010 362 prodit
1042 308 1308 347 adulterinum
1327 310 1640 350 additamentum
1659 326 1682 350 a
1707 314 1909 351 recentiori
1946 316 2134 365 quopiam

94 377 209 415 sciolo
244 377 401 415 factum.
444 376 547 415 Nam
592 390 721 427 neque
764 376 900 414 eadem
936 388 1057 412 manu
1077 404 1086 421 ,
1129 388 1258 425 neque
1299 375 1394 413 adeo
1435 378 1598 427 antiqua
1620 407 1629 424 ,
1664 377 1730 415 sed
1774 379 1885 416 annis
1922 380 2133 418 minimum

94 449 250 479 centum
287 441 489 492 posteriori
530 441 718 491 scriptum
766 448 824 478 est
842 469 852 487 ,
887 439 1005 489 idque
1044 438 1084 475 in
1121 438 1256 476 charta
1293 439 1462 478 breviori
1482 470 1491 487 ,
1538 455 1606 478 nec
1649 441 1822 490 ejusdem
1862 443 1998 482 sormae
2041 459 2133 483 cum

95 505 246 556 reliquo
260 505 401 543 codice.
419 504 534 554 Quod
550 514 779 556 praepostere
793 505 938 542 sactum
962 516 984 540 a
1010 503 1210 540 recentiori
1237 502 1305 541 illo
1329 504 1444 542 sciolo
1463 519 1578 543 nemo
1606 519 1686 543 non
1712 506 1837 554 videt,
1864 516 1910 545 ut
1933 507 2132 547 vvillelmo

93 578 274 607 assereret
291 569 493 621 epistolam
506 600 515 615 ,
532 583 653 620 quam
671 568 886 614 obscurius,
902 581 974 618 pro
988 567 1100 614 votis,
1117 567 1196 604 imo
1212 567 1436 606 nullatenus
1459 569 1701 607 adscribebat
1726 572 1760 607 ei
1784 571 1901 609 codex
1925 572 2004 610 ille.
2024 574 2134 611 Hane

94 634 286 686 siquidem
306 634 545 685 epigraphen
570 635 682 672 initio
698 633 854 684 praescrt
872 649 881 670 ε
903 650 920 666 «
939 632 985 669 In
1005 630 1079 668 hoc
1095 629 1294 668 volumine
1318 632 1565 670 continentur
1590 633 1771 682 quaedam
1795 635 1982 684 opuscula
1998 636 2133 675 domni

97 717 113 732 u
135 699 343 745 Willelmi,
363 699 515 737 abbatis
532 698 918 737 Sancti-Theodorici
931 727 940 744 ,
957 705 1091 748 postea
1105 694 1287 733 monachi
1309 694 1571 747 Signiacensis.
1592 714 1608 730 »ι
1629 697 1736 734 Tum
1763 709 1925 748 apparet
1949 701 1988 737 in
2011 704 2134 752 capite

91 763 261 813 epistolae
283 763 331 800 ad
358 763 498 801 fratres
524 763 571 800 de
600 762 851 810 Monte—Dei,
870 776 961 800 cum
986 761 1060 799 hoc
1078 760 1216 798 initio:
1240 777 1256 792 u
1275 758 1454 798 Dominis
1482 770 1520 798 et
1543 760 1729 799 fratribus
1748 763 1797 798 ΙΙ.
1815 764 1956 812 priori,
1972 774 2045 803 etc.
2064 767 2129 805 W.

94 845 110 860 n
134 827 341 865 sabbatum
356 827 581 866 delicatum.
602 846 618 860 υ
642 828 692 865 Et
707 829 745 865 in
775 829 849 865 [ine
870 827 957 864 libri
976 825 1130 864 secundi
1150 840 1159 861 :
1180 844 1196 858 «ι
1217 825 1323 862 Finit
1338 825 1574 876 opusculum
1593 825 1743 863 domini
1760 827 1824 863 W.
1842 827 1891 864 ad
1918 827 2058 866 fratres
2083 830 2132 868 de

95 909 110 924 »ι
134 891 386 930 Monte-Dei.
411 910 427 925 n
446 892 638 943 Sequitur
654 892 809 930 libellus
824 894 894 942 qui
910 893 1061 942 incipit,
1089 907 1102 922 r«
1132 888 1384 936 Notandum,
1412 888 1510 927 duas
1534 903 1613 927 esse,
1637 888 1912 938 beatitudines,
1939 910 1952 925 »
1973 901 2041 929 etc.
2065 895 2133 944 qui

91 964 147 993 est
162 957 298 994 tertius
318 955 508 1007 Guigonis
523 955 620 993 liber
636 955 684 992 ad
697 955 834 993 fratres
853 955 899 993 de
921 953 1148 993 Monte-Dei
1170 970 1179 991 ε
1205 955 1357 992 tametsi
1382 955 1421 991 in
1448 956 1623 1005 margine
1638 954 1774 992 codicis
1797 954 1917 993 altera
1931 959 2134 996 recentiori

90 1034 212 1059 manu
236 1022 425 1072 scriptum
448 1021 517 1068 sit,
540 1039 556 1054 «
575 1021 713 1058 Sermo
739 1019 875 1057 domni
900 1019 1086 1057 Anselmi.
1109 1037 1125 1052 »
1145 1020 1215 1056 Hic
1242 1018 1346 1057 vides
1366 1019 1614 1057 decurtatum
1641 1021 1807 1058 auctoris
1829 1034 1971 1058 nomen
1998 1024 2134 1072 primis

89 1084 277 1124 duntaxat
297 1085 435 1123 litteris
453 1085 647 1132 exhiberi,
671 1098 750 1123 non
766 1085 819 1122 ita
844 1098 934 1122 vero
948 1083 1158 1131 willelmi,
1179 1083 1287 1135 quod
1305 1085 1558 1135 sequentibus
1578 1084 1774 1135 opusculis
1796 1086 1989 1137 integrum
2006 1089 2133 1137 praefi—

88 1152 207 1201 gitur.
231 1168 247 1184 (ι
265 1150 380 1188 Liber
395 1149 581 1188 Willelmi
603 1149 783 1188 monachi
805 1149 1070 1201 Signiacensis,
1091 1150 1158 1199 qui
1180 1158 1343 1187 vocatur
1365 1148 1579 1200 Speculum
1595 1148 1696 1187 fidei.
1723 1149 1912 1200 Excerpta
1934 1164 1980 1188 ex
2005 1152 2134 1190 medi—

92 1232 108 1247 n
133 1214 342 1252 tationibus
368 1213 502 1252 domni
532 1214 736 1252 Willelmi.
772 1214 888 1252 Liber
913 1213 1049 1252 domni
1077 1213 1288 1261 willelmi,
1319 1215 1388 1265 qui
1423 1214 1566 1252 dicitur
1597 1214 1776 1265 AEnigma
1804 1214 1907 1253 fidei.
1938 1215 2135 1266 Expositio

92 1297 108 1313 »
132 1279 267 1317 domni
282 1278 470 1316 Willelmi
491 1293 608 1329 super
622 1278 791 1317 Cantica.
813 1296 829 1312 n
850 1278 922 1317 Vel
937 1293 982 1316 ex
998 1278 1072 1316 hoc
1088 1280 1297 1330 specimine
1312 1279 1530 1318 luculenter
1544 1288 1651 1330 patet
1665 1280 1771 1330 quod
1794 1278 1978 1327 diximus,
1995 1281 2136 1320 decur-

90 1353 217 1382 tatum
251 1343 424 1395 Wigonis
460 1357 603 1381 nomen
616 1373 625 1389 ,
657 1344 820 1393 ejusque
848 1342 1051 1393 epistolam
1088 1357 1179 1381 cum
1218 1346 1396 1396 genuinis
1434 1345 1623 1383 Willelmi
1659 1345 1843 1396 operibus
1870 1348 2105 1397 permixtam
2122 1377 2131 1395 ,

84 1407 363 1446 offendiculum
382 1407 500 1445 fuisse
514 1407 563 1444 ad
581 1407 689 1458 quod
711 1408 854 1445 incauti
874 1421 1130 1445 amanuenses
1150 1409 1355 1461 impegere.

141 1476 202 1511 10.
221 1471 302 1510 Nee
324 1471 387 1509 hic
405 1471 670 1509 omittendum
684 1470 792 1521 quod
816 1472 854 1508 in
871 1471 993 1509 altero
1012 1472 1345 1511 Caroli-Locensis
1362 1474 1584 1511 monasterii
1601 1473 1730 1511 codice
1746 1504 1755 1520 ,
1772 1488 1968 1512 annorum
1985 1476 2133 1515 circiter

87 1538 394 1588 quingentorum
410 1566 419 1583 ,
438 1536 487 1574 ab
506 1550 552 1574 eo
571 1537 640 1586 qui
657 1537 836 1586 superius
851 1535 1032 1574 laudatus
1053 1546 1110 1575 est
1128 1537 1296 1584 diverso,
1319 1547 1494 1576 occurrat
1514 1537 1676 1588 epistola
1697 1538 1747 1575 ad
1762 1538 1900 1576 fratres
1916 1538 1964 1576 de
1979 1539 2134 1578 Monte-

88 1601 184 1649 Dei,
201 1601 275 1640 sub
293 1602 452 1639 nomine
471 1601 589 1638 sancti
613 1600 799 1638 Bernardi
812 1630 821 1647 ,
837 1600 902 1638 sed
922 1600 1070 1651 absque
1086 1602 1168 1639 ulla
1187 1602 1413 1653 praefatione
1434 1618 1442 1639 ε
1463 1602 1560 1640 liber
1580 1616 1673 1640 vero
1696 1604 1830 1641 tertius
1852 1603 1988 1641 eadem
2011 1618 2132 1642 manu

88 1666 271 1704 Anselmo
293 1666 579 1716 archiepiscopo
597 1665 797 1703 tribuitur.
821 1665 908 1716 Ipsa
931 1679 1047 1715 porro
1074 1667 1249 1716 praefatio
1265 1697 1274 1713 ,
1303 1681 1393 1704 cum
1416 1681 1486 1705 suo
1511 1666 1802 1714 additamento,
1833 1667 1992 1717 qualem
2009 1668 2132 1707 edidit

87 1731 293 1777 Tisserius,
319 1739 358 1769 et
378 1739 465 1780 post
479 1744 571 1767 eum
592 1729 861 1777 Mabillonius,
884 1730 1052 1781 epistolae
1078 1732 1340 1782 postponitur,
1357 1746 1447 1769 cum
1475 1731 1547 1769 liac
1572 1731 1782 1782 epigraphe
1804 1748 1811 1768 :
1839 1750 1855 1764 u
1876 1732 2016 1782 Incipit
2035 1747 2131 1783 pro-

90 1813 106 1828 υ
128 1794 240 1847 logus
262 1794 488 1833 libellorum
503 1796 756 1845 sequentium
775 1795 910 1832 domni
930 1795 1120 1833 willelmi
1148 1797 1288 1833 missus
1307 1796 1358 1833 ad
1373 1797 1512 1834 fratres
1533 1795 1581 1833 dc
1606 1795 1861 1834 Monte-Dei.
1881 1796 2061 1835 Dominis
2085 1812 2128 1836 ac

90 1879 105 1893 u
130 1860 318 1899 fratribus
342 1861 392 1897 H.
423 1860 546 1898 Priori
571 1878 586 1893 n
609 1869 646 1897 et
673 1879 689 1893 κ
712 1861 762 1897 ΙΙ.
782 1860 901 1898 frater
926 1860 989 1897 W.
1017 1878 1033 1892 n
1058 1859 1206 1898 Deinde
1234 1870 1454 1911 sequuntur
1482 1860 1605 1897 libelli
1623 1860 1704 1898 duo
1731 1860 1921 1898 willelmi
1950 1861 2103 1900 abbatis
2119 1892 2128 1909 ,

86 1939 226 1975 nempe
255 1924 469 1975 Speculum
492 1925 601 1971 fidei,
622 1926 798 1975 AEnigma
828 1924 933 1962 fidei.
957 1924 1065 1962 Adeo
1086 1926 1257 1962 constitit
1286 1924 1443 1963 librario
1463 1933 1583 1962 totam
1602 1938 1685 1962 cam
1714 1925 1981 1974 praefationem
2001 1926 2130 1964 Tisse-

88 1991 235 2026 rianam
265 1988 434 2039 epistola}
463 1990 624 2039 ejusque
653 1990 818 2027 auctoris
852 1991 1029 2027 instituto
1061 2004 1139 2028 non
1161 1991 1384 2035 convenire,
1409 1999 1452 2027 ut
1477 2004 1565 2027 cum
1589 1990 1688 2027 sorte.
1717 1999 1838 2028 totam
1859 1992 2064 2041 reperisset
2090 1994 2129 2030 in

86 2055 214 2092 codice
233 2068 350 2105 quem
373 2054 610 2092 exscribebat
625 2084 633 2099 ,
666 2068 732 2091 nec
764 2063 893 2092 tamen
926 2057 1098 2105 spuriam
1119 2064 1269 2106 partem
1290 2070 1311 2092 a
1331 2055 1500 2106 genuina
1522 2054 1737 2091 discerncre
1767 2054 1912 2092 valeret
1930 2084 1938 2100 ,
1963 2056 2000 2092 in
2021 2055 2130 2094 aliud

87 2128 310 2156 extremum
332 2118 462 2168 lapsus
476 2148 485 2164 ,
512 2117 696 2156 maluerit
716 2119 904 2169 integram
921 2119 1151 2157 indubitatis
1174 2118 1358 2156 Willclmi
1379 2118 1579 2168 operibus,
1597 2118 1646 2155 ad
1661 2133 1746 2168 qua·
1769 2133 1813 2156 cx
1835 2128 1943 2168 parte
1962 2120 2132 2169 quadra-

88 2183 153 2221 bat
169 2213 178 2230 ,
202 2197 322 2233 quam
337 2183 505 2233 epistolae
524 2184 770 2233 praemitterc.

142 2250 201 2283 11.
227 2245 351 2294 Objici
373 2247 488 2283 etiam
510 2255 637 2295 posset
656 2246 774 2283 codex
796 2248 1022 2283 monasterii
1041 2246 1424 2286 Sancti-Theoderici
1445 2261 1565 2297 prope
1587 2246 1747 2293 Remos,
1768 2260 1890 2297 quem
1907 2247 2002 2285 vidit
2020 2248 2131 2286 Mar-

87 2309 201 2357 lotus,
218 2311 258 2347 in
272 2324 352 2360 quo
372 2319 620 2348 recensentur
633 2323 750 2359 opera
766 2310 970 2347 Guillelmi
985 2311 1150 2357 abbatis,
1169 2321 1287 2361 atquc
1303 2311 1404 2348 inter
1420 2326 1480 2357 ea,
1498 2310 1685 2361 opuscula
1700 2325 1787 2361 quae
1806 2312 1910 2349 misit
1931 2311 1981 2349 ad
1994 2312 2130 2351 fratres

84 2374 132 2412 de
151 2374 377 2413 Monte-Dei
401 2374 450 2412 de
473 2374 564 2412 Vita
585 2374 767 2413 solitaria.
798 2374 873 2412 Sed
890 2375 1006 2413 codex
1027 2390 1156 2413 recens
1182 2385 1261 2421 est,
1292 2377 1401 2425 cujus
1425 2376 1644 2422 character,
1666 2376 1794 2425 judice
1815 2376 2011 2414 Martcnio
2025 2406 2034 2423 ,
2067 2379 2128 2416 vix

87 2448 273 2477 trecentos
302 2439 418 2477 refert
447 2453 592 2485 annos;
616 2453 684 2476 nec
704 2439 868 2489 proinde
896 2449 1011 2479 tantae
1042 2442 1302 2486 auctoritatis,
1328 2450 1372 2478 ut
1405 2441 1711 2478 l‘ontiniaccnsis
1740 2450 1778 2477 et
1798 2440 2130 2480 Caroli—Locensis

86 2503 259 2541 codicum
274 2505 539 2554 antiquiorum
558 2504 674 2541 iidem
689 2503 841 2543 elevare
858 2505 998 2543 valcat.
1014 2505 1122 2543 Idem
1140 2505 1332 2555 judicium
1350 2505 1554 2543 serendum
1568 2505 1615 2542 dc
1630 2505 1720 2543 Yita
1733 2506 1910 2556 ejusdem
1925 2506 2126 2544 Guillelmi

89 2569 126 2604 in
145 2568 271 2606 codice
295 2568 515 2606 Radolicnsi
531 2599 540 2616 ‚
558 2571 597 2606 in
617 2583 695 2619 qua
713 2570 746 2606 ei
767 2570 956 2608 tribuitur
974 2570 1137 2621 epistola
1151 2570 1200 2608 ad
1222 2571 1360 2608 fratres
1376 2570 1425 2608 dc
1445 2570 1685 2609 Monte-Dei
1701 2589 1709 2616 ;
1728 2570 1795 2608 scd
1810 2571 1860 2608 ab
1875 2581 2031 2609 auctore
2050 2586 2128 2610 non

87 2632 223 2682 aequali
239 2661 248 2679 ‚
271 2633 349 2670 imo
367 2632 479 2684 longe
499 2635 716 2683 posteriori.

145 2698 201 2733 12.
224 2696 355 2734 Tertia
374 2697 535 2735 demum
549 2698 755 2736 difficultas
771 2700 944 2737 exoritur
957 2714 1000 2737 ex
1018 2702 1114 2738 serie
1132 2700 1313 2737 Priorum
1330 2698 1378 2737 dc
1394 2698 1638 2742 Monte-Dei,
1657 2713 1778 2748 quam
1797 2701 1995 2736 contexuit
2012 2714 2128 2737 vene-

90 2759 219 2797 rabilis
246 2760 359 2798 Pater
387 2761 609 2799 Franciscus
639 2762 931 2813 Gagueronius,
968 2764 1142 2813 cJ‘usdem
1177 2764 1360 2801 Cartusia!
1392 2763 1620 2800 monachus.
1662 2763 1838 2800 l‘rimuni
1870 2765 1898 2801 is
1927 2766 2129 2802 constituit

92 2825 263 2862 Priorem
294 2825 530 2862 Gausridum
563 2827 622 2863 cui
653 2829 871 2865 successisse
899 2837 1013 2878 putat
1044 2830 1275 2865 Haimonem
1295 2858 1303 2873 ,
1334 2829 1394 2864 cui
1425 2828 1604 2877 iuscripta
1638 2837 1693 2864 est
1727 2827 1908 2877 ι·[)ἰ5(οΙ;ι;
1949 2829 2127 2865 liaimoni

88 2889 339 2935 Gervasium,
360 2899 429 2926 etc.
462 2889 583 2927 Porro
609 2905 700 2928 cum
726 2892 854 2943 (luigo
883 2907 986 2929 anno
1018 2894 1110 2929 1137
1140 2892 1310 2934 obierit,
1345 2892 1441 2928 banc
1468 2890 1670 2940 epistolam
1701 2891 1865 2928 scribere
1897 2906 1971 2928 non
2003 2893 2129 2942 potuit

90 2952 269 2988 llaimoui
285 2981 294 2998 ,
320 2953 386 3002 qui
405 2952 515 2990 Prior
534 2953 654 2991 sactus
673 2963 729 2992 cst
747 2969 849 2993 anino
870 2956 1061 2993 duntaxat
1085 2957 1196 2993 1141.
1218 2956 1292 2993 Sed
1317 2955 1453 2992 codem
1473 2956 1739 3000 incommodo,
1757 2957 1785 2992 si
1806 2956 1912 3006 quod
1929 2958 1974 2993 sit
1989 2987 1997 2999 ,
2021 2956 2129 2994 labo-

89 3016 187 3053 rabit
226 3016 383 3068 vulgata
410 3020 618 3066 sententia,
640 3033 726 3069 qua·v
753 3021 953 3058 W'illelmo
982 3021 1113 3058 abbati
1141 3021 1342 3070 epistolam
1375 3020 1570 3057 adscribit.
1607 3021 1656 3056 Ex
1692 3021 1771 3069 ipsa
1794 3022 1938 3070 quippe
1967 3020 2130 3058 lectione

86 3081 218 3130 capitis
237 3080 454 3118 duodecimi
477 3081 563 3119 libri
581 3084 696 3133 primi
714 3083 865 3134 liquido
880 3094 1001 3134 patet,
1023 3086 1205 3134 scriplum
1224 3099 1303 3121 esse
1327 3084 1491 3134 ipsisCai
1505 3085 1610 3121 (usiae
1632 3084 1869 3121 Montis-Dei
1891 3085 2128 3134 primordiis,

88 3154 169 3182 tum
195 3160 282 3183 cum
301 3145 516 3184 Cartusiaui
545 3147 597 3184 illi
616 3179 624 3194 ,
659 3148 767 3186 baud
792 3151 880 3186 satis
909 3163 1100 3186 memores
1134 3149 1364 3199 exeinplxuis
1392 3148 1496 3198 quod
1537 3148 1708 3185 viderant
1744 3150 1779 3184 in
1810 3158 1939 3185 monte
1976 3149 2132 3195 Maioris

86 3210 268 3248 Cartusia!
283 3240 291 3255 ,
315 3210 363 3248 ad
379 3226 499 3262 quem
521 3221 653 3262 aperte
682 3212 823 3252 adludit
851 3223 1000 3260 πηνίον,
1029 3213 1205 3250 aedificari
1237 3213 1307 3249 sibi
1330 3212 1515 3249 curabant
1532 3212 1644 3249 cellas
1665 3212 1782 3262 paulo
1802 3213 2106 3261 sumptuosiores
2122 3241 2130 3256 ,
