2504 3928
410 230 505 266 13:39

903 227 950 261 IN
981 227 1270 262 NATIVITATE
1299 228 1334 262 S.
1365 229 1564 264 JOANNJS
1596 231 1725 265 BAPT.
1759 230 1932 267 SERMO.

400 306 668 346 dissimulatur,
689 311 725 338 et
743 302 962 345 miserendi,
983 315 1059 339 non
1079 304 1235 341 feriendi
1254 304 1427 354 quaerit⁶⁷

2346 235 2447 271 1340

1433 304 1446 321 ⁹
1460 319 1648 353 revereor,
1665 308 1881 356 magistrum
1904 307 2119 355 dignantem
2139 309 2317 356 admiror,
2342 325 2446 349 vere-

402 366 635 401 m-casioncm
659 362 871 398 misericors
901 370 936 397 ct
969 363 1163 399 miserator
1190 365 1386 401 Dominus.
1409 366 1438 399 A
1456 380 1499 402 or
1518 367 1792 415 dignationem,
1818 375 1854 402 et
1876 367 2066 403 hominem
2097 368 2206 404 video
2232 369 2443 408 violentiam

402 424 627 461 (Iithariaant
649 434 737 468 crgo
762 421 796 455 in
822 420 972 456 citharis
993 422 1088 465 suis,
1109 423 1170 471 qui
1189 424 1392 472 voluptatis

402 483 643 519 cl'lluxioucni
683 479 910 528 poeniteutise
949 480 1182 517 restrictione
1219 480 1393 517 reverbe-

404 551 485 578 rant
501 570 509 586 ,
532 550 567 577 et
590 541 634 575 dc
654 538 838 589 profunda
860 547 1095 588 peccatorum
1123 541 1299 588 voragine
1331 555 1391 577 rc-

401 603 603 651 spirautcs‚
634 599 824 635 l'haraone
844 597 1061 641 submcrso,
1082 607 1232 635 cantant
1261 600 1297 634 in
1326 600 1395 635 viis

404 660 574 702 Domini,
595 658 773 706 quoniam
800 669 931 705 magna
949 665 1002 692 cst
1023 658 1141 706 gloria
1162 659 1323 694 Domini.

470 719 507 755 9.
539 717 729 765 Septimus
762 714 886 750 honor
914 724 968 750 cst
1004 716 1171 764 Dignitas
1203 716 1238 752 in
1270 716 1392 766 bapti-

401 786 529 813 smate.
566 774 770 824 Singularis
804 787 958 823 prorsus
994 775 1197 811 humilitas!
1227 775 1390 812 Verbum

402 850 488 872 caro
515 835 649 871 sactum
672 842 749 877 cst,
778 834 872 869 etin
901 834 1107 883 perfectum
1129 835 1252 871 virum
1283 848 1391 884 egre-

401 896 529 939 diens,
555 895 681 930 relicta
720 893 914 928 hominum
936 893 1179 929 universitate
1206 898 1389 930 Joannem

402 955 761 1005 q11ae1·it‚.10annom
800 952 1005 998 desiderat,
1033 953 1078 989 ad
1109 957 1291 990 Joannem
1327 968 1390 990 ve-

402 1016 468 1051 nit.
487 1012 678 1049 Terribilis
702 1013 738 1047 in
765 1012 928 1048 consiliis
950 1015 1051 1048 Deus
1068 1025 1180 1062 super
1202 1014 1296 1049 lilios
1318 1013 1388 1048 ho-

1457 427 1546 475 ipsis
1563 427 1665 463 cui-lis
1686 426 1835 462 inferre.
1865 429 1982 462 Porro
2002 426 2092 462 illud
2112 428 2222 476 quale
2247 437 2320 474 est,
2342 431 2445 478 quod

1458 487 1494 522 in
1517 486 1586 521 isto
1609 485 1831 535 baptismate
1852 486 2073 522 terminatur
2087 487 2168 532 lex,
2188 488 2296 523 linem
2313 489 2445 538 accipit

1459 546 1676 596 prophetia,
1699 553 1733 581 et
1752 545 1874 581 omnis
1892 545 1951 581 illa
1964 546 2228 582 sacrificiorum
2245 547 2444 584 multitudo

1461 605 1704 654 propulsatur
1724 612 1759 640 ct
1779 604 1952 653 pellitur?
1971 604 2038 640 Hic
2059 604 2189 653 incipit
2206 613 2243 641 ct
2260 605 2445 642 stabilitur

1461 677 1569 701 norae
1600 662 1892 711 regenerationis
1919 663 2091 712 purgatio
2121 663 2378 712 perduranda,
2408 674 2445 702 et

1457 724 1493 759 iu
1515 735 1625 758 uuam
1641 721 1875 770 baptismatis
1889 721 2045 757 sormam
2064 721 2235 769 legalium
2253 731 2445 760 transeunt

1458 780 1654 830 dispendia
1665 781 1879 828 figurarum.
1900 779 1953 816 Ad
1966 779 2197 816 ablutionem
2213 782 2310 817 enim
2324 794 2444 831 aquae,

1457 848 1493 875 et
1512 839 1789 875 innovationem
1807 838 1980 887 spiritus,
1998 839 2178 888 sepelitur
2197 839 2385 877 hircorum
2407 849 2444 877 et

1458 899 1661 934 vitulorum
1693 897 1979 946 sanguinolenta
2001 898 2215 946 congeries,
2246 907 2283 934 et
2311 912 2444 949 pecca-

1457 956 1602 993 toribus
1620 956 1656 992 id
1677 956 1816 992 Judaeis
1832 956 2098 1004 relinquimus,
2116 957 2207 993 illud
2225 958 2443 995 Davidicuni

1455 1017 1689 1053 attendentes
1718 1031 1725 1052 :
1751 1018 2008 1052 Halae-amram
2037 1026 2073 1052 ct
2091 1030 2162 1064 pro
2187 1027 2340 1065 peccato
2371 1032 2442 1054 mm

403 1073 546 1108 minum
562 1078 586 1116 ¹,
605 1079 835 1121 portansque
855 1070 981 1106 onmia
1003 1070 1119 1106 verbo
1135 1072 1282 1108 virtutis
1297 1085 1386 1118 sure,
1406 1073 1432 1106 Β
1446 1076 1681 1124 postulaseH.

401 1132 659 1182 purgationem
682 1139 918 1179 peccatorum
942 1131 1115 1175 saciens²‚
1144 1131 1246 1166 venit
1269 1144 1289 1167 a
1309 1133 1386 1167 Ga-

400 1190 756 1228 lilaeainJordanem
776 1189 821 1225 ad
835 1193 1017 1225 Joannem
1033 1217 1042 1234 ‚
1062 1198 1102 1225 ut
1135 1189 1388 1240 baptizaretur

399 1251 446 1288 ab
482 1265 539 1287 eo.
570 1253 701 1298 Stupet
726 1252 907 1293 Joaiines,
929 1257 964 1284 ct
999 1250 1133 1285 timore
1161 1250 1387 1295 concutitur,

398 1325 438 1347 ac
472 1309 721 1346 Patriarcham
749 1307 917 1343 inlinitus
946 1308 1082 1343 horror
1108 1308 1257 1344 insiluit.
1288 1309 1387 1356 Ego,

398 1369 539 1417 inquit,
556 1381 578 1402 a
598 1377 631 1402 te
649 1366 760 1401 debeo
777 1366 984 1413 baptisari,
1007 1374 1043 1400 ct
1059 1374 1097 1401 tu
1120 1371 1225 1401 venis
1242 1369 1294 1400 ml
1306 1371 1392 1403 me?

397 1428 493 1464 Dicit
511 1427 542 1462 ei
561 1427 732 1463 Salvator
750 1439 756 1460 :
777 1427 862 1459 Sine
878 1426 985 1458 modo
996 1438 1008 1468 ;
1020 1428 1073 1459 sic
1091 1429 1188 1459 euim
1208 1427 1309 1459 decet
1326 1438 1391 1459 nos

397 1489 550 1534 implere
565 1485 905 1529 munemjustitiam
920 1481 945 1519 ³.
964 1483 1219 1531 Aequicscunt
1240 1483 1390 1532 utrique

396 1545 622 1582 salutaribus
656 1543 828 1588 monitis;
853 1551 890 1578 ct
915 1542 1075 1592 accingit
1091 1556 1130 1579 se
1149 1546 1314 1579 ,Ioannes
1343 1542 1389 1578 ad

397 1604 680 1654 baptizandum,
699 1602 744 1639 ad
766 1601 1044 1651 suscipiendum
1070 1602 1295 1646 Dominum,
1312 1605 1389 1639 Re-

396 1678 479 1714 gem
510 1663 752 1713 Angelorum.
784 1661 944 1698 Exuitur
961 1661 1196 1699 vestimentis
1213 1662 1288 1698 suis
1307 1665 1387 1698 Rex

401 1723 550 1773 glorise,
578 1721 756 1771 splendor
782 1720 954 1766 luminis,
985 1729 1021 1757 et
1059 1721 1175 1770 figura
1211 1720 1388 1758 substan-

400 1783 460 1819 tiae
492 1783 575 1819 Dei.
607 1781 762 1819 Joannis
795 1779 966 1817 manibus
985 1789 1204 1817 attrectatur
1231 1794 1316 1817 caro
1345 1781 1392 1816 il-

1512 1136 1568 1171 10.
1595 1137 1758 1171 Octavus
1791 1133 1914 1170 honor
1944 1142 1999 1169 est
2033 1135 2154 1171 Prima
2189 1136 2367 1173 revelatio
2395 1137 2442 1174 de

1452 1195 1644 1231 Trinitate.
1675 1198 1706 1230 A
1729 1193 1920 1229 creatione
1946 1194 2027 1229 coeli
2053 1202 2090 1229 et
2121 1202 2230 1230 terrae
2257 1208 2375 1244 usque
2396 1196 2442 1232 ad

1454 1253 1552 1289 hunc
1576 1254 1697 1289 locum
1722 1265 1912 1301 nunquam
1930 1252 2090 1288 Trinitas
2111 1254 2305 1290 manifeste
2326 1255 2443 1291 homi-

1456 1311 1566 1348 nibus
1589 1311 1785 1361 apparuit,
1799 1310 1863 1347 sed
1881 1323 2005 1346 rerum
2024 1324 2065 1346 ac
2082 1324 2216 1347 vocum
2240 1313 2443 1350 involucris

1456 1371 1624 1407 involuta
1646 1370 1714 1405 suit
1738 1377 1849 1405 tantae
1867 1369 2041 1406 claritatis
2055 1371 2257 1407 aeternitas.
2272 1372 2443 1421 Denique

1456 1430 1683 1465 creationem
1705 1427 1867 1463 hominis
1886 1429 2040 1464 Creator
2068 1440 2192 1464 rerum
2221 1442 2365 1466 summa
2385 1431 2442 1466 di-

1455 1488 1593 1538 gnitate
1607 1486 1874 1523 commendans
1891 1500 1898 1522 :
1917 1488 2139 1531 Faciamus,
2163 1487 2284 1536 inquit
2296 1517 2305 1533 ,
2323 1490 2443 1524 smmi—

1455 1561 1538 1582 m¹m
1567 1549 1620 1582 ml
1635 1551 1835 1593 imaginem
1864 1553 1900 1580 et
1925 1546 2207 1580 similitmlimvn
2237 1545 2440 1582 nostram5.

1455 1605 1722 1643 Revereudum
1770 1616 1900 1640 revera
1945 1603 2181 1653 privilegium
2207 1631 2217 1649 ,
2259 1617 2327 1641 nec
2378 1606 2444 1642 ulli

1455 1666 1636 1702 traditum
1665 1666 1866 1701 creaturae!
1895 1666 2051 1701 Creatur
2072 1663 2134 1699 illa
2154 1662 2352 1700 sublimior
2378 1677 2444 1701 nu-

1455 1725 1650 1761 merositas
1665 1724 1912 1774 Angelorum,
1930 1731 1966 1759 et
1985 1723 2255 1759 elementorum
2274 1724 2442 1762 omnium

1456 1784 1652 1820 ordinatur
1678 1783 1821 1819 variata
1841 1782 2026 1819 connexio
2053 1797 2060 1818 :
2080 1781 2144 1818 sed
2165 1783 2445 1832 Omnipotentis

396 1845 430 1880 la
461 1851 610 1892 sumpta
641 1842 686 1878 de
714 1842 886 1891 Virgine,
918 1841 1203 1890 candidiorique
1226 1841 1393 1877 derivata
1410 1841 1436 1876 C
1457 1844 1655 1892 praesentia
1685 1850 1829 1878 tantum
1852 1854 1948 1890 opus
1976 1840 2225 1876 taciturnitate
2251 1841 2322 1877 alta
2351 1854 2443 1891 pro—

398 1903 551 1939 materia
578 1901 741 1938 nudatur
780 1901 815 1936 in
848 1900 1030 1946 flumine,
1065 1900 1180 1937 felicis
1214 1901 1388 1949 Baptistae

401 1962 574 1999 inanibus
606 1960 852 1997 infundenda.
885 1960 1130 1996 Descendunt
1162 1960 1316 2008 Angeli,
1351 1967 1388 1996 et

397 2022 578 2057 coelorum
616 2020 763 2069 agmina
798 2028 874 2055 tota
905 2020 1117 2056 reverentia
1151 2028 1309 2056 currunt
1339 2019 1386 2055 ad

395 2083 621 2117 Creatorem.
641 2079 894 2129 Baptizantem
921 2086 957 2114 ct
979 2077 1203 2128 baptizatum
1234 2078 1387 2114 numina

395 2139 626 2176 dominantia
646 2138 961 2188 circumcingunt.
983 2138 1151 2174 Insundit
1170 2151 1304 2187 aquam
1323 2151 1386 2173 ca-

394 2200 463 2249 piti
492 2199 677 2236 Creatoris
706 2206 876 2233 creatura
901 2196 1078 2242 nobilior,
1106 2205 1142 2232 et
1174 2197 1242 2233 Dei
1273 2196 1386 2232 verti—

394 2272 474 2294 cem
508 2257 675 2293 mortalis
706 2256 858 2292 dextera
892 2263 1098 2291 contrectat
1128 2263 1165 2291 et
1185 2255 1382 2303 contingit.

396 2322 511 2354 Pavet
533 2317 666 2352 coelum
683 2343 691 2359 ,
717 2323 842 2363 stupet
874 2322 991 2359 terra,
1017 2314 1192 2350 Jordanis
1223 2314 1383 2360 arridet,

395 2377 578 2412 mirantur
596 2374 726 2421 Angeli
746 2373 947 2410 Dominum
973 2372 1126 2408 sabaoth
1144 2373 1240 2408 inter
1256 2386 1386 2410 manus

394 2433 618 2484 baptizantis
648 2433 836 2468 concludi.
869 2432 966 2479 Quid
987 2440 1041 2467 est
1059 2434 1246 2468 Joanncs?
1274 2445 1383 2480 quem

394 2492 596 2531 Cherubim
618 2500 653 2527 et
674 2491 866 2540 Seraphim
899 2491 958 2526 vix
979 2490 1119 2526 audent
1141 2491 1326 2540 aspicere,
1347 2499 1385 2526 tn

393 2552 537 2589 nudum
561 2560 686 2587 tencre
710 2551 928 2599 prresumis?
950 2549 1018 2585 llic
1038 2558 1093 2585 est
1113 2549 1149 2584 in
1171 2562 1285 2598 quem
1308 2554 1386 2585 An-

1454 1909 1607 1951 spectat.
1628 1903 1680 1938 Ut
1707 1913 1798 1936 vero
1820 1899 1971 1935 venitur
1990 1899 2036 1935 ad
2066 1899 2255 1935 hominem
2271 1927 2280 1944 ,
2311 1908 2347 1936 et
2369 1913 2443 1937 no-

1452 1960 1538 1997 bilis
1578 1969 1748 1997 creatura
1791 1959 1907 1996 creari
1941 1958 2177 2008 disponitur;
2209 1959 2368 2008 accingit
2405 1973 2444 1996 se

1451 2021 1612 2057 Trinitas
1634 2020 1680 2056 ad
1701 2019 1903 2055 creandum
1918 2047 1927 2064 ,
1951 2026 1988 2054 et
2005 2018 2202 2054 consilium
2223 2019 2358 2068 accipit
2379 2022 2443 2056 Sa—

1452 2079 1592 2129 pientia
1603 2108 1612 2124 ,
1624 2087 1664 2115 ut
1677 2086 1857 2114 creaturae
1870 2077 2030 2126 dignitas
2047 2077 2231 2113 Creatoris
2247 2078 2443 2127 privilegio

1453 2139 1550 2175 clara
1585 2151 1664 2175 esse
1696 2146 1938 2174 monstretur.
1978 2136 2075 2186 [Nec
2105 2135 2158 2172 ibi
2191 2144 2314 2173 tamen
2354 2138 2444 2174 satis

1452 2207 1581 2248 aperte
1596 2199 1732 2235 divinae
1749 2197 1952 2246 majestatis
1970 2197 2127 2232 illuxere
2143 2195 2343 2242 vocabula,
2358 2210 2442 2233 cum

1452 2257 1497 2294 ad
1529 2257 1691 2307 Angelos
1719 2255 1970 2305 obsequentes
1995 2254 2145 2303 quidam
2178 2255 2341 2291 reserant
2375 2255 2444 2292 do-

1453 2317 1578 2352 minici
1613 2317 1798 2352 sermonis
1830 2315 2039 2351 oraculum.
2074 2315 2140 2350 Vel
2167 2315 2196 2351 si
2220 2315 2344 2351 minus
2373 2315 2444 2352 hoc

1451 2384 1601 2412 cautum
1619 2383 1700 2420 est,
1724 2376 1827 2424 signa
1845 2374 2071 2423 pluralitatis
2090 2373 2231 2422 absque
2248 2375 2442 2411 nominum

1452 2433 1663 2470 differentia
1682 2433 1934 2482 praedicantur
1944 2430 2000 2481 '’.]
2021 2431 2208 2467 Abraham
2231 2441 2303 2468 tres
2324 2432 2439 2477 vidit,

1451 2501 1487 2528 ct
1505 2506 1622 2528 uuum
1647 2492 1817 2528 adoravit
1843 2506 1849 2527 :
1866 2491 1931 2527 sed
1953 2491 2002 2526 ibi
2022 2492 2224 2540 Scriptura?
2244 2505 2356 2528 sacrae
2381 2505 2442 2528 re·

1451 2553 1621 2589 verentia
1642 2566 1742 2588 nunc
1772 2551 1915 2587 mixtim
1929 2579 1938 2595 ,
1961 2563 2063 2586 nunc
2083 2551 2280 2600 separatim
2302 2552 2442 2588 claudit

393 2612 463 2660 geli
485 2610 698 2646 desiderant
723 2609 958 2658 prospicere,
986 2609 1045 2644 cui
1072 2612 1250 2653 Sanctus,
1273 2622 1382 2644 sanc·
1401 2615 1431 2647 D
1452 2612 1643 2659 eloquium
1659 2639 1669 2657 ,
1707 2619 1747 2646 ut
1786 2610 1899 2645 modo
1935 2609 2138 2645 Dominum
2154 2637 2163 2654 ,
2197 2610 2310 2646 modo
2342 2611 2442 2647 viros

394 2681 452 2708 tus
465 2700 473 2716 ,
494 2678 644 2706 sauctus
658 2697 667 2714 ‚
688 2668 836 2704 sublimi
855 2669 1099 2704 melodiarum
1116 2668 1386 2716 organobeatae

390 2730 551 2767 civitatis
571 2736 779 2765 conventus
802 2729 1053 2776 ingeminant,
1073 2728 1135 2776 qui
1154 2729 1254 2764 solus
1279 2728 1386 2765 inha—

392 2789 483 2825 bitat
503 2790 620 2825 lucem
639 2787 930 2823 inaccessibilem
947 2815 956 2832 ‚
975 2788 1160 2823 Dominus
1180 2787 1359 2824 virtutum
1374 2816 1383 2832 ,

389 2853 491 2885 Deus
522 2848 782 2891 scientiarum,
813 2846 1153 2883 misericordiarum
1185 2850 1293 2883 Pater
1321 2855 1386 2883 :et

390 2917 427 2944 tu
453 2923 525 2944 nou
552 2908 718 2944 metuis?
746 2906 828 2942 Tibi
851 2906 978 2942 datum
1005 2914 1059 2942 est
1082 2905 1184 2954 quod
1208 2906 1384 2943 omnibus

392 2975 564 3014 negatum
587 2975 641 3002 cst
655 2995 663 3010 ,
682 2966 872 3013 baptizare
887 2979 971 3001 euni
990 2966 1053 3014 qui
1076 2965 1237 3014 baptizat
1254 2979 1384 3002 omnes

394 3028 429 3061 iu
461 3027 598 3074 Spiritu
622 3034 751 3061 sancto
773 3033 809 3059 et
838 3025 943 3072 igne,
976 3025 1234 3073 virginemque
1261 3026 1386 3074 Virgi-

394 3086 451 3121 nis
479 3085 610 3120 Filium
637 3084 815 3131 virgineis
848 3083 1020 3119 manibus
1053 3083 1243 3131 irrigare-².
1273 3088 1388 3121 Totus

391 3144 575 3193 obstupeo
597 3172 605 3188 ,
639 3143 891 3191 baptizantem
913 3171 922 3188 ,
963 3143 1229 3191 hominemque
1266 3148 1386 3181 Deum

442 3277 446 3289 ¹
471 3271 551 3303 l'sal.
572 3282 645 3307 ixv,
670 3274 697 3300 ὁ.
715 3289 744 3292 -
777 3276 787 3290 ²
809 3269 902 3300 llcbr.
921 3281 949 3304 1,
972 3274 1003 3300 3.

1453 2670 1594 2719 placcat
1627 2669 1828 2718 appellare.
1857 2668 2004 2717 [Judaei
2028 2676 2149 2704 tamen
2182 2669 2240 2704 hic
2271 2682 2441 2718 magnam

1454 2737 1585 2765 texunt
1617 2729 1920 2778 reprehensionis
1953 2727 2192 2777 parabolam,
2219 2736 2291 2764 tres
2318 2733 2442 2779 Ange-

1453 2789 1508 2824 los
1529 2802 1548 2824 a
1576 2789 1740 2825 Domino
1762 2789 1893 2824 missos
1922 2795 2150 2833 asserentes3
2170 2800 2285 2823 unum
2304 2788 2350 2823 ad
2371 2801 2442 2824 na-

1453 2848 1634 2884 tivitatem
1657 2850 1758 2883 Isaac
1774 2846 2050 2896 praedicendam
2065 2875 2075 2892 ,
2098 2846 2194 2883 duos
2215 2847 2261 2883 ad
2284 2846 2442 2884 subver-

1452 2907 1605 2943 tendum
1631 2907 1830 2943 Sodomam
1855 2907 2068 2955 delegatos:
2089 2907 2193 2943 illum
2215 2919 2328 2953 vero,
2355 2921 2439 2944 cum

1451 2979 1526 3014 quo
1556 2966 1679 3014 justus
1714 2965 1895 3015 loquitur,
1929 2965 2081 3010 dicens,
2114 2968 2293 3009 Domine,
2322 2969 2352 3000 si
2383 2970 2442 3000 in—

1453 3018 1532 3060 e'em'
1549 3032 1711 3073 gratiam
1736 3028 1772 3061 ίη
1796 3029 1909 3061 oculis
1939 3030 2008 3060 tuis
2021 3023 2050 3070 ἢ,
2077 3024 2287 3073 prophetali
2307 3025 2441 3073 spiritu

1453 3086 1674 3135 cognovisse
1700 3086 1910 3130 somniant,
1938 3084 2141 3121 nativitatis
2169 3087 2269 3121 Isaac
2294 3084 2440 3121 venisse

1454 3158 1681 3194 praeconem.
1703 3145 1811 3181 Illum
1841 3145 1971 3181 adorat
2000 3143 2210 3188 Abraham,
2235 3144 2329 3180 sicut
2348 3147 2440 3180 Ber-

1086 3269 1096 3291 3
1117 3270 1228 3300 Manli.
1249 3283 1287 3300 ιιι
1303 3296 1310 3307 ,
1333 3274 1369 3302 14
1385 3297 1392 3307 ,
1418 3276 1466 3303 15,
1485 3290 1525 3294 —-
1542 3272 1555 3297 ⁴
1572 3271 1650 3303 Psal.
1668 3282 1790 3304 xxxix.
1809 3273 1840 3302 7.
1857 3290 1897 3293 ἡ
1923 3269 1934 3291 ⁵
1950 3274 2029 3302 Gen.
2048 3282 2055 3299 1
2073 3295 2079 3305 ,
2101 3274 2152 3300 26.
2168 3289 2210 3293 --
2233 3267 2247 3290 ⁶
2269 3270 2313 3300 Id.
2333 3281 2415 3300 xviii
2429 3295 2436 3305 ,

392 3337 459 3354 xix,
1133 3328 1143 3339 *¹
1162 3325 1247 3355 Alia.-
1266 3349 1272 3362 ,
1290 3326 1437 3355 irrorare.
1458 3345 1478 3347 —
1512 3326 1527 3346 b
1547 3324 1631 3355 Alias
1646 3348 1652 3359 ,
1674 3325 1798 3367 signam
1807 3321 2252 3368 pluralitus...pra’dicatum.
