<?xml version="1.0" encoding="UTF-8"?>
<!DOCTYPE html PUBLIC "-//W3C//DTD XHTML 1.0 Transitional//EN"
    "http://www.w3.org/TR/xhtml1/DTD/xhtml1-transitional.dtd">
<html xmlns="http://www.w3.org/1999/xhtml" xml:lang="en" lang="en">
 <head>
  <title>
</title>
<meta http-equiv="Content-Type" content="text/html;charset=utf-8" />
  <meta name='ocr-system' content='tesseract 3.04.00' />
  <meta name='ocr-capabilities' content='ocr_page ocr_carea ocr_par ocr_line ocrx_word'/>
</head>
<body>
  <div class='ocr_page' id='page_1' title='image "./operaomniapostho05bern/operaomniapostho05bern_0673.png"; bbox 0 0 2418 3949; ppageno 0'>
   <div class='ocr_carea' id='block_1_1' title="bbox 196 248 296 286">
    <p class='ocr_par' dir='ltr' id='par_1_1' title="bbox 196 248 296 286">
     <span class='ocr_line' id='line_1_1' title="bbox 196 248 296 286; baseline -0.02 0"><span class='ocrx_word' id='word_1_1' title='bbox 196 248 296 286; x_wconf 82' lang='lat'>1329</span> 
     </span>
    </p>
   </div>
   <div class='ocr_carea' id='block_1_2' title="bbox 699 249 1733 287">
    <p class='ocr_par' dir='ltr' id='par_1_2' title="bbox 699 249 1733 287">
     <span class='ocr_line' id='line_1_2' title="bbox 699 249 1733 287; baseline 0.002 -2"><span class='ocrx_word' id='word_1_2' title='bbox 699 250 750 285; x_wconf 72' lang='lat' dir='ltr'>IN</span> <span class='ocrx_word' id='word_1_3' title='bbox 778 250 1070 285; x_wconf 77' lang='lat' dir='ltr'>NATIVITATE</span> <span class='ocrx_word' id='word_1_4' title='bbox 1099 250 1134 285; x_wconf 91' lang='lat' dir='ltr'>S.</span> <span class='ocrx_word' id='word_1_5' title='bbox 1164 249 1365 285; x_wconf 74' lang='lat' dir='ltr'><strong>JOANNIS</strong></span> <span class='ocrx_word' id='word_1_6' title='bbox 1393 251 1527 285; x_wconf 89' lang='lat' dir='ltr'><strong>BAPT.</strong></span> <span class='ocrx_word' id='word_1_7' title='bbox 1557 251 1733 287; x_wconf 86' lang='lat' dir='ltr'>SERMO.</span> 
     </span>
    </p>
   </div>
   <div class='ocr_carea' id='block_1_3' title="bbox 2145 254 2244 291">
    <p class='ocr_par' dir='ltr' id='par_1_3' title="bbox 2145 254 2244 291">
     <span class='ocr_line' id='line_1_3' title="bbox 2145 254 2244 291; baseline 0.03 -3"><span class='ocrx_word' id='word_1_8' title='bbox 2145 254 2244 291; x_wconf 87' lang='grc'>1330</span> 
     </span>
    </p>
   </div>
   <div class='ocr_carea' id='block_1_4' title="bbox 191 321 2246 439">
    <p class='ocr_par' dir='ltr' id='par_1_4' title="bbox 191 321 2246 439">
     <span class='ocr_line' id='line_1_4' title="bbox 191 321 2241 374; baseline 0.002 -13"><span class='ocrx_word' id='word_1_9' title='bbox 191 333 292 361; x_wconf 90' lang='lat' dir='ltr'>certe</span> <span class='ocrx_word' id='word_1_10' title='bbox 318 321 526 361; x_wconf 90' lang='lat' dir='ltr'>mirabilior</span> <span class='ocrx_word' id='word_1_11' title='bbox 560 332 742 374; x_wconf 87' lang='lat' dir='ltr'>quantum</span> <span class='ocrx_word' id='word_1_12' title='bbox 774 324 821 361; x_wconf 89' lang='lat' dir='ltr'>ad</span> <span class='ocrx_word' id='word_1_13' title='bbox 851 338 917 362; x_wconf 89' lang='lat' dir='ltr'>vos</span> <span class='ocrx_word' id='word_1_14' title='bbox 945 323 1346 370; x_wconf 78' lang='lat' dir='ltr'>ostenditur,⁶⁷⁴foro.</span> <span class='ocrx_word' id='word_1_15' title='bbox 1368 329 1450 362; x_wconf 64' lang='lat' dir='ltr'>Non</span> <span class='ocrx_word' id='word_1_16' title='bbox 1468 325 1565 362; x_wconf 89' lang='lat' dir='ltr'>sicut</span> <span class='ocrx_word' id='word_1_17' title='bbox 1591 327 1805 365; x_wconf 85' lang='lat' dir='ltr'>sacerdotes</span> <span class='ocrx_word' id='word_1_18' title='bbox 1825 327 2003 365; x_wconf 89' lang='lat' dir='ltr'>assistunt</span> <span class='ocrx_word' id='word_1_19' title='bbox 2028 328 2067 365; x_wconf 90' lang='lat' dir='ltr'>in</span> <span class='ocrx_word' id='word_1_20' title='bbox 2084 329 2241 374; x_wconf 88' lang='lat' dir='ltr'>altario,</span> 
     </span>
     <span class='ocr_line' id='line_1_5' title="bbox 191 383 2246 439; baseline 0.002 -19"><span class='ocrx_word' id='word_1_21' title='bbox 191 384 280 421; x_wconf 90' lang='lat' dir='ltr'>dum</span> <span class='ocrx_word' id='word_1_22' title='bbox 302 383 531 420; x_wconf 74' lang='lat' dir='ltr'>mirabiliora</span> <span class='ocrx_word' id='word_1_23' title='bbox 553 397 622 433; x_wconf 90' lang='lat' dir='ltr'>per</span> <span class='ocrx_word' id='word_1_24' title='bbox 637 397 704 421; x_wconf 87' lang='lat' dir='ltr'>vos</span> <span class='ocrx_word' id='word_1_25' title='bbox 720 393 911 434; x_wconf 76' lang='lat' dir='ltr'><strong>operatur.</strong></span> <span class='ocrx_word' id='word_1_26' title='bbox 931 385 1030 432; x_wconf 87' lang='lat' dir='ltr'>Quid</span> <span class='ocrx_word' id='word_1_27' title='bbox 1051 385 1182 435; x_wconf 82' lang='lat' dir='ltr'>plura?</span> <span class='ocrx_word' id='word_1_28' title='bbox 1202 387 1234 419; x_wconf 91' lang='lat' dir='ltr'>A</span> <span class='ocrx_word' id='word_1_29' title='bbox 1249 384 1314 421; x_wconf 90' lang='lat' dir='ltr'>sed</span> <span class='ocrx_word' id='word_1_30' title='bbox 1345 384 1441 421; x_wconf 86' lang='lat' dir='ltr'>sicut</span> <span class='ocrx_word' id='word_1_31' title='bbox 1471 387 1663 423; x_wconf 86' lang='lat' dir='ltr'>carnifices</span> <span class='ocrx_word' id='word_1_32' title='bbox 1692 387 1730 423; x_wconf 93' lang='lat' dir='ltr'>in</span> <span class='ocrx_word' id='word_1_33' title='bbox 1763 388 1932 424; x_wconf 89' lang='lat' dir='ltr'>macello.</span> <span class='ocrx_word' id='word_1_34' title='bbox 1973 391 2096 426; x_wconf 73' lang='lat' dir='ltr'>Grave</span> <span class='ocrx_word' id='word_1_35' title='bbox 2132 389 2246 439; x_wconf 87' lang='lat' dir='ltr'>igitur</span> 
     </span>
    </p>
   </div>
   <div class='ocr_carea' id='block_1_5' title="bbox 189 442 1184 1146">
    <p class='ocr_par' dir='ltr' id='par_1_5' title="bbox 189 442 1184 1146">
     <span class='ocr_line' id='line_1_6' title="bbox 191 442 1181 492; baseline -0.001 -13"><span class='ocrx_word' id='word_1_36' title='bbox 191 443 409 479; x_wconf 84' lang='lat' dir='ltr'>Sacerdotes</span> <span class='ocrx_word' id='word_1_37' title='bbox 423 443 491 480; x_wconf 88' lang='lat' dir='ltr'>Dei</span> <span class='ocrx_word' id='word_1_38' title='bbox 504 472 514 489; x_wconf 98' lang='lat'>,</span> <span class='ocrx_word' id='word_1_39' title='bbox 535 442 746 479; x_wconf 84' lang='lat' dir='ltr'>benedicite</span> <span class='ocrx_word' id='word_1_40' title='bbox 766 443 931 480; x_wconf 89' lang='lat' dir='ltr'>Domino</span> <span class='ocrx_word' id='word_1_41' title='bbox 943 472 953 489; x_wconf 94' lang='lat'>,</span> <span class='ocrx_word' id='word_1_42' title='bbox 974 443 1085 492; x_wconf 87' lang='lat' dir='ltr'>digna</span> <span class='ocrx_word' id='word_1_43' title='bbox 1100 446 1181 479; x_wconf 92' lang='lat' dir='ltr'>Deo</span> 
     </span>
     <span class='ocr_line' id='line_1_7' title="bbox 191 501 1182 552; baseline 0 -14"><span class='ocrx_word' id='word_1_44' title='bbox 191 510 413 551; x_wconf 79' lang='lat' dir='ltr'>satagentes,</span> <span class='ocrx_word' id='word_1_45' title='bbox 436 515 483 538; x_wconf 88' lang='lat' dir='ltr'>ne</span> <span class='ocrx_word' id='word_1_46' title='bbox 503 501 611 538; x_wconf 82' lang='lat' dir='ltr'>vobis</span> <span class='ocrx_word' id='word_1_47' title='bbox 629 502 691 538; x_wconf 87' lang='lat' dir='ltr'>fiat</span> <span class='ocrx_word' id='word_1_48' title='bbox 708 503 745 538; x_wconf 93' lang='lat' dir='ltr'>in</span> <span class='ocrx_word' id='word_1_49' title='bbox 762 503 906 539; x_wconf 91' lang='lat' dir='ltr'>ruinam</span> <span class='ocrx_word' id='word_1_50' title='bbox 918 531 928 548; x_wconf 94' lang='lat'>‚</span> <span class='ocrx_word' id='word_1_51' title='bbox 951 502 1054 552; x_wconf 93' lang='lat' dir='ltr'>quod</span> <span class='ocrx_word' id='word_1_52' title='bbox 1069 501 1182 551; x_wconf 85' lang='lat' dir='ltr'>digne</span> 
     </span>
     <span class='ocr_line' id='line_1_8' title="bbox 191 560 1183 610; baseline 0 -14"><span class='ocrx_word' id='word_1_53' title='bbox 191 560 426 597; x_wconf 88' lang='lat' dir='ltr'>sumentibus</span> <span class='ocrx_word' id='word_1_54' title='bbox 450 561 643 610; x_wconf 75' lang='lat' dir='ltr'>provisum</span> <span class='ocrx_word' id='word_1_55' title='bbox 677 569 732 597; x_wconf 89' lang='lat' dir='ltr'>est</span> <span class='ocrx_word' id='word_1_56' title='bbox 753 561 799 597; x_wconf 86' lang='lat' dir='ltr'>ad</span> <span class='ocrx_word' id='word_1_57' title='bbox 826 561 1026 598; x_wconf 84' lang='lat' dir='ltr'>medelam.</span> <span class='ocrx_word' id='word_1_58' title='bbox 1055 564 1183 598; x_wconf 82' lang='lat' dir='ltr'>Sacer-</span> 
     </span>
     <span class='ocr_line' id='line_1_9' title="bbox 191 619 1182 666; baseline 0 -10"><span class='ocrx_word' id='word_1_59' title='bbox 191 619 298 656; x_wconf 88' lang='lat' dir='ltr'>dotes</span> <span class='ocrx_word' id='word_1_60' title='bbox 319 621 387 656; x_wconf 87' lang='lat' dir='ltr'>Dei</span> <span class='ocrx_word' id='word_1_61' title='bbox 414 633 489 657; x_wconf 92' lang='lat' dir='ltr'>non</span> <span class='ocrx_word' id='word_1_62' title='bbox 516 621 706 657; x_wconf 90' lang='lat' dir='ltr'>immerito</span> <span class='ocrx_word' id='word_1_63' title='bbox 730 634 796 657; x_wconf 84' lang='lat' dir='ltr'>vos</span> <span class='ocrx_word' id='word_1_64' title='bbox 819 621 976 657; x_wconf 85' lang='lat' dir='ltr'>dixerim</span> <span class='ocrx_word' id='word_1_65' title='bbox 991 649 1000 666; x_wconf 94' lang='lat'>,</span> <span class='ocrx_word' id='word_1_66' title='bbox 1021 621 1049 657; x_wconf 83' lang='lat' dir='ltr'>si</span> <span class='ocrx_word' id='word_1_67' title='bbox 1073 620 1182 656; x_wconf 86' lang='lat' dir='ltr'>vixe-</span> 
     </span>
     <span class='ocr_line' id='line_1_10' title="bbox 189 679 1181 717; baseline -0.001 -1"><span class='ocrx_word' id='word_1_68' title='bbox 189 680 269 716; x_wconf 83' lang='lat' dir='ltr'>ritis</span> <span class='ocrx_word' id='word_1_69' title='bbox 289 679 568 716; x_wconf 85' lang='lat' dir='ltr'>sacerdotaliter</span> <span class='ocrx_word' id='word_1_70' title='bbox 587 680 625 716; x_wconf 92' lang='lat' dir='ltr'>in</span> <span class='ocrx_word' id='word_1_71' title='bbox 646 680 760 717; x_wconf 91' lang='lat' dir='ltr'>domo</span> <span class='ocrx_word' id='word_1_72' title='bbox 789 680 955 717; x_wconf 89' lang='lat' dir='ltr'>Domini.</span> <span class='ocrx_word' id='word_1_73' title='bbox 976 683 1060 717; x_wconf 84' lang='lat' dir='ltr'>Non</span> <span class='ocrx_word' id='word_1_74' title='bbox 1081 679 1181 716; x_wconf 90' lang='lat' dir='ltr'>enim</span> 
     </span>
     <span class='ocr_line' id='line_1_11' title="bbox 189 738 1184 789; baseline -0.001 -14"><span class='ocrx_word' id='word_1_75' title='bbox 189 739 367 788; x_wconf 84' lang='lat' dir='ltr'>provenit</span> <span class='ocrx_word' id='word_1_76' title='bbox 389 739 550 789; x_wconf 83' lang='lat' dir='ltr'>dignitas</span> <span class='ocrx_word' id='word_1_77' title='bbox 570 740 607 775; x_wconf 92' lang='lat' dir='ltr'>in</span> <span class='ocrx_word' id='word_1_78' title='bbox 629 739 701 775; x_wconf 93' lang='lat' dir='ltr'>hoc</span> <span class='ocrx_word' id='word_1_79' title='bbox 721 739 898 786; x_wconf 90' lang='lat' dir='ltr'>nomine,</span> <span class='ocrx_word' id='word_1_80' title='bbox 920 738 1024 788; x_wconf 90' lang='lat' dir='ltr'>quod</span> <span class='ocrx_word' id='word_1_81' title='bbox 1044 746 1101 775; x_wconf 88' lang='lat' dir='ltr'>est</span> <span class='ocrx_word' id='word_1_82' title='bbox 1120 739 1184 774; x_wconf 90' lang='lat' dir='ltr'>Sa-</span> 
     </span>
     <span class='ocr_line' id='line_1_12' title="bbox 189 796 1182 848; baseline -0.003 -13"><span class='ocrx_word' id='word_1_83' title='bbox 189 800 334 836; x_wconf 88' lang='lat' dir='ltr'>cerdos.</span> <span class='ocrx_word' id='word_1_84' title='bbox 351 802 434 836; x_wconf 76' lang='lat' dir='ltr'>Non</span> <span class='ocrx_word' id='word_1_85' title='bbox 451 828 460 845; x_wconf 92' lang='lat'>,</span> <span class='ocrx_word' id='word_1_86' title='bbox 478 799 633 848; x_wconf 90' lang='lat' dir='ltr'>inquam</span> <span class='ocrx_word' id='word_1_87' title='bbox 647 828 656 845; x_wconf 95' lang='lat'>,</span> <span class='ocrx_word' id='word_1_88' title='bbox 673 812 720 835; x_wconf 89' lang='lat' dir='ltr'>ex</span> <span class='ocrx_word' id='word_1_89' title='bbox 742 799 897 835; x_wconf 91' lang='lat' dir='ltr'>nomine</span> <span class='ocrx_word' id='word_1_90' title='bbox 909 827 919 844; x_wconf 99' lang='lat'>,</span> <span class='ocrx_word' id='word_1_91' title='bbox 943 797 1008 835; x_wconf 93' lang='lat' dir='ltr'>sed</span> <span class='ocrx_word' id='word_1_92' title='bbox 1032 810 1079 833; x_wconf 81' lang='lat' dir='ltr'>ex</span> <span class='ocrx_word' id='word_1_93' title='bbox 1105 796 1182 832; x_wconf 71' lang='lat' dir='ltr'>vir-</span> 
     </span>
     <span class='ocr_line' id='line_1_13' title="bbox 189 857 1182 904; baseline -0.004 -9"><span class='ocrx_word' id='word_1_94' title='bbox 189 867 290 904; x_wconf 90' lang='lat' dir='ltr'>tute;</span> <span class='ocrx_word' id='word_1_95' title='bbox 321 859 627 904; x_wconf 90' lang='lat' dir='ltr'>conversatione,</span> <span class='ocrx_word' id='word_1_96' title='bbox 659 871 737 895; x_wconf 92' lang='lat' dir='ltr'>non</span> <span class='ocrx_word' id='word_1_97' title='bbox 763 858 908 904; x_wconf 81' lang='lat' dir='ltr'>offici03</span> <span class='ocrx_word' id='word_1_98' title='bbox 928 857 1084 902; x_wconf 88' lang='lat' dir='ltr'>merito,</span> <span class='ocrx_word' id='word_1_99' title='bbox 1104 868 1182 892; x_wconf 90' lang='lat' dir='ltr'>non</span> 
     </span>
     <span class='ocr_line' id='line_1_14' title="bbox 189 915 1183 965; baseline -0.003 -11"><span class='ocrx_word' id='word_1_100' title='bbox 189 917 378 955; x_wconf 82' lang='lat' dir='ltr'>vocabulo</span> <span class='ocrx_word' id='word_1_101' title='bbox 389 934 399 965; x_wconf 92' lang='lat'>;</span> <span class='ocrx_word' id='word_1_102' title='bbox 412 919 609 956; x_wconf 83' lang='lat' dir='ltr'>sanctitate</span> <span class='ocrx_word' id='word_1_103' title='bbox 619 947 628 964; x_wconf 92' lang='lat'>‚</span> <span class='ocrx_word' id='word_1_104' title='bbox 649 932 725 955; x_wconf 93' lang='lat' dir='ltr'>non</span> <span class='ocrx_word' id='word_1_105' title='bbox 739 918 959 955; x_wconf 90' lang='lat' dir='ltr'>ministerio.</span> <span class='ocrx_word' id='word_1_106' title='bbox 971 916 1083 954; x_wconf 87' lang='lat' dir='ltr'>Unde</span> <span class='ocrx_word' id='word_1_107' title='bbox 1098 915 1183 952; x_wconf 87' lang='lat' dir='ltr'>scri-</span> 
     </span>
     <span class='ocr_line' id='line_1_15' title="bbox 189 975 1182 1028; baseline -0.007 -12"><span class='ocrx_word' id='word_1_108' title='bbox 189 986 302 1028; x_wconf 89' lang='lat' dir='ltr'>ptura</span> <span class='ocrx_word' id='word_1_109' title='bbox 336 979 425 1015; x_wconf 90' lang='lat' dir='ltr'>dicit</span> <span class='ocrx_word' id='word_1_110' title='bbox 451 994 458 1015; x_wconf 92' lang='lat'>:</span> <span class='ocrx_word' id='word_1_111' title='bbox 488 996 503 1011; x_wconf 92' lang='lat'>«</span> <span class='ocrx_word' id='word_1_112' title='bbox 531 979 789 1016; x_wconf 90' lang='lat' dir='ltr'>Sacerdotales</span> <span class='ocrx_word' id='word_1_113' title='bbox 823 979 924 1014; x_wconf 83' lang='lat' dir='ltr'>viros</span> <span class='ocrx_word' id='word_1_114' title='bbox 960 975 1182 1026; x_wconf 68' lang='lat' dir='ltr'>quaerimus,</span> 
     </span>
     <span class='ocr_line' id='line_1_16' title="bbox 192 1035 1182 1089; baseline -0.006 -14"><span class='ocrx_word' id='word_1_115' title='bbox 192 1055 207 1070; x_wconf 86' lang='lat'>»</span> <span class='ocrx_word' id='word_1_116' title='bbox 227 1039 293 1088; x_wconf 93' lang='lat' dir='ltr'>qui</span> <span class='ocrx_word' id='word_1_117' title='bbox 309 1039 437 1089; x_wconf 87' lang='lat' dir='ltr'>plures</span> <span class='ocrx_word' id='word_1_118' title='bbox 458 1038 640 1075; x_wconf 89' lang='lat' dir='ltr'>habemus</span> <span class='ocrx_word' id='word_1_119' title='bbox 661 1038 884 1075; x_wconf 90' lang='lat' dir='ltr'>sacerdotes.</span> <span class='ocrx_word' id='word_1_120' title='bbox 908 1054 922 1070; x_wconf 85' lang='lat'>»</span> <span class='ocrx_word' id='word_1_121' title='bbox 945 1036 1094 1079; x_wconf 87' lang='lat' dir='ltr'>Plures,</span> <span class='ocrx_word' id='word_1_122' title='bbox 1120 1035 1182 1070; x_wconf 93' lang='lat' dir='ltr'>in-</span> 
     </span>
     <span class='ocr_line' id='line_1_17' title="bbox 189 1095 1181 1146; baseline -0.005 -12"><span class='ocrx_word' id='word_1_123' title='bbox 189 1111 322 1146; x_wconf 88' lang='lat' dir='ltr'>quam,</span> <span class='ocrx_word' id='word_1_124' title='bbox 344 1111 522 1144; x_wconf 86' lang='lat' dir='ltr'>numero,</span> <span class='ocrx_word' id='word_1_125' title='bbox 545 1111 621 1135; x_wconf 92' lang='lat' dir='ltr'>non</span> <span class='ocrx_word' id='word_1_126' title='bbox 646 1098 799 1143; x_wconf 89' lang='lat' dir='ltr'>merito;</span> <span class='ocrx_word' id='word_1_127' title='bbox 819 1095 1060 1133; x_wconf 86' lang='lat' dir='ltr'>simulatione</span> <span class='ocrx_word' id='word_1_128' title='bbox 1075 1123 1085 1139; x_wconf 97' lang='lat'>,</span> <span class='ocrx_word' id='word_1_129' title='bbox 1103 1106 1181 1130; x_wconf 92' lang='lat' dir='ltr'>non</span> 
     </span>
    </p>
   </div>
   <div class='ocr_carea' id='block_1_6' title="bbox 1243 443 2248 1147">
    <p class='ocr_par' dir='ltr' id='par_1_6' title="bbox 1243 443 2248 1147">
     <span class='ocr_line' id='line_1_18' title="bbox 1246 443 2241 496; baseline 0.006 -18"><span class='ocrx_word' id='word_1_130' title='bbox 1246 443 1397 492; x_wconf 86' lang='lat' dir='ltr'>pondus</span> <span class='ocrx_word' id='word_1_131' title='bbox 1418 473 1427 489; x_wconf 97' lang='lat'>,</span> <span class='ocrx_word' id='word_1_132' title='bbox 1467 458 1580 495; x_wconf 81' lang='lat' dir='ltr'>grave</span> <span class='ocrx_word' id='word_1_133' title='bbox 1615 455 1670 483; x_wconf 93' lang='lat' dir='ltr'>est</span> <span class='ocrx_word' id='word_1_134' title='bbox 1702 448 1911 496; x_wconf 90' lang='lat' dir='ltr'>periculum</span> <span class='ocrx_word' id='word_1_135' title='bbox 1941 448 2048 485; x_wconf 80' lang='lat' dir='ltr'>istius</span> <span class='ocrx_word' id='word_1_136' title='bbox 2074 448 2241 484; x_wconf 88' lang='lat' dir='ltr'>honoris.</span> 
     </span>
     <span class='ocr_line' id='line_1_19' title="bbox 1247 501 2244 556; baseline 0.006 -19"><span class='ocrx_word' id='word_1_137' title='bbox 1247 501 1395 539; x_wconf 84' lang='lat' dir='ltr'>Gradus</span> <span class='ocrx_word' id='word_1_138' title='bbox 1409 504 1551 554; x_wconf 87' lang='lat' dir='ltr'>quippe</span> <span class='ocrx_word' id='word_1_139' title='bbox 1571 506 1638 542; x_wconf 88' lang='lat' dir='ltr'>iste</span> <span class='ocrx_word' id='word_1_140' title='bbox 1663 506 1800 556; x_wconf 89' lang='lat' dir='ltr'>gradus</span> <span class='ocrx_word' id='word_1_141' title='bbox 1821 507 1975 543; x_wconf 88' lang='lat' dir='ltr'>casualis</span> <span class='ocrx_word' id='word_1_142' title='bbox 2001 515 2056 542; x_wconf 89' lang='lat' dir='ltr'>est</span> <span class='ocrx_word' id='word_1_143' title='bbox 2072 535 2081 551; x_wconf 95' lang='lat'>,</span> <span class='ocrx_word' id='word_1_144' title='bbox 2106 507 2244 555; x_wconf 87' lang='lat' dir='ltr'>gradus</span> 
     </span>
     <span class='ocr_line' id='line_1_20' title="bbox 1243 560 2243 614; baseline 0.005 -18"><span class='ocrx_word' id='word_1_145' title='bbox 1243 560 1434 609; x_wconf 85' lang='lat' dir='ltr'>judicialis</span> <span class='ocrx_word' id='word_1_146' title='bbox 1464 572 1547 609; x_wconf 90' lang='lat' dir='ltr'>est,</span> <span class='ocrx_word' id='word_1_147' title='bbox 1580 565 1650 601; x_wconf 90' lang='lat' dir='ltr'>nisi</span> <span class='ocrx_word' id='word_1_148' title='bbox 1681 566 1822 602; x_wconf 85' lang='lat' dir='ltr'>meritis</span> <span class='ocrx_word' id='word_1_149' title='bbox 1852 566 2061 602; x_wconf 86' lang='lat' dir='ltr'>illustretur</span> <span class='ocrx_word' id='word_1_150' title='bbox 2084 565 2243 614; x_wconf 76' lang='lat' dir='ltr'>dignitas</span> 
     </span>
     <span class='ocr_line' id='line_1_21' title="bbox 1247 622 2243 671; baseline 0.005 -15"><span class='ocrx_word' id='word_1_151' title='bbox 1247 622 1455 668; x_wconf 90' lang='lat' dir='ltr'>unctionis,</span> <span class='ocrx_word' id='word_1_152' title='bbox 1475 622 1670 661; x_wconf 88' lang='lat' dir='ltr'>nobilitate</span> <span class='ocrx_word' id='word_1_153' title='bbox 1688 638 1836 661; x_wconf 87' lang='lat' dir='ltr'>morum</span> <span class='ocrx_word' id='word_1_154' title='bbox 1848 654 1857 671; x_wconf 94' lang='lat'>,</span> <span class='ocrx_word' id='word_1_155' title='bbox 1875 625 2141 661; x_wconf 78' lang='lat' dir='ltr'>exercitatione</span> <span class='ocrx_word' id='word_1_156' title='bbox 2162 626 2243 660; x_wconf 88' lang='lat' dir='ltr'>vir-</span> 
     </span>
     <span class='ocr_line' id='line_1_22' title="bbox 1249 682 2245 734; baseline 0.003 -18"><span class='ocrx_word' id='word_1_157' title='bbox 1249 688 1392 727; x_wconf 87' lang='lat' dir='ltr'>tutum,</span> <span class='ocrx_word' id='word_1_158' title='bbox 1424 690 1460 718; x_wconf 86' lang='lat' dir='ltr'>et</span> <span class='ocrx_word' id='word_1_159' title='bbox 1482 683 1658 720; x_wconf 89' lang='lat' dir='ltr'>instantia</span> <span class='ocrx_word' id='word_1_160' title='bbox 1690 682 1880 720; x_wconf 84' lang='lat' dir='ltr'>honorum</span> <span class='ocrx_word' id='word_1_161' title='bbox 1909 697 2084 734; x_wconf 84' lang='lat' dir='ltr'>operum.</span> <span class='ocrx_word' id='word_1_162' title='bbox 2111 683 2245 721; x_wconf 84' lang='lat' dir='ltr'>Fodite</span> 
     </span>
     <span class='ocr_line' id='line_1_23' title="bbox 1247 738 2245 792; baseline 0.004 -18"><span class='ocrx_word' id='word_1_163' title='bbox 1247 738 1383 788; x_wconf 88' lang='lat' dir='ltr'>igitur,</span> <span class='ocrx_word' id='word_1_164' title='bbox 1402 740 1630 786; x_wconf 88' lang='lat' dir='ltr'>charissimi,</span> <span class='ocrx_word' id='word_1_165' title='bbox 1655 742 1879 780; x_wconf 90' lang='lat' dir='ltr'>domesticos</span> <span class='ocrx_word' id='word_1_166' title='bbox 1901 744 2064 792; x_wconf 87' lang='lat' dir='ltr'>parietes</span> <span class='ocrx_word' id='word_1_167' title='bbox 2081 772 2089 787; x_wconf 95' lang='lat'>,</span> <span class='ocrx_word' id='word_1_168' title='bbox 2109 743 2146 779; x_wconf 89' lang='lat' dir='ltr'>id</span> <span class='ocrx_word' id='word_1_169' title='bbox 2171 751 2245 787; x_wconf 86' lang='lat' dir='ltr'>est,</span> 
     </span>
     <span class='ocr_line' id='line_1_24' title="bbox 1246 798 2246 851; baseline 0.003 -17"><span class='ocrx_word' id='word_1_170' title='bbox 1246 798 1377 847; x_wconf 82' lang='lat' dir='ltr'>ponite</span> <span class='ocrx_word' id='word_1_171' title='bbox 1395 799 1507 836; x_wconf 86' lang='lat' dir='ltr'>corda</span> <span class='ocrx_word' id='word_1_172' title='bbox 1527 809 1651 837; x_wconf 81' lang='lat' dir='ltr'>vestra</span> <span class='ocrx_word' id='word_1_173' title='bbox 1669 814 1783 851; x_wconf 89' lang='lat' dir='ltr'>super</span> <span class='ocrx_word' id='word_1_174' title='bbox 1799 802 1878 838; x_wconf 81' lang='lat' dir='ltr'>vias</span> <span class='ocrx_word' id='word_1_175' title='bbox 1895 810 2050 838; x_wconf 78' lang='lat' dir='ltr'>vestras.</span> <span class='ocrx_word' id='word_1_176' title='bbox 2072 801 2246 850; x_wconf 85' lang='lat' dir='ltr'>Satagite,</span> 
     </span>
     <span class='ocr_line' id='line_1_25' title="bbox 1248 860 2246 910; baseline 0.002 -17"><span class='ocrx_word' id='word_1_177' title='bbox 1248 866 1429 907; x_wconf 91' lang='lat' dir='ltr'>quantum</span> <span class='ocrx_word' id='word_1_178' title='bbox 1451 861 1629 908; x_wconf 89' lang='lat' dir='ltr'>potestis,</span> <span class='ocrx_word' id='word_1_179' title='bbox 1655 861 1840 897; x_wconf 87' lang='lat' dir='ltr'>redimere</span> <span class='ocrx_word' id='word_1_180' title='bbox 1867 862 1941 898; x_wconf 89' lang='lat' dir='ltr'>cito</span> <span class='ocrx_word' id='word_1_181' title='bbox 1963 862 2000 897; x_wconf 92' lang='lat' dir='ltr'>in</span> <span class='ocrx_word' id='word_1_182' title='bbox 2025 860 2163 910; x_wconf 87' lang='lat' dir='ltr'>quibus</span> <span class='ocrx_word' id='word_1_183' title='bbox 2185 860 2246 895; x_wconf 81' lang='lat' dir='ltr'>os-</span> 
     </span>
     <span class='ocr_line' id='line_1_26' title="bbox 1251 917 2244 957; baseline 0.003 -5"><span class='ocrx_word' id='word_1_184' title='bbox 1251 917 1432 954; x_wconf 87' lang='lat' dir='ltr'>sendistis.</span> <span class='ocrx_word' id='word_1_185' title='bbox 1455 919 1543 956; x_wconf 84' lang='lat' dir='ltr'>Dies</span> <span class='ocrx_word' id='word_1_186' title='bbox 1563 921 1662 956; x_wconf 87' lang='lat' dir='ltr'>enim</span> <span class='ocrx_word' id='word_1_187' title='bbox 1691 921 1843 957; x_wconf 87' lang='lat' dir='ltr'>Domini</span> <span class='ocrx_word' id='word_1_188' title='bbox 1878 921 1973 957; x_wconf 92' lang='lat' dir='ltr'>sicut</span> <span class='ocrx_word' id='word_1_189' title='bbox 2003 921 2062 957; x_wconf 81' lang='lat' dir='ltr'>sur</span> <span class='ocrx_word' id='word_1_190' title='bbox 2091 921 2141 956; x_wconf 90' lang='lat' dir='ltr'>ita</span> <span class='ocrx_word' id='word_1_191' title='bbox 2174 932 2244 955; x_wconf 70' lang='lat' dir='ltr'>ve·-</span> 
     </span>
     <span class='ocr_line' id='line_1_27' title="bbox 1250 977 2245 1023; baseline 0.001 -11"><span class='ocrx_word' id='word_1_192' title='bbox 1250 977 1328 1013; x_wconf 90' lang='lat' dir='ltr'>niet</span> <span class='ocrx_word' id='word_1_193' title='bbox 1346 984 1368 1013; x_wconf 88' lang='lat'>¹.</span> <span class='ocrx_word' id='word_1_194' title='bbox 1395 978 1495 1014; x_wconf 87' lang='lat' dir='ltr'>Sicut</span> <span class='ocrx_word' id='word_1_195' title='bbox 1516 980 1614 1015; x_wconf 87' lang='lat' dir='ltr'>enim</span> <span class='ocrx_word' id='word_1_196' title='bbox 1637 980 1727 1015; x_wconf 85' lang='lat' dir='ltr'>nihil</span> <span class='ocrx_word' id='word_1_197' title='bbox 1749 980 1885 1016; x_wconf 88' lang='lat' dir='ltr'>certius</span> <span class='ocrx_word' id='word_1_198' title='bbox 1913 988 2056 1023; x_wconf 85' lang='lat' dir='ltr'>morte,</span> <span class='ocrx_word' id='word_1_199' title='bbox 2078 979 2128 1015; x_wconf 91' lang='lat' dir='ltr'>ita</span> <span class='ocrx_word' id='word_1_200' title='bbox 2152 978 2245 1014; x_wconf 84' lang='lat' dir='ltr'>hora</span> 
     </span>
     <span class='ocr_line' id='line_1_28' title="bbox 1248 1037 2243 1088; baseline 0.002 -17"><span class='ocrx_word' id='word_1_201' title='bbox 1248 1037 1380 1072; x_wconf 89' lang='lat' dir='ltr'>mortis</span> <span class='ocrx_word' id='word_1_202' title='bbox 1411 1037 1501 1073; x_wconf 88' lang='lat' dir='ltr'>nihil</span> <span class='ocrx_word' id='word_1_203' title='bbox 1529 1038 1710 1075; x_wconf 85' lang='lat' dir='ltr'>incertius</span> <span class='ocrx_word' id='word_1_204' title='bbox 1737 1053 1744 1074; x_wconf 90' lang='lat'><strong>:</strong></span> <span class='ocrx_word' id='word_1_205' title='bbox 1774 1039 1876 1088; x_wconf 91' lang='lat' dir='ltr'>quod</span> <span class='ocrx_word' id='word_1_206' title='bbox 1910 1048 1950 1075; x_wconf 87' lang='lat' dir='ltr'>ut</span> <span class='ocrx_word' id='word_1_207' title='bbox 1980 1039 2134 1088; x_wconf 87' lang='lat' dir='ltr'>dignum</span> <span class='ocrx_word' id='word_1_208' title='bbox 2164 1046 2243 1082; x_wconf 85' lang='lat' dir='ltr'>est,</span> 
     </span>
     <span class='ocr_line' id='line_1_29' title="bbox 1248 1096 2248 1147; baseline 0.001 -17"><span class='ocrx_word' id='word_1_209' title='bbox 1248 1104 1424 1144; x_wconf 89' lang='lat' dir='ltr'>pensate;</span> <span class='ocrx_word' id='word_1_210' title='bbox 1446 1104 1482 1132; x_wconf 91' lang='lat' dir='ltr'>et</span> <span class='ocrx_word' id='word_1_211' title='bbox 1499 1097 1543 1132; x_wconf 91' lang='lat' dir='ltr'>ad</span> <span class='ocrx_word' id='word_1_212' title='bbox 1563 1097 1799 1146; x_wconf 88' lang='lat' dir='ltr'>pensandum</span> <span class='ocrx_word' id='word_1_213' title='bbox 1821 1098 2128 1147; x_wconf 88' lang='lat' dir='ltr'>circumspectius</span> <span class='ocrx_word' id='word_1_214' title='bbox 2150 1096 2248 1132; x_wconf 83' lang='lat' dir='ltr'>invi-</span> 
     </span>
    </p>
   </div>
   <div class='ocr_carea' id='block_1_7' title="bbox 188 1154 2243 1207">
    <p class='ocr_par' dir='ltr' id='par_1_7' title="bbox 188 1154 2243 1207">
     <span class='ocr_line' id='line_1_30' title="bbox 188 1154 2243 1207; baseline -0.002 -13"><span class='ocrx_word' id='word_1_215' title='bbox 188 1157 283 1204; x_wconf 83' lang='lat' dir='ltr'>fide3</span> <span class='ocrx_word' id='word_1_216' title='bbox 305 1158 448 1207; x_wconf 88' lang='lat' dir='ltr'>specie,</span> <span class='ocrx_word' id='word_1_217' title='bbox 471 1171 547 1194; x_wconf 92' lang='lat' dir='ltr'>non</span> <span class='ocrx_word' id='word_1_218' title='bbox 570 1158 732 1202; x_wconf 80' lang='lat' dir='ltr'>virtute3</span> <span class='ocrx_word' id='word_1_219' title='bbox 751 1156 1022 1192; x_wconf 87' lang='lat' dir='ltr'>commixtione</span> <span class='ocrx_word' id='word_1_220' title='bbox 1043 1166 1182 1202; x_wconf 89' lang='lat' dir='ltr'>corpo·</span> <span class='ocrx_word' id='word_1_221' title='bbox 1202 1158 1230 1192; x_wconf 95' lang='grc' dir='ltr'>Β</span> <span class='ocrx_word' id='word_1_222' title='bbox 1245 1155 1367 1203; x_wconf 83' lang='lat' dir='ltr'>gilate.</span> <span class='ocrx_word' id='word_1_223' title='bbox 1393 1159 1474 1192; x_wconf 92' lang='lat' dir='ltr'>Deo</span> <span class='ocrx_word' id='word_1_224' title='bbox 1491 1155 1642 1205; x_wconf 90' lang='lat' dir='ltr'>quidem</span> <span class='ocrx_word' id='word_1_225' title='bbox 1664 1157 1737 1193; x_wconf 88' lang='lat' dir='ltr'>erit</span> <span class='ocrx_word' id='word_1_226' title='bbox 1761 1157 1807 1192; x_wconf 92' lang='lat' dir='ltr'>ad</span> <span class='ocrx_word' id='word_1_227' title='bbox 1824 1157 1980 1205; x_wconf 84' lang='lat' dir='ltr'>gloriam</span> <span class='ocrx_word' id='word_1_228' title='bbox 1997 1185 2005 1201; x_wconf 94' lang='lat'>,</span> <span class='ocrx_word' id='word_1_229' title='bbox 2024 1156 2175 1205; x_wconf 83' lang='lat' dir='ltr'>Angelis</span> <span class='ocrx_word' id='word_1_230' title='bbox 2196 1154 2243 1190; x_wconf 87' lang='lat' dir='ltr'>ad</span> 
     </span>
    </p>
   </div>
   <div class='ocr_carea' id='block_1_8' title="bbox 187 1213 1182 1561">
    <p class='ocr_par' dir='ltr' id='par_1_8' title="bbox 187 1213 1182 1561">
     <span class='ocr_line' id='line_1_31' title="bbox 189 1213 1181 1266; baseline -0.005 -13"><span class='ocrx_word' id='word_1_231' title='bbox 189 1217 276 1263; x_wconf 90' lang='lat' dir='ltr'>rali,</span> <span class='ocrx_word' id='word_1_232' title='bbox 293 1230 371 1253; x_wconf 92' lang='lat' dir='ltr'>non</span> <span class='ocrx_word' id='word_1_233' title='bbox 391 1217 544 1253; x_wconf 91' lang='lat' dir='ltr'>vinculo</span> <span class='ocrx_word' id='word_1_234' title='bbox 564 1216 767 1266; x_wconf 80' lang='lat' dir='ltr'>spirituali3</span> <span class='ocrx_word' id='word_1_235' title='bbox 784 1215 907 1251; x_wconf 86' lang='lat' dir='ltr'>carnis</span> <span class='ocrx_word' id='word_1_236' title='bbox 921 1213 1181 1262; x_wconf 88' lang='lat' dir='ltr'>adjunctione,</span> 
     </span>
     <span class='ocr_line' id='line_1_32' title="bbox 189 1271 1180 1316; baseline -0.005 -4"><span class='ocrx_word' id='word_1_237' title='bbox 189 1288 266 1312; x_wconf 90' lang='lat' dir='ltr'>non</span> <span class='ocrx_word' id='word_1_238' title='bbox 286 1275 411 1312; x_wconf 90' lang='lat' dir='ltr'>cordis</span> <span class='ocrx_word' id='word_1_239' title='bbox 431 1275 585 1311; x_wconf 88' lang='lat' dir='ltr'>unitate.</span> <span class='ocrx_word' id='word_1_240' title='bbox 622 1277 717 1312; x_wconf 88' lang='lat' dir='ltr'>Sunt</span> <span class='ocrx_word' id='word_1_241' title='bbox 744 1274 844 1310; x_wconf 89' lang='lat' dir='ltr'>enim</span> <span class='ocrx_word' id='word_1_242' title='bbox 873 1273 962 1310; x_wconf 90' lang='lat' dir='ltr'>lotis</span> <span class='ocrx_word' id='word_1_243' title='bbox 981 1271 1155 1309; x_wconf 90' lang='lat' dir='ltr'>manibus</span> <span class='ocrx_word' id='word_1_244' title='bbox 1171 1299 1180 1316; x_wconf 93' lang='lat'><strong><em>‚</em></strong></span> 
     </span>
     <span class='ocr_line' id='line_1_33' title="bbox 189 1332 1182 1384; baseline -0.003 -13"><span class='ocrx_word' id='word_1_245' title='bbox 189 1342 312 1371; x_wconf 89' lang='lat' dir='ltr'>tamen</span> <span class='ocrx_word' id='word_1_246' title='bbox 331 1334 446 1371; x_wconf 90' lang='lat' dir='ltr'>illotis</span> <span class='ocrx_word' id='word_1_247' title='bbox 473 1333 652 1384; x_wconf 87' lang='lat' dir='ltr'>operibus</span> <span class='ocrx_word' id='word_1_248' title='bbox 673 1348 680 1369; x_wconf 75' lang='grc' dir='ltr'>ε</span> <span class='ocrx_word' id='word_1_249' title='bbox 701 1342 856 1370; x_wconf 88' lang='lat' dir='ltr'>cruenta</span> <span class='ocrx_word' id='word_1_250' title='bbox 886 1332 1115 1370; x_wconf 87' lang='lat' dir='ltr'>conscientia</span> <span class='ocrx_word' id='word_1_251' title='bbox 1135 1332 1182 1369; x_wconf 90' lang='lat' dir='ltr'>ad</span> 
     </span>
     <span class='ocr_line' id='line_1_34' title="bbox 187 1392 1179 1432; baseline -0.003 -2"><span class='ocrx_word' id='word_1_252' title='bbox 187 1394 316 1431; x_wconf 86' lang='lat' dir='ltr'>divina</span> <span class='ocrx_word' id='word_1_253' title='bbox 345 1394 529 1432; x_wconf 89' lang='lat' dir='ltr'>accedunt</span> <span class='ocrx_word' id='word_1_254' title='bbox 555 1394 732 1431; x_wconf 85' lang='lat' dir='ltr'>sacrificia</span> <span class='ocrx_word' id='word_1_255' title='bbox 766 1409 774 1430; x_wconf 89' lang='lat'>:</span> <span class='ocrx_word' id='word_1_256' title='bbox 802 1392 1008 1429; x_wconf 88' lang='lat' dir='ltr'>comedunt</span> <span class='ocrx_word' id='word_1_257' title='bbox 1031 1392 1111 1428; x_wconf 88' lang='lat' dir='ltr'>sine</span> <span class='ocrx_word' id='word_1_258' title='bbox 1133 1392 1179 1427; x_wconf 89' lang='lat' dir='ltr'>ti-</span> 
     </span>
     <span class='ocr_line' id='line_1_35' title="bbox 191 1451 1182 1502; baseline -0.002 -13"><span class='ocrx_word' id='word_1_259' title='bbox 191 1465 298 1489; x_wconf 90' lang='lat' dir='ltr'>more</span> <span class='ocrx_word' id='word_1_260' title='bbox 324 1461 361 1489; x_wconf 91' lang='lat' dir='ltr'>et</span> <span class='ocrx_word' id='word_1_261' title='bbox 378 1454 458 1490; x_wconf 89' lang='lat' dir='ltr'>sine</span> <span class='ocrx_word' id='word_1_262' title='bbox 483 1453 695 1490; x_wconf 84' lang='lat' dir='ltr'>reverentia</span> <span class='ocrx_word' id='word_1_263' title='bbox 715 1465 844 1489; x_wconf 88' lang='lat' dir='ltr'>carnes</span> <span class='ocrx_word' id='word_1_264' title='bbox 859 1452 978 1502; x_wconf 89' lang='lat' dir='ltr'>Agni‚</span> <span class='ocrx_word' id='word_1_265' title='bbox 997 1451 1062 1500; x_wconf 90' lang='lat' dir='ltr'>qui</span> <span class='ocrx_word' id='word_1_266' title='bbox 1087 1464 1182 1501; x_wconf 80' lang='lat' dir='ltr'>prae-</span> 
     </span>
     <span class='ocr_line' id='line_1_36' title="bbox 189 1510 1180 1561; baseline -0.002 -13"><span class='ocrx_word' id='word_1_267' title='bbox 189 1511 286 1548; x_wconf 84' lang='lat' dir='ltr'>sidet</span> <span class='ocrx_word' id='word_1_268' title='bbox 318 1512 356 1548; x_wconf 90' lang='lat' dir='ltr'>in</span> <span class='ocrx_word' id='word_1_269' title='bbox 385 1513 502 1558; x_wconf 84' lang='lat' dir='ltr'>coelo,</span> <span class='ocrx_word' id='word_1_270' title='bbox 523 1512 620 1549; x_wconf 87' lang='lat' dir='ltr'>sicut</span> <span class='ocrx_word' id='word_1_271' title='bbox 639 1525 769 1549; x_wconf 86' lang='lat' dir='ltr'>carnes</span> <span class='ocrx_word' id='word_1_272' title='bbox 797 1525 880 1561; x_wconf 85' lang='lat' dir='ltr'>quae</span> <span class='ocrx_word' id='word_1_273' title='bbox 901 1510 1120 1548; x_wconf 87' lang='lat' dir='ltr'>venduntur</span> <span class='ocrx_word' id='word_1_274' title='bbox 1141 1511 1180 1547; x_wconf 89' lang='lat' dir='ltr'>in</span> 
     </span>
    </p>
   </div>
   <div class='ocr_carea' id='block_1_9' title="bbox 1247 1214 2249 1491">
    <p class='ocr_par' dir='ltr' id='par_1_9' title="bbox 1247 1214 2249 1491">
     <span class='ocr_line' id='line_1_37' title="bbox 1248 1214 2243 1261; baseline 0 -11"><span class='ocrx_word' id='word_1_275' title='bbox 1248 1214 1415 1251; x_wconf 87' lang='lat' dir='ltr'>laetitiam</span> <span class='ocrx_word' id='word_1_276' title='bbox 1429 1244 1438 1261; x_wconf 92' lang='lat'><strong>‚</strong></span> <span class='ocrx_word' id='word_1_277' title='bbox 1459 1215 1619 1252; x_wconf 90' lang='lat' dir='ltr'>subditis</span> <span class='ocrx_word' id='word_1_278' title='bbox 1633 1216 1768 1253; x_wconf 84' lang='lat' dir='ltr'>vestris</span> <span class='ocrx_word' id='word_1_279' title='bbox 1790 1216 1886 1252; x_wconf 90' lang='lat' dir='ltr'>odor</span> <span class='ocrx_word' id='word_1_280' title='bbox 1905 1216 1950 1252; x_wconf 90' lang='lat' dir='ltr'>ad</span> <span class='ocrx_word' id='word_1_281' title='bbox 1967 1217 2080 1252; x_wconf 70' lang='lat' dir='ltr'>vitam</span> <span class='ocrx_word' id='word_1_282' title='bbox 2098 1243 2107 1259; x_wconf 91' lang='lat'>,</span> <span class='ocrx_word' id='word_1_283' title='bbox 2133 1214 2243 1250; x_wconf 76' lang='lat' dir='ltr'>vobis</span> 
     </span>
     <span class='ocr_line' id='line_1_38' title="bbox 1248 1274 2247 1325; baseline -0.001 -15"><span class='ocrx_word' id='word_1_284' title='bbox 1248 1283 1372 1311; x_wconf 82' lang='lat' dir='ltr'>autem</span> <span class='ocrx_word' id='word_1_285' title='bbox 1397 1275 1443 1311; x_wconf 90' lang='lat' dir='ltr'>ad</span> <span class='ocrx_word' id='word_1_286' title='bbox 1466 1289 1659 1312; x_wconf 86' lang='lat' dir='ltr'>coronam.</span> <span class='ocrx_word' id='word_1_287' title='bbox 1683 1280 1727 1313; x_wconf 93' lang='lat' dir='ltr'>In</span> <span class='ocrx_word' id='word_1_288' title='bbox 1749 1290 1825 1325; x_wconf 89' lang='lat' dir='ltr'>quo</span> <span class='ocrx_word' id='word_1_289' title='bbox 1846 1276 2015 1314; x_wconf 82' lang='lat' dir='ltr'>Christus</span> <span class='ocrx_word' id='word_1_290' title='bbox 2032 1284 2068 1311; x_wconf 91' lang='lat' dir='ltr'>et</span> <span class='ocrx_word' id='word_1_291' title='bbox 2088 1274 2247 1311; x_wconf 85' lang='lat' dir='ltr'>christos</span> 
     </span>
     <span class='ocr_line' id='line_1_39' title="bbox 1248 1333 2244 1385; baseline -0.001 -16"><span class='ocrx_word' id='word_1_292' title='bbox 1248 1346 1336 1370; x_wconf 91' lang='lat' dir='ltr'>suos</span> <span class='ocrx_word' id='word_1_293' title='bbox 1362 1334 1540 1371; x_wconf 80' lang='lat' dir='ltr'>exaudire</span> <span class='ocrx_word' id='word_1_294' title='bbox 1569 1334 1758 1385; x_wconf 88' lang='lat' dir='ltr'>dignetur,</span> <span class='ocrx_word' id='word_1_295' title='bbox 1785 1334 2036 1372; x_wconf 89' lang='lat' dir='ltr'>ministrando</span> <span class='ocrx_word' id='word_1_296' title='bbox 2063 1333 2244 1370; x_wconf 75' lang='lat' dir='ltr'>auxilium</span> 
     </span>
     <span class='ocr_line' id='line_1_40' title="bbox 1247 1391 2249 1443; baseline -0.002 -15"><span class='ocrx_word' id='word_1_297' title='bbox 1247 1393 1374 1441; x_wconf 88' lang='lat' dir='ltr'>gratiae</span> <span class='ocrx_word' id='word_1_298' title='bbox 1392 1406 1481 1438; x_wconf 79' lang='lat' dir='ltr'>suae,</span> <span class='ocrx_word' id='word_1_299' title='bbox 1502 1394 1566 1442; x_wconf 89' lang='lat' dir='ltr'>qui</span> <span class='ocrx_word' id='word_1_300' title='bbox 1582 1395 1673 1430; x_wconf 73' lang='lat' dir='ltr'>vivit</span> <span class='ocrx_word' id='word_1_301' title='bbox 1690 1402 1726 1431; x_wconf 90' lang='lat' dir='ltr'>et</span> <span class='ocrx_word' id='word_1_302' title='bbox 1742 1402 1873 1443; x_wconf 87' lang='lat' dir='ltr'>regnat</span> <span class='ocrx_word' id='word_1_303' title='bbox 1888 1407 1958 1443; x_wconf 90' lang='lat' dir='ltr'>per</span> <span class='ocrx_word' id='word_1_304' title='bbox 1971 1393 2097 1430; x_wconf 87' lang='lat' dir='ltr'>onmia</span> <span class='ocrx_word' id='word_1_305' title='bbox 2116 1391 2249 1429; x_wconf 80' lang='lat' dir='ltr'>saecula</span> 
     </span>
     <span class='ocr_line' id='line_1_41' title="bbox 1247 1453 1633 1491; baseline 0.005 -2"><span class='ocrx_word' id='word_1_306' title='bbox 1247 1453 1484 1490; x_wconf 84' lang='lat' dir='ltr'>saeculorum.</span> <span class='ocrx_word' id='word_1_307' title='bbox 1499 1458 1633 1491; x_wconf 88' lang='lat' dir='ltr'>Amen.</span> 
     </span>
    </p>
   </div>
   <div class='ocr_carea' id='block_1_10' title="bbox 303 1784 2130 2063">
    <p class='ocr_par' dir='ltr' id='par_1_10' title="bbox 303 1784 2130 2063">
     <span class='ocr_line' id='line_1_42' title="bbox 1017 1784 1421 1878; baseline -0.012 0"><span class='ocrx_word' id='word_1_308' title='bbox 1017 1784 1421 1878; x_wconf 82' lang='lat' dir='ltr'>SERMO</span> 
     </span>
     <span class='ocr_line' id='line_1_43' title="bbox 303 1989 2130 2063; baseline -0.001 -5"><span class='ocrx_word' id='word_1_309' title='bbox 303 1992 394 2059; x_wconf 85' lang='lat' dir='ltr'>IN</span> <span class='ocrx_word' id='word_1_310' title='bbox 460 1990 1002 2063; x_wconf 81' lang='lat' dir='ltr'><strong>NATIVITATE</strong></span> <span class='ocrx_word' id='word_1_311' title='bbox 1070 1993 1134 2060; x_wconf 83' lang='lat' dir='ltr'>S.</span> <span class='ocrx_word' id='word_1_312' title='bbox 1201 1990 1591 2060; x_wconf 82' lang='lat' dir='ltr'><strong>JOANNIS</strong></span> <span class='ocrx_word' id='word_1_313' title='bbox 1658 1989 2130 2059; x_wconf 84' lang='lat' dir='ltr'>BAPTISTAE</span> 
     </span>
    </p>
   </div>
   <div class='ocr_carea' id='block_1_11' title="bbox 751 2169 1689 2217">
    <p class='ocr_par' dir='ltr' id='par_1_11' title="bbox 751 2169 1689 2217">
     <span class='ocr_line' id='line_1_44' title="bbox 751 2169 1689 2217; baseline 0.003 -4"><span class='ocrx_word' id='word_1_314' title='bbox 751 2169 829 2215; x_wconf 93' lang='lat' dir='ltr'>DE</span> <span class='ocrx_word' id='word_1_315' title='bbox 863 2169 1079 2214; x_wconf 84' lang='lat' dir='ltr'>DECEM</span> <span class='ocrx_word' id='word_1_316' title='bbox 1113 2169 1489 2216; x_wconf 84' lang='lat' dir='ltr'>PRIVILEGIIS</span> <span class='ocrx_word' id='word_1_317' title='bbox 1524 2169 1689 2217; x_wconf 87' lang='lat' dir='ltr'><strong>EJUS.</strong></span> 
     </span>
    </p>
   </div>
   <div class='ocr_carea' id='block_1_12' title="bbox 475 2319 1965 2348">
    <p class='ocr_par' dir='ltr' id='par_1_12' title="bbox 475 2319 1965 2348">
     <span class='ocr_line' id='line_1_45' title="bbox 475 2319 1965 2348; baseline 0 1601"><span class='ocrx_word' id='word_1_318' title='bbox 475 2319 1965 2348; x_wconf 95' lang='lat' dir='ltr'> </span> 
     </span>
    </p>
   </div>
   <div class='ocr_carea' id='block_1_13' title="bbox 192 2440 2258 2883">
    <p class='ocr_par' dir='ltr' id='par_1_13' title="bbox 192 2440 2258 2883">
     <span class='ocr_line' id='line_1_46' title="bbox 245 2440 2251 2494; baseline -0 -15"><span class='ocrx_word' id='word_1_319' title='bbox 245 2442 317 2480; x_wconf 91' lang='lat' dir='ltr'>Hic</span> <span class='ocrx_word' id='word_1_320' title='bbox 342 2455 472 2480; x_wconf 88' lang='lat' dir='ltr'>sermo</span> <span class='ocrx_word' id='word_1_321' title='bbox 499 2450 722 2480; x_wconf 88' lang='lat' dir='ltr'>recensetur</span> <span class='ocrx_word' id='word_1_322' title='bbox 749 2441 852 2479; x_wconf 88' lang='lat' dir='ltr'>inter</span> <span class='ocrx_word' id='word_1_323' title='bbox 879 2454 1000 2491; x_wconf 86' lang='lat' dir='ltr'>opera</span> <span class='ocrx_word' id='word_1_324' title='bbox 1027 2441 1132 2480; x_wconf 87' lang='lat' dir='ltr'>Petri</span> <span class='ocrx_word' id='word_1_325' title='bbox 1162 2440 1342 2480; x_wconf 74' lang='lat' dir='ltr'>Daniiani</span> <span class='ocrx_word' id='word_1_326' title='bbox 1358 2472 1368 2490; x_wconf 90' lang='lat'>,</span> <span class='ocrx_word' id='word_1_327' title='bbox 1398 2442 1668 2494; x_wconf 89' lang='lat' dir='ltr'>tribuiturque</span> <span class='ocrx_word' id='word_1_328' title='bbox 1687 2441 1850 2480; x_wconf 75' lang='lat' dir='ltr'>Nicolao</span> <span class='ocrx_word' id='word_1_329' title='bbox 1877 2440 2187 2480; x_wconf 71' lang='lat' dir='ltr'>Clarae-Vallensi</span> <span class='ocrx_word' id='word_1_330' title='bbox 2211 2442 2251 2478; x_wconf 84' lang='lat' dir='ltr'>in</span> 
     </span>
     <span class='ocr_line' id='line_1_47' title="bbox 193 2505 2258 2557; baseline -0 -13"><span class='ocrx_word' id='word_1_331' title='bbox 193 2506 435 2545; x_wconf 88' lang='lat' dir='ltr'>Bibliotheca</span> <span class='ocrx_word' id='word_1_332' title='bbox 452 2506 617 2544; x_wconf 85' lang='lat' dir='ltr'>Patrum</span> <span class='ocrx_word' id='word_1_333' title='bbox 634 2505 947 2544; x_wconf 84' lang='lat' dir='ltr'>Cisterciensium</span> <span class='ocrx_word' id='word_1_334' title='bbox 969 2506 1024 2554; x_wconf 88' lang='lat' dir='ltr'>(in</span> <span class='ocrx_word' id='word_1_335' title='bbox 1044 2520 1123 2556; x_wconf 89' lang='lat' dir='ltr'>qua</span> <span class='ocrx_word' id='word_1_336' title='bbox 1141 2519 1228 2557; x_wconf 89' lang='lat' dir='ltr'>quae</span> <span class='ocrx_word' id='word_1_337' title='bbox 1248 2505 1406 2554; x_wconf 87' lang='lat' dir='ltr'>desunt,</span> <span class='ocrx_word' id='word_1_338' title='bbox 1424 2508 1578 2545; x_wconf 91' lang='lat' dir='ltr'>uncinis</span> <span class='ocrx_word' id='word_1_339' title='bbox 1596 2506 1659 2545; x_wconf 88' lang='lat' dir='ltr'>hic</span> <span class='ocrx_word' id='word_1_340' title='bbox 1675 2506 1919 2555; x_wconf 86' lang='lat' dir='ltr'>inclusimus)</span> <span class='ocrx_word' id='word_1_341' title='bbox 1942 2516 1981 2544; x_wconf 90' lang='lat' dir='ltr'>et</span> <span class='ocrx_word' id='word_1_342' title='bbox 2000 2507 2039 2544; x_wconf 89' lang='lat' dir='ltr'>in</span> <span class='ocrx_word' id='word_1_343' title='bbox 2058 2505 2258 2544; x_wconf 77' lang='lat' dir='ltr'>codicibus</span> 
     </span>
     <span class='ocr_line' id='line_1_48' title="bbox 192 2570 2252 2623; baseline -0 -13"><span class='ocrx_word' id='word_1_344' title='bbox 192 2573 480 2622; x_wconf 75' lang='lat' dir='ltr'>manuscriptis,</span> <span class='ocrx_word' id='word_1_345' title='bbox 499 2571 578 2610; x_wconf 83' lang='lat' dir='ltr'>Sed</span> <span class='ocrx_word' id='word_1_346' title='bbox 596 2571 689 2609; x_wconf 90' lang='lat' dir='ltr'>huic</span> <span class='ocrx_word' id='word_1_347' title='bbox 709 2571 863 2609; x_wconf 86' lang='lat' dir='ltr'>obstare</span> <span class='ocrx_word' id='word_1_348' title='bbox 883 2570 1051 2617; x_wconf 76' lang='lat' dir='ltr'>videtur,</span> <span class='ocrx_word' id='word_1_349' title='bbox 1073 2570 1182 2621; x_wconf 91' lang='lat' dir='ltr'>quod</span> <span class='ocrx_word' id='word_1_350' title='bbox 1203 2571 1348 2609; x_wconf 83' lang='lat' dir='ltr'>Auctor</span> <span class='ocrx_word' id='word_1_351' title='bbox 1367 2586 1481 2610; x_wconf 87' lang='lat' dir='ltr'>num.</span> <span class='ocrx_word' id='word_1_352' title='bbox 1502 2575 1526 2611; x_wconf 87' lang='lat'>5</span> <span class='ocrx_word' id='word_1_353' title='bbox 1545 2572 1651 2618; x_wconf 82' lang='lat' dir='ltr'>dicit,</span> <span class='ocrx_word' id='word_1_354' title='bbox 1674 2586 1746 2610; x_wconf 91' lang='lat' dir='ltr'>suo</span> <span class='ocrx_word' id='word_1_355' title='bbox 1770 2582 1945 2623; x_wconf 82' lang='lat' dir='ltr'>tempore</span> <span class='ocrx_word' id='word_1_356' title='bbox 1969 2572 2088 2611; x_wconf 84' lang='lat' dir='ltr'>solius</span> <span class='ocrx_word' id='word_1_357' title='bbox 2109 2572 2252 2610; x_wconf 73' lang='lat' dir='ltr'>Christi</span> 
     </span>
     <span class='ocr_line' id='line_1_49' title="bbox 193 2635 2249 2688; baseline -0 -12"><span class='ocrx_word' id='word_1_358' title='bbox 193 2646 232 2676; x_wconf 88' lang='lat' dir='ltr'>et</span> <span class='ocrx_word' id='word_1_359' title='bbox 251 2637 288 2675; x_wconf 90' lang='lat' dir='ltr'>S.</span> <span class='ocrx_word' id='word_1_360' title='bbox 307 2638 468 2676; x_wconf 89' lang='lat' dir='ltr'>Joannis</span> <span class='ocrx_word' id='word_1_361' title='bbox 481 2636 706 2674; x_wconf 80' lang='lat' dir='ltr'>Nativitatis</span> <span class='ocrx_word' id='word_1_362' title='bbox 726 2636 976 2673; x_wconf 73' lang='lat' dir='ltr'>festivitatem</span> <span class='ocrx_word' id='word_1_363' title='bbox 995 2637 1034 2673; x_wconf 89' lang='lat' dir='ltr'>in</span> <span class='ocrx_word' id='word_1_364' title='bbox 1052 2635 1222 2673; x_wconf 87' lang='lat' dir='ltr'>Ecclesia</span> <span class='ocrx_word' id='word_1_365' title='bbox 1242 2646 1435 2687; x_wconf 82' lang='lat' dir='ltr'>receptam</span> <span class='ocrx_word' id='word_1_366' title='bbox 1455 2654 1463 2675; x_wconf 72' lang='grc' dir='ltr'><strong>ε</strong></span> <span class='ocrx_word' id='word_1_367' title='bbox 1480 2653 1570 2676; x_wconf 83' lang='lat' dir='ltr'>cuni</span> <span class='ocrx_word' id='word_1_368' title='bbox 1588 2648 1719 2676; x_wconf 83' lang='lat' dir='ltr'>tamen</span> <span class='ocrx_word' id='word_1_369' title='bbox 1734 2652 1778 2676; x_wconf 82' lang='lat' dir='ltr'>ex</span> <span class='ocrx_word' id='word_1_370' title='bbox 1794 2637 1833 2675; x_wconf 84' lang='lat' dir='ltr'>S.</span> <span class='ocrx_word' id='word_1_371' title='bbox 1853 2638 2036 2676; x_wconf 87' lang='lat' dir='ltr'>Bernardi</span> <span class='ocrx_word' id='word_1_372' title='bbox 2054 2639 2163 2688; x_wconf 80' lang='lat' dir='ltr'>epist.</span> <span class='ocrx_word' id='word_1_373' title='bbox 2186 2638 2249 2682; x_wconf 77' lang='lat'>86,</span> 
     </span>
     <span class='ocr_line' id='line_1_50' title="bbox 193 2700 2253 2752; baseline -0.001 -12"><span class='ocrx_word' id='word_1_374' title='bbox 193 2711 281 2740; x_wconf 86' lang='lat' dir='ltr'>tum</span> <span class='ocrx_word' id='word_1_375' title='bbox 301 2703 418 2740; x_wconf 87' lang='lat' dir='ltr'>etiam</span> <span class='ocrx_word' id='word_1_376' title='bbox 441 2715 486 2740; x_wconf 81' lang='lat' dir='ltr'>ex</span> <span class='ocrx_word' id='word_1_377' title='bbox 506 2702 615 2752; x_wconf 87' lang='lat' dir='ltr'>epist.</span> <span class='ocrx_word' id='word_1_378' title='bbox 652 2701 747 2748; x_wconf 81' lang='lat'>174,</span> <span class='ocrx_word' id='word_1_379' title='bbox 772 2700 820 2738; x_wconf 93' lang='lat' dir='ltr'>ad</span> <span class='ocrx_word' id='word_1_380' title='bbox 846 2700 1058 2738; x_wconf 81' lang='lat' dir='ltr'>canonicos</span> <span class='ocrx_word' id='word_1_381' title='bbox 1078 2700 1379 2752; x_wconf 85' lang='lat' dir='ltr'>Lugdunenses,</span> <span class='ocrx_word' id='word_1_382' title='bbox 1401 2712 1568 2749; x_wconf 83' lang='lat' dir='ltr'>constet,</span> <span class='ocrx_word' id='word_1_383' title='bbox 1594 2713 1685 2740; x_wconf 86' lang='lat' dir='ltr'>tnnc</span> <span class='ocrx_word' id='word_1_384' title='bbox 1708 2705 1893 2752; x_wconf 84' lang='lat' dir='ltr'>temporis</span> <span class='ocrx_word' id='word_1_385' title='bbox 1914 2703 1954 2739; x_wconf 87' lang='lat' dir='ltr'>B.</span> <span class='ocrx_word' id='word_1_386' title='bbox 1979 2703 2114 2740; x_wconf 63' lang='lat' dir='ltr'>Maria*</span> <span class='ocrx_word' id='word_1_387' title='bbox 2135 2701 2253 2740; x_wconf 71' lang='lat' dir='ltr'>Nati-</span> 
     </span>
     <span class='ocr_line' id='line_1_51' title="bbox 194 2765 2246 2817; baseline -0.001 -12"><span class='ocrx_word' id='word_1_388' title='bbox 194 2768 353 2806; x_wconf 84' lang='lat' dir='ltr'>vitatem</span> <span class='ocrx_word' id='word_1_389' title='bbox 374 2767 490 2806; x_wconf 89' lang='lat' dir='ltr'>suisse</span> <span class='ocrx_word' id='word_1_390' title='bbox 515 2766 753 2813; x_wconf 86' lang='lat' dir='ltr'>solemnem;</span> <span class='ocrx_word' id='word_1_391' title='bbox 776 2767 856 2803; x_wconf 86' lang='lat' dir='ltr'>imo</span> <span class='ocrx_word' id='word_1_392' title='bbox 877 2767 956 2817; x_wconf 85' lang='lat' dir='ltr'>ipse</span> <span class='ocrx_word' id='word_1_393' title='bbox 983 2765 1169 2803; x_wconf 55' lang='lat' dir='ltr'>nicolaus</span> <span class='ocrx_word' id='word_1_394' title='bbox 1196 2780 1268 2817; x_wconf 85' lang='lat' dir='ltr'>pro</span> <span class='ocrx_word' id='word_1_395' title='bbox 1293 2781 1338 2804; x_wconf 84' lang='lat' dir='ltr'>ea</span> <span class='ocrx_word' id='word_1_396' title='bbox 1363 2780 1587 2804; x_wconf 87' lang='lat' dir='ltr'>sermonem</span> <span class='ocrx_word' id='word_1_397' title='bbox 1604 2766 1761 2805; x_wconf 86' lang='lat' dir='ltr'>habeat.</span> <span class='ocrx_word' id='word_1_398' title='bbox 1781 2766 1864 2805; x_wconf 75' lang='lat' dir='ltr'>Nisi</span> <span class='ocrx_word' id='word_1_399' title='bbox 1889 2767 1986 2805; x_wconf 85' lang='lat' dir='ltr'>forte</span> <span class='ocrx_word' id='word_1_400' title='bbox 2013 2768 2101 2817; x_wconf 88' lang='lat' dir='ltr'>quis</span> <span class='ocrx_word' id='word_1_401' title='bbox 2120 2766 2221 2804; x_wconf 78' lang='lat' dir='ltr'>dicat</span> <span class='ocrx_word' id='word_1_402' title='bbox 2237 2796 2246 2813; x_wconf 93' lang='lat'>,</span> 
     </span>
     <span class='ocr_line' id='line_1_52' title="bbox 194 2830 1641 2883; baseline -0.002 -12"><span class='ocrx_word' id='word_1_403' title='bbox 194 2831 295 2871; x_wconf 91' lang='lat' dir='ltr'>illud</span> <span class='ocrx_word' id='word_1_404' title='bbox 317 2833 366 2871; x_wconf 85' lang='lat' dir='ltr'>de</span> <span class='ocrx_word' id='word_1_405' title='bbox 388 2832 596 2871; x_wconf 83' lang='lat' dir='ltr'>universali</span> <span class='ocrx_word' id='word_1_406' title='bbox 617 2841 656 2870; x_wconf 83' lang='lat' dir='ltr'>et</span> <span class='ocrx_word' id='word_1_407' title='bbox 673 2833 885 2883; x_wconf 83' lang='lat' dir='ltr'>antiquiori</span> <span class='ocrx_word' id='word_1_408' title='bbox 910 2845 1018 2870; x_wconf 85' lang='lat' dir='ltr'>more</span> <span class='ocrx_word' id='word_1_409' title='bbox 1037 2846 1105 2870; x_wconf 87' lang='lat' dir='ltr'>seu</span> <span class='ocrx_word' id='word_1_410' title='bbox 1127 2833 1206 2871; x_wconf 88' lang='lat' dir='ltr'>ritu</span> <span class='ocrx_word' id='word_1_411' title='bbox 1226 2830 1525 2883; x_wconf 84' lang='lat' dir='ltr'>intelligendum</span> <span class='ocrx_word' id='word_1_412' title='bbox 1548 2845 1641 2870; x_wconf 86' lang='lat' dir='ltr'>esse.</span> 
     </span>
    </p>
   </div>
   <div class='ocr_carea' id='block_1_14' title="bbox 825 2977 1626 3001">
    <p class='ocr_par' dir='ltr' id='par_1_14' title="bbox 825 2977 1626 3001">
     <span class='ocr_line' id='line_1_53' title="bbox 825 2977 1626 3001; baseline -0.007 0"><span class='ocrx_word' id='word_1_413' title='bbox 825 2977 1583 3001; x_wconf 36' lang='lat' dir='ltr'>*affl—‘-</span> <span class='ocrx_word' id='word_1_414' title='bbox 1598 2985 1626 2990; x_wconf 90' lang='lat'><strong>—</strong></span> 
     </span>
    </p>
   </div>
   <div class='ocr_carea' id='block_1_15' title="bbox 195 3113 2252 3285">
    <p class='ocr_par' dir='ltr' id='par_1_15' title="bbox 195 3113 2252 3285">
     <span class='ocr_line' id='line_1_54' title="bbox 252 3113 2247 3166; baseline -0.005 -9"><span class='ocrx_word' id='word_1_415' title='bbox 252 3121 282 3157; x_wconf 90' lang='lat' dir='ltr'>l.</span> <span class='ocrx_word' id='word_1_416' title='bbox 303 3120 447 3164; x_wconf 87' lang='lat' dir='ltr'>Hodie,</span> <span class='ocrx_word' id='word_1_417' title='bbox 475 3119 729 3164; x_wconf 86' lang='lat' dir='ltr'>dilectissimi,</span> <span class='ocrx_word' id='word_1_418' title='bbox 752 3118 831 3155; x_wconf 86' lang='lat' dir='ltr'>dics</span> <span class='ocrx_word' id='word_1_419' title='bbox 855 3118 964 3155; x_wconf 88' lang='lat' dir='ltr'>nobis</span> <span class='ocrx_word' id='word_1_420' title='bbox 987 3118 1110 3154; x_wconf 77' lang='lat' dir='ltr'>illuxit</span> <span class='ocrx_word' id='word_1_421' title='bbox 1126 3118 1186 3154; x_wconf 91' lang='lat' dir='ltr'>in—</span> <span class='ocrx_word' id='word_1_422' title='bbox 1207 3120 1233 3155; x_wconf 90' lang='lat' dir='ltr'>C</span> <span class='ocrx_word' id='word_1_423' title='bbox 1253 3116 1406 3166; x_wconf 83' lang='lat' dir='ltr'>quidem</span> <span class='ocrx_word' id='word_1_424' title='bbox 1431 3116 1490 3153; x_wconf 84' lang='lat' dir='ltr'>die</span> <span class='ocrx_word' id='word_1_425' title='bbox 1518 3124 1626 3152; x_wconf 84' lang='lat' dir='ltr'>natus</span> <span class='ocrx_word' id='word_1_426' title='bbox 1652 3123 1706 3151; x_wconf 79' lang='lat' dir='ltr'>cst</span> <span class='ocrx_word' id='word_1_427' title='bbox 1727 3123 1942 3151; x_wconf 81' lang='lat' dir='ltr'>sanctorum</span> <span class='ocrx_word' id='word_1_428' title='bbox 1967 3114 2145 3164; x_wconf 79' lang='lat' dir='ltr'>splendor</span> <span class='ocrx_word' id='word_1_429' title='bbox 2161 3143 2168 3152; x_wconf 83' lang='grc'><em>,</em></span> <span class='ocrx_word' id='word_1_430' title='bbox 2189 3113 2247 3161; x_wconf 79' lang='lat' dir='ltr'>ju-</span> 
     </span>
     <span class='ocr_line' id='line_1_55' title="bbox 195 3175 2250 3229; baseline -0.004 -13"><span class='ocrx_word' id='word_1_431' title='bbox 195 3181 330 3229; x_wconf 73' lang='lat' dir='ltr'>signis,</span> <span class='ocrx_word' id='word_1_432' title='bbox 352 3189 388 3215; x_wconf 90' lang='lat' dir='ltr'>et</span> <span class='ocrx_word' id='word_1_433' title='bbox 406 3188 508 3216; x_wconf 85' lang='lat' dir='ltr'>tanto</span> <span class='ocrx_word' id='word_1_434' title='bbox 529 3179 661 3215; x_wconf 83' lang='lat' dir='ltr'>dicbus</span> <span class='ocrx_word' id='word_1_435' title='bbox 678 3180 822 3215; x_wconf 69' lang='lat' dir='ltr'>ccctcris</span> <span class='ocrx_word' id='word_1_436' title='bbox 838 3179 1004 3215; x_wconf 78' lang='lat' dir='ltr'>sanctior</span> <span class='ocrx_word' id='word_1_437' title='bbox 1018 3207 1026 3221; x_wconf 88' lang='lat'>,</span> <span class='ocrx_word' id='word_1_438' title='bbox 1049 3186 1190 3226; x_wconf 79' lang='lat' dir='ltr'>quanto</span> <span class='ocrx_word' id='word_1_439' title='bbox 1257 3186 1402 3213; x_wconf 80' lang='lat' dir='ltr'>storum</span> <span class='ocrx_word' id='word_1_440' title='bbox 1425 3177 1561 3225; x_wconf 73' lang='lat' dir='ltr'>gloria,</span> <span class='ocrx_word' id='word_1_441' title='bbox 1581 3176 1706 3212; x_wconf 68' lang='lat' dir='ltr'>la‘titia</span> <span class='ocrx_word' id='word_1_442' title='bbox 1730 3176 1959 3223; x_wconf 66' lang='lat' dir='ltr'>Angelorum</span> <span class='ocrx_word' id='word_1_443' title='bbox 1976 3203 1984 3214; x_wconf 78' lang='grc'>,</span> <span class='ocrx_word' id='word_1_444' title='bbox 2011 3175 2250 3210; x_wconf 61' lang='lat' dir='ltr'>cxci-llcntis-</span> 
     </span>
     <span class='ocr_line' id='line_1_56' title="bbox 196 3233 2252 3285; baseline -0.003 -10"><span class='ocrx_word' id='word_1_445' title='bbox 196 3240 422 3277; x_wconf 76' lang='lat' dir='ltr'>sanctiorem</span> <span class='ocrx_word' id='word_1_446' title='bbox 448 3239 639 3275; x_wconf 80' lang='lat' dir='ltr'>hominem</span> <span class='ocrx_word' id='word_1_447' title='bbox 669 3238 777 3274; x_wconf 83' lang='lat' dir='ltr'>terris</span> <span class='ocrx_word' id='word_1_448' title='bbox 803 3238 949 3274; x_wconf 72' lang='lat' dir='ltr'>el&#39;l&#39;ndit.</span> <span class='ocrx_word' id='word_1_449' title='bbox 973 3242 1012 3274; x_wconf 90' lang='lat' dir='ltr'>ln</span> <span class='ocrx_word' id='word_1_450' title='bbox 1042 3237 1110 3273; x_wconf 72' lang='lat' dir='ltr'>hac</span> <span class='ocrx_word' id='word_1_451' title='bbox 1139 3236 1189 3272; x_wconf 88' lang='lat' dir='ltr'>si-</span> <span class='ocrx_word' id='word_1_452' title='bbox 1257 3237 1372 3273; x_wconf 76' lang='lat' dir='ltr'>simus</span> <span class='ocrx_word' id='word_1_453' title='bbox 1411 3237 1550 3280; x_wconf 83' lang='lat' dir='ltr'>homo,</span> <span class='ocrx_word' id='word_1_454' title='bbox 1589 3235 1891 3285; x_wconf 74' lang='lat' dir='ltr'>consanguineus</span> <span class='ocrx_word' id='word_1_455' title='bbox 1921 3234 2078 3278; x_wconf 60' lang='lat' dir='ltr'>clu-isti,</span> <span class='ocrx_word' id='word_1_456' title='bbox 2110 3233 2252 3269; x_wconf 59' lang='lat' dir='ltr'>amicus</span> 
     </span>
    </p>
   </div>
   <div class='ocr_carea' id='block_1_16' title="bbox 248 3365 513 3403">
    <p class='ocr_par' dir='ltr' id='par_1_16' title="bbox 248 3365 513 3403">
     <span class='ocr_line' id='line_1_57' title="bbox 248 3365 513 3403; baseline -0.008 -5"><span class='ocrx_word' id='word_1_457' title='bbox 248 3373 255 3388; x_wconf 89' lang='lat'><strong>¹</strong></span> <span class='ocrx_word' id='word_1_458' title='bbox 276 3370 288 3398; x_wconf 91' lang='lat'>1</span> <span class='ocrx_word' id='word_1_459' title='bbox 305 3365 414 3398; x_wconf 74' lang='lat' dir='ltr'>Thess.</span> <span class='ocrx_word' id='word_1_460' title='bbox 433 3377 464 3403; x_wconf 90' lang='lat' dir='ltr'>v,</span> <span class='ocrx_word' id='word_1_461' title='bbox 484 3369 513 3396; x_wconf 87' lang='lat'>2.</span> 
     </span>
    </p>
   </div>
  </div>
 </body>
</html>
