2504 3928
348 208 440 242 1155

345 292 526 318 terrarum
550 281 706 329 dispcrsi
721 309 729 323 ,
752 279 890 328 ubique
910 280 1095 316 Christum
1116 282 1326 327 offenditis,

1096 207 1307 242 AELREDI
1336 209 1617 242 TRACTATtrs

1337 282 1384 298 ³8¹1

2282 213 2377 250 1156

1395 283 1506 318 salem
1531 283 1713 318 Dominus
1727 286 1835 319 Jesus
1847 312 1856 328 ,
1873 283 2070 321 abscondit
2085 298 2124 322 se
2144 299 2163 322 a
2182 296 2377 325 matresua

344 351 378 376 ct
407 341 528 376 adhuc
554 340 744 388 quaeritis'?
763 338 910 387 [Ibique
928 339 1024 376 iuter
1047 349 1176 390 gentes
1196 342 1230 377 iu
1256 343 1325 378 lau-
1350 347 1377 379 A
1396 344 1610 389 synagoga,
1633 349 1670 376 et
1698 341 1874 377 fratribus
1900 342 1975 378 suis
1996 343 2153 388 Jndaeis,
2177 348 2377 394 apostolica

344 400 454 435 «libus
480 399 614 436 Christi
636 407 800 434 vestrum
827 403 945 436 Anien
977 408 1146 446 resonat,
1165 410 1327 436 vestrum

347 458 501 495 Alli-luia
523 465 708 501 cantatur,
728 466 891 493 vestrum
915 461 1089 495 Hosanna
1106 460 1271 503 resultat,
1292 468 1328 495 et

344 517 466 552 adhuc
500 516 752 565 qumi-iiis?1n
785 517 862 552 sole
892 517 1019 566 posuit
1048 517 1328 554 tabernaculum

347 588 473 619 suuni,
499 588 566 610 nec
589 583 642 610 cst
660 575 724 623 qui
750 588 788 610 sc
807 574 1013 612 abscondat
1031 589 1052 612 a
1071 577 1193 612 calore
1213 575 1329 624 cjus¹,

346 643 380 670 ct
399 634 520 670 adhuc
540 634 729 682 quau-itis?
746 634 919 681 Quaeritis
939 648 1023 670 eum
1045 636 1141 671 inter
1155 644 1332 683 cognatos

344 704 379 730 et
401 703 521 730 notos.
540 694 712 741 Quaeritis
730 707 814 730 eum
836 694 934 743 apud
959 695 1089 731 Isaiam
1105 709 1114 739 ;
1134 695 1196 731 sed
1211 723 1220 739 ,
1239 695 1330 730 sicut

345 755 423 803 ipse
443 754 514 797 ait,
538 755 707 800 ngtmvi!
723 753 783 788 bos
797 767 1040 800 possessorem
1057 767 1162 789 saum
1176 782 1185 797 ,
1209 763 1242 788 et
1255 759 1333 788 asi-

345 825 411 846 nus
427 824 600 859 proesept·
619 813 760 846 domim·
779 816 835 846 sui
855 825 864 844 :
884 814 1002 846 Israel
1023 821 1144 846 autem
1172 825 1243 846 non
1267 825 1329 845 eo—

342 876 465 917 gnovM
489 884 569 912 me·;
580 872 742 918 populus
773 884 873 905 meus
899 884 970 905 non
991 874 1177 906 intellexit
1190 876 1200 891 ²
1220 886 1228 907 ε
1248 870 1331 906 idco

347 943 422 965 non
442 929 628 965 invenitis.
647 929 822 975 Quaeritis
841 941 926 964 eum
948 928 1048 977 apud
1067 937 1236 965 sanctum
1255 932 1329 964 Da-

344 989 427 1032 vid,
448 987 512 1024 scd
541 997 577 1024 et
605 987 809 1023 secundum
840 988 985 1037 ipsum,
1004 988 1096 1024 sacta
1124 996 1180 1024 est
1206 1001 1331 1023 mensa

1396 400 1463 435 l'uit
1484 399 1519 434 in
1545 398 1730 435 Gentibus
1750 399 1985 448 praedicatio,
2008 401 2102 438 sicut
2125 403 2215 452 ipsis
2243 405 2380 441 suda-is

1397 458 1529 494 l‘aulus
1558 458 1724 506 loquitur
1750 471 1757 492 :
1793 460 1892 504 Quia
1921 461 2094 508 indignos
2118 475 2181 497 vos
2199 465 2380 508 judicalis

1397 527 1553 552 ‹rtet-nce
1589 521 1703 559 view,
1737 530 1818 551 ecce
1853 521 2091 553 convertimur
2124 522 2178 554 ad
2207 522 2340 556 Gentes
2351 520 2378 556 ⁶.

1396 581 1500 612 Tunc
1520 576 1659 625 quippe
1681 575 1888 613 tenebrosis
1903 577 2105 614 Gentilium
2121 570 2299 616 c'ordibus
2318 581 2381 616 lux

1397 636 1555 671 ‹wi-lestis
1576 635 1739 679 infulsit,
1763 635 1992 684 decussaque
2019 637 2186 686 pristinae
2215 638 2380 674 inlidcli—

1400 695 1482 730 tatis
1516 702 1615 729 terra
1645 693 1821 742 caligine,
1858 694 2035 743 splendor
2073 695 2158 731 lidei
2194 695 2383 732 mentibus

1398 752 1629 801 perditorum
1658 751 1782 788 radios
1811 765 1887 788 suae
1918 753 2093 790 claritatis
2124 754 2279 791 invexit.
2311 755 2381 791 Sed

1397 811 1508 859 hujus
1531 811 1600 846 dici
1617 810 1932 859 jucundissimum
1952 813 2076 849 lumen
2095 826 2168 850 nox
2186 813 2277 850 dirae
2297 828 2383 864 per—

1397 871 1599 907 secutionis
1633 870 1855 920 interpolat,
1885 872 2037 920 quando
2068 873 2308 910 saevientibus
2344 875 2381 909 in

1396 930 1626 966 Christianos
1645 930 1774 965 mundi
1795 930 2047 979 principibus,
2069 944 2217 976 cruces,
2239 931 2383 975 bestiae,

1397 989 1563 1038 equulei,
1594 989 1795 1038 ferreaeque
1827 1003 1976 1036 manus,
2006 991 2130 1040 ignitae
2158 991 2382 1041 sartagines,

347 1056 468 1083 vestra
492 1060 617 1083 coram
646 1045 754 1082 vobis
775 1047 811 1082 in
837 1047 1010 1095 laqueum
1031 1060 1038 1081 :
1056 1045 1142 1082 ideo
1170 1059 1243 1082 non
1271 1047 1330 1081 in-
1353 1051 1378 1083 Β
1397 1058 1432 1085 et
1445 1048 1620 1085 ardentes
1637 1049 1852 1093 laminae‚et
1868 1050 1966 1086 mille
1986 1057 2260 1086 tormentorum
2277 1063 2384 1099 gene-

348 1106 495 1142 venitis.
529 1106 728 1143 Obscurati
760 1114 847 1141 sunt
880 1107 978 1142 enim
1011 1106 1110 1142 oculi
1137 1106 1251 1141 vestri
1287 1117 1333 1140 nc

346 1166 518 1211 videant,
533 1174 569 1201 ct
588 1165 696 1201 dorsa
718 1173 839 1201 vestra
860 1162 1140 1201 incurvantur?
1162 1164 1334 1212 Quaeritis

346 1239 431 1261 eum
446 1225 546 1274 apud
560 1229 578 1262 J
584 1226 778 1270 eremiam3
794 1225 857 1262 sed
868 1254 877 1271 ,
895 1226 976 1275 ipso
993 1234 1085 1261 teste
1098 1254 1107 1270 ,
1122 1226 1334 1260 Semi-dotes

346 1291 520 1333 ignorant
549 1287 681 1331 Iegem,
702 1289 870 1319 uest-lunt
897 1284 1230 1329 21i1lc’letc’121⁴,i(leo
1257 1297 1333 1319 non

345 1343 532 1379 invenitis.
551 1343 723 1389 Quaeritis
739 1342 839 1391 apud
858 1345 1032 1390 Moysen3
1049 1342 1111 1377 sed
1130 1355 1248 1390 usque
1265 1342 1334 1377 ho-

346 1400 405 1437 die
426 1414 510 1437 cum
531 1401 690 1449 legeritis
712 1404 886 1448 Moysen,
904 1401 1075 1436 velamen
1096 1400 1259 1450 positum
1280 1408 1334 1435 est

346 1473 460 1509 super
479 1473 544 1495 cor
558 1468 721 1496 vestrum
741 1474 748 1495 :
764 1459 849 1495 ideo
865 1472 941 1495 non
959 1459 1147 1495 invenitis.

403 1520 460 1555 15.
489 1520 678 1554 Revertere
704 1518 829 1566 itaque
845 1546 854 1564 ,
883 1527 1076 1562 revertere,
1109 1520 1332 1563 Sunamitis,

348 1586 535 1614 revertere
555 1578 592 1614 in
614 1578 821 1614 Jerusalem
837 1606 846 1623 ,
871 1585 907 1613 et
926 1578 1107 1614 invenies.
1133 1578 1335 1614 Nuntiatur

345 1645 444 1673 certe
457 1640 545 1673 Jesu
561 1636 664 1685 quod
685 1640 802 1673 Mater
817 1636 912 1685 ejus,
928 1645 965 1672 et
986 1637 1117 1673 fratres
1134 1636 1222 1672 soris
1238 1645 1336 1673 stent

345 1703 554 1743 quaerentes
572 1708 658 1732 eum
682 1709 690 1730 τ
718 1695 904 1744 numquid
932 1695 1146 1744 egreditur?
1165 1699 1240 1732 Vos
1267 1709 1335 1745 po-

346 1756 418 1792 tius
437 1755 696 1805 ingredimini,
714 1763 751 1791 et
768 1755 979 1791 invenietis.
997 1756 1048 1790 Et
1068 1756 1333 1803 regredientes,

1400 1121 1438 1144 ra
1459 1109 1493 1144 in
1515 1121 1644 1144 eorum
1665 1109 1820 1144 exitium
1843 1117 2102 1158 praeparantur
2125 1123 2132 1144 :
2156 1121 2240 1158 quae
2258 1110 2384 1145 onmia

1400 1168 1483 1204 licet
1507 1167 1804 1204 Christianorum
1826 1180 1912 1216 pars
1939 1168 2098 1204 maxima
2128 1167 2213 1204 fidei
2245 1167 2384 1204 virtute

1399 1227 1564 1270 vicisset,
1590 1239 1665 1262 non
1688 1226 1834 1263 modica
1855 1234 1979 1262 tamen
2001 1226 2202 1262 multitudo
2227 1227 2383 1262 tortori—

1398 1283 1469 1320 bus
1482 1284 1637 1328 cedens,
1655 1285 1795 1320 luctum
1815 1284 2063 1321 miserabilem
2082 1285 2219 1322 sanctis
2238 1284 2384 1321 indixit.

1399 1345 1553 1378 Secutus
1574 1351 1629 1378 est
1651 1343 1748 1379 hanc
1769 1352 1915 1379 noctem
1938 1344 2039 1389 dies,
2066 1344 2204 1380 divinae
2230 1345 2384 1380 misera—

1400 1400 1512 1436 tionis
1532 1401 1613 1436 luce
1632 1401 1878 1445 clarissimus,
1901 1401 2053 1450 quando
2081 1401 2228 1451 regibus
2256 1402 2385 1438 mundi

1399 1458 1446 1494 ad
1482 1458 1668 1495 Christum
1700 1459 1912 1503 conversis,
1944 1459 2218 1496 subvertuntur
2250 1462 2387 1509 templa

1399 1518 1673 1564 Gentilium,et
1694 1517 1849 1554 delubra
1878 1518 2091 1554 daemonum
2113 1519 2148 1555 in
2178 1527 2386 1567 martyrum

1401 1578 1600 1613 memorias
1617 1585 1898 1621 consecrantur,
1914 1577 2092 1626 paulatim
2113 1578 2268 1614 veritate
2288 1591 2388 1615 mor-

1401 1636 1528 1672 talium
1556 1635 1771 1686 pectoribus
1792 1635 1992 1681 illabente,
2014 1648 2089 1672 nox
2109 1636 2274 1685 perfidiae
2294 1649 2387 1673 con-

1402 1695 1480 1731 fusa
1503 1695 1710 1744 repellitur.
1735 1695 1807 1732 Sed
1836 1695 1935 1731 hunc
1965 1695 2099 1731 iterum
2129 1695 2388 1744 splendidissi-

1401 1767 1501 1790 mum
1516 1753 1613 1790 diem
1630 1753 1765 1790 nebula
1783 1753 1992 1790 haercsiacae
2008 1754 2203 1803 pravitatis
2216 1753 2361 1790 obtexit
2378 1769 2386 1789 ;

345 1816 488 1864 inquit,
518 1820 732 1850 invenerunt
758 1829 839 1850 eum
861 1825 948 1863 post
971 1817 1134 1851 triduum
1169 1820 1207 1850 in
1240 1824 1334 1850 tem·
1356 1813 1383 1848 C
1403 1813 1522 1849 donec
1546 1812 1673 1849 labore
1695 1813 1892 1849 doctorum
1918 1826 2026 1849 error
2045 1812 2252 1862 productus
2270 1812 2307 1848 in
2329 1812 2389 1848 lu-

340 1878 417 1922 plo.
434 1876 470 1913 Si
489 1875 599 1911 fuerit
615 1887 794 1911 numerus
809 1875 971 1911 filiorum
986 1875 1097 1911 Israel
1115 1875 1211 1911 sicut
1226 1887 1338 1910 arena

347 1935 472 1978 maris,
491 1934 658 1982 reliquiae
675 1942 957 1978 convertentur,
972 1933 1157 1982 reliquiae,
1170 1934 1337 1981 inquam,

346 1992 463 2036 Jacob
494 1992 538 2028 ad
569 1996 686 2029 Deum
713 1993 860 2028 fortem.
883 1992 1069 2039 Quando?
1088 1992 1228 2041 Utique
1253 2000 1338 2041 post

349 2052 528 2088 triduum.
541 2055 572 2089 Ο
588 2060 736 2100 tempus
749 2051 995 2088 desiderabile
1007 2081 1016 2098 ,
1028 2052 1181 2101 quando
1196 2064 1338 2099 cogno-

347 2120 423 2147 scet
439 2112 551 2147 Israel
572 2114 693 2147 Deum
715 2123 838 2156 suum,
852 2120 888 2147 et
902 2111 1054 2160 pavebit
1072 2111 1118 2147 ad
1140 2111 1260 2148 David
1284 2123 1339 2146 re-

347 2183 428 2218 gem
445 2170 594 2215 511111115,
611 2170 763 2219 quando
780 2179 938 2219 utraque
953 2183 1044 2219 gens
1064 2170 1172 2206 faciet
1192 2169 1262 2206 sibi
1283 2183 1340 2206 ca-

347 2239 414 2280 put
440 2243 576 2275 unum,
592 2239 627 2267 et
647 2230 849 2267 ascendent
865 2230 911 2267 de
935 2232 1060 2267 terra?
1083 2230 1244 2278 Quando
1269 2229 1340 2266 hoc

347 2291 436 2335 crit,
452 2293 539 2326 Jesu
554 2289 676 2326 bone?
691 2289 844 2338 quando
862 2290 1036 2339 respicies
1055 2301 1205 2325 carnem
1222 2297 1339 2333 tuam,

348 2349 573 2384 domesticos
601 2348 791 2396 sanguinis
825 2349 899 2392 tui,
930 2361 1013 2384 cum
1044 2338 1155 2384 nemo
1187 2359 1336 2383 carnem

348 2420 451 2443 suam
465 2407 552 2443 odio
563 2406 720 2443 habeat?
732 2410 886 2455 Frange,
901 2407 1074 2451 Domine,
1087 2405 1338 2443 esurientibus

350 2477 484 2514 panem
508 2472 632 2508 tuum,
652 2472 690 2499 et
709 2476 848 2511 egenos
871 2476 1061 2513 vagosque
1082 2463 1196 2499 induc
1216 2463 1252 2498 in
1275 2462 1339 2498 ‹lo-

353 2536 453 2559 mum
476 2531 588 2558 tuam.
602 2521 788 2569 Quamdiu
805 2521 916 2557 miser
928 2522 1016 2558 Cain
1031 2534 1147 2570 vagus
1162 2530 1197 2556 et
1212 2521 1340 2570 profu-

1403 1885 1505 1916 cem,
1540 1871 1835 1909 Christianorum
1867 1871 1979 1907 corda
2007 1871 2190 1916 deseruit3
2215 1879 2253 1907 et
2280 1871 2318 1907 in
2345 1883 2388 1906 ea

1399 1931 1476 1980 jam
1501 1931 1593 1968 fides
1612 1931 1676 1968 diu
1696 1931 1925 1975 examinata,
1947 1938 1983 1966 et
2005 1930 2130 1966 multis
2152 1929 2311 1979 probata
2330 1942 2391 1965 ra-

1405 1990 1587 2035 tionibus,
1612 1991 1728 2027 solem
1746 1989 1900 2038 justitiae
1919 1989 2144 2039 periclitanti
2164 1988 2306 2025 mundo
2328 2000 2390 2024 re-

1403 2050 1515 2086 vexit.
1539 2053 1585 2086 Et
1606 2062 1691 2086 ecce
1712 2062 1810 2085 nunc
1835 2048 2131 2097 advesperascit,
2152 2056 2189 2084 et
2215 2047 2390 2083 inclinata

1403 2117 1459 2146 est
1476 2108 1554 2157 jam
1577 2108 1668 2145 dies.
1693 2110 1724 2145 Ο
1747 2116 1913 2157 tempora
1934 2107 2161 2156 periculosa!
2183 2110 2265 2144 Jam
2294 2106 2391 2142 tertii

1404 2168 1476 2205 diei
1497 2168 1617 2204 lucem
1639 2167 1818 2204 falsorum
1839 2166 2135 2203 Christianorum
2153 2165 2296 2215 perdita
2315 2164 2391 2200 vita

1406 2227 1594 2271 recondit,
1618 2235 1655 2263 et
1679 2235 1825 2262 noctem
1846 2225 2167 2275 superabundanti
2195 2225 2393 2273 iniquitate

1405 2286 1646 2334 caligantem,
1663 2285 1868 2321 senescenti
1881 2284 1958 2332 jam
1976 2283 2118 2320 mundo
2132 2283 2310 2320 refundit.
2326 2286 2392 2321 Su-

1405 2343 1641 2393 per-abundat
1659 2343 1758 2379 enim
1780 2344 1973 2391 iniquitas,
1994 2350 2030 2379 et
2051 2343 2256 2391 refrigescit
2275 2342 2392 2378 chari-

1406 2412 1470 2439 tas.
1489 2406 1758 2451 Exspectamus
1774 2402 1892 2447 diem,
1904 2416 1976 2451 qua
1996 2401 2221 2451 praedicante
2236 2401 2392 2437 Henoch

1404 2469 1441 2497 et
1470 2461 1567 2504 Elia,
1588 2464 1714 2496 ,Iesum
1743 2460 1909 2496 inveniat
1932 2468 2050 2496 mater
2069 2459 2150 2508 ejus
2172 2463 2390 2509 Synagoga,

1405 2519 1567 2567 ingressa
1590 2518 1767 2554 nimirum
1797 2519 1996 2567 templum,
2027 2517 2063 2554 id
2087 2526 2142 2554 est
2161 2518 2360 2554 Ecclesiam
2382 2531 2388 2551 :

352 2595 419 2629 gns
451 2581 521 2617 erit
545 2593 658 2629 super
688 2588 823 2616 terram
855 2588 979 2624 tuam3
1011 2593 1095 2629 quae
1123 2580 1269 2629 aperuit
1297 2592 1339 2615 os
1356 2586 1387 2619 D
1405 2579 1443 2615 in
1461 2591 1535 2627 qua
1552 2579 1649 2614 inter
1664 2578 1829 2614 seniores
1846 2587 1883 2614 ct
1899 2577 2073 2613 doctores
2093 2576 2238 2613 medius
2258 2575 2395 2612 residet

354 2652 482 2683 suum,
513 2647 549 2674 et
575 2638 736 2687 suscepit
765 2639 983 2686 sanguinem
1010 2647 1134 2683 tuum,
1163 2651 1186 2672 o
1213 2646 1340 2673 noster

355 2698 468 2742 Abel,
484 2698 529 2733 dc
547 2709 658 2733 manu
676 2695 778 2744 ejus?
798 2699 931 2732 Nonne
951 2696 1073 2733 adhuc
1094 2695 1287 2732 reddidisti
1307 2696 1339 2732 ei

353 2757 567 2806 septuplum
599 2755 635 2791 in
666 2755 787 2791 sinum
817 2754 918 2802 ejus,
942 2768 1027 2791 cum
1054 2754 1195 2804 ubique
1221 2754 1342 2803 major

353 2815 490 2851 serviat
508 2814 661 2858 minori;
680 2827 762 2849 cum
780 2812 919 2862 ubique
935 2813 982 2850 sit
996 2813 1130 2862 jugum
1145 2825 1319 2862 premens
1331 2841 1340 2857 ,

353 2883 388 2909 ct
401 2873 544 2922 gladius
559 2881 702 2908 terrens
713 2887 722 2916 ;
735 2885 803 2907 nec
819 2871 866 2908 sit
879 2871 942 2920 qui
955 2871 1127 2917 redimat,
1142 2883 1263 2918 neque
1276 2870 1341 2919 qui

355 2933 496 2968 salvum
523 2931 656 2967 saciat?
676 2931 759 2966 Scio
775 2930 862 2978 quia
885 2929 1032 2966 tandem
1057 2937 1340 2973 convertentur,

354 3000 390 3026 ‹—t
412 2992 545 3027 samem
566 2990 758 3039 patientur
780 2997 820 3024 ut
839 3002 968 3033 canes,
984 2988 1048 3025 sed
1066 2988 1113 3025 ad
1134 3001 1342 3038 vesperam.

356 3054 442 3086 Post
470 3049 632 3085 triduum
653 3048 751 3084 enim
776 3048 1004 3084 invenerunt
1020 3060 1105 3083 eum
1126 3047 1162 3083 in
1189 3047 1341 3096 templo.

412 3111 467 3145 16.
491 3109 611 3145 Prima
633 3107 730 3152 dies,
747 3120 819 3156 qua
836 3108 1024 3157 ingressus
1044 3115 1211 3144 nostram
1233 3111 1343 3144 Jeru-

1406 2637 1589 2674 mediator
1608 2637 1677 2672 Dei
1699 2645 1735 2673 et
1754 2637 1972 2681 hominum,
1993 2636 2109 2673 homo
2137 2635 2308 2673 Christus
2328 2638 2393 2672 Je-

1406 2708 1467 2732 sus
1479 2724 1489 2741 ,
1504 2696 1540 2732 in
1558 2695 1724 2744 parvulis
1740 2694 1914 2740 audiens,
1930 2696 1967 2731 in
1984 2694 2282 2732 adolescentibus
2296 2706 2394 2742 quae-

1407 2767 1512 2798 rens,
1536 2755 1573 2790 in
1595 2753 1807 2791 senioribus
1822 2754 1975 2791 docens.

1465 2814 1524 2850 17.
1546 2817 1650 2850 Tunc
1677 2826 1753 2849 vox
1784 2813 1918 2850 laetitiae
1946 2822 1982 2849 et
2003 2812 2264 2850 exsultationis
2284 2812 2321 2847 in
2341 2819 2393 2846 ta—

1407 2871 1620 2908 bernaculis
1639 2871 1755 2909 Jacob
1774 2872 2011 2922 personabit,
2035 2872 2188 2922 quando
2208 2871 2353 2919 agnitus
2374 2879 2394 2903 a

1409 2930 1586 2967 fratribus
1599 2943 1711 2967 verus
1726 2931 1864 2980 Joseph
1882 2932 2026 2981 populo
2039 2931 2253 2968 Judaeorum
2267 2927 2304 2963 in
2323 2927 2395 2962 linc

1409 2990 1562 3036 mundi,
1579 2990 1684 3038 quasi
1699 2990 1797 3039 patri
1815 2991 2018 3027 senescenti
2037 2990 2144 3026 vivus
2161 2985 2396 3023 nuntiabitur

1409 3062 1429 3085 a
1461 3048 1671 3085 dicentibus
1687 3077 1697 3093 ,
1723 3050 1862 3099 Joseph
1878 3050 1987 3095 filius
2012 3058 2093 3084 taus
2122 3047 2228 3088 vivit,
2254 3053 2288 3079 ee
2320 3048 2397 3090 ipsc

1409 3110 1625 3143 dominatur
1649 3113 1685 3142 in
1711 3117 1788 3144 tola
1815 3118 1910 3144 terra
1928 3111 2113 3155 AEg7pti7.
2140 3105 2231 3146 Fili,
2258 3101 2395 3150 inquit,

403 3242 506 3272 'l‘sal.
531 3243 797 3273 xvnu.l'1.7.—
815 3241 913 3271 ²1sai.
943 3253 950 3269 1
970 3265 976 3274 ,
995 3242 1024 3270 3.
1043 3257 1085 3263 -
1102 3238 1206 3270 3Psal.
1235 3250 1357 3275 mun,
1380 3243 1431 3270 24.
1451 3259 1493 3264 -
1517 3240 1530 3265 ⁴¹⁴
1554 3244 1667 3272 ,leri-ni.
1686 3251 1732 3276 ιι,
1755 3243 1783 3271 8.
1808 3257 1849 3262 --
1875 3239 1888 3262 ⁵
1904 3243 1984 3269 Osi-e
2009 3248 2066 3275 ιιι,
2086 3241 2114 3267 ἰ).
2134 3253 2176 3258 -
2197 3233 2212 3257 ⁶
2230 3237 2297 3265 Act.
2319 3244 2394 3269 ιιιιι,

357 3297 409 3324 lit).
426 3300 498 3323 -7
525 3296 604 3323 Ceu.
627 3304 702 3330 xiv,
729 3297 779 3323 20.
