2504 3928
378 184 472 220 1375,

376 264 393 297 1
399 263 524 296 ’omliis
538 269 571 294 c!
583 261 729 307 paudus
740 286 750 301 ,
768 272 940 294 'nemum
957 269 991 294 et
1010 274 1180 296 mensam
1189 289 1199 305 ‚
1221 271 1364 296 ulrum-

968 184 1030 218 DF.
1064 185 1255 220 VILLICO
1286 187 1602 231 INIQUITA'HS,
1635 188 1815 222 sERMo.

1375 259 1421 277 ⁸5⁰7

2317 191 2414 228 1370

1433 269 1533 310 ptem
1550 275 1701 310 quoque
1718 270 1805 297 sunt
1821 260 1920 298 bona
1938 262 2094 301 animae:
2112 265 2307 314 sapientia,
2326 268 2416 304 ami-

372 335 440 369 qm·
458 319 709 355 abominabile
730 321 899 366 cstapad
909 322 1026 355 Deum
1040 326 1062 355 ¹.
1078 324 1136 364 Et,
1160 324 1355 366 Quoecicm-
1380 325 1407 357 Α
1425 320 1510 356 citia
1523 349 1532 366 ,
1547 320 1768 366 eoncordia,
1789 321 1923 366 honor,
1943 323 2073 371 pietas,
2090 332 2268 372 potestas,
2280 325 2417 374 jucun-

373 393 441 426 (μιν
458 381 565 413 vultis
582 376 776 424 utfilcitmt
794 377 893 412 vobis
909 378 1074 413 homines
1085 406 1095 422 ,
1112 389 1150 414 et
1168 393 1233 414 vos
1241 378 1359 426 facite

374 441 445 473 illis
465 440 675 472 similia-1³.
707 439 749 472 Et
776 437 827 472 sic
858 436 1060 486 implebitis
1083 438 1183 486 quod
1217 442 1363 487 Moyses

374 497 422 532 ait
437 512 442 532 :
457 498 579 530 stactus
593 498 733 530 modius
745 501 791 531 sit
804 495 915 539 vobis,
929 510 1130 544 (equusque
1140 502 1322 533 sea-tarius
1334 497 1359 534 ³.

375 559 504 603 ltaque
525 568 612 591 cuin
630 554 763 590 debeat
785 554 849 590 tibi
867 554 1060 604 quidpiam
1079 556 1191 592 frater
1208 565 1361 601 tuus,.et

374 614 571 650 abstuleris
592 615 727 663 pignus
744 613 850 650 abeo
864 642 873 658 ,
894 623 980 650 aute
1001 615 1089 651 solis
1110 629 1281 651 occasum
1301 617 1360 665 pi-

374 686 468 721 gnus
496 673 686 708 restitue-⁸.
713 675 796 708 Nisi
815 673 1216 718 abundaveritjustitia
1238 684 1362 710 vestra

368 736 454 780 plus
465 747 576 780 quam
590 732 798 767 Scribarum
813 742 848 768 et
857 733 1130 768 Pharisaeorum
1143 762 1151 778 ,
1167 747 1239 768 mm
1252 737 1362 769 ἰηιήι-

375 792 456 827 bilis
473 797 510 826 in
533 806 683 839 reguum
699 795 872 828 coelorum
890 790 916 828 ⁵.
947 796 1117 840 Quorum
1141 793 1266 841 legalis
1283 802 1363 830 erat

368 850 535 899 justitia,
558 854 697 886 oculum
711 865 781 899 pro
803 854 924 897 oculo,
946 854 1092 888 (lentem
1111 867 1180 900 pro
1201 855 1309 888 diune
1323 852 1353 899 ὅ,

373 911 551 946 ultionem
575 923 643 959 pro
664 910 817 948 ultione.
836 911 952 947 Nobis
972 920 1095 948 autem
1115 911 1252 949 dicitur
1269 927 1277 948 z
1297 916 1362 948 Di-

374 973 474 1017 ligm-
501 973 668 1003 inimicos
698 978 859 1013 vesti-om
887 967 1094 1016 benefacite
1125 971 1178 1005 ln's
1204 975 1268 1017 qm'
1296 984 1361 1005 vos

375 1031 531 1063 oderant
548 1034 560 1057 7
583 1042 590 1063 :

371 1101 436 1122 uec·
457 1089 692 1122 nialmlictmn
713 1101 783 1134 pro
809 1089 1024 1131 maledicto,
1048 1090 1116 1123 sed
1133 1102 1152 1123 e
1180 1093 1361 1124 cmm-ario

373 1147 630 1182 benedicentes
644 1145 671 1182 ⁸.
701 1147 795 1183 lline
818 1148 954 1183 Paulus
974 1148 1024 1184 ait
1043 1162 1050 1183 ε
1075 1150 1228 1183 Nemini
1248 1151 1359 1197 qnid-

371 1221 482 1254 quam
514 1206 699 1250 debeatis,
731 1211 801 1241 uisi
834 1215 871 1241 ul
901 1211 1050 1242 invicem
1078 1209 1286 1254 (liltgalisss’.
1317 1209 1358 1242 Si

369 1268 534 1301 esurierit
549 1271 720 1301 inimicus
741 1275 820 1301 tuns
833 1294 843 1309 ,
867 1265 946 1301 ciba
974 1269 1075 1301 illum
1085 1280 1098 1309 ;
1118 1271 1150 1300 si
1169 1271 1266 1310 silit,
1282 1280 1357 1313 lm-

369 1334 442 1360 tum
463 1328 512 1360 da
531 1328 587 1360 illi
604 1339 614 1359 .·
630 1335 663 1360 el
685 1325 926 1372 lewcfaciens
945 1325 1119 1360 carbones
1142 1329 1237 1372 ignis
1264 1339 1355 1360 con—

366 1398 470 1432 geres
484 1399 596 1432 snper
609 1394 717 1432 capul
740 1389 818 1430 ejus
835 1390 875 1420 ¹⁰.
895 1384 953 1421 Sic
974 1384 1102 1433 utique
1123 1384 1182 1420 aio
1203 1397 1272 1434 ego
1293 1383 1357 1432 jtl-

369 1444 485 1488 stitia,
503 1452 538 1479 et
555 1445 642 1479 volo
661 1444 751 1480 lieri.

421 1503 457 1538 4.
490 1506 531 1539 111
560 1503 628 1538 hac
656 1502 766 1538 etiam
797 1502 884 1538 villa
910 1502 1014 1539 dives
1040 1503 1222 1539 Dominus
1252 1502 1358 1551 quasi

370 1561 550 1597 ruricolas
569 1561 717 1606 habuit,
740 1561 804 1610 qui
826 1561 1027 1598 redderent
1044 1562 1078 1598 ei
1096 1562 1238 1598 fructus
1261 1575 1355 1598 usu-

370 1622 487 1657 rarios
515 1620 748 1670 temporibus
774 1620 849 1657 suis
879 1635 886 1657 :
915 1621 979 1669 qui
1001 1630 1088 1657 sunt
1115 1621 1355 1669 hujusmodi,

365 1680 512 1717 bonitas
529 1710 537 1725 ,
570 1681 779 1729 benignitas
797 1709 805 1726 ,
843 1681 1024 1717 modestia
1040 1709 1050 1726 ,
1084 1681 1353 1724 mansuetudo,

364 1741 565 1777 concordia
577 1769 585 1785 ,
605 1755 678 1790 pax
692 1769 702 1787 ,
720 1740 919 1790 patientia,
940 1740 1192 1776 misericordia
1206 1768 1216 1785 ‚
1236 1740 1355 1777 chari-

1424 380 1529 416 ditas.
1546 380 1772 417 Praeterhaec
1787 381 1955 429 propria,
1973 384 2187 419 communia
2199 393 2286 420 sunt
2301 386 2416 421 multa

1429 436 1513 472 data
1535 437 1730 482 ruricolis,
1753 438 1822 473 alia
1842 437 1920 483 his,
1942 447 1978 475 et
1995 439 2066 475 alia
2086 440 2169 477 illis.
2193 445 2293 478 Bona
2314 443 2413 478 enim

1428 504 1514 531 sunt
1545 496 1702 532 divitum
1733 496 1872 532 divitiae
1894 510 1988 542 suae,
2015 512 2062 534 ne
2095 513 2158 535 eos
2183 502 2415 550 paupertatis

1427 556 1595 592 molestia
1632 556 1776 605 frangat
1803 571 1810 592 ε
1848 555 1947 593 bona
1979 571 2212 607 pauperum,
2244 561 2412 609 penuriae

1431 628 1506 650 suae
1519 644 1528 660 ,
1547 615 1685 664 quibus
1705 616 1944 663 castigantur,
1962 630 2008 653 ne
2023 630 2090 666 per
2105 619 2412 656 incontinentiam

1429 673 1595 710 defluant
1614 690 1621 710 :
1645 675 1815 721 sortium,
1839 676 2018 712 fortitudo
2033 706 2042 723 ,
2066 686 2106 713 ut
2122 677 2168 714 ad
2184 678 2282 714 bona
2299 692 2414 728 opera

1428 734 1711 770 convalescant:
1730 735 1907 772 debilium
1919 765 1928 781 ,
1946 735 2194 783 imbecillitas,
2209 751 2283 786 qua
2300 738 2416 774 refre—

1428 802 1586 838 nantur,
1608 807 1654 830 ne
1671 795 1772 843 quod
1791 796 1908 831 velint
1925 796 2061 831 malum
2081 797 2298 845 perlit-iant:
2321 797 2413 833 insi-

1428 851 1608 900 pientium
1624 881 1633 896 ‚
1661 866 1726 889 sua
1747 854 1982 903 simplicitas,
2008 868 2080 903 qua
2101 854 2344 891 humiliantur
2365 869 2411 892 ne

1427 911 1656 959 superbiant.
1673 914 1838 949 Omnino
1856 913 2038 962 quidquid
2056 914 2093 949 in
2111 914 2178 949 hac
2194 915 2268 950 vita
2285 923 2415 951 nostra

1427 970 1604 1020 fragilitas
1633 972 1819 1021 possidet,
1842 973 1925 1022 pius
1948 973 2139 1017 conditor,
2166 982 2348 1022 quantum
2376 975 2413 1010 in

616 1042 734 1076 neque
757 1031 894 1063 malam
917 1042 987 1076 pro
1018 1032 1115 1064 malo
1137 1032 1329 1065 reddentes
1345 1058 1353 1072 ,
1376 1030 1402 1063 B
1424 1043 1489 1066 sua
1506 1030 1673 1067 bonitate
1690 1040 1745 1068 est
1757 1060 1765 1076 ,
1783 1032 1829 1068 ad
1846 1031 1988 1068 bonum
2006 1040 2174 1068 nostrum
2194 1031 2304 1069 nobis
2317 1046 2415 1082 quo-

1428 1089 1515 1125 tidie
1536 1091 1701 1135 conl'ert,
1724 1092 1863 1128 scilicet
1883 1092 1941 1127 vel
1959 1091 2004 1127 ad
2023 1092 2300 1141 correptionem
2327 1105 2413 1141 pra-

1425 1149 1570 1195 vitatis,
1591 1151 1649 1186 vel
1671 1150 1715 1186 ad
1734 1152 1940 1199 profectum
1960 1151 2122 1188 virtutis.
2149 1151 2219 1188 Sed
2238 1154 2304 1199 (ut
2327 1165 2414 1188 ver-

1423 1206 1480 1243 bis
1500 1207 1597 1244 beati
1618 1211 1791 1258 Gregorii
1812 1209 1908 1259 utar)
1923 1224 2005 1258 quae
2021 1210 2065 1246 ad
2082 1223 2187 1246 usum
2203 1211 2413 1260 accepimus

1423 1265 1530 1311 vitae,
1551 1266 1596 1302 ad
1619 1280 1725 1303 usum
1750 1269 2006 1304 convertimus
2025 1269 2143 1317 culpa:
2162 1268 2202 1304 ¹⁴.
2224 1268 2410 1305 Valetudi-

1422 1337 1506 1360 nem
1527 1338 1730 1374 eorporum
1750 1327 1785 1362 in
1807 1340 1915 1362 usum
1936 1328 2191 1364 consumimus
2208 1328 2408 1372 vitiorum;

1422 1383 1521 1419 bona
1540 1384 1676 1420 mentis
1696 1385 1732 1419 in
1761 1398 1867 1421 usum
1885 1385 2136 1433 expendimus
2156 1385 2341 1422 vanitatis.
2367 1390 2411 1422 Et

1422 1442 1494 1478 hoc
1516 1451 1570 1478 est
1593 1443 1696 1491 quod
1718 1443 1874 1488 dicitur,
1902 1449 1965 1491 qui
1990 1443 2206 1492 diffamatus
2231 1454 2285 1480 est
2309 1447 2413 1493 apud

1424 1516 1504 1538 eum
1513 1531 1524 1546 ‚
1542 1507 1652 1550 quasi
1669 1504 1884 1550 dissipasset
1898 1503 1992 1538 bona
2008 1508 2134 1551 ipsius.

1476 1564 1511 1596 (5.
1533 1564 1666 1610 Operae
1687 1562 1850 1610 pretium
1870 1570 1926 1598 est
1945 1562 2040 1598 scire
2061 1563 2143 1611 quis
2162 1562 2411 1598 diffamaverit

1425 1620 1610 1666 villicum,
1632 1621 1688 1656 vel
1712 1621 1810 1657 unde
1839 1621 2024 1670 prodierit
2043 1621 2262 1658 diffamatio.
2296 1625 2410 1658 Petu—

1422 1679 1536 1715 lantia
1565 1679 1644 1728 ipsa
1674 1689 1754 1725 est,
1788 1694 1871 1729 quae
1900 1681 2156 1718 disseminavit
2185 1681 2371 1717 infamiam
2400 1694 2408 1715 :

1421 1754 1504 1791 quae
1523 1747 1612 1776 tunc
1631 1740 1767 1777 dicitur
1786 1741 1986 1786 infamare,
2009 1754 2094 1777 cuin
2123 1753 2199 1777 non
2223 1740 2409 1776 erubescit

366 1808 431 1835 tas.
453 1803 573 1849 Super
590 1800 657 1836 hos
674 1800 784 1835 etiam
805 1798 931 1848 posuit
951 1798 998 1834 ad
1019 1798 1307 1835 custodiendum
1326 1798 1355 1835 Si
1375 1798 1402 1832 C
1421 1801 1684 1851 negligentiam
1715 1813 1819 1837 suam
1849 1800 2057 1836 declamare
2072 1828 2081 1845 ‚
2105 1800 2200 1836 sicut
2219 1799 2270 1835 ibi
2288 1814 2295 1835 :
2318 1801 2410 1835 Nul-

360 1858 622 1907 ‹leliquissent,
640 1859 704 1908 qui
720 1866 949 1904 accusarent,
965 1858 1029 1906 qui
1046 1858 1353 1904 testificarentur,

363 1918 673 1967 quijudicarent,
694 1918 759 1966 qui
775 1918 965 1966 punirent.
985 1918 1220 1955 Conscientia
1241 1918 1355 1967 quip-

362 1991 409 2026 pe
431 1979 511 2029 ipsa
542 1987 596 2015 est
630 1978 857 2024 accusatrix,
889 1978 1071 2014 memoria
1103 1978 1225 2023 testis,
1258 1978 1353 2014 ratio

353 2036 492 2086 judex,
525 2039 636 2074 timor
657 2038 834 2074 carnifex.
857 2037 967 2085 Quod
995 2037 1094 2074 enim
1123 2036 1350 2073 conscientia

356 2105 524 2142 accusat,
544 2099 722 2133 memoria
741 2096 960 2133 testificatur
978 2111 985 2132 :
1005 2105 1041 2133 et
1059 2096 1161 2145 quod
1180 2095 1274 2132 ratio
1290 2094 1351 2143 ju-

355 2154 472 2201 dicat,
493 2157 604 2193 timor
619 2156 832 2201 excruciat,
851 2155 998 2201 dicens,
1016 2158 1197 2191 Dominus
1217 2168 1350 2203 regna-

357 2218 402 2249 vie
416 2242 425 2259 ,
458 2220 666 2250 irascantur
680 2218 841 2263 J>opuli;
864 2220 927 2263 qni
957 2217 1060 2250 sedet
1081 2228 1193 2263 super
1214 2214 1351 2249 Cheru-

358 2273 449 2318 blm,
483 2284 670 2310 moveatur
699 2284 797 2310 terra
816 2282 857 2309 ¹¹.
892 2278 996 2323 Ignis
1025 2279 1062 2309 in
1091 2279 1241 2309 circuitu
1273 2278 1350 2318 esus

357 2336 583 2378 cwarclescet,
598 2344 630 2369 et
644 2339 681 2368 in
697 2339 849 2369 circuitu
863 2339 939 2379 (jus
953 2342 1150 2381 tempestas
1164 2334 1292 2367 valida
1308 2338 1348 2368 ¹².

360 2396 405 2429 Et
425 2393 550 2443 impiis
567 2394 665 2430 (licet
682 2408 688 2429 :
710 2398 787 2438 Ile,
808 2396 1017 2438 nmlcwlicli,
1041 2398 1078 2428 in
1100 2397 1222 2442 ignem
1239 2400 1349 2427 ceter-

359 2466 446 2487 mim
462 2480 472 2497 ,
497 2457 562 2500 qui
577 2463 734 2501 paratus
756 2463 809 2488 est
833 2453 983 2488 diabolo
999 2461 1034 2488 et
1053 2454 1195 2499 angelis
1215 2452 1291 2496 ‹y'us
1304 2450 1348 2496 ¹3,

358 2511 423 2547 ubi
443 2512 536 2561 ignis
552 2521 607 2548 est
626 2512 691 2561 qui
712 2526 787 2548 non
812 2512 991 2561 tepescit3
1014 2524 1160 2547 vermes
1186 2510 1251 2559 qui
1272 2522 1347 2545 non

1421 1863 1496 1896 lum
1511 1869 1664 1908 pratum
1694 1864 1741 1894 sit
1767 1861 1868 1906 quod
1894 1873 1966 1895 non
1994 1868 2229 1907 pertranseat
2255 1861 2409 1894 luxuria

1419 1929 1545 1955 nostra
1552 1935 1565 1964 ;
1594 1932 1806 1954 coroneimis
1834 1932 1899 1953 nos
1920 1923 2010 1953 rosis
2039 1927 2234 1965 antequam
2264 1929 2408 1952 marce-

1417 1989 1532 2024 scant,
1546 1980 1680 2028 ubique
1692 1982 1941 2027 relinquamus
1950 1983 2055 2027 signa
2067 1981 2210 2013 loetitioe
2218 1985 2354 2012 nostrae
2366 1982 2373 1996 ¹
2382 1975 2407 2011 ⁵.

1417 2039 1566 2088 Quippe
1601 2039 1678 2075 haee
1708 2038 1790 2074 talis
1819 2038 1960 2074 locutio
1989 2037 2099 2086 plane
2118 2036 2310 2073 infamatio
2339 2043 2405 2072 est.

1416 2098 1474 2135 Fit
1501 2106 1624 2134 autem
1655 2097 1791 2147 triplici
1820 2110 1940 2142 voce,
1972 2097 2113 2146 scilicet
2144 2094 2404 2145 cogitationis,

1416 2157 1636 2202 locutionis,
1659 2165 1696 2193 et
1714 2156 1852 2206 operis.
1877 2155 1999 2192 Habet
2018 2155 2117 2192 enim
2143 2154 2321 2204 cogitatio
2338 2167 2406 2190 vo-

1416 2229 1494 2252 cem
1514 2229 1633 2252 suam.
1653 2216 1764 2253 Unde
1785 2215 1967 2252 Dominus
1987 2215 2163 2264 cogitanti
2184 2214 2306 2262 Moysi
2326 2214 2376 2250 ait
2396 2227 2403 2249 :

1422 2276 1525 2320 Quid
1536 2278 1676 2311 clamas
1695 2277 1817 2311 adme
1834 2273 1886 2310 ¹⁶?
1907 2278 1952 2310 Et
1972 2274 2090 2311 David
2109 2273 2155 2311 ad
2172 2274 2374 2311 Dominum
2395 2287 2402 2308 ε

1419 2335 1600 2384 Cogitatio
1628 2336 1785 2370 hominis
1814 2334 2045 2381 confitebitur
2069 2334 2186 2370 tibi-7.
2219 2334 2341 2371 Habet
2369 2341 2405 2369 ct

1416 2406 1513 2442 opus
1540 2406 1670 2428 vocem
1698 2406 1816 2428 suam.
1849 2392 1960 2429 Unde
1990 2392 2174 2428 Dominus
2199 2393 2245 2428 ad
2272 2393 2360 2430 Cain
2393 2406 2400 2426 :

1415 2454 1572 2500 iS'anguis
1577 2450 1711 2499 fratris
1727 2457 1778 2486 [αι’
1793 2455 1933 2486 clamat
1949 2454 2001 2486 ml
2014 2465 2071 2486 me
2088 2453 2133 2486 ile
2149 2460 2245 2487 terra
2258 2450 2298 2488 ¹⁸.
2312 2455 2402 2488 Pro-

1415 2510 1469 2547 dit
1488 2519 1611 2546 autem
1632 2510 1783 2546 infamia
1807 2518 1934 2546 nostra
1960 2522 2007 2546 ex
2031 2510 2087 2546 his
2113 2523 2196 2559 quae
2223 2511 2318 2546 siunt
2338 2518 2402 2546 aut

361 2572 594 2616 moriuntur,
624 2580 786 2607 tortores
814 2572 878 2620 qui
910 2585 986 2607 non
1018 2572 1221 2607 lassescunt
1248 2583 1254 2604 :
1280 2568 1344 2605 ubi
1362 2569 1394 2602 D
1411 2579 1541 2606 contra
1564 2578 1754 2615 naturam,
1779 2578 1842 2606 aut
1861 2578 1990 2605 contra
2015 2570 2131 2618 legem
2147 2598 2156 2615 ,
2184 2577 2249 2606 aut
2273 2577 2401 2606 contra

356 2631 480 2666 nullus
497 2631 590 2667 ordo
605 2660 614 2676 ,
638 2631 702 2667 sed
722 2632 974 2680 sempiternus
994 2631 1129 2666 horror
1148 2628 1343 2666 inhabitat.

408 2693 443 2726 Γ).
467 2692 599 2726 Villam
621 2704 724 2727 suam
747 2691 803 2726 liis
822 2691 978 2739 aliisque
1003 2689 1188 2726 tutoribus
1212 2689 1345 2724 sortem

356 2750 507 2786 tradidit
521 2751 703 2786 Dominus
717 2751 855 2795 villico,
871 2749 1201 2799 pluribusplenam
1214 2747 1343 2794 bonis,

351 2810 576 2858 quibusdam
595 2811 786 2860 corporis,
810 2811 935 2847 multis
959 2811 1123 2859 propriis
1144 2809 1258 2858 ipsius
1275 2809 1343 2844 ho-

354 2870 463 2904 minis
482 2870 682 2905 interioris.
705 2873 852 2919 Septem
873 2870 1014 2919 quippe
1036 2877 1122 2905 sunt
1144 2869 1221 2904 haec
1246 2867 1345 2905 bona

351 2929 520 2976 eorporis
542 2943 548 2963 :
567 2929 830 2976 pulchritudo,
850 2928 1031 2965 fortitudo
1045 2956 1054 2973 ,
1078 2928 1278 2973 velocitas,
1304 2928 1343 2963 li-

353 2986 496 3032 bertas,
516 2989 652 3023 sanitas
667 3016 676 3032 ,
698 2989 870 3038 voluptas
885 3017 894 3034 ,
918 2988 1143 3025 diuturnitas
1159 2988 1257 3024 vitae.
1278 2991 1342 3024 Se-

1412 2629 1735 2665 consuetudinem.
1755 2629 1821 2665 l‘lis
1842 2627 1960 2664 tribus
1978 2627 2100 2664 modis
2119 2627 2303 2677 quidquid
2323 2628 2402 2677 agi·-

1412 2702 1493 2725 mus
1505 2717 1514 2734 ,
1532 2688 1693 2725 vertitur
1707 2688 1745 2724 in
1762 2697 1967 2737 peccatum.
1983 2690 2029 2724 Et
2044 2688 2130 2736 quia
2142 2688 2287 2724 villicus
2304 2686 2403 2723 hona

1412 2748 1558 2784 domini
1580 2748 1636 2785 sui
1664 2748 1701 2783 in
1723 2748 1802 2784 haec
1825 2747 2081 2797 dissipaverit,
2105 2747 2243 2784 dictum
2263 2756 2318 2783 est
2337 2747 2370 2784 ei
2393 2762 2400 2783 :

1416 2810 1517 2853 Quid
1535 2809 1600 2843 lwc
1616 2810 1728 2843 audio
1750 2809 1796 2843 tle
1816 2811 1881 2843 te?
1901 2808 2028 2841 Redde
2047 2811 2228 2842 rationem
2249 2809 2399 2842 villica-

1409 2871 1519 2902 tionis
1539 2872 1735 2912 tu(e,·jam
1757 2871 1854 2901 enim
1875 2868 2035 2913 amplius
2057 2879 2128 2900 non
2145 2869 2285 2914 poteris
2303 2867 2398 2901 villi-

1408 2940 1504 2963 care.
1525 2925 1622 2962 Illud
1641 2939 1716 2961 non
1736 2926 1848 2961 semel
1867 2933 1931 2961 aut
1945 2925 2078 2961 itemm
2091 2953 2100 2970 ‚
2117 2924 2181 2961 sed
2198 2925 2308 2961 tertio
2321 2923 2397 2972 jam

1408 2985 1660 3023 comminatur
1672 2985 1856 3021 Dominus
1873 2985 1998 3020 villico
2014 2997 2082 3021 suo
2095 3013 2104 3030 ,
2126 2983 2300 3020 videlicet
2314 2991 2399 3019 ante

406 3139 412 3152 ¹
436 3137 526 3163 I‘r‹)v.
545 3145 606 3169 xx,
629 3138 678 3164 10.
706 3152 746 3155 -ῃ
769 3140 778 3153 ⁷
798 3133 911 3164 Matth.
939 3146 1005 3172 vit,
1036 3137 1085 3164 12.
1107 3151 1150 3155 -—
1171 3131 1183 3153 3
1208 3134 1304 3164 Levit.
1327 3145 1405 3172 xix,
1430 3136 1485 3164 36.
1511 3150 1550 3155 —-
1578 3133 1591 3158 4
1614 3134 1705 3162 Dcut.
1732 3142 1829 3167 xxm,
1858 3134 1969 3161 10-13.
1992 3148 2034 3152 —
2052 3128 2065 3151 ⁵
2092 3128 2205 3160 Mauh.
2227 3140 2258 3165 v,
2285 3131 2338 3158 20.
2354 3147 2398 3150 —

355 3184 369 3204 ‘3
387 3186 481 3216 tixod.
503 3197 558 3214 xxi
572 3210 578 3218 .
600 3188 679 3215 21.Δ
734 3193 745 3215 7
763 3186 874 3216 nauh.
892 3198 922 3221 v.
944 3189 997 3216 li'i.
1017 3205 1059 3209 ——
1076 3185 1089 3206 ⁸
1108 3189 1121 3216 1
1138 3189 1217 3217 l'etr.
1236 3198 1276 3216 111
1292 3211 1299 3224 ,
1323 3190 1353 3217 9.
1371 3205 1413 3208 —
1427 3192 1443 3215 9
1458 3190 1548 3218 Rom.
1568 3187 1703 3222 x111‚8.
1724 3203 1765 3206 -—
1788 3189 1817 3204 ¹⁰
1832 3183 1876 3213 ld.
1892 3194 1941 3213 xit
1956 3207 1962 3219 ,
1985 3187 2039 3213 20.
2055 3200 2098 3205 --
2122 3188 2148 3204 ¹¹
2174 3182 2253 3213 Psal.
2267 3192 2373 3212 xcvru
2388 3206 2395 3217 ,

361 3243 384 3266 1.
408 3257 428 3259 --
467 3243 493 3257 ¹²
513 3239 587 3267 l‘sal.
611 3241 752 3274 x1.ix‚.'5.
775 3256 811 3259 —-
832 3237 860 3259 ¹3
876 3238 989 3269 Mauh.
1013 3250 1093 3277 xxv,
1108 3241 1161 3270 lil.
1176 3257 1217 3261 —
1235 3239 1260 3265 ¹⁴5
1278 3239 1392 3270 Homil.
1416 3239 1447 3270 in
1470 3241 1584 3279 Evang.
1602 3256 1644 3260 ——
1663 3236 1690 3259 ¹⁵
1706 3239 1776 3278 Sap.
1802 3247 1847 3270 11,
1867 3238 1903 3271 8,
1923 3239 1952 3266 9.
1967 3253 2006 3258 —-
2028 3233 2056 3256 ¹⁶
2078 3234 2175 3266 Exod.
2191 3245 2260 3272 xiv,
2284 3238 2334 3264 15.
2354 3250 2390 3256 -

362 3297 387 3319 ·.·
403 3292 478 3321 l‘sal.
503 3303 599 3325 rxxv,
626 3296 675 3322 11.
697 3311 736 3314 ——
761 3292 788 3313 '⁸
805 3296 883 3322 Gen.
905 3302 948 3324 iv,
970 3295 1020 3322 10.

1746 3316 1758 3329 δ
