2418 3949
50 201 124 237 389

46 278 113 324 lis,
147 285 188 314 ut
219 291 410 328 nunquam
429 278 567 315 esuriat
583 286 619 314 et
638 290 830 326 nunquam
860 277 1031 327 degustet

947 200 1201 235 EPISTOLAE.

1044 274 1089 292 192

2019 197 2096 234 390

1102 276 1161 311 nia
1178 303 1187 320 ‚
1207 276 1346 324 gratia,
1364 277 1499 326 gloria,
1523 278 1569 314 de
1599 278 1656 314 his
1681 290 1764 326 quae
1791 277 1850 314 vel
1876 275 2002 321 dedit,
2034 274 2093 310 vel

44 349 158 386 quam
182 338 306 374 suavis
328 346 384 374 est
400 337 595 374 Dominus.
617 336 715 384 Quid
732 337 830 373 enim
851 336 923 373 nisi
951 348 1033 372 sua·
1048 340 1081 374 A
1100 333 1288 380 reddidit,
1319 335 1378 371 vel
1411 335 1574 381 addidit,
1601 344 1638 373 et
1670 336 1857 373 universis
1897 347 1983 384 quae
2021 345 2091 383 pro

41 397 99 433 vis
127 398 314 434 Dominus
333 398 372 433 ²¹?
395 397 563 434 Delectat
591 405 625 433 te
655 397 916 442 vehementer,
945 394 1029 431 ani-

42 466 145 491 mum
178 468 418 506 amoremque
451 455 616 505 abripuit
644 456 868 504 attraxitque
900 455 946 491 ad
990 467 1029 491 se

43 521 150 550 tuum
170 515 303 563 exigua
322 515 400 552 haec
418 523 456 552 et
480 514 651 564 ambigua
669 523 886 551 naturarum
914 514 1029 551 ratio-

44 585 211 622 numque
232 574 382 620 notitia,
404 575 449 611 ad
468 588 577 623 quam
596 575 659 611 vix
676 575 788 623 longo
809 574 964 610 circuitu
992 581 1029 610 et

42 631 202 670 sinuosis
219 633 446 670 anfractibus
464 634 692 682 pervenitur.
710 633 808 681 Quid
826 645 915 682 ergo
931 633 1026 682 ipsa,

42 703 63 726 a
93 704 165 739 qua
196 693 321 729 omnia
346 693 423 728 haec
454 701 491 728 et
520 693 768 729 instituuntur
799 700 842 728 ut
867 692 961 738 sint,
990 699 1028 728 et

38 749 272 787 illustrantur
301 759 342 787 ut
369 759 458 788 nota
488 752 579 797 sint,
615 751 775 788 creatrix
810 751 1027 801 Sapientia?

39 819 166 845 nonne
185 810 303 846 multo
322 809 554 847 ambitiosius
576 809 657 858 ejus
676 823 715 847 se
735 810 802 846 tibi
830 823 1025 847 commen—

39 865 141 903 dabit
159 869 373 918 perceptio;
397 869 690 918 suavitatemque
718 882 822 906 suam
851 868 1025 906 blandius

38 927 215 963 serenatis
228 927 399 964 infundet
414 928 585 965 sensibus
598 955 608 973 ,
627 928 812 965 inusitatis
828 928 1025 966 affectibus

37 983 303 1034 inexplebilem
336 987 372 1023 in
402 1000 440 1024 se
472 995 723 1037 provocatura
751 988 1024 1037 concupiscen-

1095 392 1204 429 nobis
1222 394 1375 442 pertulit
1390 401 1427 430 et
1443 395 1602 431 contulit
1621 393 1731 431 nobis
1757 395 1964 440 Dominus;
1994 405 2087 443 pro-

1093 461 1296 501 ponentem
1327 452 1436 489 nobis
1464 454 1720 503 praecedentes
1749 455 1785 490 in
1815 454 1960 492 Christo
2000 465 2087 502 pas-

1093 511 1236 558 siones,
1266 521 1302 548 ct
1329 513 1472 549 suturas
1495 513 1654 561 glorias,
1682 513 1899 562 patientiam
1931 512 2088 548 tribula-

1094 570 1238 607 tionum
1264 599 1274 616 ,
1311 580 1348 607 et
1388 572 1708 621 exspectationem
1754 571 2045 608 retributionum
2074 599 2084 616 ,

1092 629 1276 665 elementa
1296 629 1404 675 fidei,
1422 638 1459 666 et
1474 642 1622 666 morum
1639 630 1808 666 instituta
1822 658 1831 674 ‚
1857 638 1893 666 et
1920 630 2087 678 singulos

1093 697 1375 737 percurrentem
1399 689 1657 725 renovationis
1682 697 1719 724 et
1743 689 1978 737 profectuum
2002 701 2086 737 gra-

1092 746 1173 784 dus.
1200 747 1357 796 Copiosa
1373 747 1451 783 haec
1472 748 1584 796 plane
1611 747 1763 783 materia
1788 755 1825 782 et
1851 747 2085 796 concupisci-

1090 806 1166 844 bile
1194 808 1386 857 negotium
1419 822 1426 843 :
1456 820 1524 843 nec
1554 815 1609 843 est
1637 806 1702 842 ubi
1734 819 1772 842 se
1813 806 2008 842 fecundius
2049 814 2086 841 et

1090 866 1316 903 fructuosius
1329 879 1502 903 exercere
1518 874 1643 916 potest
1658 864 1865 915 quamlibet
1879 864 1935 900 vel
1950 863 2086 900 ardens

1089 926 1148 962 vel
1169 925 1356 962 eruditum
1374 925 1580 974 ingenium.

1143 985 1178 1021 4.
1201 988 1288 1021 Haec
1316 985 1456 1021 idcirco
1482 984 1640 1021 dixerim
1656 1011 1666 1030 ‚
1689 995 1736 1019 ne
1762 982 1931 1018 inanium
1957 990 1992 1017 te
2013 989 2087 1017 stu—

37 1041 152 1078 tiam?
184 1043 373 1092 Siquidem
397 1049 462 1092 qui
484 1046 597 1080 edunt
626 1057 703 1089 me,
733 1044 873 1093 inquit,
900 1045 1023 1080 adhuc
1043 1043 1072 1077 B
1092 1043 1155 1080 dio
1184 1057 1337 1081 excuses
1354 1044 1562 1080 litterarum
1579 1057 1588 1089 ;
1608 1041 1780 1079 umbram
1801 1041 1952 1077 secteris
1967 1069 1976 1086 ,
2007 1040 2088 1090 pri-

37 1105 194 1137 esurient
211 1116 222 1137 :
240 1107 390 1151 spiritus
408 1107 505 1138 enim
526 1116 627 1139 meus
646 1116 756 1151 super
773 1105 850 1138 mel
869 1104 985 1139 dulcis
1000 1109 1025 1139 ¹.

90 1161 126 1197 3.
160 1162 293 1211 Ampla
325 1162 495 1211 quaedam
532 1161 646 1198 habes
661 1190 670 1207 ,
704 1162 838 1209 amice,
874 1162 920 1199 ad
954 1162 1026 1199 hoc

36 1219 157 1268 ipsum
170 1222 240 1258 mel
254 1222 500 1271 receptacula;
521 1234 605 1258 acre
623 1221 708 1258 dieo
728 1230 765 1258 et
781 1221 1021 1258 exercitatum

36 1278 225 1328 ingenium
240 1308 250 1326 ,
268 1281 468 1317 multarum
485 1279 753 1330 subtiliumque
769 1294 894 1317 rerum
909 1281 1024 1317 scien-

37 1337 136 1374 tiam.
157 1338 228 1375 Sed
247 1351 316 1388 ego
334 1340 412 1376 haec
428 1339 532 1389 quasi
550 1352 704 1389 capaces
721 1340 891 1376 favorum
913 1340 1025 1377 cellas

35 1400 286 1446 reputaverim
305 1426 314 1444 ‚
336 1407 373 1435 et
399 1399 520 1435 adhuc
548 1412 698 1436 vacuas.
733 1398 876 1435 Accede
909 1411 1020 1448 ergo,

35 1463 76 1491 ut
107 1456 337 1504 infundaris,
358 1466 401 1493 ut
421 1458 638 1507 repleantur
668 1458 900 1507 receptacula
931 1465 993 1493 tua
1011 1471 1029 1502 3.

34 1513 241 1551 exuberent
260 1523 297 1552 et
313 1515 525 1552 redundent
541 1524 578 1552 et
595 1515 842 1551 refundantur
863 1516 900 1551 in
925 1528 992 1552 nos
1008 1543 1018 1561 ‚

29 1571 116 1620 jure
145 1572 212 1609 tibi
236 1575 484 1623 applausuros
511 1575 549 1610 in
576 1575 667 1611 illud
697 1575 837 1612 Cantici
866 1588 874 1610 :
899 1577 1023 1610 Favtcs

34 1633 222 1668 distillans
255 1633 356 1669 labia
388 1643 450 1670 tua
468 1641 494 1670 ².
528 1638 559 1672 Ο
590 1635 618 1671 si
650 1634 800 1683 quando
834 1633 872 1669 in
907 1633 1022 1669 domo

33 1691 185 1727 Domini
221 1692 474 1741 disputantem
503 1701 538 1729 te
567 1693 736 1736 audiam,
768 1700 930 1729 secretos
960 1705 1022 1728 sa-

33 1758 230 1799 cratosque
255 1761 505 1801 exponentem
531 1766 685 1798 sensus,
713 1753 956 1801 attingentem
984 1760 1022 1787 et

1092 1103 1240 1140 vandus
1260 1103 1403 1139 lumine
1422 1118 1429 1139 :
1450 1116 1497 1139 ne
1516 1100 1763 1139 Aristotelicis
1778 1099 1959 1135 distortus
1978 1112 2091 1147 argu-

1092 1162 1165 1208 tiis,
1180 1162 1369 1198 silentium
1383 1170 1554 1199 nostrum
1567 1169 1604 1197 et
1617 1158 1892 1208 simplicitatem
1908 1158 2085 1195 causeris.

1089 1224 1131 1258 In
1150 1221 1207 1258 his
1223 1221 1323 1258 enim
1340 1221 1400 1259 vel
1424 1220 1584 1257 maxime
1604 1218 1887 1255 administratur
1913 1216 2061 1252 occasio
2077 1244 2086 1261 ,

1089 1289 1130 1317 ut
1158 1281 1323 1317 revelata
1348 1280 1439 1316 facie
1468 1279 1624 1329 gloriam
1652 1277 1805 1314 Domini
1835 1276 2088 1326 speculantes,

1089 1339 1127 1375 in
1147 1339 1317 1375 eamdem
1339 1338 1538 1387 imaginem
1561 1337 1871 1373 transformemur
1886 1348 1907 1371 a
1923 1334 2090 1371 claritate

1089 1396 1128 1432 in
1164 1398 1368 1433 claritatem
1384 1425 1393 1442 ,
1429 1405 1605 1444 tanquam
1643 1408 1662 1431 a
1698 1393 1853 1431 Domini
1891 1393 2033 1443 Spiritu
2057 1394 2086 1430 ⁴.

1089 1456 1314 1493 Otiosumue
1346 1455 1412 1492 tibi
1444 1464 1615 1492 nostrum
1649 1454 1800 1491 videtur
1827 1461 1865 1489 et
1899 1453 2000 1489 iners
2038 1453 2089 1489 si-

1087 1515 1267 1559 lentium,
1298 1515 1336 1551 in
1363 1528 1439 1564 quo
1464 1514 1563 1551 istud
1585 1514 1726 1563 geritur
1750 1512 1888 1561 negotii
1908 1527 1916 1549 :
1940 1512 1980 1548 in
2010 1525 2088 1561 quo

1087 1583 1123 1611 et
1150 1575 1309 1611 traditur
1337 1583 1374 1610 et
1398 1582 1597 1611 exercetur
1621 1586 1681 1610 ars
1707 1572 1878 1622 quaedam
1898 1573 2003 1609 velut
2027 1573 2087 1610 di-

1088 1642 1225 1670 rectam
1245 1633 1291 1670 ad
1308 1634 1444 1669 lineam
1464 1632 1733 1682 progrediendi
1751 1633 1788 1667 in
1810 1636 1929 1668 Deum
1944 1661 1953 1677 ,
1970 1640 2088 1668 trans-

1089 1693 1276 1728 formandi
1299 1701 1335 1728 et
1362 1692 1637 1729 transmutandi
1665 1705 1702 1728 se
1725 1694 1762 1727 in
1788 1704 1930 1727 novum
1958 1691 2086 1728 homi-

1089 1764 1192 1798 nem,
1212 1752 1247 1787 in
1266 1765 1408 1787 novum
1430 1751 1548 1787 Adam
1566 1767 1573 1796 ;
1595 1759 1630 1787 et
1646 1749 1884 1800 pertingendi
1903 1762 2021 1799 usque
2038 1749 2084 1786 ad

32 1806 269 1845 distillantem
300 1811 460 1847 tenuiter
489 1811 599 1847 nobis
631 1811 771 1859 aliquid
806 1811 852 1846 de
883 1810 1020 1846 divinae
1038 1811 1064 1845 C
1084 1825 1234 1849 sensum
1261 1812 1425 1858 Christi,
1450 1812 1487 1847 in
1514 1824 1590 1860 quo
1611 1810 1823 1847 absconditi
1848 1818 1935 1846 sunt
1954 1823 2085 1847 omnes

31 1865 222 1914 majestate
238 1869 406 1905 essentiae
417 1897 426 1913 ,
445 1869 491 1905 de
507 1869 713 1906 aeternitate
726 1898 734 1914 ‚
753 1869 1020 1914 immensitate,

32 1924 267 1973 simplicitate
286 1941 292 1962 :
314 1927 377 1963 ubi
397 1929 487 1964 nihil
514 1929 689 1977 exiguum
719 1936 791 1973 est,
816 1928 902 1976 quia
933 1928 1020 1964 sim—

32 1984 117 2032 plex
145 1993 220 2030 est,
239 1998 306 2021 nec
325 1987 519 2036 multiplex
534 2014 544 2032 ,
563 1987 649 2035 quia
668 1987 893 2023 immensum
922 1995 978 2022 est
1010 2000 1016 2021 :

32 2042 95 2078 sed
115 2051 232 2079 totum
254 2044 440 2080 inlinitum
460 2053 536 2091 est3
557 2058 632 2081 non
652 2045 847 2095 temporali
874 2057 1019 2082 sueces-

32 2101 156 2147 sione,
189 2115 258 2139 nec
288 2104 385 2139 mole
414 2113 450 2140 et
480 2104 708 2141 distensione
731 2105 860 2149 locali,
891 2104 955 2141 scd
984 2105 1019 2141 vi

32 2161 290 2209 essentialique
309 2162 487 2210 potentia.
508 2165 598 2208 Quae
617 2162 767 2210 quidem
787 2170 863 2197 tota
880 2161 1020 2210 ubique

31 2226 109 2264 est,
130 2219 193 2255 sed
211 2219 248 2255 in
266 2232 304 2255 se
321 2227 416 2265 tota;
443 2221 619 2269 quoniam
640 2221 677 2256 in
706 2221 809 2255 nullo
838 2228 913 2256 tota
938 2219 1019 2268 ejus

29 2276 167 2322 virtus,
199 2278 358 2324 veritas,
389 2279 561 2315 voluntas
592 2279 649 2314 vel
677 2279 929 2327 expenditur,
961 2279 1017 2315 vel

28 2336 259 2385 exprimitur.
279 2337 351 2374 Ubi
370 2346 528 2387 possunt
545 2338 759 2388 disputandi
777 2339 914 2388 gradus
931 2339 1018 2388 qui-

28 2394 112 2431 dam
129 2408 207 2432 esse
221 2424 231 2442 ,
249 2405 286 2434 et
306 2397 487 2434 distinctae
504 2399 709 2435 secundum
734 2412 802 2435 nos
829 2399 1015 2449 significa-

30 2454 148 2491 tiones
163 2456 357 2492 nominum
374 2485 384 2502 ,
405 2470 462 2494 res
481 2466 604 2494 autem
627 2458 736 2494 unica
758 2467 794 2495 et
820 2458 1015 2507 insepara-

27 2512 123 2550 bilis.
152 2515 264 2552 Plena
289 2525 374 2552 sunt
395 2517 520 2553 omnia
547 2517 814 2563 admiratione,
844 2527 880 2554 et
905 2519 1016 2567 digna

1087 1871 1250 1907 thesauri
1269 1871 1461 1920 sapientiae
1484 1870 1555 1906 Dei
1571 1869 1613 1905 ⁵?
1632 1873 1821 1906 Perenncs
1844 1869 2000 1905 omnino
2024 1869 2084 1906 hic

1086 1938 1123 1965 et
1145 1931 1220 1966 sere
1239 1930 1277 1966 in
1304 1938 1486 1979 promptu
1507 1937 1595 1966 sunt
1617 1929 1804 1965 radiantes
1824 1929 1980 1964 omnino
2003 1941 2083 1964 mc-

1089 1988 1164 2024 talli
1183 2001 1286 2024 venae
1299 2017 1307 2033 ,
1329 1988 1358 2024 si
1378 1996 1501 2024 tamen
1519 1988 1555 2023 in
1577 1988 1692 2023 altum
1711 1987 1794 2035 quis
1810 1986 1938 2023 fodere
1959 1987 2082 2023 malu-

1087 2046 1176 2089 erit,
1199 2059 1312 2095 quam
1332 2046 1422 2082 soris
1446 2045 1671 2081 mendicare.

1138 2106 1171 2141 5.
1204 2108 1287 2141 Non
1320 2117 1390 2153 ego
1425 2104 1489 2140 tibi
1522 2117 1624 2140 nune
1657 2103 1790 2139 collata
1820 2104 1857 2139 in
1887 2111 1922 2139 te
1951 2102 2078 2139 divina

1085 2176 1261 2199 recenseo
1280 2163 1479 2208 beneficia,
1506 2163 1642 2211 gratias
1662 2162 1837 2207 Domini,
1864 2170 1901 2198 et
1924 2162 2081 2210 ingrati-

1086 2222 1253 2258 tudinem
1283 2231 1404 2267 tuam;
1434 2223 1508 2258 imo
1535 2222 1669 2258 malam
1701 2221 1911 2257 mercedem
1935 2221 2080 2270 optimo

1084 2283 1236 2318 relatam
1261 2283 1418 2318 muneri.
1440 2286 1522 2318 Non
1545 2281 1754 2331 perniciosa
1774 2281 1896 2317 saeculi
1913 2280 2081 2317 oblecta-

1084 2348 1225 2385 menta,
1247 2340 1284 2376 in
1307 2354 1391 2389 quae
1415 2340 1561 2376 ardenti
1585 2340 1783 2389 proruitur
1799 2339 1943 2385 studio,
1967 2339 2017 2376 ita
2038 2348 2080 2376 ut

1081 2400 1247 2436 Domino
1272 2408 1373 2448 terga
1395 2408 1603 2442 vertamus,
1625 2407 1661 2434 et
1682 2412 1759 2434 non
1785 2399 1937 2444 faciem,
1958 2412 2081 2448 quan-

1083 2467 1160 2495 tum
1180 2472 1333 2509 possum
1357 2459 1482 2495 verbis
1499 2467 1686 2504 extenuo;
1704 2471 1771 2494 nec
1787 2458 2027 2494 medicinales
2041 2459 2078 2495 in

1081 2520 1257 2568 praesenti
1272 2532 1426 2568 expono
1444 2518 1652 2563 molestias3
1668 2531 1745 2554 non
1765 2518 1908 2554 futuras
1921 2518 2078 2555 intendo

28 2574 287 2620 veneratione,
306 2584 342 2611 et
360 2576 645 2626 investigatione
670 2577 913 2614 delectabilia.
932 2581 1012 2614 De-
1032 2580 1063 2613 D
1081 2592 1229 2628 poenas,
1268 2587 1304 2614 et
1340 2592 1518 2628 propono
1549 2578 1726 2627 gloriam,
1755 2591 1823 2614 nec
1853 2578 1890 2613 in
1922 2578 2077 2627 longin-

29 2631 141 2680 nique
174 2641 214 2668 ut
243 2634 421 2683 scriptum
449 2643 505 2671 est
537 2649 544 2670 ε
583 2637 662 2671 Non
699 2641 859 2671 saciatur
891 2639 1012 2672 oculus

29 2694 131 2735 visu,
150 2704 216 2726 nec
233 2696 332 2727 auris
349 2696 521 2741 impletur
535 2696 665 2730 auditu
683 2694 707 2730 ³.
727 2698 781 2730 De
798 2694 1011 2744 hujusmodi

30 2756 63 2784 te
95 2748 256 2786 libenter
286 2751 571 2800 prophetantem
599 2752 773 2798 audiam;
802 2762 838 2789 et
865 2766 949 2790 cum
977 2762 1012 2790 te

28 2807 64 2843 iu
93 2808 314 2846 immensum
334 2811 452 2860 pelagi
470 2810 579 2860 hujus
601 2811 831 2861 profundum
860 2813 1012 2849 immer-

29 2867 120 2902 seris
147 2869 316 2905 curiosus
343 2879 542 2916 scrutator,
572 2879 829 2920 aspergentem
860 2871 915 2907 his
948 2871 1012 2920 qui

30 2925 75 2961 ad
102 2924 275 2962 uberiora
305 2926 444 2963 habiles
474 2941 548 2965 non
576 2937 683 2975 sunt,
712 2942 861 2965 suavem
892 2930 1014 2965 vitalis

31 2997 150 3021 rorem
167 2986 357 3034 sapientiae
373 3001 380 3023 :
399 3000 482 3023 cum
498 3000 588 3025 vero
605 2988 731 3024 divina
759 2997 793 3024 te
819 2997 1014 3025 converte-

30 3043 79 3079 ris
108 3042 153 3079 ad
181 3042 382 3089 beneficia,
416 3055 502 3082 tunc
524 3047 714 3096 profusius
741 3048 1012 3096 explicantem,

29 3109 65 3137 et
92 3101 351 3151 expedientem
378 3105 565 3155 copiosius
592 3120 676 3156 quae
704 3107 864 3144 senseris
884 3106 930 3142 de
950 3120 1014 3142 vc-

77 3231 86 3246 ¹
107 3227 198 3257 Ereli.
217 3240 308 3267 xxiv,
327 3233 367 3261 29
384 3254 390 3267 ,
407 3233 461 3262 27.
476 3249 519 3254 -
540 3237 551 3252 ²
569 3232 688 3263 cantic.
705 3244 750 3267 iv,
778 3235 829 3262 11.
847 3250 889 3254 —
909 3229 922 3251 ³
938 3231 1034 3262 Eccle.
1057 3243 1086 3267 ι,
1103 3235 1132 3261 8.

465 3286 479 3300 ¹
496 3286 636 3314 Fortasse
648 3307 655 3319 ,
683 3282 767 3324 Quid
780 3283 857 3313 cm'm
877 3294 967 3314 suave
984 3282 1043 3313 nisi
1057 3283 1207 3314 Dumium
1220 3288 1234 3312 .‘
1251 3304 1288 3306 -ὴ
1307 3277 1322 3299 l'
1338 3287 1493 3317 fumasse.
1512 3284 1656 3327 pignore.

30 3289 134 3308 (xxviii
147 3302 154 3316 ,
177 3281 232 3311 510.

1078 2649 1193 2685 quum
1217 2645 1358 2673 metum
1387 2637 1444 2671 vel
1473 2636 1792 2685 exspectationem
1823 2644 1922 2672 tuam
1953 2637 2075 2673 mitto.

1077 2699 1236 2731 Tantum
1254 2695 1299 2731 de
1320 2695 1471 2730 instanti
1489 2694 1698 2743 persuadeo
1716 2694 1870 2743 pingere
1884 2693 1915 2738 b,
1934 2708 2010 2731 non
2029 2695 2077 2731 de

1079 2755 1206 2792 futuro
1226 2755 1402 2804 pra‘mio;
1421 2753 1466 2789 dc
1489 2754 1685 2802 primitiis,
1707 2766 1782 2789 non
1804 2753 1850 2790 de
1870 2754 2078 2802 plenitudi-

1079 2826 1138 2849 ne.
1155 2817 1238 2850 Non
1254 2821 1309 2848 est
1326 2812 1509 2848 facultatis
1526 2825 1617 2847 mere
1636 2825 1712 2847 rem
1734 2811 1858 2848 verbis
1878 2815 2077 2863 prosequi3

1080 2885 1147 2908 nee
1163 2872 1318 2920 dignum
1334 2880 1388 2907 est
1407 2879 1517 2906 tantm
1531 2871 1760 2919 majestatem
1777 2873 1941 2908 materiae
1956 2886 2077 2921 angu-

1080 2932 1158 2967 stiis
1181 2932 1256 2967 oris
1278 2931 1395 2966 nostri
1417 2931 1610 2966 coarctari.
1641 2933 1800 2966 Tantum
1825 2933 1987 2980 experiri
2009 2946 2076 2968 ve-

1081 2991 1141 3033 lis,
1167 2998 1201 3026 et
1234 2990 1327 3025 scies
1357 2990 1536 3038 quoniam
1564 2989 1766 3025 cantabiles
1790 2989 2078 3038 justificationes

1082 3048 1253 3093 Domini,
1274 3049 1384 3084 etiam
1408 3049 1444 3083 in
1467 3048 1549 3083 loeo
1577 3049 1889 3098 peregrinationis
1913 3049 2075 3097 hujus‘³;

1082 3115 1117 3142 et
1142 3106 1275 3142 futurae
1296 3106 1333 3142 in
1363 3107 1435 3143 line
1462 3107 1586 3143 saeculi
1610 3120 1764 3153 messes,
1795 3109 1996 3157 primitivis
2016 3122 2076 3145 se-

1180 3250 1184 3252 -
1220 3232 1232 3256 4
1255 3234 1283 3262 11
1302 3233 1375 3263 Cor.
1393 3242 1453 3267 ιιι,
1482 3235 1531 3263 18.
1553 3250 1595 3254 —
1617 3230 1630 3252 5
1649 3233 1873 3264 Coloss.11.:i.
1900 3251 1925 3254 ν
1964 3231 2076 3263 (³1‘sal.
