2418 3949
178 232 274 269 1277

170 308 432 360 prosequenda
464 322 472 344 ε

875 228 1040 264 SERMO
1065 227 1115 262 IN
1145 227 1298 263 COENA
1326 228 1516 263 DOMINI.

506 305 727 356 injuriarum
762 303 1048 340 multiformium
1076 302 1216 340 illa-‘²⁴⁷
1229 317 1341 355 quam
1359 303 1571 341 membrum
1585 301 1720 340 Christi
1733 300 1822 338 dicit
1837 314 1875 338 se
1888 301 1925 337 in
1936 300 2083 338 Christo
2097 314 2223 337 mane-

2120 222 2218 259 1278

172 370 223 406 tio
239 398 248 415 ,
295 381 474 405 manuum
510 380 552 403 ac
588 365 728 415 pedum
762 365 798 400 in
835 377 946 400 cruce
980 364 1164 408 confixio,
1180 370 1208 404 A
1231 377 1284 410 re,
1302 362 1414 399 debet
1431 364 1526 399 sicut
1542 363 1604 398 ille
1621 361 1847 407 ambulavit,
1865 369 1901 397 et
1918 361 1996 410 ipse
2013 360 2219 398 ambulare.

169 429 331 478 sepulcri
356 441 398 464 ac
421 426 557 476 sepulti
578 424 647 462 sub
669 424 829 460 militum
852 423 1020 460 excubiis
1035 422 1163 459 obser—

168 488 283 524 vatio.
306 490 424 524 Porro
448 484 584 523 Sedere
608 483 684 520 duo
702 482 885 532 significat
906 496 912 517 :
938 490 1160 532 potestatem

164 546 399 595 judiciariam
415 573 424 591 ,
444 553 480 582 et
507 543 777 593 subjectionem
798 543 1062 579 voluntariam.
1081 545 1160 578 Ha—

170 606 235 642 bes
266 606 311 642 ad
339 618 490 642 manum
516 604 688 653 exempla
717 615 884 652 congrua
909 602 955 638 de
985 610 1157 651 utroque.

169 668 262 701 Sede
283 679 306 701 a
332 667 474 701 deutris
499 668 591 699 meis
611 670 643 708 ¹3
665 671 702 698 et
717 662 807 698 illud
823 690 832 708 ,
857 663 942 697 Vidi
960 666 1158 698 Dominum

167 726 352 760 sedentem
367 730 400 768 ²3
419 732 532 772 atque
561 721 672 765 illud,
693 722 779 756 Cum
794 723 928 756 sederit
949 723 1066 755 Filius
1089 721 1158 755 lto-

167 789 279 819 mim's
300 789 338 819 ιίῑ
362 785 448 818 sede
465 786 668 828 majestatis
688 794 766 816 suoe
782 780 814 826 3,
838 781 942 829 signa
960 789 1047 816 sunt
1059 779 1161 828 judi-

167 843 291 880 ciariae
319 843 526 892 potestatis.
553 844 736 879 Caeterum
766 840 844 890 ipsa
873 840 1067 890 Scriptura
1086 840 1161 875 cla—-

169 911 258 947 mat,
278 904 422 951 Sfcrgite
436 911 635 950 postquam
652 902 832 944 sederitis,
849 905 912 948 qui
929 901 1161 935 mamma-atis

163 976 305 1010 panem
323 964 459 998 doloris
473 961 486 988 A,
501 976 511 1007 3
529 969 566 997 et
581 959 691 1003 illud,
712 960 1008 1007 Sztpersltcnzitea
1031 957 1160 1004 Baby-

169 1026 263 1057 lmzis
289 1025 366 1058 illic
389 1023 551 1056 sedimus
572 1029 606 1056 et
615 1021 790 1066 flevimus
805 1018 837 1065 ⁵3
857 1027 894 1056 et
914 1017 1006 1054 illud
1025 1016 1159 1054 Christi

1229 428 1321 461 Nam
1343 431 1500 473 propter
1519 435 1668 458 crucem
1683 421 1755 471 piis
1774 421 1913 457 dictum
1931 429 1986 457 est
2009 436 2016 457 :
2045 422 2120 467 Qui
2138 431 2224 457 sunt

1232 483 1386 527 Christi,
1414 495 1561 517 earnem
1590 495 1694 516 suam
1721 481 1986 527 crucfioeerane
2011 495 2091 516 cum
2122 483 2222 517 vinis

1226 551 1262 577 ec
1284 545 1625 589 conctqn'seentiiffi.
1646 544 1805 590 Propter
1824 541 2055 589 sepulturam
2078 541 2218 577 dietum

1226 609 1281 638 est
1301 615 1308 636 :
1333 602 1544 649 Consepulti
1561 613 1684 635 sumus
1706 614 1787 635 cum
1812 602 1951 636 Christo
1966 600 1996 645 ⁸,
2022 609 2092 637 etc.

1281 662 1318 697 G.
1342 664 1388 697 Et
1412 660 1497 696 ideo
1514 668 1556 696 ut
1572 659 1731 696 validius
1746 672 2059 709 compungamur,
2075 669 2115 697 ut
2132 674 2215 697 am-

1226 721 1324 771 plius
1352 732 1592 764 moveamur,
1618 728 1655 755 et
1681 732 1876 755 curramus
1901 732 1970 768 per
1990 720 2137 766 omnia3
2159 734 2220 756 re-

1227 780 1424 816 volvamus
1444 779 1589 828 singula
1610 778 1849 815 contexendo
1871 779 2085 815 resticulum
2099 808 2108 824 ,
2126 793 2222 815 con—

1228 839 1402 876 nexendo
1437 838 1644 874 funiculum
1665 866 1674 883 ,
1709 837 1968 874 connectendo
2004 838 2218 874 fasciculum

1227 900 1274 937 de
1306 898 1483 936 omnibus
1510 906 1547 934 et
1569 897 1724 946 singulis
1746 910 1829 946 quae
1858 897 1951 933 facta
1981 898 2219 942 referuntur,

1226 959 1273 996 de
1298 958 1433 995 humili
1459 958 1526 995 Dei
1551 958 1666 1001 Filio,
1694 957 1740 992 de
1763 970 1910 992 summo
1930 957 2051 993 Patris
2073 958 2219 1005 Unige-

1227 1020 1307 1055 nito
1321 1048 1330 1065 ‚
1353 1019 1399 1055 de
1418 1018 1674 1067 Redemptore
1694 1017 1849 1066 pissimo
1863 1046 1871 1060 ‚
1895 1016 1941 1052 de
1965 1018 2220 1053 amantissimo

166 1081 213 1117 ad
243 1081 467 1130 discipulos,
491 1082 621 1116 Sedete
649 1079 708 1114 lu‘c
732 1081 847 1114 cltmee
869 1075 995 1114 ονσιη6
1016 1091 1024 1113 ;
1045 1075 1160 1112 verba
1180 1079 1207 1112 B
1229 1079 1341 1115 fratre
1369 1086 1513 1114 nostro.
1550 1080 1732 1128 Oecugmat
1762 1076 1886 1124 itaque
1914 1077 2158 1125 spiritualiter
2185 1087 2222 1113 ct

167 1150 255 1178 sunt
285 1141 421 1178 debitae
449 1139 704 1189 subjectionis.
724 1137 873 1175 Christo
899 1137 1013 1186 igitur
1037 1135 1159 1172 adhuc

166 1210 299 1238 orante
329 1212 567 1250 nequaquam
596 1211 749 1246 surgere
777 1196 958 1233 debemus
989 1210 1057 1246 per
1089 1196 1159 1232 ali-

165 1274 277 1310 quam
308 1259 564 1296 extollentiam
581 1286 590 1304 ,
615 1257 681 1294 sed
708 1257 916 1302 humiliari,
937 1265 974 1292 et
993 1257 1030 1292 in
1049 1255 1159 1292 bonis

165 1321 361 1356 exercitari
396 1317 575 1369 operibus
608 1317 785 1353 convenit
815 1330 822 1352 :
858 1324 899 1353 ut
930 1316 1159 1365 quandoque

165 1388 251 1429 post
279 1378 469 1423 laborum,
498 1376 637 1427 quibus
663 1377 723 1412 hic
750 1376 958 1419 afficimur,
993 1375 1159 1411 toleran-

168 1440 255 1476 tiam
287 1450 501 1489 surgamuS,
530 1438 613 1473 loeo
644 1445 681 1473 et
711 1444 882 1485 tempore
911 1449 980 1472 suo
1008 1448 1160 1484 promo-

166 1498 280 1535 vendi
300 1498 347 1534 ad
364 1498 551 1534 coelestem
573 1496 743 1546 gloriam.

217 1560 253 1594 5.
282 1561 336 1594 Tu
359 1558 505 1606 itaque,
532 1556 598 1606 qui
617 1556 724 1593 sedes
746 1554 793 1591 ad
824 1567 989 1591 mensam
1009 1553 1157 1599 divitis,

165 1617 312 1654 ferculis
351 1630 435 1666 quae
472 1616 721 1666 praemisimus
748 1615 931 1665 appositis
967 1623 1002 1651 te
1037 1615 1158 1664 ipsum

164 1676 368 1726 subjiciens
403 1684 440 1712 et
480 1675 683 1712 humilians
719 1674 988 1711 incarnationis
1026 1674 1160 1710 Domi—

165 1737 258 1773 nieae
285 1744 536 1781 sacramento,
559 1749 635 1772 non
659 1735 893 1785 negligenter
914 1734 978 1770 sed
1001 1735 1161 1782 diligen-

163 1806 219 1832 ter
245 1798 393 1832 attende
418 1809 505 1844 qlcoe
531 1804 771 1843 apponuntur
794 1793 870 1829 tibi.
896 1793 1078 1837 Attende‚
1100 1794 1160 1829 in-

1224 1139 1371 1187 ingerat
1387 1150 1425 1174 se
1438 1137 1560 1186 ipsum
1577 1135 1752 1172 cordibus
1768 1136 1905 1171 nostris
1921 1136 2104 1172 Dominus
2120 1137 2222 1173 Chri-

1225 1207 1326 1244 stus,
1348 1197 1521 1247 pi·o‹litus
1537 1205 1574 1232 et
1592 1195 1767 1231 venditus
1786 1208 1806 1231 a
1824 1195 2027 1244 discipulo,
2046 1210 2065 1232 a
2083 1196 2222 1232 Judaeis

1225 1267 1402 1307 tanquam
1438 1257 1511 1293 vile
1544 1256 1771 1305 mancipium
1808 1255 1931 1305 pretio
1962 1255 2050 1292 satis
2086 1256 2222 1304 exiguo

1225 1326 1467 1367 comparatus
1480 1346 1488 1362 ,
1526 1325 1657 1366 eaptus
1671 1344 1680 1360 ‚
1715 1324 1852 1352 tractus
1885 1324 1923 1352 et
1954 1315 2108 1365 ligatus,
2140 1324 2223 1351 tan-

1225 1391 1337 1428 quam
1363 1378 1479 1414 homo
1502 1377 1581 1413 sine
1605 1375 1812 1424 adjutori03
1830 1375 1944 1411 scisso
1962 1375 2071 1410 etiam
2092 1374 2221 1412 verbe·

1227 1436 1331 1474 ribus
1354 1437 1488 1481 dorso,
1509 1435 1690 1471 vellicatis
1708 1434 1829 1483 genis,
1861 1434 1950 1469 facie
1975 1434 2093 1483 sputis
2111 1434 2220 1478 illita,

1227 1504 1368 1546 puncto
1392 1494 1575 1544 vepribus
1598 1494 1719 1543 capite
1732 1522 1740 1538 ,
1762 1493 1886 1529 saucio
1906 1493 2039 1538 latere,
2058 1492 2220 1530 terebra-

1228 1557 1273 1593 tis
1293 1555 1446 1605 palmis,
1464 1554 1700 1604 pedibusque
1720 1553 1902 1590 confossis
1928 1568 1934 1588 :
1959 1554 2022 1602 qui
2043 1562 2218 1602 tanquam

1221 1615 1428 1665 jugulatori
1445 1628 1513 1651 suo
1533 1614 1722 1658 alludens,
1740 1627 1778 1649 se
1795 1613 1915 1662 ipsum
1939 1626 2014 1648 non
2035 1614 2221 1649 reluctans

1226 1675 1420 1726 exposuit,
1437 1683 1473 1711 et
1489 1673 1632 1710 nudum
1649 1685 1788 1722 corpus
1811 1673 1915 1721 quasi
1935 1672 2106 1708 incudem
2123 1673 2221 1708 mal-

1226 1736 1410 1772 leatorum
1438 1733 1572 1771 ictibus
1594 1733 1781 1784 patienter
1805 1732 2008 1782 explicuit3
2036 1732 2124 1768 dum
2150 1746 2220 1781 pro

1226 1794 1338 1832 nobis
1358 1807 1425 1844 per
1445 1794 1555 1842 hujus
1574 1793 1660 1829 vitae
1682 1792 1834 1842 pelagus
1854 1791 1900 1828 ad
1918 1791 2074 1841 patriam
2096 1791 2141 1827 de
2160 1804 2221 1827 ex-

162 1868 275 1904 quam
290 1883 299 1899 ,
326 1862 367 1890 ut
391 1854 511 1891 diseas
533 1853 568 1889 in
592 1852 791 1889 referendo
812 1852 967 1901 gratiam
987 1864 1061 1888 non
1080 1865 1160 1887 esse
1181 1854 1207 1889 C
1227 1854 1310 1892 silio
1346 1852 1634 1896 transferendis,
1670 1850 1868 1901 rapacibus
1903 1851 2031 1900 piratis
2067 1851 2218 1886 naulum

165 1915 291 1952 tardus
322 1923 385 1951 aut
413 1914 535 1963 segnis
562 1928 569 1950 :
600 1921 641 1949 ut
669 1912 788 1949 discas
810 1911 856 1948 ad
885 1911 1030 1961 singula
1059 1911 1158 1948 dona

164 1987 274 2024 agere
306 1974 455 2023 gratias.
489 1973 665 2018 Attende‚
693 1974 868 2022 inquam,
899 1980 939 2007 ut
963 1971 1064 2007 nulla
1088 1971 1155 2008 Dei

163 2047 321 2071 munera
348 2033 473 2070 debita
499 2033 704 2084 gratiarum
731 2033 878 2068 actione
907 2032 1154 2077 frustrentur;

162 2107 241 2131 non
265 2094 438 2144 grandia,
460 2107 536 2130 non
559 2092 783 2138 mediocria,
806 2105 881 2128 non
903 2091 1060 2128 modica.
1084 2095 1157 2128 De—

164 2154 280 2203 nique
297 2152 479 2203 jubemur
496 2153 673 2203 colligere
691 2153 898 2201 fragmenta
919 2165 965 2188 ne
983 2159 1154 2200 pereant,

160 2213 199 2250 id
217 2222 286 2258 est,
304 2226 372 2250 nec
389 2214 539 2250 minima
555 2212 737 2249 beneficia
752 2211 935 2248 oblivisci.
953 2215 1154 2260 Nunquam

162 2285 238 2308 non
254 2273 351 2322 perit
367 2272 469 2322 quod
486 2273 596 2309 (latur
609 2273 768 2322 ingram.
785 2271 967 2308 Terribile
983 2279 1038 2308 est
1052 2270 1155 2320 quod

161 2333 331 2381 sequitur
347 2361 356 2378 ,
384 2333 472 2382 quia
493 2346 719 2377 onerosum,
741 2340 779 2369 et
797 2331 903 2380 quasi
924 2331 1156 2380 impossibile

160 2392 320 2428 videtur.
360 2391 432 2429 Sed
467 2391 632 2441 quibus?
662 2390 860 2435 Mollibus,
902 2390 1152 2433 effeminatis,

160 2451 323 2499 ignavis,
345 2451 382 2487 in
408 2450 546 2500 quibus
575 2450 747 2488 libertate
776 2450 1011 2500 perniciosa,
1035 2450 1155 2499 ruptis

161 2509 318 2546 habenis
347 2510 606 2555 continentiae,
635 2519 726 2546 eunt
764 2523 840 2559 quo
873 2510 1009 2545 volunt
1042 2508 1155 2545 ebriae

161 2569 498 2619 concupiscentiae,
540 2570 811 2619 temulentique
850 2569 1028 2615 affectus,
1064 2569 1153 2605 (lum

1224 1914 1388 1965 propriae
1411 1913 1540 1950 mortis
1560 1912 1734 1949 exsolvit.
1758 1911 1828 1948 Sed
1848 1924 1914 1947 nec
1936 1912 2217 1960 praetermittam

1225 1974 1435 2023 myrrham,
1455 1986 1529 2022 qua
1556 1972 1593 2008 in
1612 1985 1720 2008 cruce
1738 1979 1888 2020 potatus
1912 1979 1967 2007 est
1984 1986 1991 2007 :
2015 1970 2077 2006 scd
2097 1984 2220 2019 neque

1224 2033 1347 2078 illam,
1366 2046 1439 2082 qua
1457 2040 1591 2068 unctus
1608 2040 1663 2067 est
1680 2031 1715 2066 in
1732 2031 1977 2079 sepulturam.
1997 2034 2165 2078 Quarum
2182 2031 2218 2066 in

1224 2093 1345 2142 prima
1361 2092 1430 2129 sibi
1448 2091 1630 2142 applicuit
1648 2103 1817 2127 meorum
1835 2090 2221 2139 amaritudinempec·

1223 2161 1392 2189 catorum
1415 2167 1422 2188 :
1445 2152 1482 2188 in
1499 2150 1662 2188 secunda
1686 2151 1848 2187 futuram
1877 2151 1947 2186 mci
1970 2150 2141 2200 corporis
2158 2151 2220 2186 in-

1220 2212 1504 2262 corruptionem
1534 2210 1732 2247 (ledieavit.
1756 2213 1836 2246 lloc
1859 2217 1913 2246 cst
1932 2209 2216 2246 celeberrimum

1222 2280 1258 2308 et
1279 2272 1400 2322 regale
1421 2271 1661 2315 convivium,
1684 2270 1720 2305 in
1743 2282 1819 2318 quo
1834 2268 1925 2317 justi
1944 2269 2161 2318 epulantur,
2183 2279 2219 2305 ct

1221 2333 1410 2370 exsultant
1426 2332 1462 2367 in
1486 2338 1693 2380 conspectu
1714 2330 1804 2374 Dei,
1831 2337 1895 2365 aut
1919 2329 2154 2365 delectantur
2181 2330 2218 2365 in

1222 2392 1360 2428 laetitia.

1275 2453 1310 2489 7.
1336 2455 1475 2488 Praeter
1498 2451 1577 2486 baec
1607 2449 1734 2486 omnia
1756 2449 1865 2485 dulce
1893 2449 2127 2497 pigmentum
2149 2461 2215 2498 ap-

1222 2510 1377 2560 ponitur
1407 2509 1575 2546 invitatis
1606 2508 1651 2545 ad
1687 2506 1953 2544 laetilieandum
1992 2506 2038 2543 de
2074 2507 2215 2556 Cyprio

1221 2569 1324 2614 vino,
1338 2577 1374 2605 et
1390 2568 1563 2618 pretiosis
1577 2576 1613 2603 et
1628 2567 1851 2616 peregrinis,
1868 2566 1953 2614 quia
1973 2564 2081 2601 nobis
2095 2565 2217 2601 adbuc

163 2637 249 2677 post
279 2642 429 2665 carnem
458 2629 644 2665 carnalius
669 2638 897 2679 evagantur,
925 2629 1014 2665 dum
1041 2642 1154 2664 mun-
1170 2635 1203 2667 D
1223 2628 1426 2678 inexpertis
1440 2657 1449 2673 ‚
1466 2627 1663 2676 speciebus
1679 2625 1889 2662 eonditum.
1915 2628 2061 2666 Bonus,
2079 2625 2218 2673 inquit,

162 2687 251 2724 dum
272 2702 384 2737 supra
406 2688 558 2724 modum
583 2687 755 2724 ambiunt
774 2697 810 2724 et
836 2696 1059 2736 sequuntur,
1083 2687 1154 2724 Sed

161 2747 252 2796 quid
273 2756 329 2783 est
350 2747 439 2783 illud
460 2746 562 2796 quod
581 2746 748 2783 terribile
766 2746 962 2795 judicant?
981 2750 1061 2783 Hoc
1076 2755 1152 2791 cst,

167 2808 355 2853 Quoniam
375 2811 466 2842 talia
483 2816 625 2855 oportet
636 2816 670 2843 le
682 2820 918 2856 proeparare.
940 2809 1049 2850 Nota,
1067 2820 1156 2854 quo-

161 2872 276 2911 niam,
296 2867 563 2916 compatiendo
576 2897 584 2912 ,
604 2866 891 2903 commoriendo
912 2874 947 2901 et
968 2879 1153 2915 consepe—

162 2927 291 2964 liendo
308 2927 501 2977 teipsum,
522 2936 557 2963 ct
581 2935 726 2963 caetera.
750 2927 913 2975 Dignum
929 2934 982 2962 est
997 2926 1095 2961 enim
1116 2934 1153 2961 et

164 2986 228 3024 tibi
249 2988 406 3023 multum
424 2986 577 3036 expedit
599 2987 779 3036 compati,
799 2986 1007 3031 commori,
1026 2999 1154 3021 eonse-

164 3046 271 3096 peliri
301 3060 433 3095 passo,
458 3055 623 3092 mortuo,
644 3055 680 3082 et
700 3046 862 3095 sepulto.
889 3045 946 3082 Ad
967 3045 1036 3080 boc
1057 3045 1154 3081 enim

164 3107 354 3142 factasunt
370 3106 602 3155 hujusmodi,
622 3106 733 3141 uthis
750 3105 926 3141 omnibus
942 3106 1155 3153 configure-

165 3172 224 3200 tur
244 3173 280 3200 et
292 3165 551 3201 conformetur
568 3165 644 3201 vita
659 3165 1056 3212 cliristiani.Quienim
1077 3172 1153 3199 tau-

212 3303 220 3317 ¹
240 3297 317 3327 l‘sal.
333 3309 401 3333 cix,
425 3302 451 3328 1.
467 3317 509 3321 -ῌ
535 3304 546 3319 ²
569 3298 637 3328 lsai.
660 3310 713 3337 vi,
743 3302 769 3328 1.
788 3316 826 3319 ψ»
850 3295 862 3316 ³
883 3296 992 3327 unuh.
1014 3309 1070 3327 xix
1086 3322 1092 3332 ,
1115 3302 1167 3328 5³³.

165 3361 233 3387 xiv,
253 3354 307 3380 53⁰..
387 3357 399 3380 7
417 3351 521 3381 Galat.
539 3364 572 3388 v,
590 3354 641 3383 Ἡ.
662 3371 702 3373 A·
727 3352 739 3374 ³
760 3354 849 3382 Rom.
872 3363 921 3386 γι,
943 3354 973 3381 4.

1224 2688 1347 2735 cypri,
1377 2689 1530 2722 dilectus
1559 2700 1658 2720 [neus
1681 2685 1786 2720 milei.
1813 2684 2044 2720 Praemissum
2073 2692 2151 2719 erat
2180 2685 2216 2719 in

1222 2747 1454 2796 proximiore
1475 2746 1681 2789 versiculo,
1704 2747 1916 2780 l-'a.=‹-‹·‹·ul11.=-
1939 2745 2097 2789 myrrha*
2121 2746 2216 2778 ‹lile-

1221 2815 1296 2841 ctus
1317 2820 1416 2841 meus
1431 2806 1536 2848 mjlti,
1561 2805 1700 2840 scilicet
1720 2803 1887 2839 (lin-istus
1905 2802 2111 2838 secundum
2133 2815 2216 2838 car-

1222 2880 1305 2902 uem
1321 2881 1327 2901 :
1346 2865 1477 2901 botrus
1496 2878 1586 2900 vero
1609 2864 1722 2912 Cypri
1741 2863 1911 2898 (Iliristus
1932 2870 1985 2897 cst
2010 2861 2214 2897 secuudum

1219 2926 1407 2962 deitatem.
1433 2924 1640 2961 Fasciculus
1669 2922 1853 2971 myrrhae,
1874 2922 2040 2958 Christus
2072 2921 2106 2956 in
2128 2934 2216 2969 pas-

1223 2986 1328 3021 sione
1350 3000 1356 3020 1
1380 2984 1511 3019 botrus
1527 2984 1660 3032 (lypri,
1683 2983 1849 3019 (Iliristus
1871 2982 1906 3017 in
1929 2981 2215 3017 resurrcctioiw.

1225 3045 1436 3082 Fasciculus
1453 3044 1628 3092 myrrlia’,
1645 3043 1788 3091 grando
1813 3051 1846 3077 ct
1868 3042 2030 3077 tonitrua
2051 3041 2216 3077 judaica·

1224 3104 1476 3153 tempestatis:
1494 3104 1623 3139 botrus
1641 3103 1770 3152 Cypri,
1791 3102 1994 3138 destructio
2018 3102 2130 3136 totius
2149 3101 2215 3136 ail-

1222 3165 1394 3201 vcrsaria*
1422 3163 1630 3213 potestatis.
1656 3163 1867 3201 Fasciculus
1889 3162 2067 3209 myrrliau
2091 3162 2215 3196 multi-

2052 3314 2057 3315 ν
2080 3298 2093 3313 (“
2118 3297 2213 3324 Uati&

1199 3317 1238 3319 ᾉ
1265 3298 1277 3322 -5
1299 3298 1376 3328 l'sal.
1397 3309 1519 3331 cxxvi.
1547 3301 1575 3328 ἶ).
1607 3316 1633 3319 —
1662 3295 1674 3317 f»
1704 3297 1781 3327 Psal.
1805 3308 1946 3327 (xxxvi.
1975 3300 2001 3324 1.
