2418 3949
50 210 124 247 325
738 213 788 246 IN
817 211 1045 253 CANTICA,
1074 209 1237 244 SERMO
1266 210 1414 243 XLVII.
2025 208 2100 243 32ss

48 287 185 331 bescis,
205 299 281 323 non
305 295 361 323 est
383 288 554 335 languor.
574 289 625 323 Ut
641 298 730 335 ergo
750 298 857 322 amor
873 286 1032 334 languor
1046 283 1090 301 ¹⁰⁰
1154 283 1189 319 2.
1211 287 1355 319 Bonum
1379 292 1434 319 est
1452 284 1481 320 si
1501 284 1674 321 dicantur
1706 284 1837 330 verba,
1872 284 1936 321 sed
1956 283 2096 319 nihilo-

48 345 113 391 sit,
141 345 275 382 habeat
304 354 532 394 utrumque,
561 353 598 382 et
627 345 947 381 continuationem
967 371 977 388 ,
1002 351 1039 379 et
1058 343 1086 376 A
1106 342 1230 378 minus
1271 341 1414 378 bonum
1446 352 1500 379 est
1521 344 1549 379 si
1573 344 1786 380 scribantur
1826 343 1953 380 verba.
1984 343 2096 379 Volat

46 405 336 441 confectionem.
373 407 551 441 Nuntiate
563 432 574 448 ,
608 404 750 453 inquit,
786 407 918 439 cldecto
951 407 1038 451 qaia

45 478 174 500 amore
195 467 366 512 langueo.
381 464 452 511 Qui
472 463 511 499 in
534 463 813 499 infirmitatibus
835 470 940 505 sunt,
961 461 1036 497 lan-

45 536 182 572 guores
201 524 366 560 nuntiari
378 524 513 559 volunt
536 522 704 568 medico;
725 535 808 570 quae
825 521 1035 558 dilectionis

45 591 152 628 sunt,
167 583 286 620 amico
299 598 306 619 :
319 583 372 619 illi
387 582 537 631 quidem
548 610 557 627 ,
571 589 613 617 ut
624 590 818 626 curentur3
834 581 893 616 isti
909 587 1031 616 autem

44 649 86 677 ut
106 650 334 678 recreentur.
357 640 600 678 AEmulamini
615 667 624 684 ,
656 641 807 685 fratres,
833 639 1026 675 meliorem

43 700 143 737 hunc
177 701 392 749 languorem
411 727 421 746 ,
452 712 563 747 quern
599 700 694 735 sicut
726 698 956 735 absentantis
988 710 1026 734 se

42 758 167 794 dilecti
201 758 426 795 desiderium
457 765 557 793 creat
575 784 584 800 ,
619 757 670 792 sic
699 770 736 792 se
766 756 1026 806 praesentantis

40 815 236 852 delectatio
256 823 398 852 recreat
415 815 567 851 Domini
586 818 693 860 Jew,
710 816 836 864 sponsi
854 815 1025 852 Ecclesiae

39 882 77 910 et
96 874 228 910 animae
247 883 383 910 sanctae
396 902 406 918 ,
426 874 489 923 qui
506 873 600 909 vivit
617 881 654 909 et
672 882 802 922 regnat
818 887 885 923 per
900 874 1026 910 omnia

39 934 171 970 saecula
189 934 423 970 saeculorum.
444 937 576 970 Amen.

1103 402 1202 437 enim
1227 401 1471 438 irrevocabile
1492 402 1647 439 verbum
1663 432 1671 448 ,
1692 404 1761 440 nisi
1782 404 1922 453 scripto
1944 403 2091 451 ligetur.

1102 460 1294 509 Scriptura
1319 460 1476 497 verbum
1506 469 1541 497 et
1562 462 1693 498 stabile
1715 463 1822 508 facit,
1858 471 1894 500 et
1921 461 2088 507 visibile3

1101 519 1318 555 mandatum
1354 520 1498 568 paginae
1523 529 1740 569 reposcetur
1768 535 1852 557 cum
1873 521 1989 557 voles.
2013 522 2089 556 Bo-

1099 590 1170 613 nus
1203 578 1453 626 depositarius
1473 587 1528 615 est
1548 579 1662 624 liber,
1688 581 1832 629 integre
1856 579 1961 629 quod
1983 592 2089 615 acce—

1100 637 1195 685 perit
1230 637 1445 685 resignans:
1465 651 1547 674 cum
1578 639 1682 674 voles
1719 652 1862 684 sumes,
1896 639 1960 675 ubi
1982 639 2088 675 voles

1093 696 1209 744 leges,
1232 696 1411 745 quamdiu
1433 697 1536 732 voles
1557 697 1776 734 moraberis.
1797 699 1988 747 Scriptura
2013 710 2088 734 me-

1092 755 1220 791 moriae
1250 756 1456 804 reparatrix
1489 764 1564 801 est,
1598 757 1686 805 quia
1706 756 1812 792 verbi
1834 765 2088 805 repraesenta-

1093 813 1164 849 trix
1183 821 1251 849 est.
1285 817 1382 850 Tuto
1401 813 1505 850 verbi
1536 814 1806 850 medicamenta
1835 815 1910 851 illic
1930 814 2086 860 condis;

1090 880 1289 908 servantur
1308 873 1408 908 enim
1430 872 1555 909 illaesa.
1575 873 1612 910 Si
1633 872 1790 909 verbum
1813 873 1988 909 medendi
2012 873 2086 908 vim

1091 930 1205 967 habet
1227 945 1312 968 cum
1335 932 1493 976 dicitur,
1515 946 1581 968 cur
1596 945 1672 968 non
1694 932 1807 969 habet
1823 946 1907 969 cum
1924 932 2085 981 legitur?

1091 990 1129 1027 Si
1151 990 1251 1027 bona
1271 992 1415 1027 curatio
1432 1004 1517 1027 cum
1536 991 1650 1036 ‹licis3
1669 1005 1736 1027 cur
1755 997 1833 1027 non
1854 991 1977 1036 bona,
2000 1003 2083 1026 cum

37 1054 999 1065 '''''''''''''''''''''''''''''''''''''''''''''''
1002 1046 1071 1080 “B
1091 1048 1309 1096 legis?Non
1339 1057 1491 1085 curetur
1521 1049 1592 1085 hoc
1623 1049 1736 1085 modo
1772 1050 1931 1098 languor
1960 1061 2079 1084 meus.

263 1166 511 1223 SERMO
568 1167 800 1223 XLVII.

166 1296 272 1339 Qualis
291 1305 338 1329 est
361 1297 492 1329 dilectus
514 1305 585 1330 tuus
606 1311 644 1330 ea:
669 1298 783 1330 dilecto
797 1323 805 1338 ‚
834 1306 892 1331 etc.

341 1351 460 1383 Cantic.
484 1362 553 1394 cap.
574 1364 607 1390 v,
625 1350 663 1388 ἦ.
680 1356 711 1384 9.

427 1464 638 1478 ⁴000*—

99 1575 132 1611 1.
155 1575 287 1620 Qualis
309 1585 363 1611 est
381 1577 530 1611 dilectus
550 1584 633 1611 taus
653 1590 702 1612 az·
721 1579 878 1621 dilecto,
899 1590 918 1610 ο
932 1579 1023 1624 pul-

36 1634 216 1669 cherrima
252 1637 473 1670 mulierum?
500 1637 622 1681 qualis
652 1644 706 1670 est
735 1637 885 1670 dilectus
917 1644 1021 1679 tuus,

35 1697 214 1738 qnoniam
251 1697 305 1728 sic
334 1694 519 1738 adjurasti
550 1706 615 1727 nos
634 1696 653 1728 ‚³
685 1697 822 1742 Magno
860 1694 1023 1742 profusae

34 1749 211 1787 videntur
231 1752 365 1788 affectu
387 1751 703 1800 interrogationes
720 1753 797 1789 istae
817 1761 888 1788 tarn
908 1753 1022 1788 vehe-

1090 1110 1171 1144 Hoc
1190 1116 1245 1144 est
1267 1108 1410 1153 dicere,
1430 1109 1502 1155 Qui
1523 1109 1646 1158 primo
1664 1108 1791 1154 audit,
1818 1107 1924 1144 verbi
1941 1108 2084 1144 utilita—

1092 1174 1165 1202 tem
1189 1167 1330 1216 capiat‚
1359 1167 1405 1203 ad
1436 1176 1607 1217 posteros
1639 1175 1676 1203 et
1703 1168 1812 1216 longe
1844 1167 1988 1216 positos
2009 1178 2086 1202 non

1090 1224 1302 1274 pertingat:
1321 1225 1385 1262 ubi
1406 1226 1528 1275 primo
1542 1234 1674 1271 sonat,
1696 1226 1748 1262 ibi
1765 1226 1996 1262 suffocetur:
2014 1238 2087 1262 ex-

1090 1283 1283 1321 hauriatur
1299 1286 1422 1321 omnis
1438 1284 1520 1334 ejus
1535 1285 1781 1322 commoditas
1797 1285 1927 1322 auditu
1941 1285 2066 1334 primo
2078 1312 2087 1329 ,

1089 1351 1230 1379 aeterno
1249 1352 1444 1392 prematur
1471 1344 1633 1380 silentio.
1658 1348 1738 1381 Non
1766 1345 1905 1380 iterum
1925 1343 2033 1380 cadat
2047 1344 2085 1379 in

1090 1409 1228 1438 terram
1246 1401 1384 1439 bonam
1413 1411 1456 1439 ut
1488 1403 1648 1439 fructum
1671 1403 1788 1439 faciat.
1812 1406 1893 1439 Hoc
1916 1402 2079 1439 medica-

1089 1469 1256 1496 mentum
1269 1462 1333 1510 qui
1345 1461 1489 1510 primus
1500 1462 1697 1510 acceperit,
1713 1461 1951 1498 convalescat
1962 1473 2085 1511 aeger;

1089 1519 1264 1555 virtutem
1295 1519 1376 1568 ejus
1397 1528 1484 1569 post
1511 1520 1616 1556 illum
1643 1520 1849 1570 persentiat
1870 1520 2005 1556 nullus.
2038 1522 2081 1556 In

1092 1577 1233 1625 piscina
1249 1578 1311 1613 illa
1339 1586 1422 1627 post
1449 1591 1555 1626 aquae
1577 1586 1721 1614 motum
1748 1577 1952 1614 sanabatur
1966 1590 2084 1624 unus,

1088 1635 1152 1672 sed
1177 1636 1213 1671 in
1232 1626 1308 1672 uno
1327 1637 1391 1672 illo
1408 1637 1550 1686 signata
1571 1645 1627 1673 est
1646 1637 1806 1673 charitas
1821 1665 1830 1682 ‚
1847 1649 1924 1673 non
1951 1637 2077 1686 singu-

1088 1694 1226 1730 laritas.
1262 1697 1349 1731 Post
1376 1696 1541 1745 primum
1562 1703 1734 1732 curatum
1760 1708 1837 1731 non
1859 1704 1914 1731 est
1940 1695 2080 1732 dictum

1089 1752 1134 1789 de
1156 1754 1299 1802 piscina
1318 1754 1402 1790 illa:
1431 1754 1650 1800 Exinanite‚
1670 1755 1860 1791 exinanite
1882 1767 2002 1803 usque
2031 1754 2078 1790 ad

35 1818 189 1847 mentes.
211 1810 384 1848 Arbitror
404 1811 442 1847 in
465 1811 610 1847 filiabus
634 1813 838 1848 Jerusalem
863 1826 909 1848 ex
931 1826 1022 1848 con—
1046 1809 1072 1844 C
1092 1812 1378 1848 fundamentum
1400 1813 1436 1848 in
1454 1827 1520 1858 ea;
1543 1826 1650 1862 aquae
1676 1813 1849 1850 salutaris
1876 1826 1944 1850 nec
1970 1813 2084 1849 vesti-

34 1868 265 1906 fabulatione
287 1883 434 1920 sponsae
455 1871 665 1919 languentis
687 1871 843 1907 similem
865 1872 1022 1920 languo-

34 1939 112 1963 rem
151 1937 215 1964 aut
253 1938 418 1965 creatum
452 1938 494 1965 ut
524 1930 571 1965 sit
591 1957 600 1974 ‚
636 1938 700 1965 aut
738 1931 938 1966 excitatum
981 1939 1023 1966 ut

32 1987 178 2023 auctior
194 1988 250 2023 sit.
274 1991 319 2024 Et
339 1989 374 2024 in
394 1988 637 2037 sequentibus
656 1988 783 2024 dieunt
806 2004 812 2024 :
835 1991 916 2033 Ouo
933 1988 1024 2024 abiit

32 2046 188 2081 dilectus
212 2051 323 2083 tuns?
347 2057 383 2083 et
401 2061 608 2095 (luceremus
633 2061 712 2083 enm
739 2057 853 2082 tecum
871 2054 893 2083 ¹.
909 2047 1020 2095 Quasi

32 2102 181 2140 dicant:
201 2108 419 2152 Quaeremus
439 2115 559 2142 tecum
579 2133 588 2150 ‚
605 2106 669 2141 sed
693 2115 728 2141 et
752 2106 859 2142 nobis
879 2120 1020 2154 quaere-

33 2173 139 2206 mus,
166 2163 230 2198 illo
263 2171 384 2199 tecum
416 2164 487 2198 srui
523 2163 706 2198 volentes.
742 2164 912 2212 Denique
943 2176 1018 2199 non

30 2218 180 2265 dicunt,
196 2223 413 2267 Quaeremus
432 2220 498 2256 tibi
515 2236 524 2265 ;
545 2221 630 2264 sed,
650 2234 855 2267 quaeremus
877 2231 992 2256 tecum
1005 2250 1015 2265 ‚

29 2278 266 2327 participium
289 2279 517 2315 inventionis
540 2278 659 2314 beatae
686 2287 858 2328 optantes
879 2288 914 2315 et
934 2279 1015 2315 sibi.

30 2337 163 2383 Magna
183 2336 370 2385 utrimque
387 2337 575 2372 humilitas
589 2365 599 2381 ,
622 2344 658 2371 et
683 2335 721 2371 in
745 2349 884 2386 sponsa
900 2366 909 2382 ,
926 2345 959 2372 et
982 2337 1017 2373 in

30 2393 175 2430 filiabus
206 2395 422 2431 Jerusalem.
453 2396 521 2431 Illa
552 2408 590 2431 se
623 2402 729 2443 rogat
763 2395 1019 2431 commendari

29 2464 169 2501 sponso
189 2468 196 2490 :
219 2454 297 2490 istae
322 2468 360 2490 se
384 2454 518 2490 instrui
542 2463 674 2502 rogant
701 2454 747 2490 de
772 2467 932 2504 sponso;
952 2468 1019 2490 nec

29 2511 247 2559 simpliciter
273 2527 280 2548 :
308 2512 372 2548 sed
403 2513 487 2556 illa,
523 2525 606 2548 cum
638 2513 899 2562 adjuratione3
933 2514 1017 2558 hae,

1087 1871 1187 1919 giuni
1217 1880 1376 1907 maneat.
1402 1875 1528 1908 Bonus
1561 1885 1667 1920 aquae
1698 1880 1844 1917 motus,
1877 1872 2082 1922 disputatio

1087 1938 1123 1965 ct
1147 1930 1347 1979 exagitatio
1370 1943 1485 1967 sacrae
1513 1931 1670 1980 paginae.
1693 1934 1793 1967 Bene
1818 1931 1918 1967 enim
1946 1944 2080 1967 move—

1089 1997 1149 2024 tur
1164 2016 1174 2033 ,
1204 2001 1287 2024 cum
1317 1989 1496 2038 prudenti
1516 1989 1759 2025 ventilatione
1779 1989 1826 2025 ad
1846 1989 2080 2038 spiritualem

1088 2054 1335 2095 promovetur
1361 2047 1590 2083 intellectum
1609 2061 1615 2082 :
1634 2046 1731 2083 bene
1759 2048 1859 2083 enim
1883 2056 2078 2094 movetur,

1087 2117 1170 2139 cum
1193 2104 1272 2152 ejus
1289 2104 1520 2141 discussione
1535 2105 1685 2141 auditor
1697 2114 1958 2154 promovetur.
1974 2107 2077 2144 Sicut

1085 2161 1422 2206 medicamentum,
1456 2164 1508 2199 sic
1528 2171 1564 2198 et
1600 2163 1705 2199 cibus
1739 2172 1795 2199 est
1827 2164 1998 2200 verbum.
2034 2168 2079 2201 Et

1083 2220 1276 2269 quomodo
1307 2221 1451 2266 dicitis,
1483 2221 1588 2257 cibus
1616 2234 1728 2269 quem
1761 2235 1830 2258 vos
1863 2223 2074 2271 operamini

1084 2287 1235 2327 pereat,
1270 2291 1345 2314 non
1379 2280 1718 2328 permaneamsed
1750 2289 1874 2317 tamen
1908 2294 1986 2317 non
2025 2289 2081 2317 est

1085 2337 1221 2385 passim
1238 2336 1414 2372 omnibus
1436 2338 1513 2373 liaec
1540 2338 1794 2386 permittenda
1814 2339 1982 2385 licentia;
2005 2353 2074 2376 nec

1085 2408 1191 2444 aquae
1209 2404 1334 2431 motus
1353 2396 1530 2440 sanabat,
1552 2397 1621 2432 nisi
1641 2410 1726 2433 cum
1743 2399 1897 2447 angelus
1916 2399 2077 2436 ‹lescen—

1085 2454 1178 2490 ‹lens
1211 2462 1382 2504 tempore
1402 2467 1471 2490 suo
1492 2455 1670 2491 movisset
1692 2455 1811 2491 eam3.
1845 2457 1911 2493 Ille
1947 2457 2076 2507 utique

1087 2513 1258 2562 angelus,
1284 2511 1390 2561 cujus
1417 2513 1514 2549 labia
1543 2514 1760 2550 custodiunt
1791 2515 2003 2562 scientiam,
2031 2530 2076 2552 ex

29 2581 113 2605 cum
139 2570 441 2618 ingeminatione.
476 2575 558 2607 lNon
584 2580 639 2607 est
663 2572 763 2608 enim
788 2572 920 2608 leviter
941 2586 1009 2608 ro—
1026 2575 1058 2608 D
1078 2571 1184 2620 cujus
1215 2585 1280 2608 ore
1308 2581 1363 2607 est
1391 2573 1624 2621 exquirenda
1658 2574 1748 2621 legis
1775 2574 1942 2610 scientia.
1976 2579 2076 2624 Ergo

30 2628 172 2676 gantis,
197 2629 254 2664 vel
284 2630 385 2678 quod
413 2630 476 2666 illa
509 2630 682 2678 adjurat,
708 2631 767 2667 vel
802 2630 905 2679 quod
938 2631 1016 2667 istae.

30 2686 272 2734 ingeminant.
299 2690 431 2733 Qualis
450 2698 524 2732 est,
545 2690 742 2737 inquiunt,
764 2692 916 2725 Allectus
935 2699 1015 2725 tuus

30 2758 79 2779 ex
95 2747 224 2781 (lile-ceo
240 2774 250 2789 ,
269 2760 289 2781 0
299 2748 551 2793 pulcherrima
576 2751 799 2784 mulierum?
819 2751 942 2796 qualis
963 2758 1015 2784 est

31 2805 185 2839 dilectus
207 2813 287 2840 etms
313 2819 361 2840 ear
384 2808 538 2849 (ldecto,
562 2811 731 2854 quoniam
760 2809 810 2842 sic
834 2808 1015 2852 (affuraui

32 2865 126 2897 llo-51²
148 2863 296 2899 Utiliter
322 2863 501 2912 adjurata:
525 2873 632 2910 sunt,
654 2878 737 2913 quae
766 2866 817 2901 sic
844 2865 1015 2901 animatae

31 2929 129 2957 sunt.
148 2925 230 2958 Non
250 2931 306 2959 est
324 2923 454 2971 exigua
475 2932 610 2959 sanctae
629 2924 840 2960 collationis
862 2925 1011 2960 utilitas.

35 2979 196 3016 Verbum
217 2989 290 3026 est,
312 2990 348 3017 et
368 2996 444 3030 quo
468 2983 656 3019 charitatis
679 2984 838 3032 languor
854 2997 1013 3032 genera·

35 3046 106 3084 tur,
121 3046 157 3075 et
176 3052 252 3087 quo
276 3039 499 3077 infirmitatis
519 3048 682 3077 curatur.
704 3042 817 3078 lN'ovit
837 3042 1016 3079 Centurio

33 3097 107 3133 vim
138 3098 309 3134 medendi
339 3099 523 3136 efficacem
554 3101 592 3136 in
621 3100 761 3145 vcrbo;
791 3101 876 3136 idco
903 3100 1014 3136 dicit:

36 3158 104 3190 ΙΝ(
121 3165 261 3192 tantum
282 3158 392 3193 verbo
405 3165 430 3194 ².

87 3286 93 3298 ¹
114 3281 228 3310 Cautio.
246 3293 274 3315 v,
297 3284 344 3311 17.
383 3301 399 3305 κ
419 3289 429 3303 ⁷
448 3283 556 3314 nauh.
580 3289 713 3321 ‹111‚⁸.
743 3304 747 3305 ⁷

799 3283 958 3318 ‘Juan.x‚
979 3288 1045 3314 ’,ἒ-Ἄ.

1082 2630 1208 2679 (quod
1242 2630 1393 2678 quidem
1425 2630 1616 2666 fatendum
1651 2631 1720 2679 cst)
1755 2644 1891 2681 magna
1923 2633 2074 2669 texendi

1079 2688 1183 2725 verbi
1204 2689 1375 2725 salutaris
1391 2689 1527 2724 utilitas
1546 2704 1552 2724 :
1569 2689 1634 2725 sed
1650 2703 1734 2725 cum
1758 2690 1866 2725 alicui
1889 2691 1958 2726 lioc
1978 2705 2074 2741 opus

1080 2748 1331 2798 permittitur,
1350 2747 1407 2782 vel
1430 2748 1545 2796 magis
1564 2761 1648 2783 cum
1667 2748 1828 2797 exigitur
1842 2749 1889 2785 ab
1906 2762 1963 2786 eo,
1984 2751 2074 2787 Ideo

1083 2820 1158 2843 non
1198 2806 1347 2842 videtur
1382 2815 1596 2843 nostrorum
1633 2807 1892 2858 redarguenda
1928 2810 2071 2846 cautela

1083 2865 1268 2914 majorum
1288 2868 1386 2913 (quae
1400 2865 1712 2914 superabundans
1731 2880 1805 2902 non
1824 2868 1967 2916 nocet),
1990 2883 2073 2918 quae

1082 2924 1307 2973 generaliter
1323 2924 1483 2972 imponit
1509 2925 1697 2960 silentium
1715 2939 1723 2961 ε
1739 2938 1785 2961 ne
1806 2926 1992 2974 aliquibus
2007 2928 2074 2963 uti-

1082 2983 1164 3018 liter
1185 2983 1328 3018 iudulta
1350 2983 1513 3027 licentia,
1534 2983 1614 3019 aliis
1632 2985 1937 3034 praesumptionis
1960 2995 2076 3023 teme-

1083 3042 1188 3077 rariae
1218 3041 1433 3078 scandalum
1468 3043 1549 3087 liat,
1580 3043 1689 3078 simul
1724 3056 1769 3079 ne
1801 3044 1886 3092 quis
1919 3044 2008 3080 dum
2038 3046 2073 3081 in

1084 3113 1197 3136 onere
1226 3099 1294 3135 sibi
1317 3113 1391 3137 non
1420 3101 1597 3150 imposito
1618 3110 1847 3150 occupatur,
1867 3103 2008 3139 otietur
2028 3102 2074 3139 ab

1086 3159 1273 3209 imposito.
