<?xml version="1.0" encoding="UTF-8"?>
<!DOCTYPE html PUBLIC "-//W3C//DTD XHTML 1.0 Transitional//EN"
    "http://www.w3.org/TR/xhtml1/DTD/xhtml1-transitional.dtd">
<html xmlns="http://www.w3.org/1999/xhtml" xml:lang="en" lang="en">
 <head>
  <title>
</title>
<meta http-equiv="Content-Type" content="text/html;charset=utf-8" />
  <meta name='ocr-system' content='tesseract 3.04.00' />
  <meta name='ocr-capabilities' content='ocr_page ocr_carea ocr_par ocr_line ocrx_word'/>
</head>
<body>
  <div class='ocr_page' id='page_1' title='image "./operaomniapostho05bern/operaomniapostho05bern_0075.png"; bbox 0 0 2418 3949; ppageno 0'>
   <div class='ocr_carea' id='block_1_1' title="bbox 100 144 170 180">
    <p class='ocr_par' dir='ltr' id='par_1_1' title="bbox 100 144 170 180">
     <span class='ocr_line' id='line_1_1' title="bbox 100 144 170 180; baseline -0.014 0"><span class='ocrx_word' id='word_1_1' title='bbox 100 144 170 180; x_wconf 86' lang='lat'>137</span> 
     </span>
    </p>
   </div>
   <div class='ocr_carea' id='block_1_2' title="bbox 816 140 1422 181">
    <p class='ocr_par' dir='ltr' id='par_1_2' title="bbox 816 140 1422 181">
     <span class='ocr_line' id='line_1_2' title="bbox 816 140 1422 181; baseline -0.005 -5"><span class='ocrx_word' id='word_1_2' title='bbox 816 143 863 176; x_wconf 80' lang='lat' dir='ltr'>IN</span> <span class='ocrx_word' id='word_1_3' title='bbox 893 141 1116 181; x_wconf 67' lang='lat' dir='ltr'>CANTICA,</span> <span class='ocrx_word' id='word_1_4' title='bbox 1146 140 1308 174; x_wconf 78' lang='lat' dir='ltr'>SERMO</span> <span class='ocrx_word' id='word_1_5' title='bbox 1337 140 1422 174; x_wconf 83' lang='lat' dir='ltr'>XX.</span> 
     </span>
    </p>
   </div>
   <div class='ocr_carea' id='block_1_3' title="bbox 2072 134 2142 168">
    <p class='ocr_par' dir='ltr' id='par_1_3' title="bbox 2072 134 2142 168">
     <span class='ocr_line' id='line_1_3' title="bbox 2072 134 2142 168; baseline 0 0"><span class='ocrx_word' id='word_1_6' title='bbox 2072 134 2142 168; x_wconf 80' lang='lat'>138</span> 
     </span>
    </p>
   </div>
   <div class='ocr_carea' id='block_1_4' title="bbox 97 210 2144 325">
    <p class='ocr_par' dir='ltr' id='par_1_4' title="bbox 97 210 2144 325">
     <span class='ocr_line' id='line_1_4' title="bbox 97 210 2144 264; baseline -0.006 -8"><span class='ocrx_word' id='word_1_7' title='bbox 97 226 333 264; x_wconf 87' lang='lat' dir='ltr'>consternat,</span> <span class='ocrx_word' id='word_1_8' title='bbox 355 217 513 254; x_wconf 79' lang='lat' dir='ltr'>charitas</span> <span class='ocrx_word' id='word_1_9' title='bbox 542 216 687 253; x_wconf 87' lang='lat' dir='ltr'>vestiat.</span> <span class='ocrx_word' id='word_1_10' title='bbox 709 216 828 253; x_wconf 91' lang='lat' dir='ltr'>Vestis</span> <span class='ocrx_word' id='word_1_11' title='bbox 852 215 932 251; x_wconf 84' lang='lat' dir='ltr'>haec</span> <span class='ocrx_word' id='word_1_12' title='bbox 968 222 1022 251; x_wconf 90' lang='lat' dir='ltr'>est</span> <span class='ocrx_word' id='word_1_13' title='bbox 1053 221 1091 249; x_wconf 89' lang='lat' dir='ltr'>et</span> <span class='ocrx_word' id='word_1_14' title='bbox 1106 213 1132 230; x_wconf 75' lang='lat'>⁶¹</span> <span class='ocrx_word' id='word_1_15' title='bbox 1156 214 1328 250; x_wconf 88' lang='lat' dir='ltr'>seriorem</span> <span class='ocrx_word' id='word_1_16' title='bbox 1346 214 1447 249; x_wconf 90' lang='lat' dir='ltr'>Sion.</span> <span class='ocrx_word' id='word_1_17' title='bbox 1471 215 1546 248; x_wconf 56' lang='lat' dir='ltr'>§ec</span> <span class='ocrx_word' id='word_1_18' title='bbox 1563 212 1662 247; x_wconf 88' lang='lat' dir='ltr'>enim</span> <span class='ocrx_word' id='word_1_19' title='bbox 1686 210 1841 259; x_wconf 89' lang='lat' dir='ltr'>dignum</span> <span class='ocrx_word' id='word_1_20' title='bbox 1863 217 1927 245; x_wconf 88' lang='lat' dir='ltr'>aut</span> <span class='ocrx_word' id='word_1_21' title='bbox 1945 218 2144 245; x_wconf 87' lang='lat' dir='ltr'>consenta-</span> 
     </span>
     <span class='ocr_line' id='line_1_5' title="bbox 97 266 2136 325; baseline -0.005 -11"><span class='ocrx_word' id='word_1_22' title='bbox 97 286 360 314; x_wconf 88' lang='lat' dir='ltr'>ornamentum</span> <span class='ocrx_word' id='word_1_23' title='bbox 384 275 564 325; x_wconf 88' lang='lat' dir='ltr'>nuptiale.</span> <span class='ocrx_word' id='word_1_24' title='bbox 584 279 676 322; x_wconf 84' lang='lat' dir='ltr'>Quae</span> <span class='ocrx_word' id='word_1_25' title='bbox 693 274 723 310; x_wconf 92' lang='lat' dir='ltr'>si</span> <span class='ocrx_word' id='word_1_26' title='bbox 742 288 762 310; x_wconf 89' lang='lat' dir='ltr'>a</span> <span class='ocrx_word' id='word_1_27' title='bbox 786 274 944 323; x_wconf 81' lang='lat' dir='ltr'>nuptiali</span> <span class='ocrx_word' id='word_1_28' title='bbox 963 273 1081 320; x_wconf 84' lang='lat' dir='ltr'>exigi·</span> <span class='ocrx_word' id='word_1_29' title='bbox 1098 274 1130 307; x_wconf 81' lang='lat' dir='ltr'>A</span> <span class='ocrx_word' id='word_1_30' title='bbox 1149 285 1261 308; x_wconf 88' lang='lat' dir='ltr'>neum</span> <span class='ocrx_word' id='word_1_31' title='bbox 1281 271 1454 316; x_wconf 73' lang='lat' dir='ltr'>videtur,</span> <span class='ocrx_word' id='word_1_32' title='bbox 1473 278 1514 306; x_wconf 89' lang='lat' dir='ltr'>ut</span> <span class='ocrx_word' id='word_1_33' title='bbox 1536 270 1618 305; x_wconf 85' lang='lat' dir='ltr'>liliae</span> <span class='ocrx_word' id='word_1_34' title='bbox 1635 270 1723 306; x_wconf 87' lang='lat' dir='ltr'>Sion</span> <span class='ocrx_word' id='word_1_35' title='bbox 1745 267 1986 318; x_wconf 78' lang='lat' dir='ltr'>egrediantur</span> <span class='ocrx_word' id='word_1_36' title='bbox 2005 266 2051 303; x_wconf 90' lang='lat' dir='ltr'>de</span> <span class='ocrx_word' id='word_1_37' title='bbox 2070 281 2112 304; x_wconf 90' lang='lat' dir='ltr'>ea</span> <span class='ocrx_word' id='word_1_38' title='bbox 2126 296 2136 313; x_wconf 92' lang='lat'>‚</span> 
     </span>
    </p>
   </div>
   <div class='ocr_carea' id='block_1_5' title="bbox 96 333 1086 973">
    <p class='ocr_par' dir='ltr' id='par_1_5' title="bbox 96 333 1086 973">
     <span class='ocr_line' id='line_1_6' title="bbox 98 333 1084 384; baseline -0.007 -10"><span class='ocrx_word' id='word_1_39' title='bbox 98 346 159 373; x_wconf 86' lang='lat' dir='ltr'>tur</span> <span class='ocrx_word' id='word_1_40' title='bbox 181 337 359 382; x_wconf 85' lang='lat' dir='ltr'>conviva,</span> <span class='ocrx_word' id='word_1_41' title='bbox 380 343 522 384; x_wconf 87' lang='lat' dir='ltr'>quanto</span> <span class='ocrx_word' id='word_1_42' title='bbox 545 335 660 383; x_wconf 88' lang='lat' dir='ltr'>magis</span> <span class='ocrx_word' id='word_1_43' title='bbox 682 347 703 369; x_wconf 94' lang='lat' dir='ltr'>a</span> <span class='ocrx_word' id='word_1_44' title='bbox 722 335 862 382; x_wconf 80' lang='lat' dir='ltr'>nupta?</span> <span class='ocrx_word' id='word_1_45' title='bbox 882 333 967 370; x_wconf 83' lang='lat' dir='ltr'>Sola</span> <span class='ocrx_word' id='word_1_46' title='bbox 986 345 1084 381; x_wconf 85' lang='lat' dir='ltr'>prae-</span> 
     </span>
     <span class='ocr_line' id='line_1_7' title="bbox 97 393 1084 445; baseline -0.007 -12"><span class='ocrx_word' id='word_1_47' title='bbox 97 409 282 445; x_wconf 88' lang='lat' dir='ltr'>occupare</span> <span class='ocrx_word' id='word_1_48' title='bbox 299 394 539 445; x_wconf 83' lang='lat' dir='ltr'>etpossidere</span> <span class='ocrx_word' id='word_1_49' title='bbox 556 394 636 429; x_wconf 80' lang='lat' dir='ltr'>vult</span> <span class='ocrx_word' id='word_1_50' title='bbox 650 405 779 429; x_wconf 84' lang='lat' dir='ltr'>omnes</span> <span class='ocrx_word' id='word_1_51' title='bbox 801 393 935 428; x_wconf 90' lang='lat' dir='ltr'>mentis</span> <span class='ocrx_word' id='word_1_52' title='bbox 951 399 1084 427; x_wconf 81' lang='lat' dir='ltr'>vestrae</span> 
     </span>
     <span class='ocr_line' id='line_1_8' title="bbox 98 452 1085 501; baseline -0.006 -10"><span class='ocrx_word' id='word_1_53' title='bbox 98 468 274 492; x_wconf 78' lang='lat' dir='ltr'><strong>recessus.</strong></span> <span class='ocrx_word' id='word_1_54' title='bbox 296 454 418 492; x_wconf 75' lang='lat' dir='ltr'>Nolite</span> <span class='ocrx_word' id='word_1_55' title='bbox 435 454 518 489; x_wconf 89' lang='lat' dir='ltr'>illos</span> <span class='ocrx_word' id='word_1_56' title='bbox 535 452 708 501; x_wconf 76' lang='lat' dir='ltr'>degeneri</span> <span class='ocrx_word' id='word_1_57' title='bbox 726 461 762 488; x_wconf 89' lang='lat' dir='ltr'>et</span> <span class='ocrx_word' id='word_1_58' title='bbox 776 453 900 487; x_wconf 90' lang='lat' dir='ltr'>alieno</span> <span class='ocrx_word' id='word_1_59' title='bbox 917 463 1085 486; x_wconf 87' lang='lat' dir='ltr'>commu-</span> 
     </span>
     <span class='ocr_line' id='line_1_9' title="bbox 97 510 1085 561; baseline -0.007 -10"><span class='ocrx_word' id='word_1_60' title='bbox 97 515 222 551; x_wconf 91' lang='lat' dir='ltr'>nicare</span> <span class='ocrx_word' id='word_1_61' title='bbox 247 514 410 551; x_wconf 83' lang='lat' dir='ltr'>affectui.</span> <span class='ocrx_word' id='word_1_62' title='bbox 438 513 552 550; x_wconf 84' lang='lat' dir='ltr'>Molle</span> <span class='ocrx_word' id='word_1_63' title='bbox 571 512 721 561; x_wconf 86' lang='lat' dir='ltr'>quidem</span> <span class='ocrx_word' id='word_1_64' title='bbox 744 520 780 547; x_wconf 90' lang='lat' dir='ltr'>et</span> <span class='ocrx_word' id='word_1_65' title='bbox 807 510 1007 546; x_wconf 82' lang='lat' dir='ltr'>delicatum</span> <span class='ocrx_word' id='word_1_66' title='bbox 1030 517 1085 545; x_wconf 91' lang='lat' dir='ltr'>est</span> 
     </span>
     <span class='ocr_line' id='line_1_10' title="bbox 97 569 1082 616; baseline -0.006 -6"><span class='ocrx_word' id='word_1_67' title='bbox 97 582 254 610; x_wconf 90' lang='lat' dir='ltr'>stratum</span> <span class='ocrx_word' id='word_1_68' title='bbox 283 572 471 609; x_wconf 87' lang='lat' dir='ltr'>charitatis</span> <span class='ocrx_word' id='word_1_69' title='bbox 487 599 496 616; x_wconf 92' lang='lat'>‚</span> <span class='ocrx_word' id='word_1_70' title='bbox 531 572 690 607; x_wconf 88' lang='lat' dir='ltr'>molesto</span> <span class='ocrx_word' id='word_1_71' title='bbox 725 583 770 606; x_wconf 84' lang='lat' dir='ltr'>ne</span> <span class='ocrx_word' id='word_1_72' title='bbox 810 569 856 605; x_wconf 89' lang='lat' dir='ltr'>ad</span> <span class='ocrx_word' id='word_1_73' title='bbox 891 569 1082 605; x_wconf 90' lang='lat' dir='ltr'>modicum</span> 
     </span>
     <span class='ocr_line' id='line_1_11' title="bbox 97 629 1079 681; baseline -0.004 -14"><span class='ocrx_word' id='word_1_74' title='bbox 97 631 250 681; x_wconf 87' lang='lat' dir='ltr'>quidem</span> <span class='ocrx_word' id='word_1_75' title='bbox 286 631 367 666; x_wconf 86' lang='lat' dir='ltr'>vult</span> <span class='ocrx_word' id='word_1_76' title='bbox 393 638 494 665; x_wconf 88' lang='lat' dir='ltr'>metu</span> <span class='ocrx_word' id='word_1_77' title='bbox 529 629 754 665; x_wconf 86' lang='lat' dir='ltr'>contristari.</span> <span class='ocrx_word' id='word_1_78' title='bbox 791 629 1079 676; x_wconf 76' lang='lat' dir='ltr'>Proplerfillas,</span> 
     </span>
     <span class='ocr_line' id='line_1_12' title="bbox 96 687 1082 739; baseline -0.004 -13"><span class='ocrx_word' id='word_1_79' title='bbox 96 690 236 739; x_wconf 86' lang='lat' dir='ltr'>inquit,</span> <span class='ocrx_word' id='word_1_80' title='bbox 265 691 484 724; x_wconf 78' lang='lat' dir='ltr'><em>Jerusalem.</em></span> <span class='ocrx_word' id='word_1_81' title='bbox 523 692 613 724; x_wconf 85' lang='lat' dir='ltr'>Jure</span> <span class='ocrx_word' id='word_1_82' title='bbox 644 687 796 736; x_wconf 85' lang='lat' dir='ltr'>quidem</span> <span class='ocrx_word' id='word_1_83' title='bbox 830 703 838 724; x_wconf 89' lang='lat'>:</span> <span class='ocrx_word' id='word_1_84' title='bbox 876 700 951 737; x_wconf 83' lang='lat' dir='ltr'>pax</span> <span class='ocrx_word' id='word_1_85' title='bbox 983 688 1082 723; x_wconf 88' lang='lat' dir='ltr'>enim</span> 
     </span>
     <span class='ocr_line' id='line_1_13' title="bbox 98 746 1084 796; baseline -0.001 -12"><span class='ocrx_word' id='word_1_86' title='bbox 98 749 214 785; x_wconf 88' lang='lat' dir='ltr'>multa</span> <span class='ocrx_word' id='word_1_87' title='bbox 235 747 476 796; x_wconf 77' lang='lat' dir='ltr'>diligentibus</span> <span class='ocrx_word' id='word_1_88' title='bbox 492 747 610 795; x_wconf 86' lang='lat' dir='ltr'>legem</span> <span class='ocrx_word' id='word_1_89' title='bbox 636 755 735 782; x_wconf 88' lang='lat' dir='ltr'>tuam</span> <span class='ocrx_word' id='word_1_90' title='bbox 759 753 784 783; x_wconf 67' lang='lat'>².</span> <span class='ocrx_word' id='word_1_91' title='bbox 806 748 842 784; x_wconf 87' lang='lat' dir='ltr'>Si</span> <span class='ocrx_word' id='word_1_92' title='bbox 861 747 944 796; x_wconf 89' lang='lat' dir='ltr'>quis</span> <span class='ocrx_word' id='word_1_93' title='bbox 964 746 1009 783; x_wconf 90' lang='lat' dir='ltr'>de</span> <span class='ocrx_word' id='word_1_94' title='bbox 1029 747 1084 783; x_wconf 91' lang='lat' dir='ltr'>in-</span> 
     </span>
     <span class='ocr_line' id='line_1_14' title="bbox 97 806 1084 856; baseline -0.002 -13"><span class='ocrx_word' id='word_1_95' title='bbox 97 807 202 843; x_wconf 89' lang='lat' dir='ltr'>dulta</span> <span class='ocrx_word' id='word_1_96' title='bbox 222 807 404 856; x_wconf 86' lang='lat' dir='ltr'>gloriatur</span> <span class='ocrx_word' id='word_1_97' title='bbox 436 806 577 855; x_wconf 81' lang='lat' dir='ltr'>gratia,</span> <span class='ocrx_word' id='word_1_98' title='bbox 610 813 753 854; x_wconf 87' lang='lat' dir='ltr'>quanto</span> <span class='ocrx_word' id='word_1_99' title='bbox 779 807 896 854; x_wconf 81' lang='lat' dir='ltr'>inagis</span> <span class='ocrx_word' id='word_1_100' title='bbox 927 814 964 841; x_wconf 89' lang='lat' dir='ltr'>et</span> <span class='ocrx_word' id='word_1_101' title='bbox 994 807 1084 842; x_wconf 79' lang='lat' dir='ltr'>vos?</span> 
     </span>
     <span class='ocr_line' id='line_1_15' title="bbox 96 865 1085 914; baseline -0.002 -11"><span class='ocrx_word' id='word_1_102' title='bbox 96 879 180 903; x_wconf 86' lang='lat' dir='ltr'>nam</span> <span class='ocrx_word' id='word_1_103' title='bbox 201 867 270 903; x_wconf 86' lang='lat' dir='ltr'>etsi</span> <span class='ocrx_word' id='word_1_104' title='bbox 293 874 438 902; x_wconf 91' lang='lat' dir='ltr'>constat</span> <span class='ocrx_word' id='word_1_105' title='bbox 454 865 703 914; x_wconf 81' lang='lat' dir='ltr'>spiritualium</span> <span class='ocrx_word' id='word_1_106' title='bbox 725 865 912 901; x_wconf 89' lang='lat' dir='ltr'>donorum</span> <span class='ocrx_word' id='word_1_107' title='bbox 934 878 1085 914; x_wconf 81' lang='lat' dir='ltr'>magnas</span> 
     </span>
     <span class='ocr_line' id='line_1_16' title="bbox 97 924 1086 973; baseline -0.003 -11"><span class='ocrx_word' id='word_1_108' title='bbox 97 939 176 962; x_wconf 88' lang='lat' dir='ltr'>esse</span> <span class='ocrx_word' id='word_1_109' title='bbox 199 925 367 970; x_wconf 79' lang='lat' dir='ltr'>divitias,</span> <span class='ocrx_word' id='word_1_110' title='bbox 393 924 457 961; x_wconf 89' lang='lat' dir='ltr'>sed</span> <span class='ocrx_word' id='word_1_111' title='bbox 478 924 637 960; x_wconf 85' lang='lat' dir='ltr'>charitas</span> <span class='ocrx_word' id='word_1_112' title='bbox 661 936 898 973; x_wconf 87' lang='lat' dir='ltr'>supergressa</span> <span class='ocrx_word' id='word_1_113' title='bbox 922 932 977 959; x_wconf 89' lang='lat' dir='ltr'>est</span> <span class='ocrx_word' id='word_1_114' title='bbox 998 924 1086 960; x_wconf 85' lang='lat' dir='ltr'>uni—</span> 
     </span>
    </p>
   </div>
   <div class='ocr_carea' id='block_1_6' title="bbox 1149 325 2146 960">
    <p class='ocr_par' dir='ltr' id='par_1_6' title="bbox 1149 325 2146 960">
     <span class='ocr_line' id='line_1_17' title="bbox 1150 325 2139 380; baseline -0.004 -13"><span class='ocrx_word' id='word_1_115' title='bbox 1150 331 1357 380; x_wconf 84' lang='lat' dir='ltr'>praesertim</span> <span class='ocrx_word' id='word_1_116' title='bbox 1375 330 1420 368; x_wconf 88' lang='lat' dir='ltr'>ad</span> <span class='ocrx_word' id='word_1_117' title='bbox 1436 328 1641 365; x_wconf 75' lang='lat' dir='ltr'>videndum</span> <span class='ocrx_word' id='word_1_118' title='bbox 1660 329 1783 377; x_wconf 84' lang='lat' dir='ltr'>ipsum</span> <span class='ocrx_word' id='word_1_119' title='bbox 1798 355 1806 373; x_wconf 85' lang='lat'>‚</span> <span class='ocrx_word' id='word_1_120' title='bbox 1836 326 1943 375; x_wconf 89' lang='lat' dir='ltr'>cujus</span> <span class='ocrx_word' id='word_1_121' title='bbox 1959 325 2139 363; x_wconf 86' lang='lat' dir='ltr'>hahitatio</span> 
     </span>
     <span class='ocr_line' id='line_1_18' title="bbox 1149 385 2141 436; baseline -0.005 -11"><span class='ocrx_word' id='word_1_122' title='bbox 1149 391 1186 425; x_wconf 93' lang='lat' dir='ltr'>in</span> <span class='ocrx_word' id='word_1_123' title='bbox 1203 390 1311 434; x_wconf 86' lang='lat' dir='ltr'>Sion,</span> <span class='ocrx_word' id='word_1_124' title='bbox 1329 397 1366 424; x_wconf 89' lang='lat' dir='ltr'>et</span> <span class='ocrx_word' id='word_1_125' title='bbox 1389 388 1452 436; x_wconf 82' lang='lat' dir='ltr'>qui</span> <span class='ocrx_word' id='word_1_126' title='bbox 1475 396 1583 423; x_wconf 89' lang='lat' dir='ltr'>natus</span> <span class='ocrx_word' id='word_1_127' title='bbox 1603 395 1658 423; x_wconf 89' lang='lat' dir='ltr'>est</span> <span class='ocrx_word' id='word_1_128' title='bbox 1680 387 1717 422; x_wconf 89' lang='lat' dir='ltr'>in</span> <span class='ocrx_word' id='word_1_129' title='bbox 1739 400 1781 422; x_wconf 89' lang='lat' dir='ltr'>ea</span> <span class='ocrx_word' id='word_1_130' title='bbox 1800 386 1826 421; x_wconf 65' lang='lat'>4.</span> <span class='ocrx_word' id='word_1_131' title='bbox 1848 385 2000 421; x_wconf 83' lang='lat' dir='ltr'>Memini</span> <span class='ocrx_word' id='word_1_132' title='bbox 2021 385 2141 421; x_wconf 86' lang='lat' dir='ltr'>diser-</span> 
     </span>
     <span class='ocr_line' id='line_1_19' title="bbox 1150 445 2140 495; baseline -0.004 -10"><span class='ocrx_word' id='word_1_133' title='bbox 1150 457 1228 485; x_wconf 87' lang='lat' dir='ltr'>tum</span> <span class='ocrx_word' id='word_1_134' title='bbox 1245 457 1282 484; x_wconf 90' lang='lat' dir='ltr'>et</span> <span class='ocrx_word' id='word_1_135' title='bbox 1300 447 1489 484; x_wconf 85' lang='lat' dir='ltr'>eruditum</span> <span class='ocrx_word' id='word_1_136' title='bbox 1510 446 1710 495; x_wconf 82' lang='lat' dir='ltr'>quemdam</span> <span class='ocrx_word' id='word_1_137' title='bbox 1740 445 1861 481; x_wconf 63' lang='lat' dir='ltr'>virum</span> <span class='ocrx_word' id='word_1_138' title='bbox 1878 473 1887 490; x_wconf 90' lang='lat'>‚</span> <span class='ocrx_word' id='word_1_139' title='bbox 1917 457 2002 480; x_wconf 90' lang='lat' dir='ltr'>cum</span> <span class='ocrx_word' id='word_1_140' title='bbox 2026 457 2140 493; x_wconf 88' lang='lat' dir='ltr'>snper</span> 
     </span>
     <span class='ocr_line' id='line_1_20' title="bbox 1150 503 2141 556; baseline -0.006 -12"><span class='ocrx_word' id='word_1_141' title='bbox 1150 509 1221 544; x_wconf 89' lang='lat' dir='ltr'>hoc</span> <span class='ocrx_word' id='word_1_142' title='bbox 1242 507 1450 556; x_wconf 88' lang='lat' dir='ltr'>disputaret</span> <span class='ocrx_word' id='word_1_143' title='bbox 1467 506 1550 541; x_wconf 90' lang='lat' dir='ltr'>loco</span> <span class='ocrx_word' id='word_1_144' title='bbox 1568 533 1577 549; x_wconf 89' lang='lat'>‚</span> <span class='ocrx_word' id='word_1_145' title='bbox 1597 505 1733 540; x_wconf 65' lang='lat' dir='ltr'>dixisse</span> <span class='ocrx_word' id='word_1_146' title='bbox 1756 519 1763 540; x_wconf 89' lang='lat'><strong>:</strong></span> <span class='ocrx_word' id='word_1_147' title='bbox 1791 520 1804 533; x_wconf 87' lang='lat'>«</span> <span class='ocrx_word' id='word_1_148' title='bbox 1825 504 1921 540; x_wconf 83' lang='lat' dir='ltr'>Male</span> <span class='ocrx_word' id='word_1_149' title='bbox 1942 503 2071 539; x_wconf 56' lang='lat' dir='ltr'>locatae</span> <span class='ocrx_word' id='word_1_150' title='bbox 2087 504 2141 539; x_wconf 69' lang='lat' dir='ltr'>vi-</span> 
     </span>
     <span class='ocr_line' id='line_1_21' title="bbox 1152 561 2139 613; baseline -0.006 -11"><span class='ocrx_word' id='word_1_151' title='bbox 1152 584 1166 599; x_wconf 85' lang='lat'>»</span> <span class='ocrx_word' id='word_1_152' title='bbox 1185 566 1322 602; x_wconf 82' lang='lat' dir='ltr'>(lentur</span> <span class='ocrx_word' id='word_1_153' title='bbox 1339 578 1421 613; x_wconf 87' lang='lat' dir='ltr'>quae</span> <span class='ocrx_word' id='word_1_154' title='bbox 1435 563 1621 612; x_wconf 88' lang='lat' dir='ltr'>jubentur</span> <span class='ocrx_word' id='word_1_155' title='bbox 1637 562 1775 610; x_wconf 80' lang='lat' dir='ltr'>egredi.</span> <span class='ocrx_word' id='word_1_156' title='bbox 1796 579 1809 594; x_wconf 88' lang='lat'><strong><em>»</em></strong></span> <span class='ocrx_word' id='word_1_157' title='bbox 1831 562 1924 599; x_wconf 87' lang='lat' dir='ltr'>Satis</span> <span class='ocrx_word' id='word_1_158' title='bbox 1941 561 2139 598; x_wconf 81' lang='lat' dir='ltr'>commode</span> 
     </span>
     <span class='ocr_line' id='line_1_22' title="bbox 1149 621 2138 675; baseline -0.005 -13"><span class='ocrx_word' id='word_1_159' title='bbox 1149 639 1219 675; x_wconf 90' lang='lat' dir='ltr'>pro</span> <span class='ocrx_word' id='word_1_160' title='bbox 1242 634 1412 673; x_wconf 87' lang='lat' dir='ltr'>tempore</span> <span class='ocrx_word' id='word_1_161' title='bbox 1431 624 1542 667; x_wconf 76' lang='lat' dir='ltr'>dixit,</span> <span class='ocrx_word' id='word_1_162' title='bbox 1561 622 1607 657; x_wconf 88' lang='lat' dir='ltr'>ad</span> <span class='ocrx_word' id='word_1_163' title='bbox 1633 621 1864 657; x_wconf 88' lang='lat' dir='ltr'>audientium</span> <span class='ocrx_word' id='word_1_164' title='bbox 1882 621 1984 669; x_wconf 88' lang='lat' dir='ltr'>quod</span> <span class='ocrx_word' id='word_1_165' title='bbox 2002 634 2138 670; x_wconf 83' lang='lat' dir='ltr'>propo-</span> 
     </span>
     <span class='ocr_line' id='line_1_23' title="bbox 1149 679 2141 720; baseline -0.005 0"><span class='ocrx_word' id='word_1_166' title='bbox 1149 692 1275 720; x_wconf 84' lang='lat' dir='ltr'>suerat</span> <span class='ocrx_word' id='word_1_167' title='bbox 1301 682 1501 718; x_wconf 84' lang='lat' dir='ltr'>utilitatem</span> <span class='ocrx_word' id='word_1_168' title='bbox 1527 679 1742 716; x_wconf 85' lang='lat' dir='ltr'>dcssectens.</span> <span class='ocrx_word' id='word_1_169' title='bbox 1768 679 1859 714; x_wconf 85' lang='lat' dir='ltr'>Mihi</span> <span class='ocrx_word' id='word_1_170' title='bbox 1882 687 2005 715; x_wconf 86' lang='lat' dir='ltr'>tamen</span> <span class='ocrx_word' id='word_1_171' title='bbox 2032 680 2141 715; x_wconf 89' lang='lat' dir='ltr'>nimis</span> 
     </span>
     <span class='ocr_line' id='line_1_24' title="bbox 1150 737 2143 786; baseline -0.006 -7"><span class='ocrx_word' id='word_1_172' title='bbox 1150 742 1247 779; x_wconf 89' lang='lat' dir='ltr'>bene</span> <span class='ocrx_word' id='word_1_173' title='bbox 1267 742 1397 778; x_wconf 84' lang='lat' dir='ltr'>locatae</span> <span class='ocrx_word' id='word_1_174' title='bbox 1420 739 1615 783; x_wconf 84' lang='lat' dir='ltr'>videntur,</span> <span class='ocrx_word' id='word_1_175' title='bbox 1639 737 1685 773; x_wconf 90' lang='lat' dir='ltr'>ad</span> <span class='ocrx_word' id='word_1_176' title='bbox 1707 750 1800 786; x_wconf 86' lang='lat' dir='ltr'>quas</span> <span class='ocrx_word' id='word_1_177' title='bbox 1821 738 2014 786; x_wconf 84' lang='lat' dir='ltr'>praesentis</span> <span class='ocrx_word' id='word_1_178' title='bbox 2034 737 2143 774; x_wconf 68' lang='lat' dir='ltr'>verbi</span> 
     </span>
     <span class='ocr_line' id='line_1_25' title="bbox 1150 796 2145 845; baseline -0.006 -7"><span class='ocrx_word' id='word_1_179' title='bbox 1150 802 1319 838; x_wconf 83' lang='lat' dir='ltr'>hortatus</span> <span class='ocrx_word' id='word_1_180' title='bbox 1339 798 1561 836; x_wconf 86' lang='lat' dir='ltr'>intenditur.</span> <span class='ocrx_word' id='word_1_181' title='bbox 1588 796 1663 834; x_wconf 86' lang='lat' dir='ltr'>Ubi</span> <span class='ocrx_word' id='word_1_182' title='bbox 1691 796 1853 845; x_wconf 78' lang='lat' dir='ltr'>quaeris?</span> <span class='ocrx_word' id='word_1_183' title='bbox 1880 799 1924 832; x_wconf 88' lang='lat' dir='ltr'>In</span> <span class='ocrx_word' id='word_1_184' title='bbox 1944 796 2145 832; x_wconf 84' lang='lat' dir='ltr'>reclinato-</span> 
     </span>
     <span class='ocr_line' id='line_1_26' title="bbox 1154 855 2144 906; baseline -0.005 -9"><span class='ocrx_word' id='word_1_185' title='bbox 1154 861 1210 897; x_wconf 90' lang='lat' dir='ltr'>rio</span> <span class='ocrx_word' id='word_1_186' title='bbox 1235 873 1350 896; x_wconf 91' lang='lat' dir='ltr'>aureo</span> <span class='ocrx_word' id='word_1_187' title='bbox 1366 887 1375 904; x_wconf 90' lang='lat'>‚</span> <span class='ocrx_word' id='word_1_188' title='bbox 1396 858 1442 894; x_wconf 90' lang='lat' dir='ltr'>de</span> <span class='ocrx_word' id='word_1_189' title='bbox 1464 871 1540 906; x_wconf 87' lang='lat' dir='ltr'>quo</span> <span class='ocrx_word' id='word_1_190' title='bbox 1574 856 1765 906; x_wconf 81' lang='lat' dir='ltr'>praecessit</span> <span class='ocrx_word' id='word_1_191' title='bbox 1788 868 1912 892; x_wconf 88' lang='lat' dir='ltr'>sermo</span> <span class='ocrx_word' id='word_1_192' title='bbox 1935 855 2144 892; x_wconf 85' lang='lat' dir='ltr'>hesternus.</span> 
     </span>
     <span class='ocr_line' id='line_1_27' title="bbox 1152 913 2146 960; baseline -0.006 -5"><span class='ocrx_word' id='word_1_193' title='bbox 1152 917 1392 955; x_wconf 86' lang='lat' dir='ltr'>Delectabilis</span> <span class='ocrx_word' id='word_1_194' title='bbox 1419 917 1480 952; x_wconf 90' lang='lat' dir='ltr'>ille</span> <span class='ocrx_word' id='word_1_195' title='bbox 1509 916 1613 951; x_wconf 89' lang='lat' dir='ltr'>locus</span> <span class='ocrx_word' id='word_1_196' title='bbox 1633 923 1711 960; x_wconf 87' lang='lat' dir='ltr'>est,</span> <span class='ocrx_word' id='word_1_197' title='bbox 1743 923 1779 950; x_wconf 88' lang='lat' dir='ltr'>et</span> <span class='ocrx_word' id='word_1_198' title='bbox 1802 913 1956 950; x_wconf 87' lang='lat' dir='ltr'>uberior</span> <span class='ocrx_word' id='word_1_199' title='bbox 1978 913 2023 949; x_wconf 90' lang='lat' dir='ltr'>ad</span> <span class='ocrx_word' id='word_1_200' title='bbox 2051 915 2146 950; x_wconf 85' lang='lat' dir='ltr'>laeti-</span> 
     </span>
    </p>
   </div>
   <div class='ocr_carea' id='block_1_7' title="bbox 97 974 2145 1033">
    <p class='ocr_par' dir='ltr' id='par_1_7' title="bbox 97 974 2145 1033">
     <span class='ocr_line' id='line_1_28' title="bbox 97 974 2145 1033; baseline -0.007 -12"><span class='ocrx_word' id='word_1_201' title='bbox 97 997 232 1021; x_wconf 75' lang='lat' dir='ltr'>versas.</span> <span class='ocrx_word' id='word_1_202' title='bbox 253 988 336 1021; x_wconf 89' lang='lat' dir='ltr'>Non</span> <span class='ocrx_word' id='word_1_203' title='bbox 357 982 470 1019; x_wconf 90' lang='lat' dir='ltr'>modo</span> <span class='ocrx_word' id='word_1_204' title='bbox 492 995 749 1033; x_wconf 81' lang='lat' dir='ltr'>supergressa,</span> <span class='ocrx_word' id='word_1_205' title='bbox 771 982 835 1018; x_wconf 87' lang='lat' dir='ltr'>sed</span> <span class='ocrx_word' id='word_1_206' title='bbox 855 982 965 1018; x_wconf 89' lang='lat' dir='ltr'>etiam</span> <span class='ocrx_word' id='word_1_207' title='bbox 982 996 1087 1018; x_wconf 90' lang='lat' dir='ltr'>com-</span> <span class='ocrx_word' id='word_1_208' title='bbox 1107 981 1133 1015; x_wconf 89' lang='lat' dir='ltr'>B</span> <span class='ocrx_word' id='word_1_209' title='bbox 1155 979 1262 1024; x_wconf 86' lang='lat' dir='ltr'>tiam,</span> <span class='ocrx_word' id='word_1_210' title='bbox 1279 989 1391 1026; x_wconf 87' lang='lat' dir='ltr'>quam</span> <span class='ocrx_word' id='word_1_211' title='bbox 1412 975 1576 1011; x_wconf 86' lang='lat' dir='ltr'>humana</span> <span class='ocrx_word' id='word_1_212' title='bbox 1596 982 1710 1023; x_wconf 85' lang='lat' dir='ltr'>queat</span> <span class='ocrx_word' id='word_1_213' title='bbox 1731 974 1879 1010; x_wconf 83' lang='lat' dir='ltr'>affectio</span> <span class='ocrx_word' id='word_1_214' title='bbox 1899 986 2046 1022; x_wconf 84' lang='lat' dir='ltr'>capere.</span> <span class='ocrx_word' id='word_1_215' title='bbox 2068 976 2145 1009; x_wconf 79' lang='lat' dir='ltr'>De—</span> 
     </span>
    </p>
   </div>
   <div class='ocr_carea' id='block_1_8' title="bbox 97 1041 1094 1732">
    <p class='ocr_par' dir='ltr' id='par_1_8' title="bbox 97 1041 1094 1732">
     <span class='ocr_line' id='line_1_29' title="bbox 97 1041 1086 1093; baseline -0.003 -13"><span class='ocrx_word' id='word_1_216' title='bbox 97 1045 221 1093; x_wconf 88' lang='lat' dir='ltr'>plexa.</span> <span class='ocrx_word' id='word_1_217' title='bbox 246 1046 292 1080; x_wconf 87' lang='lat' dir='ltr'>Et</span> <span class='ocrx_word' id='word_1_218' title='bbox 310 1043 429 1079; x_wconf 86' lang='lat' dir='ltr'>dulcis</span> <span class='ocrx_word' id='word_1_219' title='bbox 448 1051 485 1078; x_wconf 92' lang='lat' dir='ltr'>et</span> <span class='ocrx_word' id='word_1_220' title='bbox 511 1042 614 1078; x_wconf 83' lang='lat' dir='ltr'>dives</span> <span class='ocrx_word' id='word_1_221' title='bbox 642 1050 698 1078; x_wconf 87' lang='lat' dir='ltr'>est</span> <span class='ocrx_word' id='word_1_222' title='bbox 717 1041 887 1078; x_wconf 85' lang='lat' dir='ltr'>charitas.</span> <span class='ocrx_word' id='word_1_223' title='bbox 915 1041 1086 1090; x_wconf 86' lang='lat' dir='ltr'>Denique</span> 
     </span>
     <span class='ocr_line' id='line_1_30' title="bbox 97 1101 1085 1147; baseline -0.003 -8"><span class='ocrx_word' id='word_1_224' title='bbox 97 1104 193 1140; x_wconf 90' lang='lat' dir='ltr'>sicut</span> <span class='ocrx_word' id='word_1_225' title='bbox 228 1102 341 1139; x_wconf 90' lang='lat' dir='ltr'>habet</span> <span class='ocrx_word' id='word_1_226' title='bbox 374 1102 560 1147; x_wconf 88' lang='lat' dir='ltr'>Psalmus,</span> <span class='ocrx_word' id='word_1_227' title='bbox 598 1104 702 1137; x_wconf 79' lang='lat' dir='ltr'>Inter</span> <span class='ocrx_word' id='word_1_228' title='bbox 732 1103 873 1137; x_wconf 77' lang='lat' dir='ltr'>meclcos</span> <span class='ocrx_word' id='word_1_229' title='bbox 903 1101 1085 1137; x_wconf 83' lang='lat' dir='ltr'>virtutum</span> 
     </span>
     <span class='ocr_line' id='line_1_31' title="bbox 97 1161 1087 1211; baseline -0.003 -12"><span class='ocrx_word' id='word_1_230' title='bbox 97 1166 211 1199; x_wconf 76' lang='lat' dir='ltr'>cleros</span> <span class='ocrx_word' id='word_1_231' title='bbox 227 1169 254 1208; x_wconf 88' lang='lat'>²,</span> <span class='ocrx_word' id='word_1_232' title='bbox 276 1171 313 1198; x_wconf 93' lang='lat' dir='ltr'>et</span> <span class='ocrx_word' id='word_1_233' title='bbox 331 1162 370 1198; x_wconf 92' lang='lat' dir='ltr'>in</span> <span class='ocrx_word' id='word_1_234' title='bbox 390 1161 640 1211; x_wconf 85' lang='lat' dir='ltr'>spiritualium</span> <span class='ocrx_word' id='word_1_235' title='bbox 661 1161 928 1197; x_wconf 88' lang='lat' dir='ltr'>communione</span> <span class='ocrx_word' id='word_1_236' title='bbox 948 1161 1087 1209; x_wconf 85' lang='lat' dir='ltr'>gratia-</span> 
     </span>
     <span class='ocr_line' id='line_1_32' title="bbox 98 1220 1086 1271; baseline -0.004 -11"><span class='ocrx_word' id='word_1_237' title='bbox 98 1236 181 1260; x_wconf 86' lang='lat' dir='ltr'>rum</span> <span class='ocrx_word' id='word_1_238' title='bbox 204 1235 318 1271; x_wconf 88' lang='lat' dir='ltr'>super</span> <span class='ocrx_word' id='word_1_239' title='bbox 336 1229 495 1258; x_wconf 85' lang='lat' dir='ltr'>stratum</span> <span class='ocrx_word' id='word_1_240' title='bbox 515 1220 703 1256; x_wconf 90' lang='lat' dir='ltr'>dormitur</span> <span class='ocrx_word' id='word_1_241' title='bbox 726 1220 930 1256; x_wconf 88' lang='lat' dir='ltr'>charitatis.</span> <span class='ocrx_word' id='word_1_242' title='bbox 953 1220 1086 1257; x_wconf 89' lang='lat' dir='ltr'>Chari-</span> 
     </span>
     <span class='ocr_line' id='line_1_33' title="bbox 103 1280 1086 1331; baseline -0.003 -12"><span class='ocrx_word' id='word_1_243' title='bbox 103 1291 158 1319; x_wconf 89' lang='lat' dir='ltr'>tas</span> <span class='ocrx_word' id='word_1_244' title='bbox 179 1282 283 1331; x_wconf 88' lang='lat' dir='ltr'>quasi</span> <span class='ocrx_word' id='word_1_245' title='bbox 302 1280 424 1317; x_wconf 90' lang='lat' dir='ltr'>media</span> <span class='ocrx_word' id='word_1_246' title='bbox 438 1280 613 1317; x_wconf 84' lang='lat' dir='ltr'>omnibus</span> <span class='ocrx_word' id='word_1_247' title='bbox 631 1280 902 1323; x_wconf 87' lang='lat' dir='ltr'>communicat,</span> <span class='ocrx_word' id='word_1_248' title='bbox 926 1288 962 1316; x_wconf 91' lang='lat' dir='ltr'>et</span> <span class='ocrx_word' id='word_1_249' title='bbox 981 1280 1086 1329; x_wconf 84' lang='lat' dir='ltr'>quasi</span> 
     </span>
     <span class='ocr_line' id='line_1_34' title="bbox 99 1339 1086 1377; baseline -0.003 0"><span class='ocrx_word' id='word_1_250' title='bbox 99 1341 232 1377; x_wconf 86' lang='lat' dir='ltr'>melior</span> <span class='ocrx_word' id='word_1_251' title='bbox 267 1352 398 1376; x_wconf 90' lang='lat' dir='ltr'>omnes</span> <span class='ocrx_word' id='word_1_252' title='bbox 437 1340 602 1376; x_wconf 90' lang='lat' dir='ltr'>cumulat</span> <span class='ocrx_word' id='word_1_253' title='bbox 634 1339 803 1375; x_wconf 76' lang='lat' dir='ltr'>virtutes.</span> <span class='ocrx_word' id='word_1_254' title='bbox 845 1339 1086 1377; x_wconf 61' lang='lat' dir='ltr'>stimulamini</span> 
     </span>
     <span class='ocr_line' id='line_1_35' title="bbox 99 1397 1088 1449; baseline -0.002 -13"><span class='ocrx_word' id='word_1_255' title='bbox 99 1414 207 1449; x_wconf 84' lang='lat' dir='ltr'>ergo,</span> <span class='ocrx_word' id='word_1_256' title='bbox 228 1399 312 1435; x_wconf 85' lang='lat' dir='ltr'>filiae</span> <span class='ocrx_word' id='word_1_257' title='bbox 332 1399 536 1435; x_wconf 81' lang='lat' dir='ltr'>Jerusalem</span> <span class='ocrx_word' id='word_1_258' title='bbox 549 1426 558 1442; x_wconf 90' lang='lat'>‚</span> <span class='ocrx_word' id='word_1_259' title='bbox 584 1397 805 1434; x_wconf 85' lang='lat' dir='ltr'>charismata</span> <span class='ocrx_word' id='word_1_260' title='bbox 826 1398 992 1434; x_wconf 84' lang='lat' dir='ltr'>meliora.</span> <span class='ocrx_word' id='word_1_261' title='bbox 1009 1401 1088 1434; x_wconf 82' lang='lat' dir='ltr'>Ma-</span> 
     </span>
     <span class='ocr_line' id='line_1_36' title="bbox 99 1456 1089 1508; baseline -0.003 -14"><span class='ocrx_word' id='word_1_262' title='bbox 99 1460 155 1508; x_wconf 83' lang='lat' dir='ltr'>gis</span> <span class='ocrx_word' id='word_1_263' title='bbox 173 1466 295 1495; x_wconf 88' lang='lat' dir='ltr'>autem</span> <span class='ocrx_word' id='word_1_264' title='bbox 318 1466 359 1493; x_wconf 91' lang='lat' dir='ltr'>ut</span> <span class='ocrx_word' id='word_1_265' title='bbox 379 1458 594 1494; x_wconf 88' lang='lat' dir='ltr'>charitatem</span> <span class='ocrx_word' id='word_1_266' title='bbox 615 1456 804 1501; x_wconf 87' lang='lat' dir='ltr'>habeatis,</span> <span class='ocrx_word' id='word_1_267' title='bbox 829 1465 866 1492; x_wconf 86' lang='lat' dir='ltr'>et</span> <span class='ocrx_word' id='word_1_268' title='bbox 888 1456 1089 1492; x_wconf 84' lang='lat' dir='ltr'>abundan-</span> 
     </span>
     <span class='ocr_line' id='line_1_37' title="bbox 101 1515 1084 1562; baseline -0.002 -9"><span class='ocrx_word' id='word_1_269' title='bbox 101 1518 174 1553; x_wconf 83' lang='lat' dir='ltr'>tius</span> <span class='ocrx_word' id='word_1_270' title='bbox 192 1516 359 1553; x_wconf 86' lang='lat' dir='ltr'>habeatis</span> <span class='ocrx_word' id='word_1_271' title='bbox 374 1545 383 1562; x_wconf 94' lang='lat'>,</span> <span class='ocrx_word' id='word_1_272' title='bbox 402 1524 488 1552; x_wconf 87' lang='lat' dir='ltr'>totae</span> <span class='ocrx_word' id='word_1_273' title='bbox 506 1515 543 1551; x_wconf 89' lang='lat' dir='ltr'>in</span> <span class='ocrx_word' id='word_1_274' title='bbox 563 1515 739 1550; x_wconf 81' lang='lat' dir='ltr'>affectum</span> <span class='ocrx_word' id='word_1_275' title='bbox 758 1516 897 1551; x_wconf 89' lang='lat' dir='ltr'>amoris</span> <span class='ocrx_word' id='word_1_276' title='bbox 916 1516 1084 1552; x_wconf 84' lang='lat' dir='ltr'>transite.</span> 
     </span>
     <span class='ocr_line' id='line_1_38' title="bbox 100 1574 1092 1613; baseline -0.001 -1"><span class='ocrx_word' id='word_1_277' title='bbox 100 1580 215 1613; x_wconf 85' lang='lat' dir='ltr'>Totus</span> <span class='ocrx_word' id='word_1_278' title='bbox 239 1575 336 1612; x_wconf 90' lang='lat' dir='ltr'>enim</span> <span class='ocrx_word' id='word_1_279' title='bbox 360 1574 529 1611; x_wconf 87' lang='lat' dir='ltr'>amabilis</span> <span class='ocrx_word' id='word_1_280' title='bbox 559 1582 614 1610; x_wconf 88' lang='lat' dir='ltr'>est</span> <span class='ocrx_word' id='word_1_281' title='bbox 644 1574 801 1610; x_wconf 88' lang='lat' dir='ltr'>dilectus</span> <span class='ocrx_word' id='word_1_282' title='bbox 831 1582 960 1610; x_wconf 90' lang='lat' dir='ltr'>noster</span> <span class='ocrx_word' id='word_1_283' title='bbox 984 1578 1092 1611; x_wconf 88' lang='lat' dir='ltr'>Jesus</span> 
     </span>
     <span class='ocr_line' id='line_1_39' title="bbox 101 1633 1094 1683; baseline -0.002 -11"><span class='ocrx_word' id='word_1_284' title='bbox 101 1635 269 1673; x_wconf 85' lang='lat' dir='ltr'>Christus</span> <span class='ocrx_word' id='word_1_285' title='bbox 283 1663 293 1680; x_wconf 92' lang='lat'>‚</span> <span class='ocrx_word' id='word_1_286' title='bbox 315 1634 380 1683; x_wconf 87' lang='lat' dir='ltr'>qui</span> <span class='ocrx_word' id='word_1_287' title='bbox 399 1634 490 1671; x_wconf 82' lang='lat' dir='ltr'>vivit</span> <span class='ocrx_word' id='word_1_288' title='bbox 509 1641 547 1670; x_wconf 88' lang='lat' dir='ltr'>ct</span> <span class='ocrx_word' id='word_1_289' title='bbox 567 1641 697 1682; x_wconf 81' lang='lat' dir='ltr'>regnat</span> <span class='ocrx_word' id='word_1_290' title='bbox 720 1633 758 1668; x_wconf 92' lang='lat' dir='ltr'>in</span> <span class='ocrx_word' id='word_1_291' title='bbox 782 1634 916 1670; x_wconf 81' lang='lat' dir='ltr'>saeeula</span> <span class='ocrx_word' id='word_1_292' title='bbox 937 1635 1094 1671; x_wconf 83' lang='lat' dir='ltr'>saeculo—</span> 
     </span>
     <span class='ocr_line' id='line_1_40' title="bbox 103 1698 349 1732; baseline -0.008 -1"><span class='ocrx_word' id='word_1_293' title='bbox 103 1707 198 1731; x_wconf 91' lang='lat' dir='ltr'>rum.</span> <span class='ocrx_word' id='word_1_294' title='bbox 216 1698 349 1732; x_wconf 88' lang='lat' dir='ltr'>Amen.</span> 
     </span>
    </p>
   </div>
   <div class='ocr_carea' id='block_1_9' title="bbox 100 1827 925 1839">
    <p class='ocr_par' dir='ltr' id='par_1_9' title="bbox 100 1827 925 1839">
     <span class='ocr_line' id='line_1_41' title="bbox 100 1827 925 1839; baseline -0.002 0"><span class='ocrx_word' id='word_1_295' title='bbox 100 1830 153 1839; x_wconf 64' lang='grc' dir='ltr'>ιιιι</span> <span class='ocrx_word' id='word_1_296' title='bbox 159 1828 525 1839; x_wconf 50' lang='grc' dir='ltr'>ι-νιιιιινιιιιιιιυιικιιηκιι</span> <span class='ocrx_word' id='word_1_297' title='bbox 531 1827 670 1837; x_wconf 53' lang='grc' dir='ltr'>ιαιυνινιια</span> <span class='ocrx_word' id='word_1_298' title='bbox 675 1827 925 1837; x_wconf 48' lang='grc' dir='ltr'>ικ-ιιιιειιιιιιικηικ</span> 
     </span>
    </p>
   </div>
   <div class='ocr_carea' id='block_1_10' title="bbox 388 1953 816 2011">
    <p class='ocr_par' dir='ltr' id='par_1_10' title="bbox 388 1953 816 2011">
     <span class='ocr_line' id='line_1_42' title="bbox 388 1953 816 2011; baseline -0.005 -2"><span class='ocrx_word' id='word_1_299' title='bbox 388 1953 640 2011; x_wconf 82' lang='lat' dir='ltr'>SERMO</span> <span class='ocrx_word' id='word_1_300' title='bbox 684 1953 816 2008; x_wconf 89' lang='lat' dir='ltr'>XX.</span> 
     </span>
    </p>
   </div>
   <div class='ocr_carea' id='block_1_11' title="bbox 110 2091 1100 2192">
    <p class='ocr_par' dir='ltr' id='par_1_11' title="bbox 110 2091 1100 2192">
     <span class='ocr_line' id='line_1_43' title="bbox 110 2091 1100 2139; baseline -0.003 -13"><span class='ocrx_word' id='word_1_301' title='bbox 110 2094 324 2139; x_wconf 75' lang='lat' dir='ltr'>Egredimini,</span> <span class='ocrx_word' id='word_1_302' title='bbox 345 2100 373 2123; x_wconf 79' lang='lat' dir='ltr'>et</span> <span class='ocrx_word' id='word_1_303' title='bbox 390 2091 495 2123; x_wconf 54' lang='lat' dir='ltr'>‘videte</span> <span class='ocrx_word' id='word_1_304' title='bbox 516 2103 614 2135; x_wconf 74' lang='lat' dir='ltr'>regem</span> <span class='ocrx_word' id='word_1_305' title='bbox 641 2091 841 2123; x_wconf 79' lang='lat' dir='ltr'>Salomonem</span> <span class='ocrx_word' id='word_1_306' title='bbox 871 2094 902 2123; x_wconf 83' lang='lat' dir='ltr'>in</span> <span class='ocrx_word' id='word_1_307' title='bbox 925 2092 1100 2124; x_wconf 80' lang='lat' dir='ltr'>diademale</span> 
     </span>
     <span class='ocr_line' id='line_1_44' title="bbox 129 2144 1074 2192; baseline -0.002 -13"><span class='ocrx_word' id='word_1_308' title='bbox 129 2160 190 2192; x_wconf 82' lang='lat' dir='ltr'>quo</span> <span class='ocrx_word' id='word_1_309' title='bbox 210 2147 371 2178; x_wconf 76' lang='lat' dir='ltr'>coronavit</span> <span class='ocrx_word' id='word_1_310' title='bbox 387 2158 454 2177; x_wconf 79' lang='lat' dir='ltr'>cum</span> <span class='ocrx_word' id='word_1_311' title='bbox 473 2151 573 2175; x_wconf 71' lang='lat' dir='ltr'>mater</span> <span class='ocrx_word' id='word_1_312' title='bbox 585 2156 654 2176; x_wconf 82' lang='lat' dir='ltr'>sua.</span> <span class='ocrx_word' id='word_1_313' title='bbox 674 2146 794 2178; x_wconf 78' lang='lat' dir='ltr'>Cautio.</span> <span class='ocrx_word' id='word_1_314' title='bbox 811 2156 878 2186; x_wconf 83' lang='lat' dir='ltr'>cap.</span> <span class='ocrx_word' id='word_1_315' title='bbox 894 2158 949 2185; x_wconf 79' lang='lat'>111²</span> <span class='ocrx_word' id='word_1_316' title='bbox 964 2144 1002 2182; x_wconf 52' lang='grc' dir='ltr'>ΣΙ.</span> <span class='ocrx_word' id='word_1_317' title='bbox 1023 2151 1032 2177; x_wconf 86' lang='grc'>1</span> <span class='ocrx_word' id='word_1_318' title='bbox 1050 2151 1074 2177; x_wconf 86' lang='grc' dir='ltr'>Ι.</span> 
     </span>
    </p>
   </div>
   <div class='ocr_carea' id='block_1_12' title="bbox 500 2271 716 2285">
    <p class='ocr_par' dir='ltr' id='par_1_12' title="bbox 500 2271 716 2285">
     <span class='ocr_line' id='line_1_45' title="bbox 500 2271 716 2285; baseline -0.019 -1"><span class='ocrx_word' id='word_1_319' title='bbox 500 2271 716 2285; x_wconf 43' lang='grc' dir='ltr'>-οθθον-</span> 
     </span>
    </p>
   </div>
   <div class='ocr_carea' id='block_1_13' title="bbox 110 2389 1099 2500">
    <p class='ocr_par' dir='ltr' id='par_1_13' title="bbox 110 2389 1099 2500">
     <span class='ocr_line' id='line_1_46' title="bbox 166 2389 1097 2441; baseline -0.004 -12"><span class='ocrx_word' id='word_1_320' title='bbox 166 2394 198 2430; x_wconf 93' lang='lat' dir='ltr'>l.</span> <span class='ocrx_word' id='word_1_321' title='bbox 218 2391 384 2430; x_wconf 87' lang='lat' dir='ltr'>Audistis</span> <span class='ocrx_word' id='word_1_322' title='bbox 400 2406 475 2441; x_wconf 89' lang='lat' dir='ltr'>qno</span> <span class='ocrx_word' id='word_1_323' title='bbox 493 2392 659 2428; x_wconf 79' lang='lat' dir='ltr'>invitata:</span> <span class='ocrx_word' id='word_1_324' title='bbox 679 2399 766 2428; x_wconf 84' lang='lat' dir='ltr'>sunt</span> <span class='ocrx_word' id='word_1_325' title='bbox 784 2391 868 2427; x_wconf 80' lang='lat' dir='ltr'>filiae</span> <span class='ocrx_word' id='word_1_326' title='bbox 891 2390 979 2428; x_wconf 88' lang='lat' dir='ltr'>Sion</span> <span class='ocrx_word' id='word_1_327' title='bbox 1004 2405 1011 2426; x_wconf 92' lang='lat'><strong>:</strong></span> <span class='ocrx_word' id='word_1_328' title='bbox 1033 2389 1097 2426; x_wconf 90' lang='lat' dir='ltr'>sed</span> 
     </span>
     <span class='ocr_line' id='line_1_47' title="bbox 110 2448 1099 2500; baseline -0.003 -13"><span class='ocrx_word' id='word_1_329' title='bbox 110 2451 210 2487; x_wconf 88' lang='lat' dir='ltr'>unde</span> <span class='ocrx_word' id='word_1_330' title='bbox 234 2451 418 2500; x_wconf 89' lang='lat' dir='ltr'>jubentur</span> <span class='ocrx_word' id='word_1_331' title='bbox 452 2452 576 2499; x_wconf 81' lang='lat' dir='ltr'>egredi</span> <span class='ocrx_word' id='word_1_332' title='bbox 596 2479 606 2495; x_wconf 87' lang='lat'>‚</span> <span class='ocrx_word' id='word_1_333' title='bbox 641 2450 810 2487; x_wconf 91' lang='lat' dir='ltr'>nondum</span> <span class='ocrx_word' id='word_1_334' title='bbox 851 2449 1017 2485; x_wconf 87' lang='lat' dir='ltr'>audistis.</span> <span class='ocrx_word' id='word_1_335' title='bbox 1057 2448 1099 2485; x_wconf 87' lang='lat' dir='ltr'>Id</span> 
     </span>
    </p>
   </div>
   <div class='ocr_carea' id='block_1_14' title="bbox 1152 1031 2155 1728">
    <p class='ocr_par' dir='ltr' id='par_1_14' title="bbox 1152 1031 2151 1495">
     <span class='ocr_line' id='line_1_48' title="bbox 1153 1031 2148 1082; baseline -0.006 -9"><span class='ocrx_word' id='word_1_336' title='bbox 1153 1036 1363 1074; x_wconf 86' lang='lat' dir='ltr'>lectationis</span> <span class='ocrx_word' id='word_1_337' title='bbox 1382 1035 1553 1071; x_wconf 87' lang='lat' dir='ltr'>nimietas</span> <span class='ocrx_word' id='word_1_338' title='bbox 1570 1047 1607 1069; x_wconf 92' lang='lat' dir='ltr'>se</span> <span class='ocrx_word' id='word_1_339' title='bbox 1628 1034 1744 1082; x_wconf 86' lang='lat' dir='ltr'>ipsam</span> <span class='ocrx_word' id='word_1_340' title='bbox 1762 1032 1954 1075; x_wconf 78' lang='lat' dir='ltr'>exhaurit,</span> <span class='ocrx_word' id='word_1_341' title='bbox 1976 1041 2011 1068; x_wconf 89' lang='lat' dir='ltr'>et</span> <span class='ocrx_word' id='word_1_342' title='bbox 2029 1031 2148 1067; x_wconf 85' lang='lat' dir='ltr'>ebibit</span> 
     </span>
     <span class='ocr_line' id='line_1_49' title="bbox 1153 1090 2147 1142; baseline -0.007 -10"><span class='ocrx_word' id='word_1_343' title='bbox 1153 1097 1320 1132; x_wconf 90' lang='lat' dir='ltr'>animum</span> <span class='ocrx_word' id='word_1_344' title='bbox 1335 1094 1508 1142; x_wconf 88' lang='lat' dir='ltr'>voluptas</span> <span class='ocrx_word' id='word_1_345' title='bbox 1529 1092 1739 1128; x_wconf 71' lang='lat' dir='ltr'>exundans.</span> <span class='ocrx_word' id='word_1_346' title='bbox 1763 1090 1912 1128; x_wconf 84' lang='lat' dir='ltr'>Vicibus</span> <span class='ocrx_word' id='word_1_347' title='bbox 1939 1091 2147 1126; x_wconf 87' lang='lat' dir='ltr'>alternatur</span> 
     </span>
     <span class='ocr_line' id='line_1_50' title="bbox 1152 1149 2144 1203; baseline -0.008 -12"><span class='ocrx_word' id='word_1_348' title='bbox 1152 1155 1223 1191; x_wconf 90' lang='lat' dir='ltr'>hoe</span> <span class='ocrx_word' id='word_1_349' title='bbox 1269 1152 1446 1203; x_wconf 87' lang='lat' dir='ltr'>gaudium</span> <span class='ocrx_word' id='word_1_350' title='bbox 1464 1180 1473 1196; x_wconf 89' lang='lat'>‚</span> <span class='ocrx_word' id='word_1_351' title='bbox 1511 1164 1579 1187; x_wconf 92' lang='lat' dir='ltr'>nec</span> <span class='ocrx_word' id='word_1_352' title='bbox 1618 1159 1744 1200; x_wconf 91' lang='lat' dir='ltr'>potest</span> <span class='ocrx_word' id='word_1_353' title='bbox 1780 1163 1860 1186; x_wconf 88' lang='lat' dir='ltr'>esse</span> <span class='ocrx_word' id='word_1_354' title='bbox 1895 1149 2117 1185; x_wconf 90' lang='lat' dir='ltr'>continuum</span> <span class='ocrx_word' id='word_1_355' title='bbox 2135 1175 2144 1193; x_wconf 90' lang='lat'>,</span> 
     </span>
     <span class='ocr_line' id='line_1_51' title="bbox 1153 1208 2148 1262; baseline -0.007 -13"><span class='ocrx_word' id='word_1_356' title='bbox 1153 1213 1255 1262; x_wconf 90' lang='lat' dir='ltr'>quod</span> <span class='ocrx_word' id='word_1_357' title='bbox 1275 1220 1331 1248; x_wconf 88' lang='lat' dir='ltr'>est</span> <span class='ocrx_word' id='word_1_358' title='bbox 1354 1211 1523 1247; x_wconf 88' lang='lat' dir='ltr'>nimium.</span> <span class='ocrx_word' id='word_1_359' title='bbox 1553 1213 1667 1246; x_wconf 83' lang='lat' dir='ltr'>Bonae</span> <span class='ocrx_word' id='word_1_360' title='bbox 1686 1218 1809 1245; x_wconf 86' lang='lat' dir='ltr'>tamen</span> <span class='ocrx_word' id='word_1_361' title='bbox 1838 1209 1956 1253; x_wconf 76' lang='lat' dir='ltr'>vices,</span> <span class='ocrx_word' id='word_1_362' title='bbox 1981 1208 2046 1244; x_wconf 89' lang='lat' dir='ltr'>ubi</span> <span class='ocrx_word' id='word_1_363' title='bbox 2071 1219 2148 1243; x_wconf 88' lang='lat' dir='ltr'>non</span> 
     </span>
     <span class='ocr_line' id='line_1_52' title="bbox 1154 1268 2150 1318; baseline -0.007 -10"><span class='ocrx_word' id='word_1_364' title='bbox 1154 1271 1357 1308; x_wconf 88' lang='lat' dir='ltr'>disceditur</span> <span class='ocrx_word' id='word_1_365' title='bbox 1382 1284 1401 1305; x_wconf 93' lang='lat' dir='ltr'>a</span> <span class='ocrx_word' id='word_1_366' title='bbox 1427 1282 1580 1318; x_wconf 87' lang='lat' dir='ltr'>sponso.</span> <span class='ocrx_word' id='word_1_367' title='bbox 1607 1271 1691 1305; x_wconf 87' lang='lat' dir='ltr'>Non</span> <span class='ocrx_word' id='word_1_368' title='bbox 1721 1268 1832 1304; x_wconf 89' lang='lat' dir='ltr'>datur</span> <span class='ocrx_word' id='word_1_369' title='bbox 1858 1268 1897 1304; x_wconf 89' lang='lat' dir='ltr'>in</span> <span class='ocrx_word' id='word_1_370' title='bbox 1921 1279 2031 1303; x_wconf 85' lang='lat' dir='ltr'>carne</span> <span class='ocrx_word' id='word_1_371' title='bbox 2049 1279 2150 1302; x_wconf 91' lang='lat' dir='ltr'>com-</span> 
     </span>
     <span class='ocr_line' id='line_1_53' title="bbox 1154 1327 2150 1377; baseline -0.007 -9"><span class='ocrx_word' id='word_1_372' title='bbox 1154 1331 1317 1368; x_wconf 86' lang='lat' dir='ltr'>moranti</span> <span class='ocrx_word' id='word_1_373' title='bbox 1339 1329 1555 1365; x_wconf 83' lang='lat' dir='ltr'>haereditate</span> <span class='ocrx_word' id='word_1_374' title='bbox 1572 1328 1766 1377; x_wconf 84' lang='lat' dir='ltr'>possidere</span> <span class='ocrx_word' id='word_1_375' title='bbox 1787 1327 2067 1363; x_wconf 86' lang='lat' dir='ltr'>reclinatorium</span> <span class='ocrx_word' id='word_1_376' title='bbox 2080 1338 2150 1362; x_wconf 84' lang='lat' dir='ltr'>au-</span> 
     </span>
     <span class='ocr_line' id='line_1_54' title="bbox 1155 1385 2151 1436; baseline -0.006 -9"><span class='ocrx_word' id='word_1_377' title='bbox 1155 1404 1273 1427; x_wconf 88' lang='lat' dir='ltr'>reum.</span> <span class='ocrx_word' id='word_1_378' title='bbox 1290 1390 1382 1426; x_wconf 91' lang='lat' dir='ltr'>Ideo</span> <span class='ocrx_word' id='word_1_379' title='bbox 1395 1387 1579 1436; x_wconf 89' lang='lat' dir='ltr'>jubentur</span> <span class='ocrx_word' id='word_1_380' title='bbox 1594 1387 1720 1436; x_wconf 82' lang='lat' dir='ltr'>egredi</span> <span class='ocrx_word' id='word_1_381' title='bbox 1739 1387 1822 1423; x_wconf 87' lang='lat' dir='ltr'>[iliae</span> <span class='ocrx_word' id='word_1_382' title='bbox 1837 1386 1927 1423; x_wconf 85' lang='lat' dir='ltr'>Sion</span> <span class='ocrx_word' id='word_1_383' title='bbox 1940 1414 1950 1432; x_wconf 87' lang='lat'>‚</span> <span class='ocrx_word' id='word_1_384' title='bbox 1968 1385 2032 1422; x_wconf 88' lang='lat' dir='ltr'>sed</span> <span class='ocrx_word' id='word_1_385' title='bbox 2052 1398 2151 1434; x_wconf 86' lang='lat' dir='ltr'>quo-</span> 
     </span>
     <span class='ocr_line' id='line_1_55' title="bbox 1155 1445 1869 1495; baseline -0.007 -10"><span class='ocrx_word' id='word_1_386' title='bbox 1155 1449 1269 1485; x_wconf 87' lang='lat' dir='ltr'>modo</span> <span class='ocrx_word' id='word_1_387' title='bbox 1290 1448 1319 1484; x_wconf 90' lang='lat' dir='ltr'>si</span> <span class='ocrx_word' id='word_1_388' title='bbox 1339 1448 1454 1492; x_wconf 87' lang='lat' dir='ltr'>dieat,</span> <span class='ocrx_word' id='word_1_389' title='bbox 1475 1450 1528 1483; x_wconf 79' lang='lat' dir='ltr'>Ne</span> <span class='ocrx_word' id='word_1_390' title='bbox 1549 1447 1697 1495; x_wconf 81' lang='lat' dir='ltr'>longius</span> <span class='ocrx_word' id='word_1_391' title='bbox 1719 1445 1869 1481; x_wconf 83' lang='lat' dir='ltr'>abeatis.</span> 
     </span>
    </p>

    <p class='ocr_par' dir='ltr' id='par_1_15' title="bbox 1158 1506 2155 1728">
     <span class='ocr_line' id='line_1_56' title="bbox 1211 1506 2154 1555; baseline -0.006 -10"><span class='ocrx_word' id='word_1_392' title='bbox 1211 1509 1246 1545; x_wconf 81' lang='lat'>2.</span> <span class='ocrx_word' id='word_1_393' title='bbox 1274 1509 1527 1555; x_wconf 76' lang='lat' dir='ltr'>Egrc·(lit711&#39;n1&#39;‚</span> <span class='ocrx_word' id='word_1_394' title='bbox 1553 1506 1698 1554; x_wconf 86' lang='lat' dir='ltr'>inquit,</span> <span class='ocrx_word' id='word_1_395' title='bbox 1718 1514 1751 1540; x_wconf 82' lang='lat' dir='ltr'>et</span> <span class='ocrx_word' id='word_1_396' title='bbox 1771 1506 1893 1540; x_wconf 76' lang='lat' dir='ltr'>videte</span> <span class='ocrx_word' id='word_1_397' title='bbox 1911 1517 2030 1552; x_wconf 81' lang='lat' dir='ltr'>regem</span> <span class='ocrx_word' id='word_1_398' title='bbox 2052 1506 2154 1539; x_wconf 82' lang='lat' dir='ltr'>Salo-</span> 
     </span>
     <span class='ocr_line' id='line_1_57' title="bbox 1159 1567 2155 1612; baseline -0.005 -9"><span class='ocrx_word' id='word_1_399' title='bbox 1159 1581 1302 1603; x_wconf 80' lang='lat' dir='ltr'>monem</span> <span class='ocrx_word' id='word_1_400' title='bbox 1327 1571 1364 1601; x_wconf 79' lang='lat' dir='ltr'>in</span> <span class='ocrx_word' id='word_1_401' title='bbox 1393 1567 1607 1600; x_wconf 62' lang='lat' dir='ltr'>diademate</span> <span class='ocrx_word' id='word_1_402' title='bbox 1633 1578 1704 1612; x_wconf 79' lang='lat' dir='ltr'>quo</span> <span class='ocrx_word' id='word_1_403' title='bbox 1725 1568 1910 1599; x_wconf 73' lang='lat' dir='ltr'>coronavit</span> <span class='ocrx_word' id='word_1_404' title='bbox 1927 1577 2008 1599; x_wconf 78' lang='lat' dir='ltr'>eum</span> <span class='ocrx_word' id='word_1_405' title='bbox 2035 1573 2155 1598; x_wconf 80' lang='lat' dir='ltr'>mater</span> 
     </span>
     <span class='ocr_line' id='line_1_58' title="bbox 1158 1621 2151 1667; baseline -0.005 -5"><span class='ocrx_word' id='word_1_406' title='bbox 1158 1639 1236 1662; x_wconf 66' lang='lat' dir='ltr'>sua·</span> <span class='ocrx_word' id='word_1_407' title='bbox 1273 1628 1355 1662; x_wconf 64' lang='lat' dir='ltr'>lN‘on</span> <span class='ocrx_word' id='word_1_408' title='bbox 1383 1624 1464 1660; x_wconf 82' lang='lat' dir='ltr'>vult</span> <span class='ocrx_word' id='word_1_409' title='bbox 1497 1636 1558 1659; x_wconf 91' lang='lat' dir='ltr'>eas</span> <span class='ocrx_word' id='word_1_410' title='bbox 1591 1636 1612 1659; x_wconf 92' lang='lat' dir='ltr'>a</span> <span class='ocrx_word' id='word_1_411' title='bbox 1648 1622 1795 1658; x_wconf 85' lang='lat' dir='ltr'>Christo</span> <span class='ocrx_word' id='word_1_412' title='bbox 1825 1621 2016 1658; x_wconf 79' lang='lat' dir='ltr'>discedere</span> <span class='ocrx_word' id='word_1_413' title='bbox 2031 1650 2040 1667; x_wconf 90' lang='lat'>‚</span> <span class='ocrx_word' id='word_1_414' title='bbox 2074 1622 2151 1658; x_wconf 83' lang='lat' dir='ltr'>sive</span> 
     </span>
     <span class='ocr_line' id='line_1_59' title="bbox 1161 1681 2155 1728; baseline -0.005 -7"><span class='ocrx_word' id='word_1_415' title='bbox 1161 1693 1286 1721; x_wconf 84' lang='lat' dir='ltr'>mente</span> <span class='ocrx_word' id='word_1_416' title='bbox 1303 1683 1506 1728; x_wconf 84' lang='lat' dir='ltr'>excedant,</span> <span class='ocrx_word' id='word_1_417' title='bbox 1528 1683 1605 1718; x_wconf 86' lang='lat' dir='ltr'>sive</span> <span class='ocrx_word' id='word_1_418' title='bbox 1627 1681 1761 1718; x_wconf 88' lang='lat' dir='ltr'>sobriae</span> <span class='ocrx_word' id='word_1_419' title='bbox 1781 1683 1884 1717; x_wconf 84' lang='lat' dir='ltr'>liant.</span> <span class='ocrx_word' id='word_1_420' title='bbox 1898 1684 2001 1717; x_wconf 89' lang='lat' dir='ltr'>Bona</span> <span class='ocrx_word' id='word_1_421' title='bbox 2015 1681 2155 1717; x_wconf 86' lang='lat' dir='ltr'>sobrie-</span> 
     </span>
    </p>
   </div>
   <div class='ocr_carea' id='block_1_15' title="bbox 1118 1739 2156 1792">
    <p class='ocr_par' dir='ltr' id='par_1_16' title="bbox 1118 1739 2156 1792">
     <span class='ocr_line' id='line_1_60' title="bbox 1118 1739 2156 1792; baseline -0.006 -11"><span class='ocrx_word' id='word_1_422' title='bbox 1118 1748 1144 1783; x_wconf 95' lang='lat' dir='ltr'>C</span> <span class='ocrx_word' id='word_1_423' title='bbox 1164 1752 1218 1780; x_wconf 89' lang='lat' dir='ltr'>tas</span> <span class='ocrx_word' id='word_1_424' title='bbox 1250 1743 1467 1792; x_wconf 82' lang='lat' dir='ltr'>simplicitas</span> <span class='ocrx_word' id='word_1_425' title='bbox 1497 1741 1602 1786; x_wconf 86' lang='lat' dir='ltr'>lidei,</span> <span class='ocrx_word' id='word_1_426' title='bbox 1637 1754 1749 1789; x_wconf 88' lang='lat' dir='ltr'>quam</span> <span class='ocrx_word' id='word_1_427' title='bbox 1784 1740 2012 1776; x_wconf 88' lang='lat' dir='ltr'>intuentium</span> <span class='ocrx_word' id='word_1_428' title='bbox 2036 1739 2156 1788; x_wconf 90' lang='lat' dir='ltr'>possit</span> 
     </span>
    </p>
   </div>
   <div class='ocr_carea' id='block_1_16' title="bbox 1163 1799 2161 2500">
    <p class='ocr_par' dir='ltr' id='par_1_17' title="bbox 1163 1799 2161 2500">
     <span class='ocr_line' id='line_1_61' title="bbox 1163 1799 2156 1852; baseline -0.005 -13"><span class='ocrx_word' id='word_1_429' title='bbox 1163 1811 1334 1852; x_wconf 80' lang='lat' dir='ltr'>aspectus</span> <span class='ocrx_word' id='word_1_430' title='bbox 1356 1803 1471 1846; x_wconf 87' lang='lat' dir='ltr'>serre,</span> <span class='ocrx_word' id='word_1_431' title='bbox 1502 1809 1539 1837; x_wconf 86' lang='lat' dir='ltr'>et</span> <span class='ocrx_word' id='word_1_432' title='bbox 1565 1814 1637 1849; x_wconf 84' lang='lat' dir='ltr'>qua</span> <span class='ocrx_word' id='word_1_433' title='bbox 1663 1800 1781 1849; x_wconf 89' lang='lat' dir='ltr'>possit</span> <span class='ocrx_word' id='word_1_434' title='bbox 1806 1799 1936 1835; x_wconf 77' lang='lat' dir='ltr'>foveri.</span> <span class='ocrx_word' id='word_1_435' title='bbox 1968 1799 2071 1836; x_wconf 79' lang='lat' dir='ltr'>Felix</span> <span class='ocrx_word' id='word_1_436' title='bbox 2091 1800 2156 1847; x_wconf 91' lang='lat' dir='ltr'>qui</span> 
     </span>
     <span class='ocr_line' id='line_1_62' title="bbox 1163 1859 2155 1910; baseline -0.004 -12"><span class='ocrx_word' id='word_1_437' title='bbox 1163 1863 1234 1898; x_wconf 92' lang='lat' dir='ltr'>hoc</span> <span class='ocrx_word' id='word_1_438' title='bbox 1262 1861 1380 1910; x_wconf 85' lang='lat' dir='ltr'>gradu</span> <span class='ocrx_word' id='word_1_439' title='bbox 1409 1874 1493 1896; x_wconf 91' lang='lat' dir='ltr'>cum</span> <span class='ocrx_word' id='word_1_440' title='bbox 1523 1860 1737 1904; x_wconf 79' lang='lat' dir='ltr'>descendit,</span> <span class='ocrx_word' id='word_1_441' title='bbox 1772 1859 1981 1908; x_wconf 74' lang='lat' dir='ltr'>exeipitur3</span> <span class='ocrx_word' id='word_1_442' title='bbox 2006 1866 2043 1894; x_wconf 85' lang='lat' dir='ltr'>et</span> <span class='ocrx_word' id='word_1_443' title='bbox 2070 1871 2155 1894; x_wconf 90' lang='lat' dir='ltr'>cum</span> 
     </span>
     <span class='ocr_line' id='line_1_63' title="bbox 1164 1917 2156 1969; baseline -0.003 -12"><span class='ocrx_word' id='word_1_444' title='bbox 1164 1921 1328 1958; x_wconf 85' lang='lat' dir='ltr'>ascendit</span> <span class='ocrx_word' id='word_1_445' title='bbox 1343 1949 1352 1965; x_wconf 94' lang='lat'>‚</span> <span class='ocrx_word' id='word_1_446' title='bbox 1375 1920 1519 1969; x_wconf 70' lang='lat' dir='ltr'>incipit.</span> <span class='ocrx_word' id='word_1_447' title='bbox 1547 1917 1848 1956; x_wconf 86' lang='lat' dir='ltr'>Aseendeutibus</span> <span class='ocrx_word' id='word_1_448' title='bbox 1868 1918 1967 1953; x_wconf 89' lang='lat' dir='ltr'>enim</span> <span class='ocrx_word' id='word_1_449' title='bbox 1991 1917 2049 1953; x_wconf 93' lang='lat' dir='ltr'>hic</span> <span class='ocrx_word' id='word_1_450' title='bbox 2067 1931 2156 1966; x_wconf 82' lang='lat' dir='ltr'>spe·</span> 
     </span>
     <span class='ocr_line' id='line_1_64' title="bbox 1164 1977 2154 2028; baseline -0.006 -11"><span class='ocrx_word' id='word_1_451' title='bbox 1164 1981 1362 2017; x_wconf 86' lang='lat' dir='ltr'>culationis</span> <span class='ocrx_word' id='word_1_452' title='bbox 1394 1980 1498 2015; x_wconf 88' lang='lat' dir='ltr'>locus</span> <span class='ocrx_word' id='word_1_453' title='bbox 1530 1979 1676 2028; x_wconf 88' lang='lat' dir='ltr'>primns</span> <span class='ocrx_word' id='word_1_454' title='bbox 1710 1977 1884 2014; x_wconf 89' lang='lat' dir='ltr'>occurrit.</span> <span class='ocrx_word' id='word_1_455' title='bbox 1917 1980 2020 2012; x_wconf 86' lang='lat' dir='ltr'>Bona</span> <span class='ocrx_word' id='word_1_456' title='bbox 2054 1977 2154 2012; x_wconf 91' lang='lat' dir='ltr'>enim</span> 
     </span>
     <span class='ocr_line' id='line_1_65' title="bbox 1165 2036 2156 2089; baseline -0.005 -13"><span class='ocrx_word' id='word_1_457' title='bbox 1165 2039 1431 2089; x_wconf 83' lang='lat' dir='ltr'>speculationis</span> <span class='ocrx_word' id='word_1_458' title='bbox 1449 2038 1638 2073; x_wconf 84' lang='lat' dir='ltr'>aemulatio</span> <span class='ocrx_word' id='word_1_459' title='bbox 1659 2051 1666 2072; x_wconf 74' lang='grc' dir='ltr'>ε</span> <span class='ocrx_word' id='word_1_460' title='bbox 1691 2037 1755 2073; x_wconf 88' lang='lat' dir='ltr'>sed</span> <span class='ocrx_word' id='word_1_461' title='bbox 1778 2036 1933 2072; x_wconf 85' lang='lat' dir='ltr'>seientia</span> <span class='ocrx_word' id='word_1_462' title='bbox 1950 2036 2156 2071; x_wconf 79' lang='lat' dir='ltr'>necessaria</span> 
     </span>
     <span class='ocr_line' id='line_1_66' title="bbox 1166 2094 2157 2136; baseline -0.005 -1"><span class='ocrx_word' id='word_1_463' title='bbox 1166 2108 1231 2136; x_wconf 87' lang='lat' dir='ltr'>est.</span> <span class='ocrx_word' id='word_1_464' title='bbox 1250 2097 1545 2135; x_wconf 82' lang='lat' dir='ltr'>Reclinatorium</span> <span class='ocrx_word' id='word_1_465' title='bbox 1567 2097 1612 2132; x_wconf 91' lang='lat' dir='ltr'>ad</span> <span class='ocrx_word' id='word_1_466' title='bbox 1636 2096 1728 2132; x_wconf 92' lang='lat' dir='ltr'>illud</span> <span class='ocrx_word' id='word_1_467' title='bbox 1750 2109 1904 2132; x_wconf 86' lang='lat' dir='ltr'>aureum</span> <span class='ocrx_word' id='word_1_468' title='bbox 1921 2094 2157 2131; x_wconf 85' lang='lat' dir='ltr'>succenderis</span> 
     </span>
     <span class='ocr_line' id='line_1_67' title="bbox 1164 2155 2159 2203; baseline -0.004 -11"><span class='ocrx_word' id='word_1_469' title='bbox 1164 2167 1201 2192; x_wconf 89' lang='lat' dir='ltr'>et</span> <span class='ocrx_word' id='word_1_470' title='bbox 1222 2157 1451 2203; x_wconf 80' lang='lat' dir='ltr'>succingeris</span> <span class='ocrx_word' id='word_1_471' title='bbox 1466 2185 1475 2199; x_wconf 95' lang='lat'>‚</span> <span class='ocrx_word' id='word_1_472' title='bbox 1498 2157 1621 2192; x_wconf 84' lang='lat' dir='ltr'>locum</span> <span class='ocrx_word' id='word_1_473' title='bbox 1644 2169 1730 2191; x_wconf 69' lang='lat' dir='ltr'>vere</span> <span class='ocrx_word' id='word_1_474' title='bbox 1750 2155 2056 2202; x_wconf 78' lang='lat' dir='ltr'>speculatorium.</span> <span class='ocrx_word' id='word_1_475' title='bbox 2072 2158 2159 2191; x_wconf 87' lang='lat' dir='ltr'>Stu-</span> 
     </span>
     <span class='ocr_line' id='line_1_68' title="bbox 1165 2211 2159 2263; baseline -0.003 -12"><span class='ocrx_word' id='word_1_476' title='bbox 1165 2215 1267 2251; x_wconf 89' lang='lat' dir='ltr'>dium</span> <span class='ocrx_word' id='word_1_477' title='bbox 1302 2213 1450 2263; x_wconf 82' lang='lat' dir='ltr'>prob0‚</span> <span class='ocrx_word' id='word_1_478' title='bbox 1475 2212 1539 2248; x_wconf 91' lang='lat' dir='ltr'>sed</span> <span class='ocrx_word' id='word_1_479' title='bbox 1567 2221 1741 2261; x_wconf 79' lang='lat' dir='ltr'>exspecta</span> <span class='ocrx_word' id='word_1_480' title='bbox 1769 2221 1809 2248; x_wconf 91' lang='lat' dir='ltr'>nt</span> <span class='ocrx_word' id='word_1_481' title='bbox 1838 2225 2063 2260; x_wconf 89' lang='lat' dir='ltr'>componam</span> <span class='ocrx_word' id='word_1_482' title='bbox 2093 2211 2159 2248; x_wconf 91' lang='lat' dir='ltr'>tibi</span> 
     </span>
     <span class='ocr_line' id='line_1_69' title="bbox 1164 2271 2158 2323; baseline -0.003 -14"><span class='ocrx_word' id='word_1_483' title='bbox 1164 2286 1355 2323; x_wconf 76' lang='lat' dir='ltr'>gressum,</span> <span class='ocrx_word' id='word_1_484' title='bbox 1393 2281 1430 2308; x_wconf 88' lang='lat' dir='ltr'>et</span> <span class='ocrx_word' id='word_1_485' title='bbox 1449 2272 1607 2321; x_wconf 87' lang='lat' dir='ltr'>gradum</span> <span class='ocrx_word' id='word_1_486' title='bbox 1643 2284 1795 2321; x_wconf 86' lang='lat' dir='ltr'>ponam.</span> <span class='ocrx_word' id='word_1_487' title='bbox 1829 2271 1988 2319; x_wconf 82' lang='lat' dir='ltr'>Speenla</span> <span class='ocrx_word' id='word_1_488' title='bbox 2021 2279 2097 2315; x_wconf 87' lang='lat' dir='ltr'>est,</span> <span class='ocrx_word' id='word_1_489' title='bbox 2121 2279 2158 2306; x_wconf 73' lang='lat' dir='ltr'>‹2t</span> 
     </span>
     <span class='ocr_line' id='line_1_70' title="bbox 1165 2329 2159 2381; baseline -0.004 -13"><span class='ocrx_word' id='word_1_490' title='bbox 1165 2332 1317 2381; x_wconf 88' lang='lat' dir='ltr'>specula</span> <span class='ocrx_word' id='word_1_491' title='bbox 1339 2344 1426 2368; x_wconf 70' lang='lat' dir='ltr'>vere</span> <span class='ocrx_word' id='word_1_492' title='bbox 1454 2329 1646 2374; x_wconf 91' lang='lat' dir='ltr'>sublimis,</span> <span class='ocrx_word' id='word_1_493' title='bbox 1680 2329 1832 2378; x_wconf 83' lang='lat' dir='ltr'>specula</span> <span class='ocrx_word' id='word_1_494' title='bbox 1851 2329 1974 2364; x_wconf 91' lang='lat' dir='ltr'>omnis</span> <span class='ocrx_word' id='word_1_495' title='bbox 2002 2337 2159 2364; x_wconf 77' lang='lat' dir='ltr'>terrenae</span> 
     </span>
     <span class='ocr_line' id='line_1_71' title="bbox 1164 2387 2161 2438; baseline -0.004 -11"><span class='ocrx_word' id='word_1_496' title='bbox 1164 2390 1412 2428; x_wconf 72' lang='lat' dir='ltr'>exhalationis</span> <span class='ocrx_word' id='word_1_497' title='bbox 1454 2402 1698 2438; x_wconf 82' lang='lat' dir='ltr'>supergressa</span> <span class='ocrx_word' id='word_1_498' title='bbox 1746 2387 1913 2423; x_wconf 78' lang='lat' dir='ltr'>nebulas,</span> <span class='ocrx_word' id='word_1_499' title='bbox 1948 2391 2161 2423; x_wconf 85' lang='lat' dir='ltr'>Inassuetus</span> 
     </span>
     <span class='ocr_line' id='line_1_72' title="bbox 1168 2447 2161 2500; baseline -0.005 -13"><span class='ocrx_word' id='word_1_500' title='bbox 1168 2450 1258 2500; x_wconf 88' lang='lat' dir='ltr'>quid</span> <span class='ocrx_word' id='word_1_501' title='bbox 1278 2451 1366 2486; x_wconf 91' lang='lat' dir='ltr'>illuc</span> <span class='ocrx_word' id='word_1_502' title='bbox 1391 2449 1526 2485; x_wconf 85' lang='lat' dir='ltr'>saltum</span> <span class='ocrx_word' id='word_1_503' title='bbox 1558 2450 1692 2497; x_wconf 74' lang='lat' dir='ltr'>paras?</span> <span class='ocrx_word' id='word_1_504' title='bbox 1718 2447 1891 2484; x_wconf 82' lang='lat' dir='ltr'>Manibus</span> <span class='ocrx_word' id='word_1_505' title='bbox 1916 2447 2040 2496; x_wconf 43' lang='lat' dir='ltr'>isicut</span> <span class='ocrx_word' id='word_1_506' title='bbox 2069 2447 2161 2482; x_wconf 89' lang='lat' dir='ltr'>seri-</span> 
     </span>
    </p>
   </div>
   <div class='ocr_carea' id='block_1_17' title="bbox 110 2505 2161 2560">
    <p class='ocr_par' dir='ltr' id='par_1_18' title="bbox 110 2505 2161 2560">
     <span class='ocr_line' id='line_1_73' title="bbox 110 2505 2161 2560; baseline -0.003 -14"><span class='ocrx_word' id='word_1_507' title='bbox 110 2510 209 2546; x_wconf 91' lang='lat' dir='ltr'>enim</span> <span class='ocrx_word' id='word_1_508' title='bbox 229 2518 283 2546; x_wconf 87' lang='lat' dir='ltr'>est</span> <span class='ocrx_word' id='word_1_509' title='bbox 300 2509 402 2558; x_wconf 90' lang='lat' dir='ltr'>quod</span> <span class='ocrx_word' id='word_1_510' title='bbox 419 2522 494 2544; x_wconf 91' lang='lat' dir='ltr'>non</span> <span class='ocrx_word' id='word_1_511' title='bbox 511 2509 688 2558; x_wconf 78' lang='lat' dir='ltr'>exprimit</span> <span class='ocrx_word' id='word_1_512' title='bbox 706 2510 839 2545; x_wconf 87' lang='lat' dir='ltr'>littera.</span> <span class='ocrx_word' id='word_1_513' title='bbox 861 2508 969 2545; x_wconf 88' lang='lat' dir='ltr'>Unde</span> <span class='ocrx_word' id='word_1_514' title='bbox 987 2509 1102 2557; x_wconf 77' lang='lat' dir='ltr'>crgo?</span> <span class='ocrx_word' id='word_1_515' title='bbox 1121 2512 1152 2546; x_wconf 93' lang='lat' dir='ltr'>D</span> <span class='ocrx_word' id='word_1_516' title='bbox 1169 2519 1275 2560; x_wconf 91' lang='lat' dir='ltr'>ptum</span> <span class='ocrx_word' id='word_1_517' title='bbox 1292 2518 1346 2545; x_wconf 90' lang='lat' dir='ltr'>est</span> <span class='ocrx_word' id='word_1_518' title='bbox 1363 2509 1374 2558; x_wconf 85' lang='lat'>)</span> <span class='ocrx_word' id='word_1_519' title='bbox 1396 2509 1513 2544; x_wconf 85' lang='lat' dir='ltr'>nitere</span> <span class='ocrx_word' id='word_1_520' title='bbox 1527 2536 1536 2552; x_wconf 89' lang='lat'>‚</span> <span class='ocrx_word' id='word_1_521' title='bbox 1569 2516 1608 2543; x_wconf 88' lang='lat' dir='ltr'>ut</span> <span class='ocrx_word' id='word_1_522' title='bbox 1633 2519 1822 2543; x_wconf 76' lang='lat' dir='ltr'>assuescas</span> <span class='ocrx_word' id='word_1_523' title='bbox 1855 2507 1993 2542; x_wconf 88' lang='lat' dir='ltr'>morari</span> <span class='ocrx_word' id='word_1_524' title='bbox 2016 2506 2053 2541; x_wconf 93' lang='lat' dir='ltr'>in</span> <span class='ocrx_word' id='word_1_525' title='bbox 2081 2505 2161 2541; x_wconf 80' lang='lat' dir='ltr'>aede</span> 
     </span>
    </p>
   </div>
   <div class='ocr_carea' id='block_1_18' title="bbox 66 2567 1110 3262">
    <p class='ocr_par' dir='ltr' id='par_1_19' title="bbox 66 2567 1110 3089">
     <span class='ocr_line' id='line_1_74' title="bbox 114 2567 1098 2617; baseline -0.002 -13"><span class='ocrx_word' id='word_1_526' title='bbox 114 2568 296 2617; x_wconf 85' lang='lat' dir='ltr'>numquid</span> <span class='ocrx_word' id='word_1_527' title='bbox 317 2569 362 2604; x_wconf 93' lang='lat' dir='ltr'>de</span> <span class='ocrx_word' id='word_1_528' title='bbox 383 2569 497 2605; x_wconf 78' lang='lat' dir='ltr'>Sion?</span> <span class='ocrx_word' id='word_1_529' title='bbox 517 2569 587 2605; x_wconf 89' lang='lat' dir='ltr'>Sed</span> <span class='ocrx_word' id='word_1_530' title='bbox 611 2568 799 2604; x_wconf 68' lang='lat' dir='ltr'>videbitur</span> <span class='ocrx_word' id='word_1_531' title='bbox 816 2572 918 2605; x_wconf 86' lang='lat' dir='ltr'>Deus</span> <span class='ocrx_word' id='word_1_532' title='bbox 940 2567 1098 2603; x_wconf 86' lang='lat' dir='ltr'>deorum</span> 
     </span>
     <span class='ocr_line' id='line_1_75' title="bbox 113 2625 1102 2675; baseline -0.002 -12"><span class='ocrx_word' id='word_1_533' title='bbox 113 2628 149 2663; x_wconf 93' lang='lat' dir='ltr'>in</span> <span class='ocrx_word' id='word_1_534' title='bbox 171 2627 258 2664; x_wconf 85' lang='lat' dir='ltr'>Sion</span> <span class='ocrx_word' id='word_1_535' title='bbox 275 2625 300 2662; x_wconf 81' lang='lat'>³.</span> <span class='ocrx_word' id='word_1_536' title='bbox 323 2630 406 2663; x_wconf 85' lang='lat' dir='ltr'>Non</span> <span class='ocrx_word' id='word_1_537' title='bbox 429 2640 518 2675; x_wconf 83' lang='lat' dir='ltr'>crgo</span> <span class='ocrx_word' id='word_1_538' title='bbox 544 2627 590 2663; x_wconf 88' lang='lat' dir='ltr'>de</span> <span class='ocrx_word' id='word_1_539' title='bbox 607 2628 694 2663; x_wconf 78' lang='lat' dir='ltr'>Sion</span> <span class='ocrx_word' id='word_1_540' title='bbox 716 2640 777 2663; x_wconf 86' lang='lat' dir='ltr'>eas</span> <span class='ocrx_word' id='word_1_541' title='bbox 796 2635 921 2672; x_wconf 81' lang='lat' dir='ltr'>vocat,</span> <span class='ocrx_word' id='word_1_542' title='bbox 943 2639 1034 2675; x_wconf 79' lang='lat' dir='ltr'>(pias</span> <span class='ocrx_word' id='word_1_543' title='bbox 1057 2625 1102 2661; x_wconf 92' lang='lat' dir='ltr'>ad</span> 
     </span>
     <span class='ocr_line' id='line_1_76' title="bbox 115 2685 1104 2722; baseline -0.001 -1"><span class='ocrx_word' id='word_1_544' title='bbox 115 2685 316 2722; x_wconf 83' lang='lat' dir='ltr'>videndum</span> <span class='ocrx_word' id='word_1_545' title='bbox 338 2690 459 2722; x_wconf 89' lang='lat' dir='ltr'>Deum</span> <span class='ocrx_word' id='word_1_546' title='bbox 482 2694 603 2722; x_wconf 71' lang='lat' dir='ltr'>vocat.</span> <span class='ocrx_word' id='word_1_547' title='bbox 628 2691 676 2722; x_wconf 82' lang='lat' dir='ltr'>At</span> <span class='ocrx_word' id='word_1_548' title='bbox 705 2686 800 2722; x_wconf 85' lang='lat' dir='ltr'>sorte</span> <span class='ocrx_word' id='word_1_549' title='bbox 826 2699 899 2721; x_wconf 93' lang='lat' dir='ltr'>non</span> <span class='ocrx_word' id='word_1_550' title='bbox 922 2685 967 2721; x_wconf 88' lang='lat' dir='ltr'>ad</span> <span class='ocrx_word' id='word_1_551' title='bbox 992 2685 1104 2720; x_wconf 69' lang='lat' dir='ltr'>xisio-</span> 
     </span>
     <span class='ocr_line' id='line_1_77' title="bbox 115 2743 1104 2789; baseline -0.002 -9"><span class='ocrx_word' id='word_1_552' title='bbox 115 2757 199 2780; x_wconf 82' lang='lat' dir='ltr'>neni</span> <span class='ocrx_word' id='word_1_553' title='bbox 222 2744 311 2789; x_wconf 88' lang='lat' dir='ltr'>Dei,</span> <span class='ocrx_word' id='word_1_554' title='bbox 331 2744 395 2779; x_wconf 84' lang='lat' dir='ltr'>sed</span> <span class='ocrx_word' id='word_1_555' title='bbox 417 2744 462 2779; x_wconf 90' lang='lat' dir='ltr'>ad</span> <span class='ocrx_word' id='word_1_556' title='bbox 483 2743 687 2780; x_wconf 72' lang='lat' dir='ltr'>videndum</span> <span class='ocrx_word' id='word_1_557' title='bbox 708 2744 946 2780; x_wconf 84' lang='lat' dir='ltr'>Salomonem</span> <span class='ocrx_word' id='word_1_558' title='bbox 968 2743 1004 2778; x_wconf 91' lang='lat' dir='ltr'>in</span> <span class='ocrx_word' id='word_1_559' title='bbox 1023 2743 1104 2778; x_wconf 87' lang='lat' dir='ltr'>dia-</span> 
     </span>
     <span class='ocr_line' id='line_1_78' title="bbox 115 2801 1102 2851; baseline -0.002 -13"><span class='ocrx_word' id='word_1_560' title='bbox 115 2803 260 2839; x_wconf 83' lang='lat' dir='ltr'>demate</span> <span class='ocrx_word' id='word_1_561' title='bbox 275 2831 285 2848; x_wconf 87' lang='lat'>,</span> <span class='ocrx_word' id='word_1_562' title='bbox 317 2816 393 2851; x_wconf 82' lang='lat' dir='ltr'>quo</span> <span class='ocrx_word' id='word_1_563' title='bbox 414 2804 609 2839; x_wconf 74' lang='lat' dir='ltr'>coronavit</span> <span class='ocrx_word' id='word_1_564' title='bbox 629 2816 714 2839; x_wconf 83' lang='lat' dir='ltr'>euni</span> <span class='ocrx_word' id='word_1_565' title='bbox 738 2811 856 2839; x_wconf 90' lang='lat' dir='ltr'>mater</span> <span class='ocrx_word' id='word_1_566' title='bbox 877 2804 968 2838; x_wconf 79' lang='lat' dir='ltr'>sua?</span> <span class='ocrx_word' id='word_1_567' title='bbox 991 2801 1102 2838; x_wconf 88' lang='lat' dir='ltr'>ldeo-</span> 
     </span>
     <span class='ocr_line' id='line_1_79' title="bbox 66 2860 1104 2911; baseline -0.002 -14"><span class='ocrx_word' id='word_1_568' title='bbox 66 2877 73 2884; x_wconf 88' lang='lat'><strong>·</strong></span> <span class='ocrx_word' id='word_1_569' title='bbox 116 2875 190 2911; x_wconf 83' lang='lat' dir='ltr'>que</span> <span class='ocrx_word' id='word_1_570' title='bbox 218 2862 268 2897; x_wconf 90' lang='lat' dir='ltr'>nil</span> <span class='ocrx_word' id='word_1_571' title='bbox 291 2861 433 2907; x_wconf 86' lang='lat' dir='ltr'>obstat,</span> <span class='ocrx_word' id='word_1_572' title='bbox 456 2862 484 2898; x_wconf 92' lang='lat' dir='ltr'>si</span> <span class='ocrx_word' id='word_1_573' title='bbox 516 2862 608 2898; x_wconf 85' lang='lat' dir='ltr'>lilias</span> <span class='ocrx_word' id='word_1_574' title='bbox 634 2862 721 2899; x_wconf 80' lang='lat' dir='ltr'>Sion</span> <span class='ocrx_word' id='word_1_575' title='bbox 751 2861 876 2910; x_wconf 80' lang='lat' dir='ltr'>egredi</span> <span class='ocrx_word' id='word_1_576' title='bbox 898 2860 1031 2909; x_wconf 86' lang='lat' dir='ltr'>jubeat</span> <span class='ocrx_word' id='word_1_577' title='bbox 1058 2861 1104 2896; x_wconf 90' lang='lat' dir='ltr'>de</span> 
     </span>
     <span class='ocr_line' id='line_1_80' title="bbox 118 2921 1105 2971; baseline -0.002 -13"><span class='ocrx_word' id='word_1_578' title='bbox 118 2922 218 2959; x_wconf 81' lang='lat' dir='ltr'>Sion.</span> <span class='ocrx_word' id='word_1_579' title='bbox 250 2922 321 2958; x_wconf 89' lang='lat' dir='ltr'>Sed</span> <span class='ocrx_word' id='word_1_580' title='bbox 346 2923 528 2971; x_wconf 82' lang='lat' dir='ltr'>numquid</span> <span class='ocrx_word' id='word_1_581' title='bbox 551 2936 625 2958; x_wconf 92' lang='lat' dir='ltr'>non</span> <span class='ocrx_word' id='word_1_582' title='bbox 651 2923 764 2958; x_wconf 90' lang='lat' dir='ltr'>homo</span> <span class='ocrx_word' id='word_1_583' title='bbox 785 2923 846 2958; x_wconf 90' lang='lat' dir='ltr'>ille</span> <span class='ocrx_word' id='word_1_584' title='bbox 867 2930 975 2957; x_wconf 88' lang='lat' dir='ltr'>natus</span> <span class='ocrx_word' id='word_1_585' title='bbox 995 2929 1050 2956; x_wconf 87' lang='lat' dir='ltr'>est</span> <span class='ocrx_word' id='word_1_586' title='bbox 1069 2921 1105 2956; x_wconf 91' lang='lat' dir='ltr'>iu</span> 
     </span>
     <span class='ocr_line' id='line_1_81' title="bbox 118 2981 1105 3029; baseline -0.004 -11"><span class='ocrx_word' id='word_1_587' title='bbox 118 2981 233 3018; x_wconf 78' lang='lat' dir='ltr'>Sion?</span> <span class='ocrx_word' id='word_1_588' title='bbox 259 2984 354 3029; x_wconf 75' lang='lat' dir='ltr'>Ergo</span> <span class='ocrx_word' id='word_1_589' title='bbox 382 2982 410 3017; x_wconf 86' lang='lat' dir='ltr'>si</span> <span class='ocrx_word' id='word_1_590' title='bbox 440 2981 485 3017; x_wconf 89' lang='lat' dir='ltr'>dc</span> <span class='ocrx_word' id='word_1_591' title='bbox 506 2982 593 3018; x_wconf 80' lang='lat' dir='ltr'>Sion</span> <span class='ocrx_word' id='word_1_592' title='bbox 625 2990 851 3026; x_wconf 71' lang='lat' dir='ltr'>evocantur,</span> <span class='ocrx_word' id='word_1_593' title='bbox 885 2993 960 3015; x_wconf 88' lang='lat' dir='ltr'>non</span> <span class='ocrx_word' id='word_1_594' title='bbox 984 2988 1105 3015; x_wconf 77' lang='lat' dir='ltr'>tamen</span> 
     </span>
     <span class='ocr_line' id='line_1_82' title="bbox 118 3038 1110 3089; baseline 0 -15"><span class='ocrx_word' id='word_1_595' title='bbox 118 3047 301 3075; x_wconf 75' lang='lat' dir='ltr'>vocantur</span> <span class='ocrx_word' id='word_1_596' title='bbox 319 3039 388 3076; x_wconf 86' lang='lat' dir='ltr'>uisi</span> <span class='ocrx_word' id='word_1_597' title='bbox 410 3040 456 3076; x_wconf 91' lang='lat' dir='ltr'>ad</span> <span class='ocrx_word' id='word_1_598' title='bbox 473 3040 562 3076; x_wconf 80' lang='lat' dir='ltr'>Sion</span> <span class='ocrx_word' id='word_1_599' title='bbox 581 3054 588 3076; x_wconf 93' lang='lat'>:</span> <span class='ocrx_word' id='word_1_600' title='bbox 607 3040 652 3076; x_wconf 90' lang='lat' dir='ltr'>de</span> <span class='ocrx_word' id='word_1_601' title='bbox 669 3040 755 3077; x_wconf 86' lang='lat' dir='ltr'>Sion</span> <span class='ocrx_word' id='word_1_602' title='bbox 777 3039 962 3089; x_wconf 86' lang='lat' dir='ltr'>superiori</span> <span class='ocrx_word' id='word_1_603' title='bbox 983 3038 1029 3074; x_wconf 85' lang='lat' dir='ltr'>ad</span> <span class='ocrx_word' id='word_1_604' title='bbox 1051 3039 1110 3074; x_wconf 80' lang='lat' dir='ltr'>in-</span> 
     </span>
    </p>

    <p class='ocr_par' dir='ltr' id='par_1_20' title="bbox 125 3171 970 3262">
     <span class='ocr_line' id='line_1_83' title="bbox 171 3171 970 3207; baseline 0 -6"><span class='ocrx_word' id='word_1_605' title='bbox 171 3171 272 3202; x_wconf 83' lang='lat' dir='ltr'>¹l&#39;sal.</span> <span class='ocrx_word' id='word_1_606' title='bbox 289 3183 392 3202; x_wconf 71' lang='lat' dir='ltr'>cxviii</span> <span class='ocrx_word' id='word_1_607' title='bbox 409 3197 415 3207; x_wconf 76' lang='grc'>,</span> <span class='ocrx_word' id='word_1_608' title='bbox 443 3176 516 3203; x_wconf 66' lang='lat'><strong>101».</strong></span> <span class='ocrx_word' id='word_1_609' title='bbox 564 3192 568 3194; x_wconf 20' lang='grc' dir='ltr'>ἡ</span> <span class='ocrx_word' id='word_1_610' title='bbox 607 3179 617 3193; x_wconf 87' lang='lat'>²</span> <span class='ocrx_word' id='word_1_611' title='bbox 645 3174 720 3203; x_wconf 76' lang='lat' dir='ltr'>l‘sal.</span> <span class='ocrx_word' id='word_1_612' title='bbox 744 3185 831 3202; x_wconf 54' lang='lat' dir='ltr'>cxvii</span> <span class='ocrx_word' id='word_1_613' title='bbox 848 3197 854 3205; x_wconf 83' lang='grc'>,</span> <span class='ocrx_word' id='word_1_614' title='bbox 890 3174 936 3202; x_wconf 89' lang='grc' dir='ltr'>1ἰ.</span> <span class='ocrx_word' id='word_1_615' title='bbox 966 3191 970 3193; x_wconf 37' lang='lat'><em>⁴</em></span> 
     </span>
     <span class='ocr_line' id='line_1_84' title="bbox 125 3222 641 3262; baseline 0.006 -11"><span class='ocrx_word' id='word_1_616' title='bbox 125 3227 176 3252; x_wconf 55' lang='lat'>28.</span> <span class='ocrx_word' id='word_1_617' title='bbox 251 3222 358 3254; x_wconf 66' lang='lat' dir='ltr'>‘&#39;³1&#39;sal.</span> <span class='ocrx_word' id='word_1_618' title='bbox 379 3236 504 3255; x_wconf 54' lang='lat' dir='ltr'>mxxxiii</span> <span class='ocrx_word' id='word_1_619' title='bbox 522 3249 528 3262; x_wconf 91' lang='lat'>,</span> <span class='ocrx_word' id='word_1_620' title='bbox 553 3230 591 3262; x_wconf 72' lang='lat' dir='ltr'>(l,</span> <span class='ocrx_word' id='word_1_621' title='bbox 611 3227 641 3254; x_wconf 92' lang='lat'>7.</span> 
     </span>
    </p>
   </div>
   <div class='ocr_carea' id='block_1_19' title="bbox 1023 3172 1368 3207">
    <p class='ocr_par' dir='ltr' id='par_1_21' title="bbox 1023 3172 1368 3207">
     <span class='ocr_line' id='line_1_85' title="bbox 1023 3172 1368 3207; baseline -0.003 -5"><span class='ocrx_word' id='word_1_622' title='bbox 1023 3172 1131 3203; x_wconf 65' lang='lat' dir='ltr'>-31&#39;sal.</span> <span class='ocrx_word' id='word_1_623' title='bbox 1159 3183 1310 3207; x_wconf 69' lang='lat' dir='ltr'>rxxxm,</span> <span class='ocrx_word' id='word_1_624' title='bbox 1339 3176 1368 3201; x_wconf 72' lang='lat' dir='ltr'>S.</span> 
     </span>
    </p>
   </div>
   <div class='ocr_carea' id='block_1_20' title="bbox 1169 2565 2169 3088">
    <p class='ocr_par' dir='ltr' id='par_1_22' title="bbox 1169 2565 2169 3088">
     <span class='ocr_line' id='line_1_86' title="bbox 1169 2565 2162 2617; baseline -0.005 -11"><span class='ocrx_word' id='word_1_625' title='bbox 1169 2570 1264 2617; x_wconf 83' lang='lat' dir='ltr'>regis</span> <span class='ocrx_word' id='word_1_626' title='bbox 1279 2569 1292 2591; x_wconf 77' lang='lat'><strong>⁵</strong></span> <span class='ocrx_word' id='word_1_627' title='bbox 1310 2568 1532 2604; x_wconf 81' lang='lat' dir='ltr'>Salomonis.</span> <span class='ocrx_word' id='word_1_628' title='bbox 1549 2567 1702 2603; x_wconf 86' lang='lat' dir='ltr'>Interim</span> <span class='ocrx_word' id='word_1_629' title='bbox 1721 2579 1828 2614; x_wconf 83' lang='lat' dir='ltr'>repe,</span> <span class='ocrx_word' id='word_1_630' title='bbox 1851 2565 1972 2601; x_wconf 84' lang='lat' dir='ltr'>donee</span> <span class='ocrx_word' id='word_1_631' title='bbox 1993 2565 2162 2614; x_wconf 78' lang='lat' dir='ltr'>rapiaris.</span> 
     </span>
     <span class='ocr_line' id='line_1_87' title="bbox 1169 2625 2163 2672; baseline -0.006 -8"><span class='ocrx_word' id='word_1_632' title='bbox 1169 2632 1249 2664; x_wconf 73' lang='lat' dir='ltr'>Non</span> <span class='ocrx_word' id='word_1_633' title='bbox 1275 2627 1374 2664; x_wconf 83' lang='lat' dir='ltr'>enini</span> <span class='ocrx_word' id='word_1_634' title='bbox 1393 2627 1508 2662; x_wconf 85' lang='lat' dir='ltr'>saltus</span> <span class='ocrx_word' id='word_1_635' title='bbox 1524 2654 1532 2670; x_wconf 87' lang='lat'>‚</span> <span class='ocrx_word' id='word_1_636' title='bbox 1561 2625 1624 2661; x_wconf 83' lang='lat' dir='ltr'>sed</span> <span class='ocrx_word' id='word_1_637' title='bbox 1647 2629 1894 2667; x_wconf 52' lang='lat' dir='ltr'>ascens-ioum,</span> <span class='ocrx_word' id='word_1_638' title='bbox 1922 2625 2042 2672; x_wconf 81' lang='lat' dir='ltr'>inquit</span> <span class='ocrx_word' id='word_1_639' title='bbox 2063 2625 2163 2659; x_wconf 84' lang='lat' dir='ltr'>Psal-</span> 
     </span>
     <span class='ocr_line' id='line_1_88' title="bbox 1171 2683 2163 2733; baseline -0.005 -10"><span class='ocrx_word' id='word_1_640' title='bbox 1171 2700 1254 2723; x_wconf 82' lang='lat' dir='ltr'>nius</span> <span class='ocrx_word' id='word_1_641' title='bbox 1271 2715 1279 2730; x_wconf 92' lang='lat'>‚</span> <span class='ocrx_word' id='word_1_642' title='bbox 1300 2689 1483 2733; x_wconf 55' lang='lat' dir='ltr'>(Inposuit</span> <span class='ocrx_word' id='word_1_643' title='bbox 1501 2689 1536 2719; x_wconf 78' lang='lat' dir='ltr'>in</span> <span class='ocrx_word' id='word_1_644' title='bbox 1559 2687 1665 2719; x_wconf 71' lang='lat' dir='ltr'>corde</span> <span class='ocrx_word' id='word_1_645' title='bbox 1681 2698 1757 2719; x_wconf 74' lang='lat' dir='ltr'>suo.</span> <span class='ocrx_word' id='word_1_646' title='bbox 1778 2684 1853 2719; x_wconf 63' lang='lat' dir='ltr'>lii-ii</span> <span class='ocrx_word' id='word_1_647' title='bbox 1874 2692 1996 2718; x_wconf 84' lang='lat' dir='ltr'>autem</span> <span class='ocrx_word' id='word_1_648' title='bbox 2010 2683 2163 2731; x_wconf 80' lang='lat' dir='ltr'>quando</span> 
     </span>
     <span class='ocr_line' id='line_1_89' title="bbox 1172 2742 2164 2791; baseline -0.005 -9"><span class='ocrx_word' id='word_1_649' title='bbox 1172 2746 1339 2782; x_wconf 79' lang='lat' dir='ltr'>ascensio</span> <span class='ocrx_word' id='word_1_650' title='bbox 1356 2746 1391 2780; x_wconf 89' lang='lat' dir='ltr'>in</span> <span class='ocrx_word' id='word_1_651' title='bbox 1410 2745 1557 2788; x_wconf 82' lang='lat' dir='ltr'>salluui,</span> <span class='ocrx_word' id='word_1_652' title='bbox 1575 2744 1690 2791; x_wconf 69' lang='lat' dir='ltr'>inagis</span> <span class='ocrx_word' id='word_1_653' title='bbox 1708 2756 1798 2778; x_wconf 61' lang='lat' dir='ltr'>vero</span> <span class='ocrx_word' id='word_1_654' title='bbox 1816 2743 1850 2777; x_wconf 91' lang='lat' dir='ltr'>in</span> <span class='ocrx_word' id='word_1_655' title='bbox 1869 2742 2164 2790; x_wconf 80' lang='lat' dir='ltr'>assumptionem</span> 
     </span>
     <span class='ocr_line' id='line_1_90' title="bbox 1171 2801 2164 2849; baseline -0.003 -10"><span class='ocrx_word' id='word_1_656' title='bbox 1171 2811 1428 2840; x_wconf 78' lang='lat' dir='ltr'>convertetur.</span> <span class='ocrx_word' id='word_1_657' title='bbox 1449 2807 1539 2849; x_wconf 81' lang='lat' dir='ltr'>Qua·</span> <span class='ocrx_word' id='word_1_658' title='bbox 1560 2810 1643 2837; x_wconf 84' lang='lat' dir='ltr'>snut</span> <span class='ocrx_word' id='word_1_659' title='bbox 1667 2809 1791 2837; x_wconf 72' lang='lat' dir='ltr'>autent</span> <span class='ocrx_word' id='word_1_660' title='bbox 1814 2801 1892 2836; x_wconf 65' lang='lat' dir='ltr'>ista*</span> <span class='ocrx_word' id='word_1_661' title='bbox 1916 2801 2164 2844; x_wconf 70' lang='lat' dir='ltr'>ascensiones,</span> 
     </span>
     <span class='ocr_line' id='line_1_91' title="bbox 1173 2858 2167 2911; baseline -0.004 -13"><span class='ocrx_word' id='word_1_662' title='bbox 1173 2863 1241 2899; x_wconf 91' lang='lat' dir='ltr'>nisi</span> <span class='ocrx_word' id='word_1_663' title='bbox 1259 2862 1430 2911; x_wconf 67' lang='lat' dir='ltr'>qua‘dain</span> <span class='ocrx_word' id='word_1_664' title='bbox 1451 2862 1585 2896; x_wconf 80' lang='lat' dir='ltr'>inentis</span> <span class='ocrx_word' id='word_1_665' title='bbox 1607 2861 1875 2909; x_wconf 75' lang='lat' dir='ltr'>purgationes?</span> <span class='ocrx_word' id='word_1_666' title='bbox 1895 2858 1983 2894; x_wconf 88' lang='lat' dir='ltr'>ldeo</span> <span class='ocrx_word' id='word_1_667' title='bbox 2000 2863 2036 2893; x_wconf 80' lang='lat' dir='ltr'>in</span> <span class='ocrx_word' id='word_1_668' title='bbox 2064 2862 2167 2894; x_wconf 71' lang='lat' dir='ltr'>valle</span> 
     </span>
     <span class='ocr_line' id='line_1_92' title="bbox 1173 2918 2167 2968; baseline -0.004 -11"><span class='ocrx_word' id='word_1_669' title='bbox 1173 2926 1420 2968; x_wconf 41' lang='lat' dir='ltr'>lacrimarum</span> <span class='ocrx_word' id='word_1_670' title='bbox 1438 2919 1467 2964; x_wconf 69' lang='lat'>⁴⁴,</span> <span class='ocrx_word' id='word_1_671' title='bbox 1497 2921 1676 2968; x_wconf 83' lang='lat' dir='ltr'>quoniam</span> <span class='ocrx_word' id='word_1_672' title='bbox 1701 2919 1836 2954; x_wconf 77' lang='lat' dir='ltr'>delicta</span> <span class='ocrx_word' id='word_1_673' title='bbox 1859 2932 1942 2966; x_wconf 68' lang='lat' dir='ltr'>quac</span> <span class='ocrx_word' id='word_1_674' title='bbox 1971 2918 2167 2967; x_wconf 88' lang='lat' dir='ltr'>plorantur</span> 
     </span>
     <span class='ocr_line' id='line_1_93' title="bbox 1176 2978 2166 3031; baseline -0.002 -15"><span class='ocrx_word' id='word_1_675' title='bbox 1176 2989 1396 3031; x_wconf 74' lang='lat' dir='ltr'>purgantur.</span> <span class='ocrx_word' id='word_1_676' title='bbox 1417 2980 1516 3015; x_wconf 62' lang='lat' dir='ltr'>Felix</span> <span class='ocrx_word' id='word_1_677' title='bbox 1537 2980 1600 3027; x_wconf 84' lang='lat' dir='ltr'>qui</span> <span class='ocrx_word' id='word_1_678' title='bbox 1623 2979 1709 3014; x_wconf 87' lang='lat' dir='ltr'>satis</span> <span class='ocrx_word' id='word_1_679' title='bbox 1729 2979 1817 3014; x_wconf 64' lang='lat' dir='ltr'>lavit</span> <span class='ocrx_word' id='word_1_680' title='bbox 1839 2978 2015 3014; x_wconf 74' lang='lat' dir='ltr'>lectulum</span> <span class='ocrx_word' id='word_1_681' title='bbox 2031 2978 2166 3023; x_wconf 83' lang='lat' dir='ltr'>cordis,</span> 
     </span>
     <span class='ocr_line' id='line_1_94' title="bbox 1176 3037 2169 3088; baseline -0.004 -13"><span class='ocrx_word' id='word_1_682' title='bbox 1176 3040 1241 3088; x_wconf 83' lang='lat' dir='ltr'>qui</span> <span class='ocrx_word' id='word_1_683' title='bbox 1270 3039 1500 3075; x_wconf 77' lang='lat' dir='ltr'>sullieienter</span> <span class='ocrx_word' id='word_1_684' title='bbox 1533 3038 1695 3086; x_wconf 68' lang='lat' dir='ltr'>ploravit</span> <span class='ocrx_word' id='word_1_685' title='bbox 1716 3053 1723 3073; x_wconf 89' lang='lat'>:</span> <span class='ocrx_word' id='word_1_686' title='bbox 1757 3037 1865 3086; x_wconf 85' lang='lat' dir='ltr'>eujus</span> <span class='ocrx_word' id='word_1_687' title='bbox 1899 3037 2084 3086; x_wconf 76' lang='lat' dir='ltr'>completa</span> <span class='ocrx_word' id='word_1_688' title='bbox 2115 3046 2169 3072; x_wconf 84' lang='lat' dir='ltr'>est</span> 
     </span>
    </p>
   </div>
   <div class='ocr_carea' id='block_1_21' title="bbox 1410 3167 2167 3202">
    <p class='ocr_par' dir='ltr' id='par_1_23' title="bbox 1410 3167 2167 3202">
     <span class='ocr_line' id='line_1_95' title="bbox 1410 3167 2167 3202; baseline -0.008 -1"><span class='ocrx_word' id='word_1_689' title='bbox 1410 3190 1429 3192; x_wconf 31' lang='lat' dir='ltr'>-ff</span> <span class='ocrx_word' id='word_1_690' title='bbox 1461 3172 1473 3196; x_wconf 57' lang='lat'><em>4</em></span> <span class='ocrx_word' id='word_1_691' title='bbox 1493 3170 1570 3201; x_wconf 69' lang='lat' dir='ltr'>l&#39;sal.</span> <span class='ocrx_word' id='word_1_692' title='bbox 1595 3181 1715 3199; x_wconf 56' lang='lat' dir='ltr'>mxxvi</span> <span class='ocrx_word' id='word_1_693' title='bbox 1731 3193 1737 3202; x_wconf 76' lang='grc'><em>.</em></span> <span class='ocrx_word' id='word_1_694' title='bbox 1765 3174 1780 3199; x_wconf 73' lang='grc' dir='ltr'>ζ»</span> <span class='ocrx_word' id='word_1_695' title='bbox 1798 3193 1804 3202; x_wconf 78' lang='lat'>‚</span> <span class='ocrx_word' id='word_1_696' title='bbox 1828 3171 1859 3199; x_wconf 84' lang='lat'>7.</span> <span class='ocrx_word' id='word_1_697' title='bbox 1939 3167 1947 3183; x_wconf 46' lang='lat'>¹·</span> <span class='ocrx_word' id='word_1_698' title='bbox 1969 3170 2057 3197; x_wconf 67' lang='lat' dir='ltr'>l&#39;rox.</span> <span class='ocrx_word' id='word_1_699' title='bbox 2081 3179 2167 3198; x_wconf 61' lang='lat' dir='ltr'>xxx.</span> 
     </span>
    </p>
   </div>
  </div>
 </body>
</html>
