2418 3949
250 255 344 292 1105

240 330 375 368 cordiae
395 345 556 382 namque
577 332 659 377 fuit,
682 333 785 381 quod
815 332 1051 368 infirmitates
1083 330 1256 367 nostras³

687 257 849 291 SERMO
877 257 925 290 IN
955 254 1213 297 ADVENTU,
1247 256 1310 290 DE
1338 258 1392 291 XI
1423 258 1664 294 ONERIBLTS
1692 259 1846 295 ISAIAE.

1260 331 1414 380 ³⁵quam
1438 333 1575 370 levavit
1591 337 1778 372 Dominus
1793 337 1831 372 in
1846 336 1944 372 viam
1963 336 2140 386 AEgypti?
2156 339 2292 374 Merito

2194 260 2290 297 1106

241 391 484 427 sactushomo
498 392 535 427 in
557 404 595 428 se
612 392 776 440 suscepit
798 406 805 427 :
826 390 1103 435 misericordiae,
1124 390 1227 439 quod
1247 390 1274 422 Λ
1297 390 1365 426 hac
1385 391 1444 427 die
1458 420 1467 436 ‚
1491 393 1529 428 id
1551 402 1628 438 est,
1658 403 1830 444 tempore
1851 396 1978 444 gratiae
1993 425 2002 441 ,
2023 405 2194 446 tempore
2214 398 2289 433 mi-

240 449 352 487 fidem
374 451 582 488 divinitatis
597 464 673 488 suae
690 451 878 486 miraculis
894 449 1143 486 confirmavit.
1158 449 1231 486 Mi-

240 509 451 546 sericordiae
471 510 735 554 nihilominus,
764 509 866 558 quod
886 509 1101 545 daemonum
1123 506 1232 543 nobis

240 569 459 606 calliditates
479 569 641 615 detexit,
663 577 700 605 et
718 568 913 605 evacuavit
933 568 1110 604 virtutem
1131 581 1138 602 :
1162 566 1232 602 mi-

240 629 468 675 sericordiae,
499 629 606 678 quod
642 628 848 665 meretricis
867 636 1046 664 attactum
1069 639 1146 662 non
1170 638 1233 661 re-

239 688 352 737 spuit,
373 688 437 724 sed
457 687 685 738 approbavit
703 687 956 724 devotionem.
975 690 1106 735 Itaque
1128 684 1232 734 quod

237 758 277 783 se
291 745 460 783 exhibuit
480 747 516 782 in
539 746 772 783 humanitate
787 745 987 791 humilem,
1008 745 1045 781 in
1068 743 1231 780 miracu-

238 806 282 842 lis
297 814 505 855 potentem,
523 806 560 841 in
579 806 794 842 daemonum
812 804 1060 854 oppressione
1076 803 1226 846 fortem,

237 864 276 900 in
302 873 542 914 peccatorum
571 864 810 913 susceptione
837 864 984 909 mitem3
1013 871 1131 899 totum
1158 861 1229 897 hoc

236 936 283 960 ex
303 923 568 960 misericordiae
588 924 692 960 sonte
711 923 912 973 processit,
936 931 1055 959 totum
1075 935 1122 958 ex
1143 921 1226 971 pie-

236 982 321 1019 tatis
342 981 550 1019 visceribus
567 983 768 1019 emanavit.
791 986 838 1019 Et
856 982 943 1019 ideo
959 983 997 1018 in
1016 982 1086 1018 hoc
1102 980 1228 1030 primo

233 1041 400 1078 adventu
429 1049 494 1078 tuo
524 1041 819 1078 misericordiam
843 1040 1002 1077 cantabo
1031 1039 1119 1085 tibi,
1151 1042 1228 1075 Do-

1297 451 1507 487 sericordiae
1520 481 1529 498 ,
1567 462 1736 502 tempore
1771 468 1847 504 quo
1879 469 1970 492 crux
2005 457 2152 493 levatur
2169 485 2179 503 ,
2212 470 2290 506 quo

1297 509 1443 545 Christo
1468 510 1642 548 subditur
1662 514 1848 559 mundus,
1871 528 1947 563 quo
1968 516 2145 566 princeps
2176 529 2291 553 mun-

1297 566 1335 602 di
1367 567 1479 616 hujus
1507 569 1654 618 ejicitur
1680 571 1779 608 foras
1803 586 1809 607 :
1834 573 1903 609 hac
1931 573 2081 622 inquam
2113 574 2194 620 die,
2219 575 2290 611 hoc

1299 635 1469 676 tempore
1490 630 1680 666 auferetur
1706 644 1803 667 onus
1825 631 1870 668 de
1891 632 2049 669 humero
2073 642 2151 670 tuo.
2177 634 2290 682 Quod

1297 688 1419 723 onus?
1441 688 1616 736 Legimus
1632 689 1670 725 in
1691 691 1894 739 Scripturis
1915 692 2030 728 multa
2051 705 2208 729 onerum
2230 706 2291 742 ge-

1298 758 1400 782 nera.
1421 749 1514 783 Nam
1536 757 1686 784 sanctus
1707 749 1819 785 Isaias
1842 749 2018 786 undecim
2042 750 2151 787 nobis
2172 765 2290 788 onera

1296 805 1518 853 prophetico
1535 817 1710 842 sermone
1730 807 1921 844 describit.
1952 811 1982 855 l,
2007 811 2109 845 Onus
2123 810 2289 858 Babylo-

1295 868 1352 898 m's
1364 878 1375 898 :
1394 864 1430 909 2,
1449 878 1539 899 onus
1559 866 1759 901 Pliilistiim
1778 881 1789 900 .·
1807 867 1842 909 3,
1865 880 1956 903 onus
1978 868 2092 903 ffloab
2110 883 2121 902 .·
2141 869 2178 914 4,
2197 883 2289 905 onus

1295 924 1477 958 Damasci
1496 938 1506 958 :
1521 924 1559 968 5,
1582 938 1672 960 omis
1692 927 1824 961 deserti
1843 931 1956 962 maris
1975 942 1986 962 .-
2007 928 2043 972 6,
2062 941 2154 963 onus
2172 931 2287 977 AEgy-

1290 986 1351 1030 pti
1367 998 1377 1017 .·
1397 984 1433 1028 7,
1451 997 1542 1019 omis
1558 986 1681 1020 Dama
1698 999 1709 1018 :
1728 986 1763 1030 8,
1785 999 1876 1021 onus
1897 990 1934 1021 in
1955 986 2098 1022 Arabia
2116 1001 2126 1020 .·
2140 986 2178 1032 9,
2195 1002 2288 1023 omn

1294 1044 1408 1076 vallis
1421 1046 1577 1078 visionis
1599 1057 1610 1077 .·
1631 1045 1692 1088 10,
1712 1058 1801 1079 onus
1824 1046 1908 1091 Tyri
1926 1059 1937 1079 .·
1955 1047 2016 1089 11,
2036 1059 2127 1080 onus
2139 1046 2289 1091 jumen-

235 1100 347 1136 mine.
375 1103 420 1137 Et
445 1100 603 1145 merito,
632 1100 720 1149 quia
749 1099 1007 1136 misericordia
1033 1107 1095 1135 tua
1120 1099 1232 1148 plena
1250 1101 1278 1134 B
1297 1109 1414 1136 torum
1440 1107 1560 1136 austri
1581 1102 1595 1128 ⁴⁸
1615 1117 1622 1137 :
1646 1106 1690 1139 Et
1714 1103 1805 1151 quid
1825 1112 1880 1139 est
1905 1116 2025 1149 onus,
2047 1104 2116 1139 nisi
2138 1105 2290 1153 pondus

233 1167 289 1196 est
306 1167 405 1196 terra
427 1166 435 1181 ¹
443 1188 451 1195 .
657 1158 675 1173 '

284 1220 320 1256 3.
349 1223 443 1256 Ecce
470 1219 618 1265 oleum,
642 1218 688 1255 ad
708 1217 815 1267 cujus
833 1218 1070 1268 praesentiam
1091 1216 1223 1266 jugum

230 1286 369 1314 nostrae
396 1278 622 1328 captivitatis
647 1277 882 1327 computruit
895 1306 905 1324 ,
929 1277 1024 1314 sicut
1043 1277 1094 1313 ait
1110 1277 1224 1313 Isaias

229 1344 378 1372 sanctus
401 1349 408 1371 ε
432 1339 476 1372 In
495 1339 564 1372 illa
584 1338 646 1372 dic:
664 1334 858 1383 auferetur·
884 1349 973 1372 onus
995 1337 1073 1381 ejus
1091 1338 1138 1371 de
1157 1336 1224 1370 ltu-

229 1408 330 1431 mero
356 1405 439 1441 tuo,
463 1405 499 1432 et
510 1401 646 1446 jugum
671 1398 718 1432 de
737 1399 830 1432 collo
855 1405 935 1440 tuo,
964 1405 999 1431 et
1018 1404 1222 1444 computre-

227 1455 438 1503 scetjugum
451 1454 584 1502 asacie
600 1458 683 1491 olei.
701 1459 793 1503 Quae
807 1455 878 1491 ista
893 1454 993 1491 dies?
1008 1454 1112 1504 quod
1127 1467 1224 1491 onus

227 1513 354 1551 istud?
371 1514 474 1563 quod
489 1513 653 1564 jugum?
673 1514 771 1552 Audi
791 1514 894 1563 quod
913 1514 1013 1550 idem
1034 1513 1222 1563 propheta

225 1573 440 1622 praemittit:
459 1573 659 1609 Suscitabit
673 1587 785 1622 super
803 1587 884 1609 eum
903 1576 1096 1618 Dominus,
1122 1573 1222 1609 scili-

226 1640 285 1668 cet
301 1645 427 1682 regem
454 1632 711 1681 Assyriorum,
718 1633 917 1681 flagellum
931 1633 1047 1677 juxta
1064 1635 1221 1680 plagam

226 1692 394 1727 Madian
422 1696 460 1727 in
483 1700 592 1739 petra
617 1690 713 1727 Oreb
745 1705 756 1725 :
787 1700 824 1727 et
842 1696 987 1739 virgam
1015 1695 1092 1736 esus
1113 1704 1226 1739 super

225 1764 342 1796 mare,
362 1760 398 1787 et
414 1751 548 1787 levabit
565 1765 646 1787 eam
668 1755 706 1786 ιή
727 1758 795 1787 via
809 1755 962 1799 AEgypei
975 1756 1000 1786 ².
1020 1751 1222 1800 Flagellato

224 1810 353 1860 itaque
381 1818 419 1847 et
441 1823 621 1860 percusso
643 1809 794 1846 diabolo
809 1838 818 1854 ‚
847 1810 912 1858 qni
933 1818 988 1846 est
1014 1823 1080 1846 rex
1108 1823 1222 1860 super

224 1883 355 1907 omnes
369 1869 465 1906 filios
479 1869 666 1920 superbiae
681 1868 708 1916 3,
726 1870 864 1906 levavit
876 1870 1062 1906 Dominus
1077 1871 1217 1919 virgam
1239 1872 1265 1907 C
1284 1873 1503 1919 vexatione,
1533 1880 1569 1909 et
1596 1872 1669 1908 hoc
1698 1886 1790 1908 omis
1811 1875 1936 1908 Dama
1963 1887 1974 1907 .-

222 1942 327 1967 suam
348 1943 463 1980 super
482 1943 605 1974 mare,
629 1937 666 1966 et
693 1930 832 1966 levavit
852 1942 932 1966 eam
961 1930 998 1965 in
1021 1930 1082 1966 via
1102 1933 1217 1979 AEgy-

220 1990 290 2039 pti.
309 1993 412 2027 Mare
428 2018 437 2035 ‚
460 1990 662 2035 saecnlum;
683 1989 786 2038 virga
799 2017 808 2034 ,
830 2002 922 2025 crux
941 2004 948 2025 :
971 1989 1032 2025 via
1050 1990 1216 2038 AEgypti,

222 2049 282 2086 via
307 2049 370 2085 illa
393 2049 465 2085 lata
483 2057 521 2086 et
543 2049 724 2098 spatiosa,
744 2061 828 2097 quae
850 2047 953 2084 ducit
973 2047 1019 2084 ad
1040 2057 1213 2084 mortem.

220 2109 367 2147 Gratias
384 2108 451 2145 tibi
465 2137 475 2154 ,
491 2109 651 2145 Domine
667 2112 754 2145 Jcsu
772 2137 782 2154 ‚
801 2108 865 2157 qui
885 2108 1055 2144 exaltasti
1072 2109 1214 2157 virgam

220 2177 321 2206 tuam
339 2181 452 2219 super
467 2181 568 2204 mare
580 2197 589 2214 ,
606 2176 851 2218 prosternens
871 2167 971 2204 cruci
990 2176 1061 2204 tuae
1079 2180 1214 2217 super·

218 2227 319 2265 biam
341 2229 466 2265 saeculi
481 2257 490 2274 ,
506 2236 543 2264 et
562 2226 766 2276 subjiciens
783 2228 814 2263 ei
837 2227 1070 2277 principatus
1090 2235 1126 2263 et
1145 2241 1215 2276 po-

221 2295 383 2325 testates.
406 2291 525 2334 Vere,
555 2288 716 2324 Domine
731 2315 741 2332 ,
766 2300 860 2323 crux
891 2295 954 2322 tua
978 2287 1114 2336 premit
1137 2287 1211 2323 ssu-

218 2355 299 2383 ctus
319 2347 444 2383 saeculi
460 2375 470 2392 ,
495 2345 599 2383 sedat
619 2353 860 2395 tempestates
874 2373 883 2390 ,
905 2345 1212 2394 persecutionum

217 2414 256 2443 et
271 2406 520 2443 tentationum
546 2406 729 2455 procellas
748 2405 905 2454 mitigat.
929 2405 1077 2441 Levasti
1099 2405 1211 2441 etiam

217 2479 297 2503 eam
325 2466 362 2502 in
387 2466 448 2502 via
475 2465 647 2515 AEgypti3
674 2473 715 2501 ut
743 2464 935 2501 obstructa
965 2464 1024 2500 via
1049 2464 1110 2500 illa
1140 2465 1212 2500 lata

217 2538 300 2575 quae
325 2525 428 2562 ducit
454 2525 500 2562 ad
524 2533 682 2561 mortem
704 2553 713 2569 ,
739 2525 841 2560 illam
863 2532 1002 2561 arctam
1028 2532 1065 2560 et
1093 2537 1212 2572 angu-

217 2591 310 2620 stam
327 2584 546 2620 ostenderes
571 2597 654 2633 quae
675 2583 778 2620 ducit
799 2583 845 2620 ad
865 2584 994 2619 vitam.
1014 2588 1070 2620 An
1089 2583 1211 2619 nesci-

1291 1159 1481 1208 quoddam
1508 1160 1724 1209 deprimens
1749 1162 1912 1197 animam
1935 1170 1973 1197 et
1995 1162 2041 1197 ad
2064 1170 2199 1198 terram
2220 1163 2283 1198 in-

1291 1219 1453 1265 clinans;
1486 1219 1625 1256 faciens
1645 1233 1725 1256 eam
1749 1220 1795 1256 ad
1823 1221 2001 1257 inferiora
2021 1222 2227 1270 respicere,
2249 1231 2286 1258 et

1290 1279 1479 1328 negligere
1494 1280 1714 1330 superiora?
1733 1280 1821 1317 Tale
1840 1279 1950 1316 nobis
1967 1293 2063 1316 onus
2081 1280 2285 1329 aliquando

1289 1351 1334 1373 ex
1367 1339 1499 1375 mundi
1529 1340 1707 1388 provenit
1731 1339 2002 1384 delectatione,
2034 1348 2072 1376 et
2093 1340 2165 1376 hoc
2194 1355 2285 1376 omis

1288 1397 1492 1445 Babylonis
1513 1413 1523 1433 :
1549 1398 1753 1447 aliquando
1781 1412 1827 1435 ex
1854 1399 2137 1435 immundorum
2170 1400 2283 1449 spiri—

1289 1466 1393 1494 tuum
1419 1457 1673 1502 immissione,
1701 1466 1738 1494 et
1759 1458 1832 1494 hoc
1848 1472 1938 1493 meus
1966 1459 2165 1494 Pleilistiim
2186 1474 2197 1494 .·
2216 1459 2284 1495 ali-

1287 1517 1440 1566 quando
1453 1530 1498 1553 ex
1517 1518 1677 1554 naturali
1696 1517 1857 1567 quadam
1874 1526 1912 1554 et
1927 1517 2133 1554 inevitabili
2151 1531 2282 1556 neces-

1288 1576 1410 1621 sitate,
1428 1585 1464 1612 et
1479 1577 1552 1613 hoc
1567 1591 1658 1614 onus
1675 1577 1791 1613 Moab
1806 1592 1818 1612 .·
1833 1577 2035 1627 aliquando
2053 1590 2097 1614 ex
2117 1578 2282 1615 tenebris

1286 1635 1528 1684 ignorantiae,
1551 1645 1588 1672 et
1611 1636 1682 1672 hoc
1702 1650 1792 1672 onus
1813 1639 1965 1685 AEgyptt'
1985 1651 1996 1671 .·
2012 1637 2214 1685 aliquando
2234 1650 2280 1673 ex

1287 1695 1415 1730 innata
1432 1694 1542 1731 nobis
1562 1696 1779 1732 infirmitate
1793 1725 1802 1741 ,
1825 1705 1861 1732 et
1877 1696 1948 1732 hoc
1964 1710 2053 1732 onas
2072 1699 2255 1732 Damasci·
2270 1712 2281 1732 .·

1288 1754 1491 1803 aliquando
1523 1768 1570 1791 ex
1605 1755 1790 1791 malorum
1826 1756 2089 1804 persecutione
2103 1784 2112 1800 ,
2144 1764 2182 1791 et
2207 1756 2280 1793 hoc

1287 1810 1380 1848 orius
1400 1815 1535 1850 deserti
1554 1818 1668 1848 maris
1686 1828 1697 1848 .·
1714 1814 1917 1863 aliquando
1934 1827 1978 1850 ex
2000 1815 2148 1850 occulta
2164 1816 2280 1852 animi

2003 1873 2207 1922 aliquando
2233 1887 2279 1910 ex

1284 1931 1417 1968 timore
1438 1932 1591 1976 mortis,
1612 1940 1648 1968 et
1667 1932 1738 1968 hoc
1755 1946 1846 1967 onus
1863 1936 1900 1967 in
1921 1932 2064 1967 Arabia
2083 1946 2093 1966 .·
2109 1933 2280 1981 aliquan-

1283 1990 1332 2027 do
1353 2004 1398 2027 ex
1420 1991 1596 2036 vanitate,
1619 1991 1774 2040 quando
1792 1992 2026 2040 proficimus,
2046 2000 2083 2028 et
2102 1992 2174 2029 hoc
2188 2006 2281 2028 onus

1281 2052 1396 2084 vallis
1415 2052 1571 2084 visionis
1591 2064 1602 2084 :
1629 2049 1832 2098 aliquando
1861 2063 1908 2086 ex
1935 2051 2106 2099 angustia
2132 2064 2203 2100 pro
2224 2051 2281 2087 his

1281 2121 1364 2158 quae
1390 2109 1616 2155 toleramus,
1640 2117 1677 2145 et
1702 2109 1774 2146 hoc
1801 2123 1891 2145 omis
1922 2111 2010 2156 TJri
2036 2124 2047 2144 :
2075 2110 2294 2159 aliquando*

1281 2180 1327 2203 ex
1357 2168 1562 2212 charitate,
1592 2168 1745 2217 quando
1773 2169 1853 2205 aliis
1882 2169 2061 2218 prodesse
2087 2169 2278 2206 desidera-

1280 2237 1363 2262 mus
1375 2254 1384 2271 ,
1407 2235 1444 2262 et
1459 2226 1530 2262 hoc
1548 2241 1637 2262 omes
1648 2232 1901 2272 jumentorum
1919 2230 2045 2263 austri.

1333 2287 1366 2321 5.
1388 2286 1554 2322 Primum
1581 2285 1704 2334 itaque
1725 2299 1817 2321 onus
1842 2285 2050 2332 Babylonis
2066 2295 2124 2323 est
2143 2301 2151 2322 ε
2173 2287 2278 2336 quod

1279 2357 1430 2381 necesse
1447 2353 1503 2381 est
1522 2353 1564 2381 ut
1583 2346 1774 2382 auferatur
1790 2344 1836 2381 ab
1851 2345 2019 2381 humeris
2040 2346 2190 2383 nostris.
2208 2349 2277 2382 Ba-

1278 2403 1393 2452 bylon
1418 2404 1601 2453 significat
1630 2405 1814 2441 mundum
1830 2433 1839 2450 ‚
1865 2404 1973 2453 cujus
2000 2418 2106 2441 amor
2127 2406 2277 2455 cupidi-

1280 2471 1334 2500 tas
1356 2471 1411 2499 est
1431 2477 1438 2498 :
1463 2476 1560 2499 onus
1580 2464 1705 2512 itaque
1728 2477 1841 2513 grave
1861 2464 2000 2500 multos
2024 2477 2221 2513 premens,
2241 2475 2277 2501 et

1278 2523 1325 2559 ad
1346 2523 1526 2559 inferiora
1547 2523 1762 2560 incurvans.
1782 2524 1997 2573 Triplicitcr
2014 2532 2139 2560 autem
2163 2525 2276 2561 misc-

1278 2595 1340 2619 ros
1357 2590 1508 2627 onerat3
1530 2582 1679 2627 labore,
1700 2583 1836 2619 timore
1849 2611 1858 2626 ‚
1877 2583 2019 2619 dolore.
2039 2586 2131 2620 Cum
2149 2584 2279 2621 labore

218 2642 290 2679 tis?
307 2655 353 2678 an
374 2655 450 2678 non
469 2643 635 2679 sentitis?
651 2655 696 2678 an
716 2655 791 2678 non
810 2641 1063 2690 experimini?
1079 2644 1214 2678 Fervet
1231 2646 1263 2679 D
1282 2642 1458 2690 pervenit
1480 2641 1597 2677 homo
1617 2641 1663 2677 ad
1684 2642 1755 2677 hoc
1772 2642 1874 2690 quod
1897 2642 2021 2691 cupit;
2039 2655 2123 2677 cum
2144 2643 2279 2679 timore

216 2701 255 2737 in
285 2714 396 2738 carne
429 2709 540 2737 aestus
570 2700 907 2748 concupiscentiae,
939 2699 1143 2748 aliquando
1174 2700 1211 2735 in

217 2768 343 2796 mente
358 2760 412 2796 ira
428 2759 600 2804 dcsaevit,
618 2758 886 2807 indignationis
900 2767 937 2794 ct
954 2758 1212 2795 amaritudinis

167 2868 170 2871 Ι
216 2818 332 2855 verba
360 2826 641 2868 prorumpunt,
676 2825 713 2852 ct
742 2817 787 2853 ad
817 2818 937 2853 instar
966 2818 1077 2853 maris
1109 2817 1211 2866 quod

215 2877 460 2914 veliementer
479 2878 592 2926 agitat
611 2883 744 2911 ventus
761 2904 770 2921 ,
797 2876 922 2911 omnia
946 2876 1124 2911 interiora
1141 2876 1212 2911 ho-

215 2937 325 2973 minis
357 2935 635 2973 conturbantur
666 2951 673 2971 :
712 2935 776 2971 sed
809 2936 957 2971 levante
989 2947 1105 2984 super
1138 2935 1208 2971 hoc

214 3008 318 3033 mare
337 3009 486 3032 crucem
511 3008 614 3032 suam
632 2998 719 3032 Jcsu
737 3023 746 3040 ‚
768 2994 947 3030 sedantur
966 2995 1105 3038 omnia,
1128 3008 1206 3031 om—

215 3053 274 3091 nia
294 3055 579 3103 conquiescunt.

271 3113 307 3150 4.
338 3117 542 3159 Praeterca,
574 3114 706 3149 fratres
732 3113 960 3157 charissimi,
981 3114 1063 3161 quis
1084 3127 1151 3148 vos
1172 3113 1207 3149 in

216 3172 310 3208 hanc
329 3173 424 3209 viam
443 3181 479 3209 ct
499 3181 694 3221 angustam
713 3173 880 3209 semitam
899 3173 1027 3208 salutis
1045 3172 1206 3212 induxit.

217 3231 285 3267 uisi
315 3231 511 3268 dominica·
544 3232 664 3267 crucis
693 3240 726 3266 ct
757 3231 940 3280 passionis
964 3231 1179 3279 ‹·.xcmplum
1198 3259 1206 3270 ,

271 3358 505 3392 'Pmd.‹xxin‚
533 3361 584 3388 fii,
664 3362 756 3389 'leur
782 3371 818 3390 x„
843 3361 967 3392 ½†‚'ML

1057 3357 1234 3389 ἷλῶνκιμ

1279 2700 1470 2750 possidet,
1488 2713 1573 2736 cum
1595 2700 1727 2736 dolore
1748 2701 1895 2736 amittit.
1914 2701 1998 2744 Eia,
2022 2701 2175 2745 fratres,
2192 2703 2279 2750 quis

1278 2772 1407 2807 regum
1438 2771 1515 2794 non
1543 2771 1627 2794 cum
1659 2758 1788 2794 labore
1820 2759 1980 2806 acquirit
2010 2758 2113 2806 quod
2141 2761 2274 2808 cupit?

1276 2818 1360 2867 quis
1383 2829 1510 2865 regum
1529 2819 1579 2852 ita
1599 2830 1771 2861 securus,
1793 2825 1832 2852 ut
1851 2817 1995 2852 nullum
2019 2818 2170 2853 timeat?
2189 2819 2274 2866 quis

1276 2889 1351 2913 non
1372 2890 1457 2912 cum
1474 2876 1605 2911 dolore
1622 2876 1762 2924 aliquid
1780 2875 1945 2912 aniittit?
1966 2876 2038 2913 Scd
2057 2886 2274 2926 retorquea-

1276 2949 1358 2972 mus
1395 2936 1440 2971 ad
1479 2948 1546 2971 uos
1577 2935 1796 2984 parabolam
1834 2936 1955 2971 istam.
1992 2937 2172 2973 Nullusne
2203 2950 2275 2973 no-

1275 3004 1391 3031 strum
1408 2994 1477 3030 sul)
1491 2994 1603 3042 liujus
1617 2995 1742 3031 oneris
1758 2995 1926 3044 pondere
1939 2996 2126 3044 suspirat?
2139 2997 2272 3032 Nullae·

1275 3067 1322 3089 nc
1338 3054 1373 3089 in
1394 3053 1503 3089 nobis
1521 3054 1720 3090 mundana*
1739 3054 2006 3091 delectationes
2022 3055 2268 3091 resederunt?

1275 3113 1388 3160 Quid,
1409 3113 1509 3162 quod
1529 3115 1592 3162 qui
1611 3127 1676 3150 sua
1698 3115 1943 3163 reliquerunt,
1963 3114 2083 3151 alicua
2099 3128 2269 3163 quaercrc

1276 3185 1351 3208 non
1376 3172 1607 3208 formidant?
1635 3187 1704 3222 pro
1726 3173 1865 3222 quibus
1887 3173 2079 3209 laboribus
2108 3174 2265 3220 fatigan-

1279 3240 1349 3271 tur,
1371 3232 1589 3268 cruciantur
1608 3232 1824 3271 doloribus,
1847 3233 2043 3268 timoribus
2062 3241 2245 3267 (ouh-run

1259 3364 1310 3388 75.
1398 3358 1776 3389 il„n‚x1nrxxu=,xxx
