2418 3949
688 184 1462 295 EPISTOLAE

339 432 926 519 EJUSDEM
990 430 1808 518 GILLEBERTI.

306 821 671 877 EPISTOLA
724 824 768 877 Ι.

222 968 275 989 AD
314 968 519 990 FRATREM
563 968 840 991 RICHARDUM.

38 1064 227 1096 nichardum
262 1067 476 1108 correptione,
511 1071 545 1097 ut
576 1072 725 1108 apparet,
758 1066 805 1097 vel
834 1065 937 1096 nescio
966 1077 1027 1106 quo

85 1118 241 1159 asperiore
268 1119 363 1150 verbo
391 1118 561 1158 offensum,
579 1119 631 1150 sed
655 1120 720 1160 jam
746 1119 848 1150 denuo
873 1119 1026 1160 placatum

85 1172 290 1203 commendat.

95 1287 125 1320 l.
147 1288 233 1321 Tam
254 1298 344 1322 vero
369 1299 481 1335 quam
502 1286 620 1322 veteri
639 1286 777 1331 uteris,
796 1285 846 1321 mi
871 1284 1028 1321 Richar-

38 1343 110 1389 de,
144 1345 348 1394 proverbio
379 1361 386 1382 :
420 1363 435 1378 «
467 1346 603 1383 Omnia
630 1358 714 1381 curn
742 1345 862 1381 amico
888 1342 1027 1380 delibe-

38 1418 52 1434 »ι
73 1403 189 1439 randa
206 1416 311 1449 esse3
335 1404 380 1440 de
401 1404 483 1453 ipso
508 1412 632 1440 tamen
650 1404 767 1453 prius.
797 1420 812 1434 »
838 1405 948 1448 Noli,
966 1402 1029 1437 in-

37 1460 117 1509 quit
150 1462 355 1511 propheta,
384 1468 503 1498 amico
534 1465 699 1506 credere,
731 1471 766 1497 et
793 1467 829 1497 in
862 1463 954 1496 (lace
985 1473 1031 1496 ne

37 1520 204 1556 habueris
219 1523 421 1568 fiduciam.
450 1522 509 1558 Ab
536 1536 581 1557 ecc
608 1536 696 1570 ‘1¹¹oe
722 1523 857 1557 dormit
884 1525 921 1555 in
949 1524 1029 1555 sitm

1072 643 1479 663 Cffl—r*—⁴

1039 813 1082 831 '⁸⁹
1100 814 1194 851 illud
1215 815 1251 851 in
1284 823 1318 850 tc
1338 814 1514 863 experior
1539 827 1545 846 :
1576 813 1746 847 Charitas
1779 816 1892 858 operit
1923 816 2091 849 mulam-

1052 878 1082 910 A
1099 876 1221 910 (linem
1232 884 1466 923 peccatorum
1483 872 1507 908 3.
1532 875 1647 908 Tanta
1662 870 1888 907 verecundia
1906 872 2013 907 amici
2031 886 2092 909 ca—

1095 934 1205 982 stigas
1222 941 1385 969 erratum
1399 961 1408 978 ,
1427 940 1468 967 ut
1488 930 1652 967 credaris
1673 929 1819 965 veniam
1840 930 2090 978 praetendere,

1095 1005 1170 1029 non
1194 992 1390 1028 intendere
1409 991 1614 1040 querelam.
1636 989 1809 1037 Denique
1832 989 1883 1024 sic
1916 1002 1975 1025 me
1997 991 2091 1025 ami-

1094 1065 1135 1088 ca
1166 1052 1409 1088 mordacitate
1437 1049 1608 1086 corrodis
1624 1076 1634 1094 ,
1663 1048 1727 1083 illo
1757 1056 1799 1084 ut
1820 1061 1879 1083 me
1899 1049 1974 1084 sale
1994 1049 2092 1085 leni—

1095 1120 1151 1148 ter
1173 1111 1368 1161 perfricari
1393 1110 1572 1153 sentiam,
1598 1120 1709 1156 quem
1731 1107 1885 1143 Domini
1903 1107 2093 1143 sacrificiis

1095 1169 1224 1207 abesse
1241 1183 1318 1206 non
1339 1169 1427 1205 licet
1440 1169 1468 1203 4.
1491 1167 1630 1204 Volasti
1649 1165 1695 1202 ad
1718 1178 1776 1201 me
1797 1178 1894 1201 unus
1914 1164 1960 1201 de
1980 1168 2091 1203 Sera-

1096 1229 1198 1279 phim
1243 1240 1443 1266 succensus
1487 1240 1529 1262 ac
1563 1225 1840 1274 flammigerans
1874 1232 1974 1261 totus
2013 1240 2019 1260 :
2057 1235 2090 1261 et

1092 1288 1217 1324 urenti
1235 1286 1466 1324 carbunculo
1494 1297 1606 1334 quem
1629 1284 1675 1320 de
1694 1283 1799 1319 altari
1831 1283 1972 1329 tulisti,
2004 1284 2092 1320 labii

1094 1347 1212 1383 nostri
1232 1348 1379 1396 lapsum
1400 1357 1586 1394 expurgas
1602 1343 1629 1380 ⁵.
1653 1347 1804 1392 Quanto
1821 1343 1911 1379 mihi
1942 1345 2094 1392 gravior

1095 1407 1226 1455 culpa,
1252 1414 1355 1442 tanto
1375 1405 1516 1453 gratior
1545 1403 1749 1452 correptiO.
1784 1406 1880 1439 Vere
1909 1403 2021 1440 alium
2058 1413 2093 1439 te

1095 1466 1272 1515 experior
1285 1478 1396 1514 quam
1408 1463 1630 1500 arbitrabar.
1643 1466 1751 1498 Nunc.
1765 1463 1912 1498 tandem
1929 1464 2090 1512 aliquem

1097 1525 1187 1561 mihi
1218 1533 1367 1573 gustum
1389 1523 1601 1572 prudentiae
1622 1530 1694 1558 tuae
1720 1522 1855 1558 dedisti
1878 1537 1885 1557 :
1907 1523 2090 1571 siquidem

37 1588 98 1614 mo
123 1583 262 1615 custodi
290 1583 453 1616 claustra
482 1585 554 1616 oris
574 1585 626 1616 tm'
642 1587 666 1615 ¹.
690 1580 877 1617 Simulatae
899 1578 1028 1614 aniici-
1048 1592 1076 1625 B
1095 1584 1133 1619 in
1162 1583 1344 1632 patientia
1375 1582 1525 1631 sapiens
1556 1581 1790 1630 dignoscitur
1805 1579 1834 1616 (⁵.
1872 1583 2091 1618 Patientiam

39 1639 97 1675 tiae
117 1653 224 1677 veras
243 1641 280 1677 in
301 1642 548 1692 suspicionem
570 1641 781 1685 adducunt,
811 1648 848 1676 et
878 1639 1028 1676 virtutis

38 1698 149 1747 hujus
168 1700 297 1737 raritas
318 1701 402 1737 facit
419 1709 459 1737 ut
487 1701 533 1737 de
550 1700 707 1736 veritate
727 1698 932 1735 dubitetur.
956 1701 1027 1735 Fe—

36 1757 84 1792 lix
107 1758 170 1806 qui
192 1767 360 1795 neutram
378 1759 552 1809 impingit
570 1760 607 1794 in
623 1767 788 1808 partem·‚
808 1758 859 1794 sic
878 1757 916 1793 in
937 1770 1028 1794 con-

36 1817 226 1855 trahendis
255 1819 425 1855 amicitiis
443 1818 665 1868 prudentem
686 1831 725 1855 se
744 1817 950 1862 exhibens,
981 1829 1028 1852 ne

35 1875 81 1911 sit
116 1877 150 1912 in
189 1877 424 1926 providendo
461 1877 611 1913 nimius.
658 1877 794 1912 Inutile
842 1875 1026 1924 siquidem

35 1947 157 1971 arenae
192 1936 368 1972 mandare
399 1937 564 1980 semina3
596 1936 767 1971 miserius
799 1935 916 1970 multo
951 1947 1026 1970 non

35 1994 219 2031 seminare
238 1997 415 2041 omnino,
448 1995 494 2031 ad
524 2003 655 2031 ventos
683 2003 720 2030 et
746 1993 867 2030 nubes
897 2006 1025 2042 respe-

35 2061 209 2090 ctantem.
232 2055 427 2092 Vilissimis
440 2055 476 2090 in
493 2053 606 2090 rebus
624 2053 772 2090 solliciti
793 2065 1026 2102 possessores

36 2126 187 2159 sumus;
230 2114 267 2149 in
302 2114 569 2163 pretiosissimo
601 2112 848 2162 possessionis
889 2124 1026 2161 genere

36 2172 241 2217 (amicitias
270 2172 382 2222 dico)
417 2173 571 2208 omnino
606 2171 768 2207 inutiles.
803 2174 1026 2220 Lapsantem

34 2231 191 2267 amicum
213 2231 298 2280 quis
318 2232 392 2267 fere
410 2240 464 2267 est
487 2231 551 2280 qui
575 2231 739 2275 relevet,
768 2243 851 2265 cuni
873 2229 1025 2265 domum

35 2298 203 2326 ruentem
239 2303 348 2326 nemo
370 2302 446 2326 non
467 2289 682 2325 suffulciat?
702 2292 788 2324 Haec
805 2288 946 2324 idcirco
966 2288 1026 2324 di-

1096 1652 1194 1679 tuam
1216 1642 1384 1679 admiror
1403 1650 1440 1677 et
1460 1654 1633 1676 veneror.
1655 1641 1876 1677 Dissimulas
1904 1641 2060 1690 injurias
2082 1671 2091 1687 ‚

1094 1709 1366 1751 provocantem
1390 1700 1571 1736 reformas
1592 1699 1637 1735 ad
1658 1699 1813 1747 gratiam
1833 1714 1842 1743 ;
1875 1700 2093 1749 complanas

1094 1770 1403 1810 exasperantem,
1436 1769 1473 1796 et
1506 1760 1734 1796 immeritum
1775 1771 1973 1804 muneras,
2017 1761 2092 1796 imo

1096 1822 1191 1857 male
1215 1821 1402 1857 meritum.
1432 1823 1589 1856 Munera
1610 1827 1673 1855 tua
1692 1832 1847 1854 munera
1875 1819 1963 1854 milii
1989 1828 2093 1867 grata

1095 1889 1204 1925 sunt,
1229 1888 1332 1928 grata
1365 1887 1543 1923 auctore,
1579 1887 1681 1927 grata
1711 1886 1747 1913 et
1778 1891 1860 1914 usu.
1897 1879 1963 1915 llla
1992 1888 2028 1915 et
2059 1888 2093 1915 te

1095 1940 1183 1975 inihi
1214 1946 1462 1988 przesentant‚
1496 1947 1532 1974 et
1568 1951 1626 1973 mc
1662 1937 1880 1973 informant.
1915 1940 2092 1975 Nesciunt

1095 2006 1198 2034 muta
1219 2011 1298 2033 esse
1314 2009 1469 2032 munera
1490 1995 1679 2044 sapientis.
1703 1995 1800 2042 Quid
1820 1995 1920 2031 enim
1945 1996 2033 2032 mihi
2056 1998 2091 2033 in

1093 2056 1223 2092 haculo
1244 2055 1368 2091 innuis
1384 2083 1393 2100 ,
1417 2055 1485 2090 nisi
1506 2062 1546 2089 ut
1569 2062 1694 2089 rectus
1711 2053 1778 2089 sini
1800 2062 1837 2089 et
1857 2054 1998 2102 rigidus
2020 2070 2026 2091 :
2047 2069 2093 2091 ne

1093 2115 1160 2150 sim
1183 2113 1400 2150 arundine-”e
1421 2112 1662 2149 flexibilitatis
1681 2121 1717 2148 et
1740 2112 1946 2160 fragilitatis
1960 2143 1969 2157 ‚
1983 2113 2093 2162 juxta

1094 2173 1186 2208 illud
1208 2172 1423 2222 proplietae‚
1453 2173 1617 2206 Baculus
1638 2169 1847 2216 confractus
1867 2174 2094 2207 arundineus

1094 2237 1295 2279 sEmpms,
1329 2236 1366 2266 in
1396 2244 1468 2278 quo
1497 2235 1558 2277 qui
1593 2235 1776 2272 innititur,
1806 2229 2094 2277 μιὲςῖοντιὑαηιιω7

1094 2305 1227 2326 mames
1247 2295 1325 2335 ejus
1342 2292 1382 2325 7?
1402 2290 1527 2325 Talem
1553 2297 1590 2324 tu
1613 2302 1671 2324 me
1693 2290 1868 2325 invenisti
1886 2318 1895 2333 ‚
1930 2299 1967 2326 et
1999 2304 2092 2327 con-

34 2349 150 2384 xerim
166 2377 175 2394 ‚
199 2358 239 2385 ut
258 2350 433 2386 virtutem
460 2349 556 2385 hanc
576 2349 612 2384 in
635 2357 669 2384 te
697 2347 935 2384 commendet
965 2348 1025 2396 ip-
1045 2362 1072 2398 C
1094 2350 1285 2386 fractionis
1306 2357 1445 2385 nostrae
1470 2349 1625 2384 hastulis
1645 2361 1779 2384 manus
1801 2357 1872 2385 tuae
1902 2352 2091 2387 cruentari

34 2408 109 2443 sius
130 2409 260 2459 raritmas
273 2437 282 2454 ,
304 2417 340 2445 et
359 2408 589 2445 multitudini
605 2408 737 2444 collata
754 2406 1023 2457 negligentium

34 2467 167 2504 clarior
192 2468 365 2504 emineat.

85 2528 120 2563 2.
143 2531 338 2577 Perspecta
357 2528 525 2577 epistolae
546 2536 618 2564 tuae
638 2527 728 2564 facie
744 2555 754 2572 ‚
784 2526 1023 2577 philosophi-

33 2599 116 2622 cum
152 2600 237 2623 mox
270 2587 360 2624 illud
393 2588 559 2624 recensui
598 2601 604 2622 :
643 2605 657 2619 «
698 2590 743 2623 Et
772 2595 857 2636 post
889 2586 1021 2622 malam

35 2662 49 2676 »ι
78 2654 238 2695 segetem
258 2646 456 2682 serendum
478 2653 571 2683 cst².
596 2664 609 2678 »
630 2649 746 2683 Tanta
771 2645 946 2682 aviditate
976 2645 1021 2681 ad

32 2706 274 2742 amicitiarum
308 2707 395 2743 milii
429 2707 567 2743 videris
591 2715 746 2743 aestuare
777 2706 1020 2751 commercia,

36 2773 74 2800 ut
95 2765 158 2801 ubi
180 2766 289 2815 paulo
309 2775 394 2802 ante
413 2767 646 2816 naufragium
669 2766 868 2815 pertuleris
884 2794 893 2811 ‚
914 2767 1021 2802 navi-

33 2825 181 2873 gatione
198 2825 326 2861 iterata
343 2834 537 2862 restaures.
555 2825 762 2862 Prudenter
779 2825 890 2874 plane
911 2826 1022 2861 unius

35 2883 185 2920 forsitan
217 2884 318 2920 horae
350 2886 490 2921 felicior
515 2893 720 2935 proventus
741 2885 840 2934 longi
870 2893 1023 2934 tempo—

35 2943 83 2978 ris
110 2943 408 2992 recompensabit
428 2944 673 2981 incommoda.
707 2948 751 2980 Et
769 2952 809 2980 ut
828 2944 874 2980 de
895 2943 1026 2979 dome-

34 3002 120 3038 stica
147 3003 286 3051 aliquid
313 3003 546 3053 philosophia
569 3005 754 3053 ingeram,
777 3003 1025 3052 apostolicum

83 3135 89 3147 ¹
111 3128 205 3159 Mivh.
225 3141 288 3161 vu.
311 3133 339 3158 s».
374 3148 376 3150 v
435 3135 446 3150 ²
469 3132 604 3163 Seneca,
630 3130 720 3170 epist.
747 3127 784 3158 ad
816 3129 910 3158 tut-it.
936 3148 954 3149 W

32 3183 47 3200 ‘¹
67 3184 155 3211 l'rnx.
175 3192 250 3217 xix,
276 3185 325 3211 ll.
402 3184 696 3220 71Vl‘wg.xviii,
732 3185 766 3209 ·.›.t
791 3205 797 3214 ,

79 3247 90 3259 ⁴
115 3242 251 3269 Fortasse
265 3265 271 3274 ,
291 3237 498 3268 consolidant.

163 3311 235 3332 ¹1¹0.ss
245 3327 250 3333 .
281 3311 298 3331 V
308 3326 313 3331 .

1004 3127 1015 3147 >³
1040 3131 1048 3157 Ι
1073 3130 1152 3156 vvir.
1182 3138 1224 3159 ir,
1251 3130 1279 3155 8.

821 3187 848 3210 vt
869 3181 937 3210 [sai.
956 3191 1078 3210 xxxxi,
1101 3183 1130 3208 s».
1160 3197 1170 3201 -

1090 2417 1287 2458 poterant;
1308 2408 1377 2443 nisi
1399 2407 1502 2456 quod
1522 2407 1593 2442 illae
1614 2407 1813 2443 solidiores
1833 2417 1944 2452 sunt,
1967 2418 2003 2445 et
2022 2423 2091 2459 op-

1091 2468 1234 2517 positos
1262 2467 1471 2503 retundunt
1503 2468 1667 2503 aculeos.
1700 2467 1910 2504 Benedictae
1939 2482 2090 2515 manus,

1089 2540 1174 2576 quae
1201 2527 1374 2563 nesciunt
1400 2526 1585 2562 calamum
1622 2535 1839 2574 quassatum
1873 2537 2090 2579 conterere,

1090 2587 1204 2636 inagis
1231 2595 1355 2622 autem
1377 2586 1617 2621 considerant
1643 2592 1655 2607 ³
1686 2600 1692 2620 :
1715 2599 1837 2635 neque
1872 2587 1990 2624 linum
2029 2590 2091 2625 fu-

1091 2646 1233 2695 migans
1250 2645 1503 2693 exstinguere.
1522 2643 1876 2692 Cotrfundemarqai
1896 2657 2096 2694 operantur

1091 2709 1231 2747 littam,
1255 2712 1441 2751 pectentes
1470 2712 1504 2738 et
1523 2713 1688 2738 {arentes
1718 2704 1903 2748 .‹ulm·l1‘a⁸,
1924 2706 1973 2740 ait
2003 2719 2091 2754 pro-

1091 2764 1214 2813 pheta.
1251 2766 1455 2810 Propterea
1502 2762 1761 2797 confusionem
1798 2763 1952 2799 indutus
1989 2777 2091 2806 suni.

1090 2824 1153 2872 qni
1187 2824 1281 2858 lana·
1313 2822 1561 2869 simplicitatis
1596 2830 1688 2863 tua‘,
1720 2822 1969 2858 simulationis
2001 2837 2091 2860 mea?

1092 2883 1208 2918 linum
1241 2880 1416 2916 subtexui
1447 2895 1452 2914 :

1093 2942 1268 2977 lationem
1296 2940 1486 2987 geminum
1511 2940 1598 2975 mihi
1623 2940 1776 2975 forsitan
1800 2941 1951 2976 calicem
1976 2950 2091 2978 trans-

1096 2999 1253 3035 miseris.
1287 3000 1435 3033 Pondus
1456 3008 1491 3033 et
1503 3001 1668 3046 pondus,
1692 3013 1863 3034 mensura
1885 3010 1919 3034 v!
1947 3015 2092 3036 memn-

1486 2881 1521 2915 in
1555 2879 1661 2928 cujus
1694 2881 1924 2929 duplicitatis
1955 2884 2091 2931 suggil-

2008 3131 2021 3139 .

1380 3131 1392 3149 ⁴
1422 3127 1515 3155 tvm.
1542 3139 1578 3159 ιι,
1607 3131 1656 3156 tlt.
1756 3131 1848 3157 *isat
1873 3140 1916 3162 η,
1944 3133 1980 3160 αἱ,
2011 3148 2035 3158 s.
2064 3148 2081 3150 -

1210 3178 1222 3198 ⁸
1240 3178 1306 3206 lsai.
1323 3188 1396 3212 xix,
1421 3182 1451 3207 Ν.
