<?xml version="1.0" encoding="UTF-8"?>
<!DOCTYPE html PUBLIC "-//W3C//DTD XHTML 1.0 Transitional//EN"
    "http://www.w3.org/TR/xhtml1/DTD/xhtml1-transitional.dtd">
<html xmlns="http://www.w3.org/1999/xhtml" xml:lang="en" lang="en">
 <head>
  <title>
</title>
<meta http-equiv="Content-Type" content="text/html;charset=utf-8" />
  <meta name='ocr-system' content='tesseract 3.04.00' />
  <meta name='ocr-capabilities' content='ocr_page ocr_carea ocr_par ocr_line ocrx_word'/>
</head>
<body>
  <div class='ocr_page' id='page_1' title='image "./operaomniapostho05bern_0500.png"; bbox 0 0 2504 3928; ppageno 0'>
   <div class='ocr_carea' id='block_1_1' title="bbox 291 246 364 279">
    <p class='ocr_par' dir='ltr' id='par_1_1' title="bbox 291 246 364 279">
     <span class='ocr_line' id='line_1_1' title="bbox 291 246 364 279; baseline 0 -1"><span class='ocrx_word' id='word_1_1' title='bbox 291 246 364 279; x_wconf 67' lang='lat'>033</span> 
     </span>
    </p>
   </div>
   <div class='ocr_carea' id='block_1_2' title="bbox 913 236 1729 280">
    <p class='ocr_par' dir='ltr' id='par_1_2' title="bbox 913 236 1729 280">
     <span class='ocr_line' id='line_1_2' title="bbox 913 236 1729 280; baseline -0.004 -9"><span class='ocrx_word' id='word_1_2' title='bbox 913 239 1034 273; x_wconf 67' lang='lat' dir='ltr'>i&#39;l&#39;l&#39;ls</span> <span class='ocrx_word' id='word_1_3' title='bbox 1066 238 1295 280; x_wconf 72' lang='lat' dir='ltr'>MYSTtCA,</span> <span class='ocrx_word' id='word_1_4' title='bbox 1328 238 1413 271; x_wconf 73' lang='lat' dir='ltr'>SEL&#39;</span> <span class='ocrx_word' id='word_1_5' title='bbox 1447 236 1729 271; x_wconf 65' lang='lat' dir='ltr'>&#39;t&#39;ttAC&#39;t&#39;A&#39;l&#39;tJS</span> 
     </span>
    </p>
   </div>
   <div class='ocr_carea' id='block_1_3' title="bbox 2262 236 2332 271">
    <p class='ocr_par' dir='ltr' id='par_1_3' title="bbox 2262 236 2332 271">
     <span class='ocr_line' id='line_1_3' title="bbox 2262 236 2332 271; baseline 0.014 -1"><span class='ocrx_word' id='word_1_6' title='bbox 2262 236 2332 271; x_wconf 69' lang='lat'>9⁸3</span> 
     </span>
    </p>
   </div>
   <div class='ocr_carea' id='block_1_4' title="bbox 290 310 2337 425">
    <p class='ocr_par' dir='ltr' id='par_1_4' title="bbox 290 310 2337 425">
     <span class='ocr_line' id='line_1_4' title="bbox 290 310 2334 364; baseline -0.004 -7"><span class='ocrx_word' id='word_1_7' title='bbox 290 323 443 364; x_wconf 89' lang='lat' dir='ltr'>damur,</span> <span class='ocrx_word' id='word_1_8' title='bbox 466 326 503 354; x_wconf 92' lang='lat' dir='ltr'>ut</span> <span class='ocrx_word' id='word_1_9' title='bbox 516 315 739 353; x_wconf 73' lang='lat' dir='ltr'>conformati</span> <span class='ocrx_word' id='word_1_10' title='bbox 761 314 910 361; x_wconf 79' lang='lat' dir='ltr'>imagini</span> <span class='ocrx_word' id='word_1_11' title='bbox 925 314 1107 362; x_wconf 76' lang='lat' dir='ltr'>passionis</span> <span class='ocrx_word' id='word_1_12' title='bbox 1125 322 1215 355; x_wconf 70' lang='lat' dir='ltr'>tuae,</span> <span class='ocrx_word' id='word_1_13' title='bbox 1233 313 1276 348; x_wconf 93' lang='lat' dir='ltr'>ad</span> <span class='ocrx_word' id='word_1_14' title='bbox 1291 313 1332 330; x_wconf 68' lang='lat'>⁴⁹¹</span> <span class='ocrx_word' id='word_1_15' title='bbox 1349 325 1480 348; x_wconf 89' lang='lat' dir='ltr'>omnes</span> <span class='ocrx_word' id='word_1_16' title='bbox 1501 310 1663 347; x_wconf 76' lang='lat' dir='ltr'>thesauri</span> <span class='ocrx_word' id='word_1_17' title='bbox 1679 310 1867 359; x_wconf 71' lang='lat' dir='ltr'>sapienti-‘e</span> <span class='ocrx_word' id='word_1_18' title='bbox 1890 319 1926 347; x_wconf 88' lang='lat' dir='ltr'>et</span> <span class='ocrx_word' id='word_1_19' title='bbox 1943 310 2106 347; x_wconf 68' lang='lat' dir='ltr'>scientiae</span> <span class='ocrx_word' id='word_1_20' title='bbox 2128 312 2334 357; x_wconf 84' lang='lat' dir='ltr'>reconditi;</span> 
     </span>
     <span class='ocr_line' id='line_1_5' title="bbox 293 370 2337 425; baseline -0.003 -11"><span class='ocrx_word' id='word_1_21' title='bbox 293 392 374 414; x_wconf 85' lang='lat' dir='ltr'>eain</span> <span class='ocrx_word' id='word_1_22' title='bbox 391 389 544 425; x_wconf 89' lang='lat' dir='ltr'>quoque</span> <span class='ocrx_word' id='word_1_23' title='bbox 563 387 674 423; x_wconf 81' lang='lat' dir='ltr'>quain</span> <span class='ocrx_word' id='word_1_24' title='bbox 696 372 886 422; x_wconf 82' lang='lat' dir='ltr'>peccando</span> <span class='ocrx_word' id='word_1_25' title='bbox 905 373 1114 417; x_wconf 84' lang='lat' dir='ltr'>amisimus,</span> <span class='ocrx_word' id='word_1_26' title='bbox 1134 381 1205 408; x_wconf 68' lang='lat' dir='ltr'>tua:</span> <span class='ocrx_word' id='word_1_27' title='bbox 1225 372 1280 408; x_wconf 85' lang='lat' dir='ltr'>di-</span> <span class='ocrx_word' id='word_1_28' title='bbox 1302 375 1329 407; x_wconf 73' lang='lat' dir='ltr'>A</span> <span class='ocrx_word' id='word_1_29' title='bbox 1351 373 1386 408; x_wconf 91' lang='lat' dir='ltr'>in</span> <span class='ocrx_word' id='word_1_30' title='bbox 1409 373 1488 421; x_wconf 89' lang='lat' dir='ltr'>ipso</span> <span class='ocrx_word' id='word_1_31' title='bbox 1506 384 1658 419; x_wconf 80' lang='lat' dir='ltr'>quoque</span> <span class='ocrx_word' id='word_1_32' title='bbox 1675 371 1856 419; x_wconf 70' lang='lat' dir='ltr'>glorietur</span> <span class='ocrx_word' id='word_1_33' title='bbox 1877 370 1955 406; x_wconf 88' lang='lat' dir='ltr'>sine</span> <span class='ocrx_word' id='word_1_34' title='bbox 1976 371 2154 414; x_wconf 89' lang='lat' dir='ltr'>termino,</span> <span class='ocrx_word' id='word_1_35' title='bbox 2176 371 2240 420; x_wconf 90' lang='lat' dir='ltr'>qui</span> <span class='ocrx_word' id='word_1_36' title='bbox 2269 385 2337 408; x_wconf 83' lang='lat' dir='ltr'>ex-</span> 
     </span>
    </p>
   </div>
   <div class='ocr_carea' id='block_1_5' title="bbox 289 432 1287 1071">
    <p class='ocr_par' dir='ltr' id='par_1_5' title="bbox 293 432 951 482">
     <span class='ocr_line' id='line_1_6' title="bbox 293 432 951 482; baseline -0.011 -9"><span class='ocrx_word' id='word_1_37' title='bbox 293 436 456 473; x_wconf 67' lang='lat' dir='ltr'>vinitatis</span> <span class='ocrx_word' id='word_1_38' title='bbox 471 434 668 482; x_wconf 83' lang='lat' dir='ltr'>imaginem</span> <span class='ocrx_word' id='word_1_39' title='bbox 692 432 951 467; x_wconf 62' lang='lat' dir='ltr'>resonant-amr.</span> 
     </span>
    </p>

    <p class='ocr_par' dir='ltr' id='par_1_6' title="bbox 289 489 1287 1071">
     <span class='ocr_line' id='line_1_7' title="bbox 349 489 1282 541; baseline -0.008 -10"><span class='ocrx_word' id='word_1_40' title='bbox 349 496 430 531; x_wconf 70' lang='lat'>153.</span> <span class='ocrx_word' id='word_1_41' title='bbox 455 497 527 529; x_wconf 77' lang='lat' dir='ltr'>Nec</span> <span class='ocrx_word' id='word_1_42' title='bbox 559 490 862 541; x_wconf 69' lang='lat' dir='ltr'>pra-tereuntluin</span> <span class='ocrx_word' id='word_1_43' title='bbox 892 498 968 533; x_wconf 82' lang='lat' dir='ltr'>est,</span> <span class='ocrx_word' id='word_1_44' title='bbox 993 489 1095 538; x_wconf 90' lang='lat' dir='ltr'>quod</span> <span class='ocrx_word' id='word_1_45' title='bbox 1126 503 1215 538; x_wconf 87' lang='lat' dir='ltr'>apes</span> <span class='ocrx_word' id='word_1_46' title='bbox 1236 489 1282 525; x_wconf 90' lang='lat' dir='ltr'>de</span> 
     </span>
     <span class='ocr_line' id='line_1_8' title="bbox 289 548 1283 602; baseline -0.006 -13"><span class='ocrx_word' id='word_1_47' title='bbox 289 555 433 602; x_wconf 85' lang='lat' dir='ltr'>liquore</span> <span class='ocrx_word' id='word_1_48' title='bbox 455 553 590 587; x_wconf 80' lang='lat' dir='ltr'>lloruin</span> <span class='ocrx_word' id='word_1_49' title='bbox 605 551 762 585; x_wconf 84' lang='lat' dir='ltr'>collecto</span> <span class='ocrx_word' id='word_1_50' title='bbox 785 550 909 584; x_wconf 75' lang='lat' dir='ltr'>favum</span> <span class='ocrx_word' id='word_1_51' title='bbox 925 549 1134 584; x_wconf 83' lang='lat' dir='ltr'>conlieiunt</span> <span class='ocrx_word' id='word_1_52' title='bbox 1152 576 1161 592; x_wconf 90' lang='lat'>‚</span> <span class='ocrx_word' id='word_1_53' title='bbox 1178 548 1283 584; x_wconf 89' lang='lat' dir='ltr'>idest</span> 
     </span>
     <span class='ocr_line' id='line_1_9' title="bbox 291 608 1281 655; baseline -0.005 -7"><span class='ocrx_word' id='word_1_54' title='bbox 291 626 412 648; x_wconf 81' lang='lat' dir='ltr'>reram</span> <span class='ocrx_word' id='word_1_55' title='bbox 446 612 481 647; x_wconf 91' lang='lat' dir='ltr'>in</span> <span class='ocrx_word' id='word_1_56' title='bbox 509 624 547 647; x_wconf 88' lang='lat' dir='ltr'>se</span> <span class='ocrx_word' id='word_1_57' title='bbox 575 611 646 646; x_wconf 89' lang='lat' dir='ltr'>mel</span> <span class='ocrx_word' id='word_1_58' title='bbox 677 609 944 645; x_wconf 90' lang='lat' dir='ltr'>continentem.</span> <span class='ocrx_word' id='word_1_59' title='bbox 972 608 1070 655; x_wconf 91' lang='lat' dir='ltr'>Quid</span> <span class='ocrx_word' id='word_1_60' title='bbox 1094 616 1149 643; x_wconf 87' lang='lat' dir='ltr'>est</span> <span class='ocrx_word' id='word_1_61' title='bbox 1178 608 1281 643; x_wconf 77' lang='lat' dir='ltr'>hoe?</span> 
     </span>
     <span class='ocr_line' id='line_1_10' title="bbox 295 667 1282 715; baseline -0.006 -8"><span class='ocrx_word' id='word_1_62' title='bbox 295 676 361 708; x_wconf 84' lang='lat' dir='ltr'>l’er</span> <span class='ocrx_word' id='word_1_63' title='bbox 372 684 507 715; x_wconf 84' lang='lat' dir='ltr'>ceram,</span> <span class='ocrx_word' id='word_1_64' title='bbox 523 679 689 706; x_wconf 88' lang='lat' dir='ltr'>tenacem</span> <span class='ocrx_word' id='word_1_65' title='bbox 705 667 1080 715; x_wconf 82' lang='lat' dir='ltr'>memoriamaccipe,</span> <span class='ocrx_word' id='word_1_66' title='bbox 1097 679 1181 715; x_wconf 82' lang='lat' dir='ltr'>qna·</span> <span class='ocrx_word' id='word_1_67' title='bbox 1197 675 1282 715; x_wconf 88' lang='lat' dir='ltr'>apta</span> 
     </span>
     <span class='ocr_line' id='line_1_11' title="bbox 290 724 1284 777; baseline -0.004 -13"><span class='ocrx_word' id='word_1_68' title='bbox 290 739 344 766; x_wconf 84' lang='lat' dir='ltr'>est</span> <span class='ocrx_word' id='word_1_69' title='bbox 369 730 415 766; x_wconf 90' lang='lat' dir='ltr'>ad</span> <span class='ocrx_word' id='word_1_70' title='bbox 446 728 702 777; x_wconf 55' lang='lat' dir='ltr'>recipie-iulum</span> <span class='ocrx_word' id='word_1_71' title='bbox 737 727 894 762; x_wconf 83' lang='lat' dir='ltr'>sormam</span> <span class='ocrx_word' id='word_1_72' title='bbox 923 726 1054 773; x_wconf 78' lang='lat' dir='ltr'>sigilli,</span> <span class='ocrx_word' id='word_1_73' title='bbox 1085 724 1187 760; x_wconf 91' lang='lat' dir='ltr'>etad</span> <span class='ocrx_word' id='word_1_74' title='bbox 1211 738 1284 760; x_wconf 89' lang='lat' dir='ltr'>nu-</span> 
     </span>
     <span class='ocr_line' id='line_1_12' title="bbox 293 785 1283 838; baseline -0.007 -13"><span class='ocrx_word' id='word_1_75' title='bbox 293 789 480 826; x_wconf 86' lang='lat' dir='ltr'>triendum</span> <span class='ocrx_word' id='word_1_76' title='bbox 503 789 644 838; x_wconf 78' lang='lat' dir='ltr'>ignem,</span> <span class='ocrx_word' id='word_1_77' title='bbox 665 788 694 822; x_wconf 91' lang='lat' dir='ltr'>si</span> <span class='ocrx_word' id='word_1_78' title='bbox 717 794 838 822; x_wconf 89' lang='lat' dir='ltr'>tamen</span> <span class='ocrx_word' id='word_1_79' title='bbox 854 786 888 821; x_wconf 92' lang='lat' dir='ltr'>in</span> <span class='ocrx_word' id='word_1_80' title='bbox 903 799 945 821; x_wconf 90' lang='lat' dir='ltr'>ea</span> <span class='ocrx_word' id='word_1_81' title='bbox 962 786 1009 821; x_wconf 88' lang='lat' dir='ltr'>sit</span> <span class='ocrx_word' id='word_1_82' title='bbox 1027 785 1142 820; x_wconf 91' lang='lat' dir='ltr'>linum</span> <span class='ocrx_word' id='word_1_83' title='bbox 1155 790 1167 805; x_wconf 74' lang='lat'>‘¹</span> <span class='ocrx_word' id='word_1_84' title='bbox 1181 798 1187 818; x_wconf 94' lang='lat'><strong>:</strong></span> <span class='ocrx_word' id='word_1_85' title='bbox 1200 796 1283 831; x_wconf 84' lang='lat' dir='ltr'>qua:</span> 
     </span>
     <span class='ocr_line' id='line_1_13' title="bbox 292 842 1283 886; baseline -0.007 -3"><span class='ocrx_word' id='word_1_86' title='bbox 292 861 374 883; x_wconf 87' lang='lat' dir='ltr'>eera</span> <span class='ocrx_word' id='word_1_87' title='bbox 396 847 466 882; x_wconf 86' lang='lat' dir='ltr'>tnel</span> <span class='ocrx_word' id='word_1_88' title='bbox 489 847 525 882; x_wconf 90' lang='lat' dir='ltr'>in</span> <span class='ocrx_word' id='word_1_89' title='bbox 544 859 582 881; x_wconf 87' lang='lat' dir='ltr'>se</span> <span class='ocrx_word' id='word_1_90' title='bbox 609 845 778 881; x_wconf 87' lang='lat' dir='ltr'>eontinet</span> <span class='ocrx_word' id='word_1_91' title='bbox 798 844 1055 880; x_wconf 84' lang='lat' dir='ltr'>dulcissimum</span> <span class='ocrx_word' id='word_1_92' title='bbox 1070 871 1078 886; x_wconf 89' lang='lat'>,</span> <span class='ocrx_word' id='word_1_93' title='bbox 1104 842 1283 878; x_wconf 86' lang='lat' dir='ltr'>mundili-</span> 
     </span>
     <span class='ocr_line' id='line_1_14' title="bbox 293 901 1285 949; baseline -0.007 -7"><span class='ocrx_word' id='word_1_94' title='bbox 293 907 455 942; x_wconf 74' lang='lat' dir='ltr'>eativum</span> <span class='ocrx_word' id='word_1_95' title='bbox 470 933 478 947; x_wconf 79' lang='grc'>,</span> <span class='ocrx_word' id='word_1_96' title='bbox 504 904 777 941; x_wconf 72' lang='lat' dir='ltr'>descensivum.</span> <span class='ocrx_word' id='word_1_97' title='bbox 801 906 875 939; x_wconf 70' lang='lat' dir='ltr'>Nos</span> <span class='ocrx_word' id='word_1_98' title='bbox 898 915 989 938; x_wconf 87' lang='lat' dir='ltr'>vero</span> <span class='ocrx_word' id='word_1_99' title='bbox 1013 902 1042 938; x_wconf 90' lang='lat' dir='ltr'>si</span> <span class='ocrx_word' id='word_1_100' title='bbox 1064 915 1151 937; x_wconf 86' lang='lat' dir='ltr'>vere</span> <span class='ocrx_word' id='word_1_101' title='bbox 1171 901 1285 949; x_wconf 89' lang='lat' dir='ltr'>spiri-</span> 
     </span>
     <span class='ocr_line' id='line_1_15' title="bbox 294 961 1285 1017; baseline -0.007 -14"><span class='ocrx_word' id='word_1_102' title='bbox 294 969 411 1004; x_wconf 85' lang='lat' dir='ltr'>tuales</span> <span class='ocrx_word' id='word_1_103' title='bbox 430 980 518 1017; x_wconf 83' lang='lat' dir='ltr'>apes</span> <span class='ocrx_word' id='word_1_104' title='bbox 551 978 702 1009; x_wconf 89' lang='lat' dir='ltr'>sumus,</span> <span class='ocrx_word' id='word_1_105' title='bbox 735 964 781 1000; x_wconf 93' lang='lat' dir='ltr'>de</span> <span class='ocrx_word' id='word_1_106' title='bbox 811 963 968 999; x_wconf 88' lang='lat' dir='ltr'>lloribus</span> <span class='ocrx_word' id='word_1_107' title='bbox 989 963 1104 999; x_wconf 77' lang='lat' dir='ltr'>nostri</span> <span class='ocrx_word' id='word_1_108' title='bbox 1125 961 1285 1011; x_wconf 75' lang='lat' dir='ltr'>paradisi</span> 
     </span>
     <span class='ocr_line' id='line_1_16' title="bbox 296 1020 1287 1071; baseline -0.008 -7"><span class='ocrx_word' id='word_1_109' title='bbox 296 1028 471 1064; x_wconf 57' lang='lat' dir='ltr'>iNazareni</span> <span class='ocrx_word' id='word_1_110' title='bbox 486 1055 495 1071; x_wconf 93' lang='lat'>,</span> <span class='ocrx_word' id='word_1_111' title='bbox 516 1026 622 1062; x_wconf 91' lang='lat' dir='ltr'>idest</span> <span class='ocrx_word' id='word_1_112' title='bbox 640 1025 737 1060; x_wconf 91' lang='lat' dir='ltr'>horti</span> <span class='ocrx_word' id='word_1_113' title='bbox 756 1023 924 1059; x_wconf 86' lang='lat' dir='ltr'>llorentis</span> <span class='ocrx_word' id='word_1_114' title='bbox 938 1021 1165 1058; x_wconf 68' lang='lat' dir='ltr'>floridissimi</span> <span class='ocrx_word' id='word_1_115' title='bbox 1181 1020 1287 1058; x_wconf 87' lang='lat' dir='ltr'>Chri-</span> 
     </span>
    </p>
   </div>
   <div class='ocr_carea' id='block_1_6' title="bbox 1349 429 2345 1068">
    <p class='ocr_par' dir='ltr' id='par_1_7' title="bbox 1349 429 2345 1068">
     <span class='ocr_line' id='line_1_17' title="bbox 1350 429 2337 479; baseline 0 -13"><span class='ocrx_word' id='word_1_116' title='bbox 1350 432 1468 466; x_wconf 85' lang='lat' dir='ltr'>celsus</span> <span class='ocrx_word' id='word_1_117' title='bbox 1489 438 1539 465; x_wconf 84' lang='lat' dir='ltr'>est</span> <span class='ocrx_word' id='word_1_118' title='bbox 1563 442 1677 477; x_wconf 88' lang='lat' dir='ltr'>super</span> <span class='ocrx_word' id='word_1_119' title='bbox 1700 442 1831 465; x_wconf 89' lang='lat' dir='ltr'>omnes</span> <span class='ocrx_word' id='word_1_120' title='bbox 1850 437 2000 476; x_wconf 80' lang='lat' dir='ltr'>gentes,</span> <span class='ocrx_word' id='word_1_121' title='bbox 2022 437 2059 465; x_wconf 90' lang='lat' dir='ltr'>et</span> <span class='ocrx_word' id='word_1_122' title='bbox 2087 429 2194 478; x_wconf 88' lang='lat' dir='ltr'>cujus</span> <span class='ocrx_word' id='word_1_123' title='bbox 2219 431 2337 479; x_wconf 81' lang='lat' dir='ltr'>gloria</span> 
     </span>
     <span class='ocr_line' id='line_1_18' title="bbox 1349 488 2339 539; baseline 0 -14"><span class='ocrx_word' id='word_1_124' title='bbox 1349 503 1462 539; x_wconf 86' lang='lat' dir='ltr'>supcr</span> <span class='ocrx_word' id='word_1_125' title='bbox 1483 490 1610 524; x_wconf 62' lang='lat' dir='ltr'>‹ro-los.</span> <span class='ocrx_word' id='word_1_126' title='bbox 1643 488 1832 524; x_wconf 86' lang='lat' dir='ltr'>lllumiuat</span> <span class='ocrx_word' id='word_1_127' title='bbox 1858 501 2010 537; x_wconf 87' lang='lat' dir='ltr'>quoque</span> <span class='ocrx_word' id='word_1_128' title='bbox 2031 488 2184 525; x_wconf 89' lang='lat' dir='ltr'>domum</span> <span class='ocrx_word' id='word_1_129' title='bbox 2216 489 2339 525; x_wconf 82' lang='lat' dir='ltr'>cordis</span> 
     </span>
     <span class='ocr_line' id='line_1_19' title="bbox 1351 547 2338 597; baseline 0 -13"><span class='ocrx_word' id='word_1_130' title='bbox 1351 550 1486 594; x_wconf 82' lang='lat' dir='ltr'>nostri,</span> <span class='ocrx_word' id='word_1_131' title='bbox 1507 557 1542 584; x_wconf 91' lang='lat' dir='ltr'>et</span> <span class='ocrx_word' id='word_1_132' title='bbox 1565 549 1663 583; x_wconf 69' lang='lat' dir='ltr'>l&#39;ovet</span> <span class='ocrx_word' id='word_1_133' title='bbox 1693 547 1729 583; x_wconf 90' lang='lat' dir='ltr'>in</span> <span class='ocrx_word' id='word_1_134' title='bbox 1762 562 1807 583; x_wconf 91' lang='lat' dir='ltr'>eo</span> <span class='ocrx_word' id='word_1_135' title='bbox 1832 548 1954 597; x_wconf 79' lang='lat' dir='ltr'>ignem</span> <span class='ocrx_word' id='word_1_136' title='bbox 1985 548 2171 584; x_wconf 83' lang='lat' dir='ltr'>eharitatis</span> <span class='ocrx_word' id='word_1_137' title='bbox 2191 549 2338 584; x_wconf 67' lang='lat' dir='ltr'>divium.</span> 
     </span>
     <span class='ocr_line' id='line_1_20' title="bbox 1349 607 2336 656; baseline -0.001 -12"><span class='ocrx_word' id='word_1_138' title='bbox 1349 612 1438 645; x_wconf 84' lang='lat' dir='ltr'>Cera</span> <span class='ocrx_word' id='word_1_139' title='bbox 1472 607 1609 643; x_wconf 81' lang='lat' dir='ltr'>tenacis</span> <span class='ocrx_word' id='word_1_140' title='bbox 1635 607 1823 642; x_wconf 72' lang='lat' dir='ltr'>memoriae</span> <span class='ocrx_word' id='word_1_141' title='bbox 1845 620 1911 655; x_wconf 88' lang='lat' dir='ltr'>per</span> <span class='ocrx_word' id='word_1_142' title='bbox 1933 607 2072 655; x_wconf 81' lang='lat' dir='ltr'>lignum</span> <span class='ocrx_word' id='word_1_143' title='bbox 2095 607 2336 656; x_wconf 86' lang='lat' dir='ltr'>intelligitur;</span> 
     </span>
     <span class='ocr_line' id='line_1_21' title="bbox 1350 665 2336 711; baseline -0.001 -8"><span class='ocrx_word' id='word_1_144' title='bbox 1350 669 1397 703; x_wconf 90' lang='lat' dir='ltr'>ita</span> <span class='ocrx_word' id='word_1_145' title='bbox 1421 676 1541 703; x_wconf 89' lang='lat' dir='ltr'>tamen</span> <span class='ocrx_word' id='word_1_146' title='bbox 1570 666 1598 701; x_wconf 83' lang='lat' dir='ltr'>si</span> <span class='ocrx_word' id='word_1_147' title='bbox 1619 666 1665 701; x_wconf 88' lang='lat' dir='ltr'>sit</span> <span class='ocrx_word' id='word_1_148' title='bbox 1685 666 1720 700; x_wconf 92' lang='lat' dir='ltr'>in</span> <span class='ocrx_word' id='word_1_149' title='bbox 1742 679 1787 701; x_wconf 88' lang='lat' dir='ltr'>eo</span> <span class='ocrx_word' id='word_1_150' title='bbox 1809 666 1947 711; x_wconf 89' lang='lat' dir='ltr'>linum,</span> <span class='ocrx_word' id='word_1_151' title='bbox 1980 665 2016 701; x_wconf 88' lang='lat' dir='ltr'>id</span> <span class='ocrx_word' id='word_1_152' title='bbox 2042 675 2097 702; x_wconf 92' lang='lat' dir='ltr'>est</span> <span class='ocrx_word' id='word_1_153' title='bbox 2119 667 2336 702; x_wconf 73' lang='lat' dir='ltr'>exercitium</span> 
     </span>
     <span class='ocr_line' id='line_1_22' title="bbox 1350 724 2340 776; baseline -0.002 -14"><span class='ocrx_word' id='word_1_154' title='bbox 1350 726 1550 776; x_wconf 82' lang='lat' dir='ltr'>spiritualis</span> <span class='ocrx_word' id='word_1_155' title='bbox 1572 724 1729 768; x_wconf 86' lang='lat' dir='ltr'>laboris,</span> <span class='ocrx_word' id='word_1_156' title='bbox 1752 725 1853 773; x_wconf 84' lang='lat' dir='ltr'>quod</span> <span class='ocrx_word' id='word_1_157' title='bbox 1876 739 1941 774; x_wconf 84' lang='lat' dir='ltr'>per</span> <span class='ocrx_word' id='word_1_158' title='bbox 1966 726 2081 761; x_wconf 92' lang='lat' dir='ltr'>linum</span> <span class='ocrx_word' id='word_1_159' title='bbox 2109 725 2340 773; x_wconf 73' lang='lat' dir='ltr'>intelligitur,</span> 
     </span>
     <span class='ocr_line' id='line_1_23' title="bbox 1349 783 2340 834; baseline -0.002 -13"><span class='ocrx_word' id='word_1_160' title='bbox 1349 794 1540 834; x_wconf 87' lang='lat' dir='ltr'>sumptum</span> <span class='ocrx_word' id='word_1_161' title='bbox 1559 783 1604 818; x_wconf 82' lang='lat' dir='ltr'>de</span> <span class='ocrx_word' id='word_1_162' title='bbox 1620 784 1718 828; x_wconf 90' lang='lat' dir='ltr'>lino,</span> <span class='ocrx_word' id='word_1_163' title='bbox 1735 783 1836 831; x_wconf 88' lang='lat' dir='ltr'>qnod</span> <span class='ocrx_word' id='word_1_164' title='bbox 1853 784 1977 819; x_wconf 90' lang='lat' dir='ltr'>multis</span> <span class='ocrx_word' id='word_1_165' title='bbox 1992 784 2182 819; x_wconf 80' lang='lat' dir='ltr'>laboribus</span> <span class='ocrx_word' id='word_1_166' title='bbox 2197 784 2340 819; x_wconf 84' lang='lat' dir='ltr'>conteri</span> 
     </span>
     <span class='ocr_line' id='line_1_24' title="bbox 1350 842 2243 892; baseline 0 -14"><span class='ocrx_word' id='word_1_167' title='bbox 1350 845 1467 887; x_wconf 77' lang='lat' dir='ltr'>solet,</span> <span class='ocrx_word' id='word_1_168' title='bbox 1495 851 1533 878; x_wconf 90' lang='lat' dir='ltr'>ut</span> <span class='ocrx_word' id='word_1_169' title='bbox 1551 842 1596 878; x_wconf 90' lang='lat' dir='ltr'>ad</span> <span class='ocrx_word' id='word_1_170' title='bbox 1615 842 1809 877; x_wconf 80' lang='lat' dir='ltr'>utilitatem</span> <span class='ocrx_word' id='word_1_171' title='bbox 1826 842 1986 890; x_wconf 80' lang='lat' dir='ltr'>aliquam</span> <span class='ocrx_word' id='word_1_172' title='bbox 2004 843 2243 892; x_wconf 89' lang='lat' dir='ltr'>perducatur.</span> 
     </span>
     <span class='ocr_line' id='line_1_25' title="bbox 1417 902 2343 951; baseline -0.001 -12"><span class='ocrx_word' id='word_1_173' title='bbox 1417 903 1499 939; x_wconf 58' lang='lat'>151&#39;1.</span> <span class='ocrx_word' id='word_1_174' title='bbox 1533 903 1568 939; x_wconf 77' lang='lat' dir='ltr'>Si</span> <span class='ocrx_word' id='word_1_175' title='bbox 1603 915 1693 950; x_wconf 86' lang='lat' dir='ltr'>crgo</span> <span class='ocrx_word' id='word_1_176' title='bbox 1723 902 1759 937; x_wconf 93' lang='lat' dir='ltr'>in</span> <span class='ocrx_word' id='word_1_177' title='bbox 1791 902 1969 938; x_wconf 87' lang='lat' dir='ltr'>memoria</span> <span class='ocrx_word' id='word_1_178' title='bbox 2004 911 2131 938; x_wconf 86' lang='lat' dir='ltr'>nostra</span> <span class='ocrx_word' id='word_1_179' title='bbox 2159 902 2343 951; x_wconf 79' lang='lat' dir='ltr'>passionis</span> 
     </span>
     <span class='ocr_line' id='line_1_26' title="bbox 1351 960 2343 1010; baseline -0.001 -12"><span class='ocrx_word' id='word_1_180' title='bbox 1351 963 1487 999; x_wconf 79' lang='lat' dir='ltr'>Christi</span> <span class='ocrx_word' id='word_1_181' title='bbox 1529 960 1696 997; x_wconf 86' lang='lat' dir='ltr'>laborem</span> <span class='ocrx_word' id='word_1_182' title='bbox 1732 961 1931 1008; x_wconf 85' lang='lat' dir='ltr'>habemus,</span> <span class='ocrx_word' id='word_1_183' title='bbox 1966 970 2090 1010; x_wconf 87' lang='lat' dir='ltr'>potest</span> <span class='ocrx_word' id='word_1_184' title='bbox 2121 961 2274 997; x_wconf 79' lang='lat' dir='ltr'>accendi</span> <span class='ocrx_word' id='word_1_185' title='bbox 2306 969 2343 997; x_wconf 89' lang='lat' dir='ltr'>et</span> 
     </span>
     <span class='ocr_line' id='line_1_27' title="bbox 1353 1018 2345 1068; baseline -0.002 -11"><span class='ocrx_word' id='word_1_186' title='bbox 1353 1021 1484 1057; x_wconf 88' lang='lat' dir='ltr'>ardere</span> <span class='ocrx_word' id='word_1_187' title='bbox 1515 1021 1675 1056; x_wconf 83' lang='lat' dir='ltr'>charitas</span> <span class='ocrx_word' id='word_1_188' title='bbox 1693 1018 1709 1041; x_wconf 73' lang='lat'>¹²</span> <span class='ocrx_word' id='word_1_189' title='bbox 1739 1019 1819 1068; x_wconf 90' lang='lat' dir='ltr'>ejus</span> <span class='ocrx_word' id='word_1_190' title='bbox 1848 1021 1883 1056; x_wconf 93' lang='lat' dir='ltr'>in</span> <span class='ocrx_word' id='word_1_191' title='bbox 1914 1020 2044 1063; x_wconf 86' lang='lat' dir='ltr'>nobis,</span> <span class='ocrx_word' id='word_1_192' title='bbox 2067 1021 2130 1068; x_wconf 91' lang='lat' dir='ltr'>qui</span> <span class='ocrx_word' id='word_1_193' title='bbox 2157 1020 2345 1056; x_wconf 88' lang='lat' dir='ltr'>illuminat</span> 
     </span>
    </p>
   </div>
   <div class='ocr_carea' id='block_1_7' title="bbox 295 1079 2345 1132">
    <p class='ocr_par' dir='ltr' id='par_1_8' title="bbox 295 1079 2345 1132">
     <span class='ocr_line' id='line_1_28' title="bbox 295 1079 2345 1132; baseline -0.004 -9"><span class='ocrx_word' id='word_1_194' title='bbox 295 1089 361 1132; x_wconf 88' lang='lat' dir='ltr'>sti,</span> <span class='ocrx_word' id='word_1_195' title='bbox 395 1086 503 1122; x_wconf 86' lang='lat' dir='ltr'>nobis</span> <span class='ocrx_word' id='word_1_196' title='bbox 537 1084 754 1121; x_wconf 84' lang='lat' dir='ltr'>memoriam</span> <span class='ocrx_word' id='word_1_197' title='bbox 788 1094 1062 1131; x_wconf 87' lang='lat' dir='ltr'>componamus</span> <span class='ocrx_word' id='word_1_198' title='bbox 1094 1088 1288 1123; x_wconf 86' lang='lat' dir='ltr'>tenacem,</span> <span class='ocrx_word' id='word_1_199' title='bbox 1310 1080 1334 1113; x_wconf 88' lang='lat' dir='ltr'>B</span> <span class='ocrx_word' id='word_1_200' title='bbox 1357 1079 1530 1116; x_wconf 85' lang='lat' dir='ltr'>tenebras</span> <span class='ocrx_word' id='word_1_201' title='bbox 1559 1079 1779 1127; x_wconf 70' lang='lat' dir='ltr'>ignorantia:</span> <span class='ocrx_word' id='word_1_202' title='bbox 1802 1087 1956 1123; x_wconf 75' lang='lat' dir='ltr'>nostra»,</span> <span class='ocrx_word' id='word_1_203' title='bbox 1974 1087 2010 1114; x_wconf 92' lang='lat' dir='ltr'>et</span> <span class='ocrx_word' id='word_1_204' title='bbox 2035 1079 2206 1115; x_wconf 81' lang='lat' dir='ltr'>accendit</span> <span class='ocrx_word' id='word_1_205' title='bbox 2230 1079 2345 1127; x_wconf 77' lang='lat' dir='ltr'>frigus</span> 
     </span>
    </p>
   </div>
   <div class='ocr_carea' id='block_1_8' title="bbox 295 1137 1295 1843">
    <p class='ocr_par' dir='ltr' id='par_1_9' title="bbox 295 1137 1295 1843">
     <span class='ocr_line' id='line_1_29' title="bbox 295 1137 1287 1194; baseline -0.008 -13"><span class='ocrx_word' id='word_1_206' title='bbox 295 1160 378 1194; x_wconf 68' lang='lat' dir='ltr'>qua»</span> <span class='ocrx_word' id='word_1_207' title='bbox 409 1158 483 1180; x_wconf 90' lang='lat' dir='ltr'>non</span> <span class='ocrx_word' id='word_1_208' title='bbox 510 1143 677 1193; x_wconf 89' lang='lat' dir='ltr'>qnalibet</span> <span class='ocrx_word' id='word_1_209' title='bbox 709 1142 914 1178; x_wconf 85' lang='lat' dir='ltr'>tentatione</span> <span class='ocrx_word' id='word_1_210' title='bbox 943 1140 1194 1182; x_wconf 80' lang='lat' dir='ltr'>dissolvatur,</span> <span class='ocrx_word' id='word_1_211' title='bbox 1223 1137 1287 1173; x_wconf 89' lang='lat' dir='ltr'>sed</span> 
     </span>
     <span class='ocr_line' id='line_1_30' title="bbox 297 1198 1290 1255; baseline -0.011 -13"><span class='ocrx_word' id='word_1_212' title='bbox 297 1214 383 1255; x_wconf 88' lang='lat' dir='ltr'>apta</span> <span class='ocrx_word' id='word_1_213' title='bbox 417 1206 463 1241; x_wconf 89' lang='lat' dir='ltr'>sit</span> <span class='ocrx_word' id='word_1_214' title='bbox 496 1205 557 1240; x_wconf 88' lang='lat' dir='ltr'>illa</span> <span class='ocrx_word' id='word_1_215' title='bbox 594 1202 773 1239; x_wconf 88' lang='lat' dir='ltr'>memoria</span> <span class='ocrx_word' id='word_1_216' title='bbox 804 1201 970 1249; x_wconf 87' lang='lat' dir='ltr'>recipere</span> <span class='ocrx_word' id='word_1_217' title='bbox 1004 1198 1290 1247; x_wconf 83' lang='lat' dir='ltr'>impressionem</span> 
     </span>
     <span class='ocr_line' id='line_1_31' title="bbox 297 1256 1290 1314; baseline -0.011 -13"><span class='ocrx_word' id='word_1_218' title='bbox 297 1266 425 1314; x_wconf 81' lang='lat' dir='ltr'>sigilli,</span> <span class='ocrx_word' id='word_1_219' title='bbox 446 1264 482 1300; x_wconf 89' lang='lat' dir='ltr'>id</span> <span class='ocrx_word' id='word_1_220' title='bbox 500 1272 555 1299; x_wconf 92' lang='lat' dir='ltr'>est</span> <span class='ocrx_word' id='word_1_221' title='bbox 575 1261 745 1298; x_wconf 76' lang='lat' dir='ltr'>crucifixi</span> <span class='ocrx_word' id='word_1_222' title='bbox 761 1265 850 1297; x_wconf 90' lang='lat' dir='ltr'>Jesu</span> <span class='ocrx_word' id='word_1_223' title='bbox 865 1289 873 1305; x_wconf 90' lang='lat'>,</span> <span class='ocrx_word' id='word_1_224' title='bbox 896 1267 936 1295; x_wconf 90' lang='lat' dir='ltr'>ut</span> <span class='ocrx_word' id='word_1_225' title='bbox 958 1259 1061 1294; x_wconf 91' lang='lat' dir='ltr'>illum</span> <span class='ocrx_word' id='word_1_226' title='bbox 1083 1269 1232 1305; x_wconf 85' lang='lat' dir='ltr'>semper</span> <span class='ocrx_word' id='word_1_227' title='bbox 1252 1256 1290 1291; x_wconf 91' lang='lat' dir='ltr'>in</span> 
     </span>
     <span class='ocr_line' id='line_1_32' title="bbox 298 1318 1293 1367; baseline -0.011 -7"><span class='ocrx_word' id='word_1_228' title='bbox 298 1324 477 1360; x_wconf 88' lang='lat' dir='ltr'>memoria</span> <span class='ocrx_word' id='word_1_229' title='bbox 508 1321 734 1363; x_wconf 86' lang='lat' dir='ltr'>habeamus,</span> <span class='ocrx_word' id='word_1_230' title='bbox 759 1319 824 1367; x_wconf 89' lang='lat' dir='ltr'>qui</span> <span class='ocrx_word' id='word_1_231' title='bbox 854 1318 945 1353; x_wconf 86' lang='lat' dir='ltr'>dicit</span> <span class='ocrx_word' id='word_1_232' title='bbox 961 1344 970 1360; x_wconf 96' lang='lat'>,</span> <span class='ocrx_word' id='word_1_233' title='bbox 993 1318 1095 1350; x_wconf 74' lang='lat' dir='ltr'>Pom:</span> <span class='ocrx_word' id='word_1_234' title='bbox 1118 1328 1176 1350; x_wconf 80' lang='lat' dir='ltr'>me</span> <span class='ocrx_word' id='word_1_235' title='bbox 1201 1318 1293 1349; x_wconf 75' lang='lat' dir='ltr'>sicut</span> 
     </span>
     <span class='ocr_line' id='line_1_33' title="bbox 295 1375 1291 1431; baseline -0.008 -15"><span class='ocrx_word' id='word_1_236' title='bbox 295 1386 536 1431; x_wconf 50' lang='lat' dir='ltr'>,sigum-alunt.</span> <span class='ocrx_word' id='word_1_237' title='bbox 559 1379 799 1427; x_wconf 83' lang='lat' dir='ltr'>Signaeulum</span> <span class='ocrx_word' id='word_1_238' title='bbox 817 1377 917 1413; x_wconf 90' lang='lat' dir='ltr'>enim</span> <span class='ocrx_word' id='word_1_239' title='bbox 939 1375 1080 1423; x_wconf 79' lang='lat' dir='ltr'>regium</span> <span class='ocrx_word' id='word_1_240' title='bbox 1102 1378 1203 1411; x_wconf 85' lang='lat' dir='ltr'>Crux</span> <span class='ocrx_word' id='word_1_241' title='bbox 1223 1382 1291 1417; x_wconf 89' lang='lat' dir='ltr'>est,</span> 
     </span>
     <span class='ocr_line' id='line_1_34' title="bbox 297 1433 1291 1490; baseline -0.011 -13"><span class='ocrx_word' id='word_1_242' title='bbox 297 1455 408 1490; x_wconf 89' lang='lat' dir='ltr'>quam</span> <span class='ocrx_word' id='word_1_243' title='bbox 423 1442 452 1476; x_wconf 84' lang='lat' dir='ltr'>si</span> <span class='ocrx_word' id='word_1_244' title='bbox 470 1441 506 1475; x_wconf 91' lang='lat' dir='ltr'>in</span> <span class='ocrx_word' id='word_1_245' title='bbox 521 1439 646 1475; x_wconf 88' lang='lat' dir='ltr'>cordis</span> <span class='ocrx_word' id='word_1_246' title='bbox 660 1437 776 1473; x_wconf 85' lang='lat' dir='ltr'>nostri</span> <span class='ocrx_word' id='word_1_247' title='bbox 795 1435 973 1472; x_wconf 86' lang='lat' dir='ltr'>memoria</span> <span class='ocrx_word' id='word_1_248' title='bbox 994 1433 1291 1483; x_wconf 81' lang='lat' dir='ltr'>portaverimus,</span> 
     </span>
     <span class='ocr_line' id='line_1_35' title="bbox 300 1491 1293 1547; baseline -0.011 -11"><span class='ocrx_word' id='word_1_249' title='bbox 300 1501 389 1536; x_wconf 91' lang='lat' dir='ltr'>tanti</span> <span class='ocrx_word' id='word_1_250' title='bbox 412 1500 601 1547; x_wconf 87' lang='lat' dir='ltr'>regionem</span> <span class='ocrx_word' id='word_1_251' title='bbox 618 1497 747 1544; x_wconf 80' lang='lat' dir='ltr'>Regis,</span> <span class='ocrx_word' id='word_1_252' title='bbox 764 1509 848 1543; x_wconf 79' lang='lat' dir='ltr'>quae</span> <span class='ocrx_word' id='word_1_253' title='bbox 866 1496 976 1530; x_wconf 87' lang='lat' dir='ltr'>linem</span> <span class='ocrx_word' id='word_1_254' title='bbox 999 1506 1074 1529; x_wconf 91' lang='lat' dir='ltr'>non</span> <span class='ocrx_word' id='word_1_255' title='bbox 1091 1491 1221 1536; x_wconf 86' lang='lat' dir='ltr'>habet,</span> <span class='ocrx_word' id='word_1_256' title='bbox 1235 1504 1293 1526; x_wconf 84' lang='lat' dir='ltr'>se-</span> 
     </span>
     <span class='ocr_line' id='line_1_36' title="bbox 298 1550 1293 1607; baseline -0.009 -13"><span class='ocrx_word' id='word_1_257' title='bbox 298 1572 387 1594; x_wconf 84' lang='lat' dir='ltr'>eure</span> <span class='ocrx_word' id='word_1_258' title='bbox 402 1557 608 1607; x_wconf 85' lang='lat' dir='ltr'>poterimus</span> <span class='ocrx_word' id='word_1_259' title='bbox 622 1554 791 1591; x_wconf 90' lang='lat' dir='ltr'>transire.</span> <span class='ocrx_word' id='word_1_260' title='bbox 806 1552 927 1590; x_wconf 84' lang='lat' dir='ltr'>Habet</span> <span class='ocrx_word' id='word_1_261' title='bbox 939 1552 1008 1587; x_wconf 88' lang='lat' dir='ltr'>hoc</span> <span class='ocrx_word' id='word_1_262' title='bbox 1026 1551 1186 1599; x_wconf 81' lang='lat' dir='ltr'>sigillum</span> <span class='ocrx_word' id='word_1_263' title='bbox 1203 1550 1293 1586; x_wconf 83' lang='lat' dir='ltr'>ima—</span> 
     </span>
     <span class='ocr_line' id='line_1_37' title="bbox 299 1609 1294 1665; baseline -0.01 -12"><span class='ocrx_word' id='word_1_264' title='bbox 299 1618 421 1665; x_wconf 82' lang='lat' dir='ltr'>ginem</span> <span class='ocrx_word' id='word_1_265' title='bbox 438 1615 606 1652; x_wconf 74' lang='lat' dir='ltr'>crucilixi</span> <span class='ocrx_word' id='word_1_266' title='bbox 626 1618 714 1650; x_wconf 79' lang='lat' dir='ltr'>,lesu</span> <span class='ocrx_word' id='word_1_267' title='bbox 736 1613 773 1648; x_wconf 94' lang='lat' dir='ltr'>in</span> <span class='ocrx_word' id='word_1_268' title='bbox 788 1613 869 1661; x_wconf 88' lang='lat' dir='ltr'>ipso</span> <span class='ocrx_word' id='word_1_269' title='bbox 890 1611 1010 1661; x_wconf 80' lang='lat' dir='ltr'>sigillo</span> <span class='ocrx_word' id='word_1_270' title='bbox 1026 1610 1147 1646; x_wconf 86' lang='lat' dir='ltr'>crucis</span> <span class='ocrx_word' id='word_1_271' title='bbox 1168 1609 1294 1644; x_wconf 89' lang='lat' dir='ltr'>multis</span> 
     </span>
     <span class='ocr_line' id='line_1_38' title="bbox 302 1668 1295 1721; baseline -0.008 -10"><span class='ocrx_word' id='word_1_272' title='bbox 302 1675 457 1712; x_wconf 77' lang='lat' dir='ltr'>fossuris</span> <span class='ocrx_word' id='word_1_273' title='bbox 477 1674 649 1710; x_wconf 77' lang='lat' dir='ltr'>effossam</span> <span class='ocrx_word' id='word_1_274' title='bbox 676 1680 713 1708; x_wconf 94' lang='lat' dir='ltr'>et</span> <span class='ocrx_word' id='word_1_275' title='bbox 731 1684 945 1721; x_wconf 56' lang='lat' dir='ltr'>expressam</span> <span class='ocrx_word' id='word_1_276' title='bbox 960 1699 968 1715; x_wconf 93' lang='lat'>,</span> <span class='ocrx_word' id='word_1_277' title='bbox 995 1670 1089 1706; x_wconf 88' lang='lat' dir='ltr'>sieut</span> <span class='ocrx_word' id='word_1_278' title='bbox 1110 1669 1145 1704; x_wconf 94' lang='lat' dir='ltr'>in</span> <span class='ocrx_word' id='word_1_279' title='bbox 1167 1668 1295 1717; x_wconf 74' lang='lat' dir='ltr'>sigillis</span> 
     </span>
     <span class='ocr_line' id='line_1_39' title="bbox 304 1728 1295 1784; baseline -0.009 -12"><span class='ocrx_word' id='word_1_280' title='bbox 304 1738 424 1784; x_wconf 88' lang='lat' dir='ltr'>imago</span> <span class='ocrx_word' id='word_1_281' title='bbox 439 1747 566 1783; x_wconf 78' lang='lat' dir='ltr'>regum</span> <span class='ocrx_word' id='word_1_282' title='bbox 587 1733 813 1782; x_wconf 83' lang='lat' dir='ltr'>exprimitur</span> <span class='ocrx_word' id='word_1_283' title='bbox 830 1730 1020 1767; x_wconf 86' lang='lat' dir='ltr'>fodiendo.</span> <span class='ocrx_word' id='word_1_284' title='bbox 1042 1728 1164 1766; x_wconf 84' lang='lat' dir='ltr'>Habet</span> <span class='ocrx_word' id='word_1_285' title='bbox 1179 1737 1215 1764; x_wconf 91' lang='lat' dir='ltr'>et</span> <span class='ocrx_word' id='word_1_286' title='bbox 1233 1741 1295 1764; x_wconf 91' lang='lat' dir='ltr'>su-</span> 
     </span>
     <span class='ocr_line' id='line_1_40' title="bbox 306 1788 1295 1843; baseline -0.007 -13"><span class='ocrx_word' id='word_1_287' title='bbox 306 1794 616 1843; x_wconf 86' lang='lat' dir='ltr'>perscriptionem</span> <span class='ocrx_word' id='word_1_288' title='bbox 648 1792 798 1828; x_wconf 86' lang='lat' dir='ltr'>titulum</span> <span class='ocrx_word' id='word_1_289' title='bbox 820 1804 840 1826; x_wconf 89' lang='lat' dir='ltr'>a</span> <span class='ocrx_word' id='word_1_290' title='bbox 864 1790 982 1826; x_wconf 88' lang='lat' dir='ltr'>Pilato</span> <span class='ocrx_word' id='word_1_291' title='bbox 1012 1788 1267 1837; x_wconf 84' lang='lat' dir='ltr'>conscriptum</span> <span class='ocrx_word' id='word_1_292' title='bbox 1285 1816 1295 1834; x_wconf 93' lang='lat'>,</span> 
     </span>
    </p>
   </div>
   <div class='ocr_carea' id='block_1_9' title="bbox 1357 1137 2352 1836">
    <p class='ocr_par' dir='ltr' id='par_1_10' title="bbox 1357 1137 2352 1836">
     <span class='ocr_line' id='line_1_41' title="bbox 1358 1137 2345 1187; baseline -0.003 -12"><span class='ocrx_word' id='word_1_293' title='bbox 1358 1139 1541 1175; x_wconf 79' lang='lat' dir='ltr'>tarditatis</span> <span class='ocrx_word' id='word_1_294' title='bbox 1571 1147 1731 1182; x_wconf 81' lang='lat' dir='ltr'>nostrae,</span> <span class='ocrx_word' id='word_1_295' title='bbox 1761 1146 1802 1173; x_wconf 89' lang='lat' dir='ltr'>ut</span> <span class='ocrx_word' id='word_1_296' title='bbox 1829 1146 1866 1174; x_wconf 90' lang='lat' dir='ltr'>et</span> <span class='ocrx_word' id='word_1_297' title='bbox 1892 1150 1959 1174; x_wconf 88' lang='lat' dir='ltr'>nos</span> <span class='ocrx_word' id='word_1_298' title='bbox 1984 1138 2101 1186; x_wconf 89' lang='lat' dir='ltr'>parati</span> <span class='ocrx_word' id='word_1_299' title='bbox 2129 1138 2244 1174; x_wconf 88' lang='lat' dir='ltr'>simus</span> <span class='ocrx_word' id='word_1_300' title='bbox 2270 1137 2345 1187; x_wconf 83' lang='lat' dir='ltr'>pati</span> 
     </span>
     <span class='ocr_line' id='line_1_42' title="bbox 1357 1196 2347 1247; baseline -0.002 -13"><span class='ocrx_word' id='word_1_301' title='bbox 1357 1212 1427 1247; x_wconf 92' lang='lat' dir='ltr'>pro</span> <span class='ocrx_word' id='word_1_302' title='bbox 1449 1199 1512 1234; x_wconf 89' lang='lat' dir='ltr'>illo</span> <span class='ocrx_word' id='word_1_303' title='bbox 1526 1226 1535 1242; x_wconf 95' lang='lat'>,</span> <span class='ocrx_word' id='word_1_304' title='bbox 1557 1206 1595 1233; x_wconf 88' lang='lat' dir='ltr'>et</span> <span class='ocrx_word' id='word_1_305' title='bbox 1613 1211 1696 1233; x_wconf 87' lang='lat' dir='ltr'>eum</span> <span class='ocrx_word' id='word_1_306' title='bbox 1721 1197 1785 1232; x_wconf 90' lang='lat' dir='ltr'>illo</span> <span class='ocrx_word' id='word_1_307' title='bbox 1799 1225 1808 1242; x_wconf 95' lang='lat'>‚</span> <span class='ocrx_word' id='word_1_308' title='bbox 1827 1197 1890 1245; x_wconf 93' lang='lat' dir='ltr'>qui</span> <span class='ocrx_word' id='word_1_309' title='bbox 1911 1197 2017 1245; x_wconf 92' lang='lat' dir='ltr'>prior</span> <span class='ocrx_word' id='word_1_310' title='bbox 2038 1209 2107 1245; x_wconf 93' lang='lat' dir='ltr'>pro</span> <span class='ocrx_word' id='word_1_311' title='bbox 2133 1196 2241 1232; x_wconf 90' lang='lat' dir='ltr'>nobis</span> <span class='ocrx_word' id='word_1_312' title='bbox 2260 1208 2347 1245; x_wconf 87' lang='lat' dir='ltr'>pas-</span> 
     </span>
     <span class='ocr_line' id='line_1_43' title="bbox 1357 1255 2348 1293; baseline -0.001 0"><span class='ocrx_word' id='word_1_313' title='bbox 1357 1271 1420 1293; x_wconf 90' lang='lat' dir='ltr'>sus</span> <span class='ocrx_word' id='word_1_314' title='bbox 1438 1265 1506 1293; x_wconf 90' lang='lat' dir='ltr'>est.</span> <span class='ocrx_word' id='word_1_315' title='bbox 1530 1260 1572 1293; x_wconf 93' lang='lat' dir='ltr'>In</span> <span class='ocrx_word' id='word_1_316' title='bbox 1596 1256 1657 1292; x_wconf 89' lang='lat' dir='ltr'>tali</span> <span class='ocrx_word' id='word_1_317' title='bbox 1678 1269 1763 1291; x_wconf 87' lang='lat' dir='ltr'>cera</span> <span class='ocrx_word' id='word_1_318' title='bbox 1779 1255 1969 1292; x_wconf 84' lang='lat' dir='ltr'>memoriae</span> <span class='ocrx_word' id='word_1_319' title='bbox 1986 1263 2123 1291; x_wconf 83' lang='lat' dir='ltr'>nostrae</span> <span class='ocrx_word' id='word_1_320' title='bbox 2141 1255 2253 1291; x_wconf 89' lang='lat' dir='ltr'>debet</span> <span class='ocrx_word' id='word_1_321' title='bbox 2268 1268 2348 1292; x_wconf 86' lang='lat' dir='ltr'>esse</span> 
     </span>
     <span class='ocr_line' id='line_1_44' title="bbox 1359 1314 2350 1360; baseline -0.001 -9"><span class='ocrx_word' id='word_1_322' title='bbox 1359 1315 1455 1360; x_wconf 90' lang='lat' dir='ltr'>mel,</span> <span class='ocrx_word' id='word_1_323' title='bbox 1479 1315 1515 1351; x_wconf 91' lang='lat' dir='ltr'>id</span> <span class='ocrx_word' id='word_1_324' title='bbox 1546 1324 1621 1359; x_wconf 89' lang='lat' dir='ltr'>est,</span> <span class='ocrx_word' id='word_1_325' title='bbox 1652 1315 1851 1350; x_wconf 81' lang='lat' dir='ltr'>delectatio</span> <span class='ocrx_word' id='word_1_326' title='bbox 1884 1314 1930 1350; x_wconf 89' lang='lat' dir='ltr'>de</span> <span class='ocrx_word' id='word_1_327' title='bbox 1961 1314 2224 1351; x_wconf 84' lang='lat' dir='ltr'>recordatione</span> <span class='ocrx_word' id='word_1_328' title='bbox 2255 1318 2350 1352; x_wconf 89' lang='lat' dir='ltr'>Cru-</span> 
     </span>
     <span class='ocr_line' id='line_1_45' title="bbox 1359 1373 2347 1422; baseline -0.002 -12"><span class='ocrx_word' id='word_1_329' title='bbox 1359 1375 1431 1419; x_wconf 87' lang='lat' dir='ltr'>cis,</span> <span class='ocrx_word' id='word_1_330' title='bbox 1452 1387 1536 1422; x_wconf 67' lang='lat' dir='ltr'>qua:</span> <span class='ocrx_word' id='word_1_331' title='bbox 1560 1382 1615 1409; x_wconf 87' lang='lat' dir='ltr'>est</span> <span class='ocrx_word' id='word_1_332' title='bbox 1636 1374 1707 1409; x_wconf 79' lang='lat' dir='ltr'>niel</span> <span class='ocrx_word' id='word_1_333' title='bbox 1729 1373 2000 1409; x_wconf 81' lang='lat' dir='ltr'>dulcissimum.</span> <span class='ocrx_word' id='word_1_334' title='bbox 2024 1373 2122 1420; x_wconf 86' lang='lat' dir='ltr'>Quid</span> <span class='ocrx_word' id='word_1_335' title='bbox 2146 1382 2218 1409; x_wconf 91' lang='lat' dir='ltr'>tam</span> <span class='ocrx_word' id='word_1_336' title='bbox 2245 1386 2347 1409; x_wconf 89' lang='lat' dir='ltr'>ama-</span> 
     </span>
     <span class='ocr_line' id='line_1_46' title="bbox 1361 1432 2350 1481; baseline -0.001 -12"><span class='ocrx_word' id='word_1_337' title='bbox 1361 1447 1465 1478; x_wconf 90' lang='lat' dir='ltr'>rum,</span> <span class='ocrx_word' id='word_1_338' title='bbox 1494 1433 1597 1481; x_wconf 92' lang='lat' dir='ltr'>quod</span> <span class='ocrx_word' id='word_1_339' title='bbox 1627 1434 1664 1468; x_wconf 90' lang='lat' dir='ltr'>in</span> <span class='ocrx_word' id='word_1_340' title='bbox 1694 1433 1956 1468; x_wconf 86' lang='lat' dir='ltr'>recordatione</span> <span class='ocrx_word' id='word_1_341' title='bbox 1986 1433 2143 1468; x_wconf 77' lang='lat' dir='ltr'>vivilicae</span> <span class='ocrx_word' id='word_1_342' title='bbox 2166 1432 2350 1481; x_wconf 81' lang='lat' dir='ltr'>passionis</span> 
     </span>
     <span class='ocr_line' id='line_1_47' title="bbox 1363 1490 2349 1540; baseline -0.001 -13"><span class='ocrx_word' id='word_1_343' title='bbox 1363 1505 1438 1527; x_wconf 92' lang='lat' dir='ltr'>non</span> <span class='ocrx_word' id='word_1_344' title='bbox 1462 1492 1579 1540; x_wconf 79' lang='lat' dir='ltr'>possit</span> <span class='ocrx_word' id='word_1_345' title='bbox 1601 1491 1844 1527; x_wconf 82' lang='lat' dir='ltr'>dulcescere?</span> <span class='ocrx_word' id='word_1_346' title='bbox 1861 1494 1970 1528; x_wconf 81' lang='lat' dir='ltr'>Certe</span> <span class='ocrx_word' id='word_1_347' title='bbox 1987 1491 2143 1539; x_wconf 83' lang='lat' dir='ltr'>legimus</span> <span class='ocrx_word' id='word_1_348' title='bbox 2171 1490 2349 1526; x_wconf 83' lang='lat' dir='ltr'>tlebraeos</span> 
     </span>
     <span class='ocr_line' id='line_1_48' title="bbox 1361 1549 2348 1600; baseline -0.002 -13"><span class='ocrx_word' id='word_1_349' title='bbox 1361 1564 1447 1587; x_wconf 89' lang='lat' dir='ltr'>cum</span> <span class='ocrx_word' id='word_1_350' title='bbox 1481 1551 1645 1586; x_wconf 80' lang='lat' dir='ltr'>exissent</span> <span class='ocrx_word' id='word_1_351' title='bbox 1673 1550 1719 1586; x_wconf 84' lang='lat' dir='ltr'>de</span> <span class='ocrx_word' id='word_1_352' title='bbox 1753 1554 1936 1600; x_wconf 75' lang='lat' dir='ltr'>AEgypm,</span> <span class='ocrx_word' id='word_1_353' title='bbox 1968 1550 2115 1586; x_wconf 82' lang='lat' dir='ltr'>venisse</span> <span class='ocrx_word' id='word_1_354' title='bbox 2139 1549 2185 1586; x_wconf 90' lang='lat' dir='ltr'>ad</span> <span class='ocrx_word' id='word_1_355' title='bbox 2215 1562 2348 1598; x_wconf 85' lang='lat' dir='ltr'>aquam</span> 
     </span>
     <span class='ocr_line' id='line_1_49' title="bbox 1360 1609 2348 1658; baseline -0.002 -12"><span class='ocrx_word' id='word_1_356' title='bbox 1360 1611 1647 1655; x_wconf 85' lang='lat' dir='ltr'>amarissimam,</span> <span class='ocrx_word' id='word_1_357' title='bbox 1682 1622 1793 1658; x_wconf 87' lang='lat' dir='ltr'>quam</span> <span class='ocrx_word' id='word_1_358' title='bbox 1827 1609 1953 1645; x_wconf 89' lang='lat' dir='ltr'>nullus</span> <span class='ocrx_word' id='word_1_359' title='bbox 1984 1617 2133 1657; x_wconf 87' lang='lat' dir='ltr'>gustare</span> <span class='ocrx_word' id='word_1_360' title='bbox 2165 1617 2312 1658; x_wconf 87' lang='lat' dir='ltr'>poterat</span> <span class='ocrx_word' id='word_1_361' title='bbox 2342 1623 2348 1644; x_wconf 91' lang='lat'>:</span> 
     </span>
     <span class='ocr_line' id='line_1_50' title="bbox 1361 1666 2351 1717; baseline -0.002 -12"><span class='ocrx_word' id='word_1_362' title='bbox 1361 1669 1420 1705; x_wconf 90' lang='lat' dir='ltr'>cui</span> <span class='ocrx_word' id='word_1_363' title='bbox 1452 1682 1535 1705; x_wconf 90' lang='lat' dir='ltr'>cum</span> <span class='ocrx_word' id='word_1_364' title='bbox 1569 1672 1715 1717; x_wconf 85' lang='lat' dir='ltr'>Moyses</span> <span class='ocrx_word' id='word_1_365' title='bbox 1747 1668 1888 1716; x_wconf 83' lang='lat' dir='ltr'>lignum</span> <span class='ocrx_word' id='word_1_366' title='bbox 1921 1666 2124 1716; x_wconf 87' lang='lat' dir='ltr'>injecisset,</span> <span class='ocrx_word' id='word_1_367' title='bbox 2157 1667 2351 1703; x_wconf 85' lang='lat' dir='ltr'>dulcorata</span> 
     </span>
     <span class='ocr_line' id='line_1_51' title="bbox 1362 1725 2350 1774; baseline -0.001 -11"><span class='ocrx_word' id='word_1_368' title='bbox 1362 1726 1462 1773; x_wconf 84' lang='lat' dir='ltr'>est3,</span> <span class='ocrx_word' id='word_1_369' title='bbox 1489 1728 1541 1764; x_wconf 87' lang='lat' dir='ltr'>sic</span> <span class='ocrx_word' id='word_1_370' title='bbox 1568 1735 1609 1764; x_wconf 91' lang='lat' dir='ltr'>ut</span> <span class='ocrx_word' id='word_1_371' title='bbox 1631 1740 1711 1763; x_wconf 90' lang='lat' dir='ltr'>eam</span> <span class='ocrx_word' id='word_1_372' title='bbox 1742 1725 2015 1763; x_wconf 86' lang='lat' dir='ltr'>delectabiliter</span> <span class='ocrx_word' id='word_1_373' title='bbox 2042 1726 2227 1763; x_wconf 84' lang='lat' dir='ltr'>biberent.</span> <span class='ocrx_word' id='word_1_374' title='bbox 2252 1726 2350 1774; x_wconf 89' lang='lat' dir='ltr'>Quid</span> 
     </span>
     <span class='ocr_line' id='line_1_52' title="bbox 1362 1784 2352 1836; baseline -0.002 -13"><span class='ocrx_word' id='word_1_375' title='bbox 1362 1786 1529 1836; x_wconf 86' lang='lat' dir='ltr'>apertius</span> <span class='ocrx_word' id='word_1_376' title='bbox 1557 1800 1624 1836; x_wconf 89' lang='lat' dir='ltr'>per</span> <span class='ocrx_word' id='word_1_377' title='bbox 1650 1799 1785 1835; x_wconf 88' lang='lat' dir='ltr'>aquam</span> <span class='ocrx_word' id='word_1_378' title='bbox 1806 1799 1991 1831; x_wconf 87' lang='lat' dir='ltr'>amaram,</span> <span class='ocrx_word' id='word_1_379' title='bbox 2010 1799 2122 1834; x_wconf 89' lang='lat' dir='ltr'>quam</span> <span class='ocrx_word' id='word_1_380' title='bbox 2149 1784 2352 1834; x_wconf 86' lang='lat' dir='ltr'>cujuslibet</span> 
     </span>
    </p>
   </div>
   <div class='ocr_carea' id='block_1_10' title="bbox 301 1845 2350 1896">
    <p class='ocr_par' dir='ltr' id='par_1_11' title="bbox 301 1845 2350 1896">
     <span class='ocr_line' id='line_1_53' title="bbox 301 1845 2350 1896; baseline -0.002 -11"><span class='ocrx_word' id='word_1_381' title='bbox 301 1855 405 1887; x_wconf 70' lang='lat' dir='ltr'>lesus</span> <span class='ocrx_word' id='word_1_382' title='bbox 420 1855 636 1888; x_wconf 67' lang='lat' dir='ltr'>Nazarenus</span> <span class='ocrx_word' id='word_1_383' title='bbox 654 1853 735 1885; x_wconf 60' lang='lat' dir='ltr'>Rex</span> <span class='ocrx_word' id='word_1_384' title='bbox 755 1850 969 1884; x_wconf 75' lang='lat' dir='ltr'>Jucloeormn</span> <span class='ocrx_word' id='word_1_385' title='bbox 982 1854 1007 1883; x_wconf 87' lang='lat'>¹.</span> <span class='ocrx_word' id='word_1_386' title='bbox 1027 1846 1147 1896; x_wconf 87' lang='lat' dir='ltr'>Hujus</span> <span class='ocrx_word' id='word_1_387' title='bbox 1163 1859 1296 1895; x_wconf 89' lang='lat' dir='ltr'>super—</span> <span class='ocrx_word' id='word_1_388' title='bbox 1317 1845 1344 1881; x_wconf 93' lang='lat' dir='ltr'>C</span> <span class='ocrx_word' id='word_1_389' title='bbox 1363 1846 1598 1882; x_wconf 86' lang='lat' dir='ltr'>adversitatis</span> <span class='ocrx_word' id='word_1_390' title='bbox 1611 1845 1823 1882; x_wconf 86' lang='lat' dir='ltr'>amaritudo</span> <span class='ocrx_word' id='word_1_391' title='bbox 1835 1846 2094 1894; x_wconf 84' lang='lat' dir='ltr'>signatur?cui</span> <span class='ocrx_word' id='word_1_392' title='bbox 2110 1858 2193 1882; x_wconf 90' lang='lat' dir='ltr'>cum</span> <span class='ocrx_word' id='word_1_393' title='bbox 2210 1845 2350 1893; x_wconf 81' lang='lat' dir='ltr'>lignum</span> 
     </span>
    </p>
   </div>
   <div class='ocr_carea' id='block_1_11' title="bbox 299 1907 1300 2607">
    <p class='ocr_par' dir='ltr' id='par_1_12' title="bbox 299 1907 1300 2607">
     <span class='ocr_line' id='line_1_54' title="bbox 301 1907 1297 1960; baseline -0.006 -13"><span class='ocrx_word' id='word_1_394' title='bbox 301 1911 513 1960; x_wconf 82' lang='lat' dir='ltr'>scriptionis</span> <span class='ocrx_word' id='word_1_395' title='bbox 523 1909 833 1959; x_wconf 79' lang='lat' dir='ltr'>significationem</span> <span class='ocrx_word' id='word_1_396' title='bbox 844 1907 1074 1957; x_wconf 85' lang='lat' dir='ltr'>spiritualem</span> <span class='ocrx_word' id='word_1_397' title='bbox 1088 1919 1297 1955; x_wconf 90' lang='lat' dir='ltr'>conseque-</span> 
     </span>
     <span class='ocr_line' id='line_1_55' title="bbox 301 1964 1299 2018; baseline -0.007 -12"><span class='ocrx_word' id='word_1_398' title='bbox 301 1980 362 2007; x_wconf 87' lang='lat' dir='ltr'>tur</span> <span class='ocrx_word' id='word_1_399' title='bbox 374 1998 383 2014; x_wconf 92' lang='lat'>,</span> <span class='ocrx_word' id='word_1_400' title='bbox 400 1970 429 2005; x_wconf 92' lang='lat' dir='ltr'>si</span> <span class='ocrx_word' id='word_1_401' title='bbox 447 1969 531 2018; x_wconf 88' lang='lat' dir='ltr'>quis</span> <span class='ocrx_word' id='word_1_402' title='bbox 546 1968 619 2004; x_wconf 90' lang='lat' dir='ltr'>hoc</span> <span class='ocrx_word' id='word_1_403' title='bbox 634 1967 795 2016; x_wconf 81' lang='lat' dir='ltr'>sigillum</span> <span class='ocrx_word' id='word_1_404' title='bbox 815 1966 936 2002; x_wconf 86' lang='lat' dir='ltr'>crucis</span> <span class='ocrx_word' id='word_1_405' title='bbox 953 1973 1097 2014; x_wconf 82' lang='lat' dir='ltr'>gestare</span> <span class='ocrx_word' id='word_1_406' title='bbox 1111 1964 1299 2000; x_wconf 87' lang='lat' dir='ltr'>curaverit</span> 
     </span>
     <span class='ocr_line' id='line_1_56' title="bbox 302 2023 1298 2075; baseline -0.008 -9"><span class='ocrx_word' id='word_1_407' title='bbox 302 2030 420 2066; x_wconf 90' lang='lat' dir='ltr'>tenaci</span> <span class='ocrx_word' id='word_1_408' title='bbox 443 2028 634 2064; x_wconf 89' lang='lat' dir='ltr'>memoriae</span> <span class='ocrx_word' id='word_1_409' title='bbox 656 2027 879 2075; x_wconf 84' lang='lat' dir='ltr'>impressum</span> <span class='ocrx_word' id='word_1_410' title='bbox 895 2053 904 2069; x_wconf 96' lang='lat'>,</span> <span class='ocrx_word' id='word_1_411' title='bbox 924 2023 1078 2060; x_wconf 85' lang='lat' dir='ltr'>habebit</span> <span class='ocrx_word' id='word_1_412' title='bbox 1093 2027 1219 2060; x_wconf 87' lang='lat' dir='ltr'>Jesum</span> <span class='ocrx_word' id='word_1_413' title='bbox 1232 2051 1241 2067; x_wconf 97' lang='lat'>,</span> <span class='ocrx_word' id='word_1_414' title='bbox 1261 2023 1298 2058; x_wconf 88' lang='lat' dir='ltr'>id</span> 
     </span>
     <span class='ocr_line' id='line_1_57' title="bbox 300 2081 1300 2134; baseline -0.008 -10"><span class='ocrx_word' id='word_1_415' title='bbox 300 2097 355 2124; x_wconf 87' lang='lat' dir='ltr'>est</span> <span class='ocrx_word' id='word_1_416' title='bbox 367 2088 526 2123; x_wconf 88' lang='lat' dir='ltr'>salutem</span> <span class='ocrx_word' id='word_1_417' title='bbox 542 2114 551 2131; x_wconf 92' lang='lat'>,</span> <span class='ocrx_word' id='word_1_418' title='bbox 572 2085 676 2134; x_wconf 90' lang='lat' dir='ltr'>quod</span> <span class='ocrx_word' id='word_1_419' title='bbox 697 2084 860 2133; x_wconf 90' lang='lat' dir='ltr'>primum</span> <span class='ocrx_word' id='word_1_420' title='bbox 878 2091 934 2119; x_wconf 91' lang='lat' dir='ltr'>est</span> <span class='ocrx_word' id='word_1_421' title='bbox 951 2082 991 2118; x_wconf 90' lang='lat' dir='ltr'>in</span> <span class='ocrx_word' id='word_1_422' title='bbox 1008 2081 1300 2130; x_wconf 80' lang='lat' dir='ltr'>superscriptio-</span> 
     </span>
     <span class='ocr_line' id='line_1_58' title="bbox 306 2141 1300 2193; baseline -0.008 -9"><span class='ocrx_word' id='word_1_423' title='bbox 306 2162 365 2184; x_wconf 88' lang='lat' dir='ltr'>ne.</span> <span class='ocrx_word' id='word_1_424' title='bbox 388 2148 496 2183; x_wconf 85' lang='lat' dir='ltr'>Salus</span> <span class='ocrx_word' id='word_1_425' title='bbox 514 2154 640 2182; x_wconf 86' lang='lat' dir='ltr'>autem</span> <span class='ocrx_word' id='word_1_426' title='bbox 655 2173 664 2190; x_wconf 95' lang='lat'>,</span> <span class='ocrx_word' id='word_1_427' title='bbox 682 2157 765 2193; x_wconf 88' lang='lat' dir='ltr'>quae</span> <span class='ocrx_word' id='word_1_428' title='bbox 783 2142 829 2179; x_wconf 87' lang='lat' dir='ltr'>ab</span> <span class='ocrx_word' id='word_1_429' title='bbox 850 2141 1026 2178; x_wconf 89' lang='lat' dir='ltr'>omnibus</span> <span class='ocrx_word' id='word_1_430' title='bbox 1046 2154 1145 2177; x_wconf 89' lang='lat' dir='ltr'>sanae</span> <span class='ocrx_word' id='word_1_431' title='bbox 1166 2141 1300 2177; x_wconf 86' lang='lat' dir='ltr'>mentis</span> 
     </span>
     <span class='ocr_line' id='line_1_59' title="bbox 302 2199 1298 2256; baseline -0.008 -13"><span class='ocrx_word' id='word_1_432' title='bbox 302 2207 514 2256; x_wconf 87' lang='lat' dir='ltr'>appetitur,</span> <span class='ocrx_word' id='word_1_433' title='bbox 535 2206 573 2241; x_wconf 92' lang='lat' dir='ltr'>in</span> <span class='ocrx_word' id='word_1_434' title='bbox 594 2204 714 2240; x_wconf 90' lang='lat' dir='ltr'>tribus</span> <span class='ocrx_word' id='word_1_435' title='bbox 736 2203 929 2248; x_wconf 89' lang='lat' dir='ltr'>consistit,</span> <span class='ocrx_word' id='word_1_436' title='bbox 951 2210 992 2238; x_wconf 90' lang='lat' dir='ltr'>ut</span> <span class='ocrx_word' id='word_1_437' title='bbox 1011 2214 1094 2250; x_wconf 85' lang='lat' dir='ltr'>quae</span> <span class='ocrx_word' id='word_1_438' title='bbox 1117 2201 1154 2236; x_wconf 91' lang='lat' dir='ltr'>in</span> <span class='ocrx_word' id='word_1_439' title='bbox 1180 2199 1298 2236; x_wconf 89' lang='lat' dir='ltr'>tribus</span> 
     </span>
     <span class='ocr_line' id='line_1_60' title="bbox 302 2260 1298 2311; baseline -0.006 -11"><span class='ocrx_word' id='word_1_440' title='bbox 302 2263 530 2301; x_wconf 89' lang='lat' dir='ltr'>dictionibus</span> <span class='ocrx_word' id='word_1_441' title='bbox 549 2262 786 2311; x_wconf 80' lang='lat' dir='ltr'>exprimitur.</span> <span class='ocrx_word' id='word_1_442' title='bbox 806 2265 848 2297; x_wconf 93' lang='lat' dir='ltr'>In</span> <span class='ocrx_word' id='word_1_443' title='bbox 874 2261 939 2296; x_wconf 91' lang='lat' dir='ltr'>hac</span> <span class='ocrx_word' id='word_1_444' title='bbox 960 2260 1123 2296; x_wconf 83' lang='lat' dir='ltr'>dictione</span> <span class='ocrx_word' id='word_1_445' title='bbox 1137 2287 1146 2304; x_wconf 98' lang='lat'>,</span> <span class='ocrx_word' id='word_1_446' title='bbox 1171 2261 1298 2294; x_wconf 69' lang='lat' dir='ltr'>Naza-</span> 
     </span>
     <span class='ocr_line' id='line_1_61' title="bbox 304 2318 1297 2370; baseline -0.006 -12"><span class='ocrx_word' id='word_1_447' title='bbox 304 2337 432 2367; x_wconf 64' lang='lat' dir='ltr'>renus,</span> <span class='ocrx_word' id='word_1_448' title='bbox 455 2321 557 2370; x_wconf 88' lang='lat' dir='ltr'>quod</span> <span class='ocrx_word' id='word_1_449' title='bbox 578 2322 851 2369; x_wconf 87' lang='lat' dir='ltr'>interpretatur</span> <span class='ocrx_word' id='word_1_450' title='bbox 870 2320 1045 2363; x_wconf 87' lang='lat' dir='ltr'>Florens,</span> <span class='ocrx_word' id='word_1_451' title='bbox 1067 2318 1297 2366; x_wconf 83' lang='lat' dir='ltr'>voluptatem</span> 
     </span>
     <span class='ocr_line' id='line_1_62' title="bbox 302 2377 1298 2425; baseline -0.008 -7"><span class='ocrx_word' id='word_1_452' title='bbox 302 2383 380 2417; x_wconf 69' lang='lat' dir='ltr'>sive</span> <span class='ocrx_word' id='word_1_453' title='bbox 407 2380 691 2417; x_wconf 88' lang='lat' dir='ltr'>delectationem</span> <span class='ocrx_word' id='word_1_454' title='bbox 714 2378 902 2425; x_wconf 84' lang='lat' dir='ltr'>intellige,</span> <span class='ocrx_word' id='word_1_455' title='bbox 935 2377 1021 2425; x_wconf 87' lang='lat' dir='ltr'>quia</span> <span class='ocrx_word' id='word_1_456' title='bbox 1044 2377 1180 2412; x_wconf 85' lang='lat' dir='ltr'>florum</span> <span class='ocrx_word' id='word_1_457' title='bbox 1210 2377 1298 2424; x_wconf 91' lang='lat' dir='ltr'>pul-</span> 
     </span>
     <span class='ocr_line' id='line_1_63' title="bbox 303 2435 1296 2484; baseline -0.007 -8"><span class='ocrx_word' id='word_1_458' title='bbox 303 2440 477 2476; x_wconf 77' lang='lat' dir='ltr'>chritudo</span> <span class='ocrx_word' id='word_1_459' title='bbox 493 2439 663 2475; x_wconf 87' lang='lat' dir='ltr'>delectat.</span> <span class='ocrx_word' id='word_1_460' title='bbox 676 2437 786 2474; x_wconf 87' lang='lat' dir='ltr'>Unde</span> <span class='ocrx_word' id='word_1_461' title='bbox 807 2437 843 2472; x_wconf 93' lang='lat' dir='ltr'>in</span> <span class='ocrx_word' id='word_1_462' title='bbox 862 2437 959 2472; x_wconf 89' lang='lat' dir='ltr'>libro</span> <span class='ocrx_word' id='word_1_463' title='bbox 968 2435 1164 2484; x_wconf 84' lang='lat' dir='ltr'>Sapientiae</span> <span class='ocrx_word' id='word_1_464' title='bbox 1181 2435 1296 2470; x_wconf 68' lang='lat' dir='ltr'>luxu—</span> 
     </span>
     <span class='ocr_line' id='line_1_64' title="bbox 304 2494 1296 2546; baseline -0.008 -11"><span class='ocrx_word' id='word_1_465' title='bbox 304 2501 489 2536; x_wconf 85' lang='lat' dir='ltr'>riosorum</span> <span class='ocrx_word' id='word_1_466' title='bbox 507 2498 680 2546; x_wconf 67' lang='lat' dir='ltr'>voluptas</span> <span class='ocrx_word' id='word_1_467' title='bbox 692 2495 982 2545; x_wconf 79' lang='lat' dir='ltr'>exprimiturhis</span> <span class='ocrx_word' id='word_1_468' title='bbox 998 2494 1104 2530; x_wconf 91' lang='lat' dir='ltr'>dictis</span> <span class='ocrx_word' id='word_1_469' title='bbox 1123 2508 1130 2529; x_wconf 93' lang='lat'>:</span> <span class='ocrx_word' id='word_1_470' title='bbox 1147 2495 1296 2529; x_wconf 75' lang='lat' dir='ltr'>Nullum</span> 
     </span>
     <span class='ocr_line' id='line_1_65' title="bbox 299 2556 1295 2607; baseline -0.005 -14"><span class='ocrx_word' id='word_1_471' title='bbox 299 2569 449 2607; x_wconf 72' lang='lat' dir='ltr'>prmum</span> <span class='ocrx_word' id='word_1_472' title='bbox 466 2563 515 2593; x_wconf 81' lang='lat' dir='ltr'>sit</span> <span class='ocrx_word' id='word_1_473' title='bbox 530 2558 629 2604; x_wconf 77' lang='lat' dir='ltr'>qmnl</span> <span class='ocrx_word' id='word_1_474' title='bbox 642 2569 713 2590; x_wconf 80' lang='grc' dir='ltr'>ηοη</span> <span class='ocrx_word' id='word_1_475' title='bbox 721 2562 961 2603; x_wconf 68' lang='lat' dir='ltr'>pertransent</span> <span class='ocrx_word' id='word_1_476' title='bbox 975 2556 1146 2601; x_wconf 75' lang='lat' dir='ltr'>voluptas</span> <span class='ocrx_word' id='word_1_477' title='bbox 1161 2562 1295 2588; x_wconf 75' lang='lat' dir='ltr'>nostra.</span> 
     </span>
    </p>
   </div>
   <div class='ocr_carea' id='block_1_12' title="bbox 1363 1904 2354 2602">
    <p class='ocr_par' dir='ltr' id='par_1_13' title="bbox 1363 1904 2354 2484">
     <span class='ocr_line' id='line_1_66' title="bbox 1363 1904 2350 1954; baseline -0.001 -13"><span class='ocrx_word' id='word_1_478' title='bbox 1363 1905 1489 1942; x_wconf 77' lang='lat' dir='ltr'>Cruci5</span> <span class='ocrx_word' id='word_1_479' title='bbox 1503 1904 1692 1954; x_wconf 88' lang='lat' dir='ltr'>injicitur,</span> <span class='ocrx_word' id='word_1_480' title='bbox 1714 1905 1751 1941; x_wconf 92' lang='lat' dir='ltr'>id</span> <span class='ocrx_word' id='word_1_481' title='bbox 1773 1913 1848 1949; x_wconf 86' lang='lat' dir='ltr'>est,</span> <span class='ocrx_word' id='word_1_482' title='bbox 1871 1918 1954 1940; x_wconf 90' lang='lat' dir='ltr'>cum</span> <span class='ocrx_word' id='word_1_483' title='bbox 1978 1905 2100 1953; x_wconf 83' lang='lat' dir='ltr'>passio</span> <span class='ocrx_word' id='word_1_484' title='bbox 2121 1904 2240 1941; x_wconf 92' lang='lat' dir='ltr'>dulcis</span> <span class='ocrx_word' id='word_1_485' title='bbox 2262 1908 2350 1941; x_wconf 86' lang='lat' dir='ltr'>Jesu</span> 
     </span>
     <span class='ocr_line' id='line_1_67' title="bbox 1363 1963 2352 2013; baseline -0.001 -13"><span class='ocrx_word' id='word_1_486' title='bbox 1363 1964 1636 2010; x_wconf 85' lang='lat' dir='ltr'>consideratur,</span> <span class='ocrx_word' id='word_1_487' title='bbox 1647 1977 1798 2001; x_wconf 85' lang='lat' dir='ltr'>necesse</span> <span class='ocrx_word' id='word_1_488' title='bbox 1814 1973 1870 2000; x_wconf 89' lang='lat' dir='ltr'>est</span> <span class='ocrx_word' id='word_1_489' title='bbox 1887 1976 2037 2000; x_wconf 88' lang='lat' dir='ltr'>omnem</span> <span class='ocrx_word' id='word_1_490' title='bbox 2056 1964 2267 2013; x_wconf 88' lang='lat' dir='ltr'>passionem</span> <span class='ocrx_word' id='word_1_491' title='bbox 2279 1963 2352 1999; x_wconf 88' lang='lat' dir='ltr'>ho-</span> 
     </span>
     <span class='ocr_line' id='line_1_68' title="bbox 1366 2022 2351 2072; baseline -0.001 -13"><span class='ocrx_word' id='word_1_492' title='bbox 1366 2023 1475 2059; x_wconf 89' lang='lat' dir='ltr'>minis</span> <span class='ocrx_word' id='word_1_493' title='bbox 1490 2023 1609 2059; x_wconf 80' lang='lat' dir='ltr'>levem</span> <span class='ocrx_word' id='word_1_494' title='bbox 1625 2023 1744 2059; x_wconf 85' lang='lat' dir='ltr'>videri</span> <span class='ocrx_word' id='word_1_495' title='bbox 1761 2031 1932 2072; x_wconf 88' lang='lat' dir='ltr'>respectu</span> <span class='ocrx_word' id='word_1_496' title='bbox 1955 2023 2140 2072; x_wconf 87' lang='lat' dir='ltr'>passionis</span> <span class='ocrx_word' id='word_1_497' title='bbox 2153 2022 2351 2058; x_wconf 77' lang='lat' dir='ltr'>dominicze</span> 
     </span>
     <span class='ocr_line' id='line_1_69' title="bbox 1365 2082 2354 2132; baseline -0.001 -14"><span class='ocrx_word' id='word_1_498' title='bbox 1365 2095 1477 2131; x_wconf 85' lang='lat' dir='ltr'>quam</span> <span class='ocrx_word' id='word_1_499' title='bbox 1508 2096 1577 2132; x_wconf 91' lang='lat' dir='ltr'>pro</span> <span class='ocrx_word' id='word_1_500' title='bbox 1605 2082 1820 2118; x_wconf 89' lang='lat' dir='ltr'>hominibus</span> <span class='ocrx_word' id='word_1_501' title='bbox 1846 2082 1965 2118; x_wconf 85' lang='lat' dir='ltr'>voluit</span> <span class='ocrx_word' id='word_1_502' title='bbox 1991 2082 2176 2118; x_wconf 86' lang='lat' dir='ltr'>sustinere</span> <span class='ocrx_word' id='word_1_503' title='bbox 2200 2085 2298 2118; x_wconf 86' lang='lat' dir='ltr'>Deus</span> <span class='ocrx_word' id='word_1_504' title='bbox 2318 2090 2354 2117; x_wconf 90' lang='lat' dir='ltr'>et</span> 
     </span>
     <span class='ocr_line' id='line_1_70' title="bbox 1366 2141 2353 2187; baseline -0.001 -9"><span class='ocrx_word' id='word_1_505' title='bbox 1366 2142 1502 2187; x_wconf 83' lang='lat' dir='ltr'>honio,</span> <span class='ocrx_word' id='word_1_506' title='bbox 1525 2142 1708 2179; x_wconf 87' lang='lat' dir='ltr'>mediator</span> <span class='ocrx_word' id='word_1_507' title='bbox 1731 2141 1798 2178; x_wconf 92' lang='lat' dir='ltr'>Dei</span> <span class='ocrx_word' id='word_1_508' title='bbox 1819 2150 1856 2178; x_wconf 88' lang='lat' dir='ltr'>et</span> <span class='ocrx_word' id='word_1_509' title='bbox 1871 2141 2065 2177; x_wconf 91' lang='lat' dir='ltr'>hominum</span> <span class='ocrx_word' id='word_1_510' title='bbox 2089 2141 2272 2178; x_wconf 88' lang='lat' dir='ltr'>Dominus</span> <span class='ocrx_word' id='word_1_511' title='bbox 2291 2144 2353 2177; x_wconf 88' lang='lat' dir='ltr'>Je-</span> 
     </span>
     <span class='ocr_line' id='line_1_71' title="bbox 1365 2200 2351 2250; baseline -0.002 -13"><span class='ocrx_word' id='word_1_512' title='bbox 1365 2214 1436 2237; x_wconf 90' lang='lat' dir='ltr'>sus.</span> <span class='ocrx_word' id='word_1_513' title='bbox 1458 2205 1520 2238; x_wconf 83' lang='lat' dir='ltr'>Est</span> <span class='ocrx_word' id='word_1_514' title='bbox 1540 2202 1662 2238; x_wconf 90' lang='lat' dir='ltr'>etmel</span> <span class='ocrx_word' id='word_1_515' title='bbox 1681 2201 2005 2237; x_wconf 79' lang='lat' dir='ltr'>mundificativum</span> <span class='ocrx_word' id='word_1_516' title='bbox 2021 2229 2031 2246; x_wconf 87' lang='lat'>,</span> <span class='ocrx_word' id='word_1_517' title='bbox 2050 2201 2137 2250; x_wconf 89' lang='lat' dir='ltr'>qnia</span> <span class='ocrx_word' id='word_1_518' title='bbox 2158 2213 2244 2236; x_wconf 81' lang='lat' dir='ltr'>vere</span> <span class='ocrx_word' id='word_1_519' title='bbox 2261 2200 2351 2236; x_wconf 91' lang='lat' dir='ltr'>nihil</span> 
     </span>
     <span class='ocr_line' id='line_1_72' title="bbox 1365 2259 2353 2308; baseline -0.002 -13"><span class='ocrx_word' id='word_1_520' title='bbox 1365 2268 1420 2295; x_wconf 89' lang='lat' dir='ltr'>est</span> <span class='ocrx_word' id='word_1_521' title='bbox 1446 2260 1548 2308; x_wconf 87' lang='lat' dir='ltr'>quod</span> <span class='ocrx_word' id='word_1_522' title='bbox 1578 2260 1628 2296; x_wconf 86' lang='lat' dir='ltr'>ita</span> <span class='ocrx_word' id='word_1_523' title='bbox 1652 2259 1699 2296; x_wconf 87' lang='lat' dir='ltr'>ab</span> <span class='ocrx_word' id='word_1_524' title='bbox 1724 2261 1893 2295; x_wconf 67' lang='lat' dir='ltr'>(annium</span> <span class='ocrx_word' id='word_1_525' title='bbox 1922 2259 2097 2295; x_wconf 89' lang='lat' dir='ltr'>vitiorum</span> <span class='ocrx_word' id='word_1_526' title='bbox 2127 2259 2289 2308; x_wconf 89' lang='lat' dir='ltr'>impulsu</span> <span class='ocrx_word' id='word_1_527' title='bbox 2316 2267 2353 2294; x_wconf 89' lang='lat' dir='ltr'>et</span> 
     </span>
     <span class='ocr_line' id='line_1_73' title="bbox 1364 2318 2353 2368; baseline -0.002 -14"><span class='ocrx_word' id='word_1_528' title='bbox 1364 2319 1587 2368; x_wconf 79' lang='lat' dir='ltr'>contagione</span> <span class='ocrx_word' id='word_1_529' title='bbox 1617 2319 1880 2366; x_wconf 85' lang='lat' dir='ltr'>cogitationem</span> <span class='ocrx_word' id='word_1_530' title='bbox 1906 2327 2072 2354; x_wconf 90' lang='lat' dir='ltr'>nostram</span> <span class='ocrx_word' id='word_1_531' title='bbox 2104 2318 2296 2366; x_wconf 78' lang='lat' dir='ltr'>purificet,</span> <span class='ocrx_word' id='word_1_532' title='bbox 2317 2326 2353 2352; x_wconf 85' lang='lat' dir='ltr'>et</span> 
     </span>
     <span class='ocr_line' id='line_1_74' title="bbox 1364 2375 2350 2426; baseline -0.001 -14"><span class='ocrx_word' id='word_1_533' title='bbox 1364 2377 1402 2412; x_wconf 90' lang='lat' dir='ltr'>in</span> <span class='ocrx_word' id='word_1_534' title='bbox 1423 2377 1586 2426; x_wconf 89' lang='lat' dir='ltr'>puritate</span> <span class='ocrx_word' id='word_1_535' title='bbox 1604 2385 1823 2420; x_wconf 74' lang='lat' dir='ltr'>conservet,</span> <span class='ocrx_word' id='word_1_536' title='bbox 1845 2377 1940 2411; x_wconf 89' lang='lat' dir='ltr'>sicut</span> <span class='ocrx_word' id='word_1_537' title='bbox 1953 2375 2054 2425; x_wconf 87' lang='lat' dir='ltr'>jugis</span> <span class='ocrx_word' id='word_1_538' title='bbox 2070 2376 2250 2412; x_wconf 89' lang='lat' dir='ltr'>memoria</span> <span class='ocrx_word' id='word_1_539' title='bbox 2271 2389 2350 2411; x_wconf 89' lang='lat' dir='ltr'>cru-</span> 
     </span>
     <span class='ocr_line' id='line_1_75' title="bbox 1365 2435 1958 2484; baseline 0 -13"><span class='ocrx_word' id='word_1_540' title='bbox 1365 2436 1417 2472; x_wconf 90' lang='lat' dir='ltr'>eis</span> <span class='ocrx_word' id='word_1_541' title='bbox 1436 2445 1472 2472; x_wconf 89' lang='lat' dir='ltr'>et</span> <span class='ocrx_word' id='word_1_542' title='bbox 1493 2436 1664 2484; x_wconf 88' lang='lat' dir='ltr'>passonis</span> <span class='ocrx_word' id='word_1_543' title='bbox 1686 2435 1836 2471; x_wconf 89' lang='lat' dir='ltr'>Domini</span> <span class='ocrx_word' id='word_1_544' title='bbox 1857 2439 1958 2471; x_wconf 87' lang='lat' dir='ltr'>Jesu.</span> 
     </span>
    </p>

    <p class='ocr_par' dir='ltr' id='par_1_14' title="bbox 1363 2494 2352 2602">
     <span class='ocr_line' id='line_1_76' title="bbox 1421 2494 2352 2543; baseline -0.001 -13"><span class='ocrx_word' id='word_1_545' title='bbox 1421 2496 1505 2531; x_wconf 84' lang='lat'>155.</span> <span class='ocrx_word' id='word_1_546' title='bbox 1537 2498 1600 2531; x_wconf 66' lang='lat' dir='ltr'>list</span> <span class='ocrx_word' id='word_1_547' title='bbox 1625 2503 1663 2530; x_wconf 90' lang='lat' dir='ltr'>ct</span> <span class='ocrx_word' id='word_1_548' title='bbox 1693 2495 1764 2530; x_wconf 90' lang='lat' dir='ltr'>mel</span> <span class='ocrx_word' id='word_1_549' title='bbox 1795 2494 2078 2539; x_wconf 82' lang='lat' dir='ltr'>descensivum,</span> <span class='ocrx_word' id='word_1_550' title='bbox 2106 2494 2193 2543; x_wconf 91' lang='lat' dir='ltr'>quia</span> <span class='ocrx_word' id='word_1_551' title='bbox 2221 2502 2352 2530; x_wconf 86' lang='lat' dir='ltr'>contra</span> 
     </span>
     <span class='ocr_line' id='line_1_77' title="bbox 1363 2552 2351 2602; baseline -0.002 -13"><span class='ocrx_word' id='word_1_552' title='bbox 1363 2553 1522 2590; x_wconf 91' lang='lat' dir='ltr'>aliorum</span> <span class='ocrx_word' id='word_1_553' title='bbox 1556 2554 1743 2602; x_wconf 88' lang='lat' dir='ltr'>liquorum</span> <span class='ocrx_word' id='word_1_554' title='bbox 1779 2552 2090 2588; x_wconf 85' lang='lat' dir='ltr'>consuetudinem</span> <span class='ocrx_word' id='word_1_555' title='bbox 2121 2552 2351 2595; x_wconf 81' lang='lat' dir='ltr'>naturalem,</span> 
     </span>
    </p>
   </div>
   <div class='ocr_carea' id='block_1_13' title="bbox 306 2611 2351 2662">
    <p class='ocr_par' dir='ltr' id='par_1_15' title="bbox 306 2611 2351 2662">
     <span class='ocr_line' id='line_1_78' title="bbox 306 2611 2351 2662; baseline -0.004 -10"><span class='ocrx_word' id='word_1_556' title='bbox 306 2620 529 2653; x_wconf 72' lang='lat' dir='ltr'>coronemus</span> <span class='ocrx_word' id='word_1_557' title='bbox 544 2629 609 2650; x_wconf 79' lang='lat' dir='ltr'>nos</span> <span class='ocrx_word' id='word_1_558' title='bbox 619 2619 710 2650; x_wconf 81' lang='lat' dir='ltr'>rosis</span> <span class='ocrx_word' id='word_1_559' title='bbox 723 2641 733 2656; x_wconf 93' lang='lat'>,</span> <span class='ocrx_word' id='word_1_560' title='bbox 751 2623 954 2660; x_wconf 78' lang='lat' dir='ltr'>antequam</span> <span class='ocrx_word' id='word_1_561' title='bbox 974 2621 1201 2647; x_wconf 73' lang='lat' dir='ltr'>marcescant</span> <span class='ocrx_word' id='word_1_562' title='bbox 1213 2617 1238 2647; x_wconf 88' lang='lat'>².</span> <span class='ocrx_word' id='word_1_563' title='bbox 1255 2615 1297 2648; x_wconf 92' lang='lat' dir='ltr'>ln</span> <span class='ocrx_word' id='word_1_564' title='bbox 1315 2616 1346 2648; x_wconf 96' lang='lat' dir='ltr'>D</span> <span class='ocrx_word' id='word_1_565' title='bbox 1364 2613 1467 2662; x_wconf 87' lang='lat' dir='ltr'>qnod</span> <span class='ocrx_word' id='word_1_566' title='bbox 1489 2613 1525 2649; x_wconf 90' lang='lat' dir='ltr'>in</span> <span class='ocrx_word' id='word_1_567' title='bbox 1549 2613 1656 2649; x_wconf 79' lang='lat' dir='ltr'>melle</span> <span class='ocrx_word' id='word_1_568' title='bbox 1676 2621 1732 2648; x_wconf 78' lang='lat' dir='ltr'>est</span> <span class='ocrx_word' id='word_1_569' title='bbox 1753 2613 2015 2662; x_wconf 82' lang='lat' dir='ltr'>purissimum,</span> <span class='ocrx_word' id='word_1_570' title='bbox 2036 2611 2082 2648; x_wconf 85' lang='lat' dir='ltr'>ad</span> <span class='ocrx_word' id='word_1_571' title='bbox 2102 2612 2176 2647; x_wconf 87' lang='lat' dir='ltr'>ima</span> <span class='ocrx_word' id='word_1_572' title='bbox 2195 2611 2351 2647; x_wconf 83' lang='lat' dir='ltr'>descen-</span> 
     </span>
    </p>
   </div>
   <div class='ocr_carea' id='block_1_14' title="bbox 304 2671 1300 3251">
    <p class='ocr_par' dir='ltr' id='par_1_16' title="bbox 304 2671 1300 3251">
     <span class='ocr_line' id='line_1_79' title="bbox 304 2671 1295 2720; baseline -0.008 -7"><span class='ocrx_word' id='word_1_573' title='bbox 304 2678 370 2713; x_wconf 87' lang='lat' dir='ltr'>hac</span> <span class='ocrx_word' id='word_1_574' title='bbox 389 2676 574 2718; x_wconf 87' lang='lat' dir='ltr'>dictione,</span> <span class='ocrx_word' id='word_1_575' title='bbox 597 2676 697 2717; x_wconf 72' lang='lat' dir='ltr'>Rex,</span> <span class='ocrx_word' id='word_1_576' title='bbox 718 2672 858 2708; x_wconf 82' lang='lat' dir='ltr'>divitiae</span> <span class='ocrx_word' id='word_1_577' title='bbox 876 2671 1154 2720; x_wconf 60' lang='lat' dir='ltr'>exprimuntur.</span> <span class='ocrx_word' id='word_1_578' title='bbox 1178 2673 1295 2719; x_wconf 82' lang='lat' dir='ltr'>Reges</span> 
     </span>
     <span class='ocr_line' id='line_1_80' title="bbox 304 2733 1294 2780; baseline -0.007 -8"><span class='ocrx_word' id='word_1_579' title='bbox 304 2737 404 2772; x_wconf 78' lang='lat' dir='ltr'>enini</span> <span class='ocrx_word' id='word_1_580' title='bbox 426 2735 562 2771; x_wconf 85' lang='lat' dir='ltr'>divites</span> <span class='ocrx_word' id='word_1_581' title='bbox 582 2746 661 2770; x_wconf 87' lang='lat' dir='ltr'>esse</span> <span class='ocrx_word' id='word_1_582' title='bbox 683 2733 807 2769; x_wconf 85' lang='lat' dir='ltr'>solent</span> <span class='ocrx_word' id='word_1_583' title='bbox 835 2744 948 2780; x_wconf 89' lang='lat' dir='ltr'>super</span> <span class='ocrx_word' id='word_1_584' title='bbox 967 2743 1098 2767; x_wconf 87' lang='lat' dir='ltr'>omnes</span> <span class='ocrx_word' id='word_1_585' title='bbox 1118 2743 1213 2779; x_wconf 88' lang='lat' dir='ltr'>quos</span> <span class='ocrx_word' id='word_1_586' title='bbox 1235 2743 1294 2765; x_wconf 85' lang='lat' dir='ltr'>re-</span> 
     </span>
     <span class='ocr_line' id='line_1_81' title="bbox 304 2789 1294 2842; baseline -0.007 -11"><span class='ocrx_word' id='word_1_587' title='bbox 304 2804 406 2842; x_wconf 81' lang='lat' dir='ltr'>gunt.</span> <span class='ocrx_word' id='word_1_588' title='bbox 430 2798 470 2831; x_wconf 92' lang='lat' dir='ltr'>ln</span> <span class='ocrx_word' id='word_1_589' title='bbox 491 2794 558 2829; x_wconf 85' lang='lat' dir='ltr'>hac</span> <span class='ocrx_word' id='word_1_590' title='bbox 580 2792 764 2837; x_wconf 89' lang='lat' dir='ltr'>dictione,</span> <span class='ocrx_word' id='word_1_591' title='bbox 785 2792 1000 2825; x_wconf 66' lang='lat' dir='ltr'>scalmorum</span> <span class='ocrx_word' id='word_1_592' title='bbox 1018 2819 1028 2833; x_wconf 95' lang='lat'>,</span> <span class='ocrx_word' id='word_1_593' title='bbox 1050 2789 1168 2838; x_wconf 80' lang='lat' dir='ltr'>gloria</span> <span class='ocrx_word' id='word_1_594' title='bbox 1196 2789 1294 2825; x_wconf 89' lang='lat' dir='ltr'>acci-</span> 
     </span>
     <span class='ocr_line' id='line_1_82' title="bbox 305 2848 1297 2903; baseline -0.007 -13"><span class='ocrx_word' id='word_1_595' title='bbox 305 2856 422 2903; x_wconf 86' lang='lat' dir='ltr'>pitur;</span> <span class='ocrx_word' id='word_1_596' title='bbox 450 2853 538 2901; x_wconf 90' lang='lat' dir='ltr'>qnia</span> <span class='ocrx_word' id='word_1_597' title='bbox 564 2865 640 2888; x_wconf 91' lang='lat' dir='ltr'>uno</span> <span class='ocrx_word' id='word_1_598' title='bbox 666 2850 778 2887; x_wconf 89' lang='lat' dir='ltr'>modo</span> <span class='ocrx_word' id='word_1_599' title='bbox 800 2849 954 2887; x_wconf 85' lang='lat' dir='ltr'>Judaeus</span> <span class='ocrx_word' id='word_1_600' title='bbox 981 2849 1157 2886; x_wconf 89' lang='lat' dir='ltr'>Glorians</span> <span class='ocrx_word' id='word_1_601' title='bbox 1183 2848 1297 2884; x_wconf 86' lang='lat' dir='ltr'>inter-</span> 
     </span>
     <span class='ocr_line' id='line_1_83' title="bbox 304 2906 1300 2961; baseline -0.007 -12"><span class='ocrx_word' id='word_1_602' title='bbox 304 2921 483 2961; x_wconf 88' lang='lat' dir='ltr'>pretatur.</span> <span class='ocrx_word' id='word_1_603' title='bbox 510 2911 672 2948; x_wconf 86' lang='lat' dir='ltr'>Portitor</span> <span class='ocrx_word' id='word_1_604' title='bbox 697 2922 787 2958; x_wconf 80' lang='lat' dir='ltr'>ergo</span> <span class='ocrx_word' id='word_1_605' title='bbox 815 2908 1053 2944; x_wconf 84' lang='lat' dir='ltr'>voluntarius</span> <span class='ocrx_word' id='word_1_606' title='bbox 1072 2906 1180 2955; x_wconf 83' lang='lat' dir='ltr'>sigilli</span> <span class='ocrx_word' id='word_1_607' title='bbox 1204 2907 1300 2956; x_wconf 76' lang='lat' dir='ltr'>regis</span> 
     </span>
     <span class='ocr_line' id='line_1_84' title="bbox 305 2966 1296 3016; baseline -0.006 -9"><span class='ocrx_word' id='word_1_608' title='bbox 305 2973 421 3007; x_wconf 87' lang='lat' dir='ltr'>nostri</span> <span class='ocrx_word' id='word_1_609' title='bbox 450 2970 618 3006; x_wconf 83' lang='lat' dir='ltr'>crucilixi</span> <span class='ocrx_word' id='word_1_610' title='bbox 648 2973 737 3005; x_wconf 88' lang='lat' dir='ltr'>Jesu</span> <span class='ocrx_word' id='word_1_611' title='bbox 767 2969 927 3003; x_wconf 78' lang='lat' dir='ltr'>l&#39;rnctum</span> <span class='ocrx_word' id='word_1_612' title='bbox 966 2966 1296 3016; x_wconf 88' lang='lat' dir='ltr'>superscriptionis</span> 
     </span>
     <span class='ocr_line' id='line_1_85' title="bbox 305 3025 1295 3078; baseline -0.006 -13"><span class='ocrx_word' id='word_1_613' title='bbox 305 3038 574 3078; x_wconf 79' lang='lat' dir='ltr'>consequetur,</span> <span class='ocrx_word' id='word_1_614' title='bbox 596 3037 636 3064; x_wconf 89' lang='lat' dir='ltr'>ut</span> <span class='ocrx_word' id='word_1_615' title='bbox 660 3028 706 3063; x_wconf 85' lang='lat' dir='ltr'>sit</span> <span class='ocrx_word' id='word_1_616' title='bbox 729 3027 873 3071; x_wconf 81' lang='lat' dir='ltr'>salvus,</span> <span class='ocrx_word' id='word_1_617' title='bbox 900 3026 1039 3062; x_wconf 88' lang='lat' dir='ltr'>scilicet</span> <span class='ocrx_word' id='word_1_618' title='bbox 1057 3033 1097 3060; x_wconf 89' lang='lat' dir='ltr'>ut</span> <span class='ocrx_word' id='word_1_619' title='bbox 1117 3025 1295 3074; x_wconf 72' lang='lat' dir='ltr'>volupta-</span> 
     </span>
     <span class='ocr_line' id='line_1_86' title="bbox 307 3085 1293 3135; baseline -0.005 -12"><span class='ocrx_word' id='word_1_620' title='bbox 307 3098 377 3124; x_wconf 83' lang='lat' dir='ltr'>tem</span> <span class='ocrx_word' id='word_1_621' title='bbox 404 3095 656 3135; x_wconf 85' lang='lat' dir='ltr'>consequatur</span> <span class='ocrx_word' id='word_1_622' title='bbox 677 3087 943 3135; x_wconf 86' lang='lat' dir='ltr'>sempiternam</span> <span class='ocrx_word' id='word_1_623' title='bbox 962 3113 971 3129; x_wconf 93' lang='lat'>,</span> <span class='ocrx_word' id='word_1_624' title='bbox 1001 3093 1168 3120; x_wconf 82' lang='lat' dir='ltr'>torrente</span> <span class='ocrx_word' id='word_1_625' title='bbox 1185 3085 1293 3119; x_wconf 70' lang='lat' dir='ltr'>volu-</span> 
     </span>
     <span class='ocr_line' id='line_1_87' title="bbox 306 3145 1297 3195; baseline -0.005 -13"><span class='ocrx_word' id='word_1_626' title='bbox 306 3147 417 3195; x_wconf 87' lang='lat' dir='ltr'>ptatis</span> <span class='ocrx_word' id='word_1_627' title='bbox 447 3146 582 3181; x_wconf 86' lang='lat' dir='ltr'>summi</span> <span class='ocrx_word' id='word_1_628' title='bbox 608 3145 719 3192; x_wconf 80' lang='lat' dir='ltr'>Regis</span> <span class='ocrx_word' id='word_1_629' title='bbox 748 3152 922 3193; x_wconf 89' lang='lat' dir='ltr'>potatus,</span> <span class='ocrx_word' id='word_1_630' title='bbox 958 3152 1116 3179; x_wconf 78' lang='lat' dir='ltr'>aeternas</span> <span class='ocrx_word' id='word_1_631' title='bbox 1144 3156 1297 3191; x_wconf 84' lang='lat' dir='ltr'>qnoque</span> 
     </span>
     <span class='ocr_line' id='line_1_88' title="bbox 304 3202 1297 3251; baseline -0.002 -12"><span class='ocrx_word' id='word_1_632' title='bbox 304 3206 451 3242; x_wconf 68' lang='lat' dir='ltr'>divitias</span> <span class='ocrx_word' id='word_1_633' title='bbox 472 3204 693 3240; x_wconf 76' lang='lat' dir='ltr'>thesaurizet</span> <span class='ocrx_word' id='word_1_634' title='bbox 710 3204 746 3239; x_wconf 93' lang='lat' dir='ltr'>in</span> <span class='ocrx_word' id='word_1_635' title='bbox 766 3203 910 3251; x_wconf 88' lang='lat' dir='ltr'>optimo</span> <span class='ocrx_word' id='word_1_636' title='bbox 934 3206 1020 3237; x_wconf 78' lang='lat' dir='ltr'>¹lesu</span> <span class='ocrx_word' id='word_1_637' title='bbox 1036 3230 1044 3246; x_wconf 88' lang='lat'>‚</span> <span class='ocrx_word' id='word_1_638' title='bbox 1062 3202 1099 3237; x_wconf 92' lang='lat' dir='ltr'>in</span> <span class='ocrx_word' id='word_1_639' title='bbox 1118 3215 1194 3250; x_wconf 92' lang='lat' dir='ltr'>quo</span> <span class='ocrx_word' id='word_1_640' title='bbox 1211 3210 1297 3237; x_wconf 88' lang='lat' dir='ltr'>sunt</span> 
     </span>
    </p>
   </div>
   <div class='ocr_carea' id='block_1_15' title="bbox 357 3333 962 3369">
    <p class='ocr_par' dir='ltr' id='par_1_17' title="bbox 357 3333 962 3369">
     <span class='ocr_line' id='line_1_89' title="bbox 357 3333 962 3369; baseline -0.005 -11"><span class='ocrx_word' id='word_1_641' title='bbox 357 3335 566 3369; x_wconf 73' lang='lat' dir='ltr'>*Joan.x1x,</span> <span class='ocrx_word' id='word_1_642' title='bbox 589 3334 637 3360; x_wconf 79' lang='grc'>19,</span> <span class='ocrx_word' id='word_1_643' title='bbox 715 3334 724 3348; x_wconf 76' lang='lat'><em>¹</em></span> <span class='ocrx_word' id='word_1_644' title='bbox 742 3333 962 3369; x_wconf 34' lang='lat' dir='ltr'>Sap,11,s.†</span> 
     </span>
    </p>
   </div>
   <div class='ocr_carea' id='block_1_16' title="bbox 1007 3326 1347 3361">
    <p class='ocr_par' dir='ltr' id='par_1_18' title="bbox 1007 3326 1347 3361">
     <span class='ocr_line' id='line_1_90' title="bbox 1007 3326 1347 3361; baseline -0.006 -4"><span class='ocrx_word' id='word_1_645' title='bbox 1007 3326 1133 3357; x_wconf 63' lang='lat' dir='ltr'>3lix0d.</span> <span class='ocrx_word' id='word_1_646' title='bbox 1157 3338 1209 3361; x_wconf 63' lang='lat' dir='ltr'>xi,</span> <span class='ocrx_word' id='word_1_647' title='bbox 1236 3329 1347 3355; x_wconf 57' lang='lat'>2312&#39;25».</span> 
     </span>
    </p>
   </div>
   <div class='ocr_carea' id='block_1_17' title="bbox 1362 2670 2353 3248">
    <p class='ocr_par' dir='ltr' id='par_1_19' title="bbox 1362 2670 2353 3248">
     <span class='ocr_line' id='line_1_91' title="bbox 1362 2670 2351 2720; baseline -0.003 -12"><span class='ocrx_word' id='word_1_648' title='bbox 1362 2672 1435 2717; x_wconf 92' lang='lat' dir='ltr'>dit,</span> <span class='ocrx_word' id='word_1_649' title='bbox 1465 2673 1703 2708; x_wconf 82' lang='lat' dir='ltr'>saeeulentum</span> <span class='ocrx_word' id='word_1_650' title='bbox 1723 2684 1815 2707; x_wconf 84' lang='lat' dir='ltr'>vero</span> <span class='ocrx_word' id='word_1_651' title='bbox 1833 2671 2014 2707; x_wconf 89' lang='lat' dir='ltr'>ascendit.</span> <span class='ocrx_word' id='word_1_652' title='bbox 2031 2670 2130 2718; x_wconf 85' lang='lat' dir='ltr'>Quid</span> <span class='ocrx_word' id='word_1_653' title='bbox 2149 2683 2218 2720; x_wconf 84' lang='lat' dir='ltr'>per</span> <span class='ocrx_word' id='word_1_654' title='bbox 2242 2670 2351 2706; x_wconf 87' lang='lat' dir='ltr'>talem</span> 
     </span>
     <span class='ocr_line' id='line_1_92' title="bbox 1362 2729 2353 2778; baseline -0.003 -11"><span class='ocrx_word' id='word_1_655' title='bbox 1362 2731 1601 2776; x_wconf 85' lang='lat' dir='ltr'>descensum,</span> <span class='ocrx_word' id='word_1_656' title='bbox 1628 2731 1696 2766; x_wconf 85' lang='lat' dir='ltr'>nisi</span> <span class='ocrx_word' id='word_1_657' title='bbox 1723 2731 1843 2767; x_wconf 86' lang='lat' dir='ltr'>virtus</span> <span class='ocrx_word' id='word_1_658' title='bbox 1870 2730 2093 2766; x_wconf 87' lang='lat' dir='ltr'>humilitatis</span> <span class='ocrx_word' id='word_1_659' title='bbox 2113 2729 2353 2778; x_wconf 78' lang='lat' dir='ltr'>designatur?</span> 
     </span>
     <span class='ocr_line' id='line_1_93' title="bbox 1364 2788 2352 2839; baseline -0.004 -12"><span class='ocrx_word' id='word_1_660' title='bbox 1364 2795 1455 2838; x_wconf 71' lang='lat' dir='ltr'>Quae</span> <span class='ocrx_word' id='word_1_661' title='bbox 1476 2791 1646 2839; x_wconf 78' lang='lat' dir='ltr'>profecto</span> <span class='ocrx_word' id='word_1_662' title='bbox 1669 2790 1787 2826; x_wconf 68' lang='lat' dir='ltr'>virtus</span> <span class='ocrx_word' id='word_1_663' title='bbox 1804 2790 1840 2826; x_wconf 91' lang='lat' dir='ltr'>in</span> <span class='ocrx_word' id='word_1_664' title='bbox 1863 2789 2045 2838; x_wconf 89' lang='lat' dir='ltr'>passionis</span> <span class='ocrx_word' id='word_1_665' title='bbox 2065 2788 2263 2825; x_wconf 81' lang='lat' dir='ltr'>dominicae</span> <span class='ocrx_word' id='word_1_666' title='bbox 2279 2800 2352 2824; x_wconf 87' lang='lat' dir='ltr'>mc·</span> 
     </span>
     <span class='ocr_line' id='line_1_94' title="bbox 1366 2848 2352 2899; baseline -0.003 -14"><span class='ocrx_word' id='word_1_667' title='bbox 1366 2851 1483 2886; x_wconf 88' lang='lat' dir='ltr'>moria</span> <span class='ocrx_word' id='word_1_668' title='bbox 1507 2850 1714 2899; x_wconf 82' lang='lat' dir='ltr'>acquiritur</span> <span class='ocrx_word' id='word_1_669' title='bbox 1737 2858 1773 2885; x_wconf 93' lang='lat' dir='ltr'>et</span> <span class='ocrx_word' id='word_1_670' title='bbox 1794 2857 2061 2894; x_wconf 82' lang='lat' dir='ltr'>conservatur3</span> <span class='ocrx_word' id='word_1_671' title='bbox 2077 2848 2163 2896; x_wconf 90' lang='lat' dir='ltr'>quia</span> <span class='ocrx_word' id='word_1_672' title='bbox 2185 2860 2260 2883; x_wconf 92' lang='lat' dir='ltr'>non</span> <span class='ocrx_word' id='word_1_673' title='bbox 2286 2859 2352 2896; x_wconf 89' lang='lat' dir='ltr'>po-</span> 
     </span>
     <span class='ocr_line' id='line_1_95' title="bbox 1368 2905 2351 2957; baseline -0.005 -13"><span class='ocrx_word' id='word_1_674' title='bbox 1368 2918 1437 2945; x_wconf 88' lang='lat' dir='ltr'>test</span> <span class='ocrx_word' id='word_1_675' title='bbox 1464 2909 1548 2957; x_wconf 78' lang='lat' dir='ltr'>quis</span> <span class='ocrx_word' id='word_1_676' title='bbox 1575 2922 1650 2944; x_wconf 92' lang='lat' dir='ltr'>non</span> <span class='ocrx_word' id='word_1_677' title='bbox 1680 2909 1891 2953; x_wconf 89' lang='lat' dir='ltr'>humiliari,</span> <span class='ocrx_word' id='word_1_678' title='bbox 1921 2920 2005 2943; x_wconf 89' lang='lat' dir='ltr'>eum</span> <span class='ocrx_word' id='word_1_679' title='bbox 2036 2905 2254 2943; x_wconf 89' lang='lat' dir='ltr'>recordatur</span> <span class='ocrx_word' id='word_1_680' title='bbox 2282 2918 2351 2954; x_wconf 92' lang='lat' dir='ltr'>pro</span> 
     </span>
     <span class='ocr_line' id='line_1_96' title="bbox 1365 2965 2350 3014; baseline -0.002 -12"><span class='ocrx_word' id='word_1_681' title='bbox 1365 2981 1402 3003; x_wconf 79' lang='lat' dir='ltr'>se</span> <span class='ocrx_word' id='word_1_682' title='bbox 1426 2967 1660 3002; x_wconf 90' lang='lat' dir='ltr'>humiliatum</span> <span class='ocrx_word' id='word_1_683' title='bbox 1686 2967 1887 3003; x_wconf 77' lang='lat' dir='ltr'>Dominum</span> <span class='ocrx_word' id='word_1_684' title='bbox 1910 2965 2123 3014; x_wconf 86' lang='lat' dir='ltr'>majestatis.</span> <span class='ocrx_word' id='word_1_685' title='bbox 2151 2965 2350 3013; x_wconf 83' lang='lat' dir='ltr'>Indignum</span> 
     </span>
     <span class='ocr_line' id='line_1_97' title="bbox 1363 3024 2351 3075; baseline -0.003 -14"><span class='ocrx_word' id='word_1_686' title='bbox 1363 3026 1504 3075; x_wconf 88' lang='lat' dir='ltr'>quippe</span> <span class='ocrx_word' id='word_1_687' title='bbox 1526 3034 1621 3061; x_wconf 83' lang='lat' dir='ltr'>esset</span> <span class='ocrx_word' id='word_1_688' title='bbox 1644 3026 1852 3069; x_wconf 86' lang='lat' dir='ltr'>hominem,</span> <span class='ocrx_word' id='word_1_689' title='bbox 1875 3026 1993 3061; x_wconf 89' lang='lat' dir='ltr'>lutum</span> <span class='ocrx_word' id='word_1_690' title='bbox 2015 3033 2052 3061; x_wconf 90' lang='lat' dir='ltr'>et</span> <span class='ocrx_word' id='word_1_691' title='bbox 2073 3024 2259 3067; x_wconf 91' lang='lat' dir='ltr'>cinerem,</span> <span class='ocrx_word' id='word_1_692' title='bbox 2284 3036 2351 3072; x_wconf 88' lang='lat' dir='ltr'>per</span> 
     </span>
     <span class='ocr_line' id='line_1_98' title="bbox 1363 3082 2353 3130; baseline -0.002 -11"><span class='ocrx_word' id='word_1_693' title='bbox 1363 3085 1417 3120; x_wconf 80' lang='lat' dir='ltr'>sui</span> <span class='ocrx_word' id='word_1_694' title='bbox 1451 3084 1698 3119; x_wconf 61' lang='lat' dir='ltr'>elevationem</span> <span class='ocrx_word' id='word_1_695' title='bbox 1734 3085 1819 3120; x_wconf 90' lang='lat' dir='ltr'>illuc</span> <span class='ocrx_word' id='word_1_696' title='bbox 1850 3083 2070 3128; x_wconf 88' lang='lat' dir='ltr'>ascendere,</span> <span class='ocrx_word' id='word_1_697' title='bbox 2103 3082 2166 3118; x_wconf 92' lang='lat' dir='ltr'>ubi</span> <span class='ocrx_word' id='word_1_698' title='bbox 2198 3083 2353 3130; x_wconf 78' lang='lat' dir='ltr'>angelus</span> 
     </span>
     <span class='ocr_line' id='line_1_99' title="bbox 1364 3138 2352 3191; baseline -0.003 -14"><span class='ocrx_word' id='word_1_699' title='bbox 1364 3141 1657 3191; x_wconf 74' lang='lat' dir='ltr'>perfectissimus</span> <span class='ocrx_word' id='word_1_700' title='bbox 1674 3142 1711 3176; x_wconf 89' lang='lat' dir='ltr'>in</span> <span class='ocrx_word' id='word_1_701' title='bbox 1732 3141 1834 3176; x_wconf 88' lang='lat' dir='ltr'>omni</span> <span class='ocrx_word' id='word_1_702' title='bbox 1852 3140 2006 3176; x_wconf 84' lang='lat' dir='ltr'>scientia</span> <span class='ocrx_word' id='word_1_703' title='bbox 2024 3147 2061 3175; x_wconf 86' lang='lat' dir='ltr'>et</span> <span class='ocrx_word' id='word_1_704' title='bbox 2080 3139 2217 3175; x_wconf 84' lang='lat' dir='ltr'>decore</span> <span class='ocrx_word' id='word_1_705' title='bbox 2232 3166 2241 3183; x_wconf 92' lang='lat'>,</span> <span class='ocrx_word' id='word_1_706' title='bbox 2265 3138 2352 3187; x_wconf 85' lang='lat' dir='ltr'>quia</span> 
     </span>
     <span class='ocr_line' id='line_1_100' title="bbox 1364 3198 2352 3248; baseline -0.004 -11"><span class='ocrx_word' id='word_1_707' title='bbox 1364 3201 1573 3237; x_wconf 87' lang='lat' dir='ltr'>hnmilitate</span> <span class='ocrx_word' id='word_1_708' title='bbox 1596 3201 1734 3244; x_wconf 85' lang='lat' dir='ltr'>caruit,</span> <span class='ocrx_word' id='word_1_709' title='bbox 1762 3213 1836 3236; x_wconf 91' lang='lat' dir='ltr'>non</span> <span class='ocrx_word' id='word_1_710' title='bbox 1858 3199 1981 3248; x_wconf 91' lang='lat' dir='ltr'>potuit</span> <span class='ocrx_word' id='word_1_711' title='bbox 2005 3211 2213 3234; x_wconf 84' lang='lat' dir='ltr'>remanere.</span> <span class='ocrx_word' id='word_1_712' title='bbox 2237 3198 2352 3235; x_wconf 88' lang='lat' dir='ltr'>Colli-</span> 
     </span>
    </p>
   </div>
   <div class='ocr_carea' id='block_1_18' title="bbox 1566 3324 2257 3368">
    <p class='ocr_par' dir='ltr' id='par_1_20' title="bbox 1566 3324 2257 3368">
     <span class='ocr_line' id='line_1_101' title="bbox 1566 3324 2257 3368; baseline -0.007 -12"><span class='ocrx_word' id='word_1_713' title='bbox 1566 3331 1577 3345; x_wconf 67' lang='lat' dir='ltr'>a</span> <span class='ocrx_word' id='word_1_714' title='bbox 1596 3325 1698 3361; x_wconf 60' lang='lat' dir='ltr'>Alias,</span> <span class='ocrx_word' id='word_1_715' title='bbox 1716 3324 1846 3366; x_wconf 64' lang='lat' dir='ltr'>lignum.</span> <span class='ocrx_word' id='word_1_716' title='bbox 1867 3343 1907 3347; x_wconf 87' lang='lat'>-—</span> <span class='ocrx_word' id='word_1_717' title='bbox 1929 3325 1942 3345; x_wconf 71' lang='lat'>¹³</span> <span class='ocrx_word' id='word_1_718' title='bbox 1957 3325 2054 3361; x_wconf 72' lang='lat' dir='ltr'>Alias,</span> <span class='ocrx_word' id='word_1_719' title='bbox 2070 3324 2257 3368; x_wconf 64' lang='lat' dir='ltr'>proprietas.</span> 
     </span>
    </p>
   </div>
  </div>
 </body>
</html>
