2418 3949
214 193 292 229 849

213 388 439 439 opprobria,
462 397 518 425 tot
544 397 582 425 et
607 397 679 424 tam
702 388 795 424 dura
822 388 979 424 vulnera
999 387 1204 424 sustinere!

214 448 405 487 Clamabat
425 448 574 497 sanguis
599 447 694 485 Abel
718 447 900 483 ultionem
920 446 968 482 de
986 454 1095 482 terra.
1118 445 1206 482 Cla-

213 507 339 544 mabat
364 506 514 557 sanguis
531 505 695 543 Naboth.
723 504 912 544 Clamabat
938 504 1089 554 sanguis
1117 515 1204 540 om-

215 566 319 602 nium
332 566 520 614 justorum
534 566 599 615 qui
614 565 755 601 effusus
769 565 888 601 fuerat
901 576 1015 613 super
1030 571 1163 599 terram
1177 567 1203 606 ¹,

214 625 440 670 dicentium,
474 627 657 668 VindiCa,
683 627 862 668 Domine,
890 628 1107 671 sanguinem
1138 634 1207 656 no-

214 694 349 729 strum,
378 689 443 733 qui
474 683 616 731 effusus
645 693 697 719 est
730 697 842 732 super
871 692 1005 718 terram
1030 688 1057 717 ².
1097 680 1206 718 Solus

214 744 364 794 sanguis
399 744 533 780 Christi
572 741 755 779 clamabat
792 741 1134 778 reconciliationem
1168 747 1206 775 et

215 802 514 851 redemptionem
541 801 675 850 populi
701 801 770 837 sui.
794 799 983 838 Clamabat
1001 812 1101 836 mors
1123 797 1204 847 ejus

212 860 397 896 defunctis
417 860 462 896 ad
477 861 610 905 vitam3
630 860 908 909 peccatoribus,
927 859 973 896 ad
996 859 1201 908 indulgen-

213 919 321 964 tiam3
348 919 524 968 captivis,
559 919 605 956 ad
637 918 917 963 liberationem;
947 918 1125 968 perditis,
1155 918 1202 954 ad

212 978 383 1015 salutem.
407 981 491 1028 Ipse
512 978 654 1028 jugiter
672 978 887 1027 interpellat
909 978 955 1014 ad
973 982 1140 1022 Patrem,
1162 985 1204 1014 ut

213 1037 376 1087 pretium
406 1038 463 1074 sui
494 1037 710 1087 sanguinis,
742 1045 780 1073 et
807 1049 948 1073 merces
980 1032 1250 1072 obedientiaeB

212 1108 324 1144 quam
350 1096 450 1133 Patri
468 1095 660 1141 exhibuit,
687 1108 757 1145 pro
778 1094 1036 1144 peccatoribus
1057 1095 1096 1130 in
1114 1094 1204 1131 red—

212 1155 440 1205 emptionem
455 1155 718 1206 poenitentium
733 1163 987 1191 convertatur.
1002 1158 1110 1191 Teste
1123 1154 1206 1204 qui-

211 1215 297 1252 dem
315 1216 518 1266 Apostolo,
539 1218 643 1252 Deus
662 1214 798 1252 Filium
821 1227 928 1250 suum
951 1213 1061 1250 nobis
1075 1218 1207 1262 propi—

211 1281 381 1312 tiatorem
408 1279 595 1311 constituit
605 1289 678 1324 per
690 1275 809 1321 fidem
839 1279 878 1310 in
900 1278 1084 1322 sanguine
1099 1273 1200 1309 suo3.

211 1335 416 1385 Apostolus
441 1334 643 1371 clausulam
671 1333 792 1378 hanc,
820 1333 960 1369 scilicet
982 1347 1054 1382 per
1067 1333 1202 1379 fidem,

211 1394 582 1444 circumspectissime
601 1394 740 1444 posuit.
757 1393 795 1430 Si
812 1392 912 1429 enim
931 1392 1043 1428 fidem
1058 1400 1096 1429 et
1112 1392 1206 1428 fidu-

211 1456 306 1491 ciam
337 1463 438 1491 tuam
464 1452 581 1502 jactes
612 1453 649 1488 in
676 1453 814 1488 livores
838 1460 875 1488 et
899 1453 1058 1488 vulnera
1080 1451 1203 1488 cruci-

211 1515 298 1561 fixi,
323 1522 361 1551 et
389 1514 427 1550 in
457 1521 529 1549 tuae
551 1511 680 1549 salutis
699 1524 808 1548 usum
830 1519 1026 1548 convertas
1055 1523 1206 1548 memo-

211 1574 303 1610 riam
325 1573 532 1610 Dominicae
564 1571 775 1621 passionis3
803 1570 874 1607 erit
906 1570 1058 1620 sanguis
1089 1571 1206 1620 ipsius

211 1632 374 1682 pretium
397 1640 468 1667 tuae
485 1630 757 1680 redemptionis
771 1657 781 1675 ‚
805 1642 905 1666 mors
925 1629 1006 1678 ejus
1024 1629 1092 1665 tibi
1110 1643 1204 1666 con-

211 1698 379 1727 vertetur
390 1689 436 1726 ad
451 1689 566 1725 vitam
579 1716 588 1733 ‚
607 1701 696 1724 suus
710 1688 820 1724 dolor
832 1688 870 1724 in
887 1687 1065 1738 gaudium
1082 1696 1202 1733 tuum,

211 1762 288 1787 suae
303 1748 483 1798 angustiae
498 1749 534 1784 in
552 1756 633 1784 tuas
648 1747 821 1792 delicias,
840 1747 879 1783 in
898 1755 1003 1784 tuum
1020 1747 1204 1784 honorem

895 191 1177 228 TRACTATUS
1205 191 1270 226 DE
1300 190 1590 228 CHARITATE.

213 269 259 306 da
278 278 316 306 et
333 268 553 306 insatiabilis
583 277 639 305 est
657 269 765 318 plaga
791 268 1109 318 praevaricationis
1128 280 1200 304 no—
1217 266 1243 285 ⁴¹

213 337 320 373 strae,
347 342 417 379 pro
443 341 517 378 qua
540 328 676 366 Filium
703 328 773 365 Dei
802 327 1002 377 oportebat
1033 335 1088 364 tot
1105 327 1198 364 dura
1218 327 1251 359 A

2190 187 2265 224 850

1582 328 1756 367 CAPUT
1785 328 1954 367 XXVII.

1340 450 1488 478 Amorem
1505 447 1619 479 debere
1642 458 1710 479 esse
1735 448 1921 490 prudentem
1940 454 1970 478 et
1987 453 2191 479 constantem.

1323 568 1384 603 86.
1407 567 1501 613 Quia
1521 575 1646 603 tamen
1671 567 1794 604 cordis
1816 581 1922 604 amor
1942 576 2042 605 totus
2069 576 2125 605 est
2146 568 2183 604 in
2207 567 2263 604 af—

1272 625 1391 671 fectu3
1420 639 1467 662 ne
1493 627 1540 663 sit
1571 627 1729 663 nimium
1755 640 1945 676 praeceps,
1973 627 2126 676 expedit
2144 636 2185 663 ut
2203 640 2266 664 sa-

1271 683 1414 731 pientia
1433 692 1470 720 et
1486 684 1712 720 discretione
1732 693 1898 734 regatur.
1918 686 2160 735 Praecipimur
2175 698 2265 735 ergo

1269 744 1390 777 Deum
1426 751 1498 777 tota
1525 747 1672 785 anima,
1703 743 1741 778 id
1768 752 1824 779 est
1851 744 2058 792 sapienter,
2093 743 2260 793 diligere.

1270 801 1405 836 Anima
1420 802 1519 838 enim
1539 801 1646 838 sedes
1661 810 1717 839 est
1732 803 1938 852 sapientiae.
1959 803 2146 852 Diligebat
2162 804 2262 840 enim

1268 863 1400 897 Petrus
1425 861 1631 898 Dominum
1652 861 1830 906 dulciter,
1854 862 1919 898 sed
1939 875 2014 897 non
2036 862 2262 911 prudenter;

1267 919 1356 968 quia
1384 921 1592 957 carnaliter.
1611 926 1728 958 Amor
1743 922 1843 958 enim
1862 921 1983 957 cordis
2001 922 2204 971 plurimum
2221 922 2269 958 ad

1269 980 1435 1016 carnales
1458 980 1612 1016 affectus
1637 980 1802 1025 accedit;
1832 980 1994 1029 ideoque
2020 980 2141 1029 ipsum
2171 981 2267 1016 mori

1271 1038 1497 1088 prohibebat
1520 1053 1527 1075 :
1550 1040 1638 1087 quia
1664 1052 1742 1075 non
1765 1039 1974 1088 sapienter,
1992 1039 2056 1076 sed
2085 1038 2263 1084 dulciter;

1271 1110 1348 1134 non
1369 1097 1528 1134 discrete
1541 1127 1550 1143 ,
1569 1097 1633 1134 sed
1660 1105 1801 1134 temere
1820 1096 2010 1146 diligebat.
2037 1098 2132 1145 Quia
2151 1097 2263 1133 etiam

1272 1156 1431 1193 dulciter
1457 1156 1654 1206 discipuli,
1687 1156 1753 1193 sed
1781 1156 2042 1206 imprudenter
2067 1155 2265 1201 amabant,

1270 1216 1411 1253 dictum
1429 1224 1485 1253 est
1504 1216 1558 1253 eis
1571 1245 1580 1262 ,
1598 1218 1637 1252 Si
1654 1218 1856 1263 diligeretis
1875 1228 1953 1261 me,
1967 1217 2177 1264 gauderetis
2189 1220 2265 1250 uti·

1270 1288 1361 1323 que,
1390 1279 1479 1323 quia
1501 1276 1556 1310 acl
1575 1276 1724 1310 Patrem
1745 1276 1867 1316 vacl0;
1893 1278 1983 1322 quia
2014 1275 2128 1309 Pater
2146 1278 2269 1319 major

1270 1347 1328 1368 me
1344 1342 1398 1369 est
1410 1340 1423 1363 7
1445 1348 1452 1369 ;
1473 1346 1516 1370 ac
1533 1333 1563 1369 si
1583 1332 1738 1376 diceret,
1752 1332 1790 1369 Si
1806 1332 2009 1381 diligeretis
2025 1345 2084 1369 me
2101 1332 2267 1382 pruden-

1271 1401 1327 1429 ter
1340 1422 1350 1439 ‚
1372 1391 1631 1429 desiderabilis
1651 1400 1748 1428 esset
1766 1390 1873 1428 vobis
1896 1404 2073 1429 ascensus
2093 1405 2199 1429 meus
2219 1392 2266 1428 ad

1271 1457 1443 1498 Patrem3
1465 1454 1553 1502 quia
1573 1461 1746 1488 naturam
1764 1451 2007 1488 humanitatis
2026 1460 2159 1488 vestrae
2180 1464 2265 1488 me-

1271 1526 1355 1549 cum
1377 1512 1506 1549 desero
1519 1540 1529 1558 ,
1548 1512 1586 1548 in
1609 1512 1729 1548 Patris
1750 1510 1870 1560 gloria
1885 1510 2157 1547 collocandam.

1324 1571 1388 1608 87.
1417 1572 1563 1608 Tertius
1587 1583 1694 1606 amor
1712 1570 1792 1606 zelo
1813 1569 1900 1606 fidei
1923 1578 1959 1606 et
1983 1570 2149 1619 quodam
2169 1570 2265 1607 affe-

1270 1630 1403 1667 ctionis
1431 1630 1580 1666 fervore
1605 1628 1796 1672 firmatur,
1823 1641 1908 1664 cum
1930 1628 2073 1664 homini
2100 1637 2263 1665 mentem

1271 1704 1374 1727 suam
1391 1690 1438 1726 ad
1452 1693 1572 1726 Deum
1589 1687 1822 1737 diligendum
1846 1696 1920 1724 tota
1939 1687 2111 1724 interiori
2127 1688 2265 1725 virtute

1272 1749 1501 1794 consolidat,
1521 1757 1633 1797 atque
1656 1747 1702 1783 ad
1718 1747 1813 1783 dura
1832 1755 1868 1782 et
1884 1747 1965 1783 dira
1984 1747 2178 1784 toleranda
2193 1761 2265 1797 pro

211 1821 277 1845 sua
291 1807 493 1858 opprobria
507 1836 516 1853 ‚
535 1815 571 1843 et
587 1816 629 1843 ut
646 1807 893 1856 multiplicato
911 1806 1059 1843 fervore
1075 1806 1202 1856 gratiae
1223 1809 1249 1844 C
1269 1810 1418 1846 Christo
1443 1821 1482 1845 se
1503 1808 1540 1844 in
1573 1807 1761 1843 desiderio
1781 1806 1986 1842 coelestium
2008 1814 2046 1842 et
2067 1815 2264 1856 tempora-

209 1875 283 1904 tuae
310 1867 480 1904 obtineas
510 1867 688 1912 salutem,
721 1879 833 1915 quam
865 1873 1042 1916 operatus
1074 1875 1130 1903 est
1163 1867 1201 1902 in

209 1926 334 1964 medio
355 1935 462 1964 terrae
476 1955 485 1971 ,
505 1926 573 1962 tibi
590 1926 698 1962 cedet
717 1926 755 1962 in
770 1925 1025 1974 jucunditates
1045 1934 1203 1963 aeternas

210 1985 328 2035 ipsius
344 1986 568 2036 supplicium
590 1986 808 2035 temporale.

263 2047 325 2082 85.
347 2049 378 2083 Ο
408 2046 491 2083 sons
517 2046 781 2082 misericordiae
810 2049 919 2090 Jesu,
951 2059 1062 2095 quem
1091 2046 1138 2083 ad
1167 2055 1202 2083 te

211 2105 440 2154 diligendum
468 2117 543 2140 non
565 2113 737 2150 moveat,
759 2104 862 2154 quod
883 2105 982 2141 inter
1001 2105 1201 2153 opprobria

210 2164 536 2212 exprobrantium,
557 2164 654 2200 inter
671 2165 803 2201 mortis
823 2165 1031 2213 angustias,
1052 2173 1200 2200 tuarum

210 2225 443 2261 miseriarum
469 2224 629 2270 oblitus,
656 2224 721 2261 sed
741 2233 888 2261 tuarum
922 2224 1200 2261 misericordia-

209 2297 292 2320 rum
330 2295 495 2327 memor,
528 2291 600 2319 tam
643 2283 724 2332 pie,
765 2292 839 2319 tam
881 2292 1119 2332 opportune,
1155 2283 1200 2319 ad

209 2347 353 2381 Patrem
372 2355 441 2392 pro
459 2342 531 2378 tuis
546 2342 834 2379 crucifixoribus
850 2342 1093 2391 interpellas?
1109 2345 1201 2379 'Nam

208 2402 427 2438 extensione
455 2410 492 2438 et
529 2402 772 2438 transfixione
804 2401 973 2451 corporis
1006 2401 1082 2445 tui,
1115 2414 1199 2437 cum

203 2461 281 2510 jam
311 2462 427 2510 figura
457 2469 518 2497 tua
547 2462 586 2497 in
614 2461 743 2497 odium
778 2469 1011 2506 verteretur,
1049 2461 1085 2496 in
1122 2461 1202 2510 ipsa

207 2518 298 2554 hora
318 2518 479 2562 incensi,
504 2531 589 2554 cum
611 2518 690 2567 jam
713 2519 831 2555 virtus
860 2518 1065 2555 holocausti
1087 2520 1202 2556 coelos

1269 1869 1359 1904 lium
1383 1875 1607 1917 contemptu
1627 1874 1845 1903 constanter
1866 1865 2088 1914 fortiterque
2101 1879 2268 1916 conqua-

1269 1928 1362 1964 drat.
1387 1928 1482 1976 Quia
1508 1940 1599 1963 vcro
1628 1938 1704 1962 non
1732 1924 1909 1974 diligebat
1933 1928 2065 1962 Petrus
2095 1926 2145 1962 ita
2169 1939 2265 1976 pru—

1269 1987 1402 2024 denter
1432 1995 1473 2022 ut
1501 1985 1691 2030 debebat,
1723 1985 1809 2021 licet
1838 1985 2042 2021 affectuose
2069 1985 2262 2034 diligeret,

1267 2047 1483 2095 increpatus
1511 2058 1532 2081 a
1560 2045 1728 2082 Domino
1755 2052 1910 2080 vocatus
1937 2052 1991 2080 est
2018 2053 2188 2090 satanas,
2220 2059 2265 2082 eo

1267 2105 1370 2154 quod
1388 2105 1650 2141 adversaretur
1666 2104 1835 2140 omnium
1855 2103 2108 2153 redemptioni
2123 2132 2133 2149 ‚
2151 2117 2264 2153 quam

1267 2165 1435 2203 Christus
1454 2166 1491 2200 in
1516 2165 1573 2201 sui
1593 2164 1763 2213 corporis
1789 2164 1964 2212 passione
1991 2163 2219 2213 disponebat
2237 2163 2264 2201 ⁸.

1266 2228 1310 2261 In
1331 2238 1407 2273 quo
1427 2224 1537 2260 etiam
1556 2232 1659 2273 patet
1676 2232 1764 2259 tnnc
1782 2223 1958 2259 dilexisse
1977 2223 2262 2272 imprudenter,

1268 2297 1352 2320 cum
1378 2284 1456 2320 sola
1480 2283 1601 2319 carnis
1623 2282 1824 2319 affectione
1844 2282 2020 2318 inductus
2035 2311 2044 2327 ,
2068 2284 2265 2331 propriam

1268 2342 1426 2379 salutem
1448 2351 1485 2378 et
1504 2341 1639 2379 Christi
1665 2341 1823 2391 gloriam
1852 2340 2068 2377 retardaret.
2097 2341 2168 2377 Sed
2196 2355 2265 2379 nec

1269 2402 1441 2447 dulciter,
1464 2414 1532 2437 nec
1556 2400 1778 2449 prudenter,
1801 2413 1869 2436 nec
1898 2400 2046 2436 fortiter
2066 2401 2265 2450 diligebat,

1267 2460 1333 2497 ubi
1349 2460 1498 2509 negavit
1516 2459 1562 2495 ad
1579 2472 1711 2495 vocem
1728 2459 1872 2495 ancittae
1884 2487 1893 2503 ‚
1913 2459 1978 2508 qui
1997 2472 2036 2495 se
2051 2473 2127 2496 non
2148 2474 2263 2509 nega-

1269 2529 1397 2557 turum
1416 2520 1528 2556 etiam
1550 2532 1621 2569 pro
1639 2518 1809 2568 periculo
1826 2519 1956 2555 mortis
1979 2519 2157 2555 evitando
2174 2533 2266 2569 pro-

208 2577 392 2626 aperiret‚
415 2586 632 2614 concuteret
652 2586 810 2623 terram,
834 2587 871 2615 et
895 2578 1035 2615 inferos
1057 2579 1197 2629 spolia-
1215 2582 1247 2615 D
1269 2580 1432 2617 miserat.
1460 2582 1577 2615 Porro
1602 2586 1643 2613 ut
1666 2578 1724 2613 hic
1747 2578 1882 2626 triplex
1910 2591 2016 2613 amor
2043 2588 2270 2627 purgaretur

209 2645 286 2681 ret,
309 2645 348 2672 tu
368 2648 536 2672 summus
555 2638 727 2673 Pontifex
748 2638 931 2674 introiens
946 2651 1031 2674 cum
1051 2639 1199 2688 sangui-

210 2708 257 2732 ne
275 2695 311 2731 in
333 2703 456 2731 sancta
475 2698 728 2741 summumst,
757 2697 1017 2734 exaudiendus
1044 2711 1114 2747 pro
1139 2706 1201 2734 tua

209 2753 438 2791 reverentia⁵
455 2755 660 2801 clamabas,
677 2758 804 2800 Pater,
832 2761 979 2805 ignosce
999 2759 1095 2800 eills,
1112 2763 1201 2805 quia

211 2816 377 2850 nesciunt
402 2812 701 2861 quidsuciunffl.
730 2818 849 2862 Quam
876 2815 996 2852 duleis
1022 2816 1092 2852 erit
1118 2816 1203 2852 (lili-

209 2872 384 2922 gentibus
400 2884 457 2916 se,
474 2872 538 2921 qui
554 2872 724 2910 odientes
738 2882 774 2910 et
794 2873 1008 2910 occidentes
1022 2887 1060 2910 se
1072 2902 1081 2918 ,
1103 2882 1203 2911 tanta

209 2939 337 2967 ettam
363 2930 545 2976 indebita,
573 2940 646 2968 tam
677 2933 835 2983 gratuita
859 2942 898 2970 et
924 2941 996 2970 tam
1018 2934 1203 2984 stupenda

211 2989 440 3040 benignitate
460 2991 641 3040 praevenit
657 2994 664 3026 !

260 3252 266 3265 ¹
290 3246 400 3277 Manli.
420 3258 505 3277 xxiii
521 3271 528 3283 ,
549 3251 603 3277 35.
619 3265 657 3269 —-
686 3254 696 3267 ²
715 3249 815 3287 Apov.
834 3257 886 3280 u,
912 3250 961 3275 10.
979 3263 1020 3267 —
1046 3244 1056 3264 ἶ
1077 3249 1167 3277 Rom.
1187 3258 1249 3281 ιιι,

212 3301 263 3328 3‘0.
280 3317 317 3321 -—
337 3306 349 3328 7
365 3302 455 3330 Jouu.
477 3312 544 3337 xiv,
571 3303 622 3330 128.

663 3318 668 3319 ν
701 3299 714 3318 ⁸
733 3302 827 3329 Mau-v.
850 3310 921 3332 νιιι,
939 3302 1053 3329 :tt-133.
1074 3318 1114 3322 Η
1132 3306 1146 3322 “)
1160 3301 1254 3330 Joan.
1275 3311 1329 3328 xxi
1345 3323 1351 3332 ,
1378 3302 1448 3327 1,ἰ-1
1490 3323 1492 3325 .

1265 2648 1302 2676 et
1318 2642 1532 2675 firmaretur
1546 2638 1582 2673 in
1599 2641 1726 2681 Petro,
1744 2646 1812 2682 ter,
1829 2638 1922 2673 sicut
1936 2638 2138 2683 credimus,
2154 2639 2264 2675 ctiam

1266 2700 1518 2745 interrogatus
1544 2705 1600 2732 est
1623 2710 1642 2731 a
1663 2696 1811 2733 Christo
1838 2710 1844 2730 ε
1870 2698 1996 2739 Petro,
2019 2711 2125 2731 anias
2152 2700 2267 2733 mest?

1268 2766 1309 2793 nt
1332 2756 1396 2805 qui
1417 2757 1453 2791 in
1475 2755 1543 2790 hoc
1564 2754 1700 2803 triplici
1723 2767 1852 2790 amore
1875 2755 2050 2791 inventus
2069 2764 2124 2791 est
2143 2757 2267 2793 minus

1270 2816 1434 2858 liabens,
1459 2814 1720 2862 imperfectum
1743 2827 1851 2849 suum
1872 2814 2008 2863 triplici
2030 2815 2267 2852 conlbssiorw

1271 2876 1470 2913 redimeret
1487 2883 1523 2910 et
1539 2874 1747 2923 suppleret.
1765 2874 1822 2909 sic
1840 2874 1875 2909 in
1893 2874 2101 2910 ministerio
2117 2875 2266 2925 dispen—

1269 2935 1423 2973 sationis
1443 2933 1627 2969 amandus
1646 2941 1699 2969 est
1720 2933 1898 2978 dulciter,
1924 2941 1959 2969 et
1982 2946 2028 2968 nt·
2046 2933 2092 2970 de
2116 2934 2265 2971 redem-

1271 2995 1411 3044 ptionis
1431 3001 1565 3029 nostrae
1588 2992 1770 3028 beneflcio
1792 2993 1947 3028 nimium
1971 3006 2238 3042 prasunuunus
2254 3024 2262 3034 ,

1271 3062 1331 3090 aut
1349 3054 1385 3089 in
1403 3052 1529 3100 aliquo
1547 3051 1761 3087 diffidamus
1775 3081 1784 3095 ,
1803 3051 2016 3100 diligendus
2031 3061 2084 3088 est
2102 3053 2262 3101 prudcn

1273 3122 1338 3149 tcr.
1360 3111 1491 3149 Habita
1510 3124 1601 3146 vero
1619 3110 1920 3147 consideratione
1939 3111 1983 3147 ad
2010 3112 2215 3160 potentiam
2232 3122 2265 3148 ct

1272 3251 1323 3275 '',.'t.
1348 3263 1388 3267 -—
1410 3245 1422 3269 4
1443 3245 1537 3275 llrln·⁵
1558 3256 1588 3273 ix
1604 3269 1610 3279 ,
1634 3249 1683 3275 17.

1762 3244 1938 3277 '‘12t.x,7.
2020 3247 2113 3274 ''lu-⁴
2157 3256 2265 3277 xxm,
