<?xml version="1.0" encoding="UTF-8"?>
<!DOCTYPE html PUBLIC "-//W3C//DTD XHTML 1.0 Transitional//EN"
    "http://www.w3.org/TR/xhtml1/DTD/xhtml1-transitional.dtd">
<html xmlns="http://www.w3.org/1999/xhtml" xml:lang="en" lang="en">
 <head>
  <title>
</title>
<meta http-equiv="Content-Type" content="text/html;charset=utf-8" />
  <meta name='ocr-system' content='tesseract 3.04.00' />
  <meta name='ocr-capabilities' content='ocr_page ocr_carea ocr_par ocr_line ocrx_word'/>
</head>
<body>
  <div class='ocr_page' id='page_1' title='image "./operaomniapostho05bern/operaomniapostho05bern_0041.png"; bbox 0 0 2418 3949; ppageno 0'>
   <div class='ocr_carea' id='block_1_1' title="bbox 96 286 2147 330">
    <p class='ocr_par' dir='ltr' id='par_1_1' title="bbox 96 286 2147 330">
     <span class='ocr_line' id='line_1_1' title="bbox 96 286 2147 330; baseline -0.001 -5"><span class='ocrx_word' id='word_1_1' title='bbox 96 289 144 325; x_wconf 81' lang='lat'><strong>69</strong></span> <span class='ocrx_word' id='word_1_2' title='bbox 806 288 856 322; x_wconf 92' lang='lat' dir='ltr'><strong>IN</strong></span> <span class='ocrx_word' id='word_1_3' title='bbox 884 286 1113 330; x_wconf 85' lang='lat' dir='ltr'><strong>CANTICA,</strong></span> <span class='ocrx_word' id='word_1_4' title='bbox 1145 286 1306 322; x_wconf 87' lang='lat' dir='ltr'><strong>SERMO</strong></span> <span class='ocrx_word' id='word_1_5' title='bbox 1334 287 1432 321; x_wconf 93' lang='lat' dir='ltr'><strong>VIII.</strong></span> <span class='ocrx_word' id='word_1_6' title='bbox 2099 286 2147 322; x_wconf 90' lang='grc'><strong>70</strong></span> 
     </span>
    </p>
   </div>
   <div class='ocr_carea' id='block_1_2' title="bbox 93 361 1116 412">
    <p class='ocr_par' dir='ltr' id='par_1_2' title="bbox 93 361 1116 412">
     <span class='ocr_line' id='line_1_2' title="bbox 93 361 1116 412; baseline -0.004 -10"><span class='ocrx_word' id='word_1_7' title='bbox 93 364 408 402; x_wconf 81' lang='lat' dir='ltr'><strong>illuminationem</strong></span> <span class='ocrx_word' id='word_1_8' title='bbox 441 375 526 412; x_wconf 86' lang='lat' dir='ltr'><strong>quae</strong></span> <span class='ocrx_word' id='word_1_9' title='bbox 556 375 623 412; x_wconf 90' lang='lat' dir='ltr'><strong>per</strong></span> <span class='ocrx_word' id='word_1_10' title='bbox 646 362 775 398; x_wconf 86' lang='lat' dir='ltr'><strong>lumen</strong></span> <span class='ocrx_word' id='word_1_11' title='bbox 803 363 844 398; x_wconf 84' lang='lat' dir='ltr'><strong>fit</strong></span> <span class='ocrx_word' id='word_1_12' title='bbox 878 362 917 398; x_wconf 90' lang='lat' dir='ltr'><strong>in</strong></span> <span class='ocrx_word' id='word_1_13' title='bbox 951 361 1116 411; x_wconf 69' lang='lat' dir='ltr'><strong>quovis⁸²</strong></span> 
     </span>
    </p>
   </div>
   <div class='ocr_carea' id='block_1_3' title="bbox 1121 360 2147 412">
    <p class='ocr_par' dir='ltr' id='par_1_3' title="bbox 1121 360 2147 412">
     <span class='ocr_line' id='line_1_3' title="bbox 1121 360 2147 412; baseline 0.004 -16"><span class='ocrx_word' id='word_1_14' title='bbox 1121 360 1133 379; x_wconf 93' lang='lat'>⁷</span> <span class='ocrx_word' id='word_1_15' title='bbox 1152 373 1232 397; x_wconf 88' lang='lat' dir='ltr'><strong>esse</strong></span> <span class='ocrx_word' id='word_1_16' title='bbox 1250 360 1387 410; x_wconf 86' lang='lat' dir='ltr'><strong>ipsum.</strong></span> <span class='ocrx_word' id='word_1_17' title='bbox 1413 365 1541 410; x_wconf 75' lang='lat' dir='ltr'><strong>Imago</strong></span> <span class='ocrx_word' id='word_1_18' title='bbox 1558 362 1766 399; x_wconf 84' lang='lat' dir='ltr'><strong>attenditur</strong></span> <span class='ocrx_word' id='word_1_19' title='bbox 1783 363 1821 398; x_wconf 92' lang='lat' dir='ltr'><strong>in</strong></span> <span class='ocrx_word' id='word_1_20' title='bbox 1841 363 1965 412; x_wconf 91' lang='lat' dir='ltr'><strong>primo</strong></span> <span class='ocrx_word' id='word_1_21' title='bbox 1978 390 1988 408; x_wconf 91' lang='lat'>‚</span> <span class='ocrx_word' id='word_1_22' title='bbox 2014 364 2147 400; x_wconf 90' lang='lat' dir='ltr'><strong>simili—</strong></span> 
     </span>
    </p>
   </div>
   <div class='ocr_carea' id='block_1_4' title="bbox 94 419 2148 468">
    <p class='ocr_par' dir='ltr' id='par_1_4' title="bbox 94 419 2148 468">
     <span class='ocr_line' id='line_1_4' title="bbox 94 419 2148 468; baseline -0.001 -6"><span class='ocrx_word' id='word_1_23' title='bbox 94 424 331 462; x_wconf 83' lang='lat' dir='ltr'><strong>illuminato?</strong></span> <span class='ocrx_word' id='word_1_24' title='bbox 348 424 520 461; x_wconf 88' lang='lat' dir='ltr'><strong>Alterum</strong></span> <span class='ocrx_word' id='word_1_25' title='bbox 536 422 636 459; x_wconf 87' lang='lat' dir='ltr'><strong>enim</strong></span> <span class='ocrx_word' id='word_1_26' title='bbox 657 430 823 459; x_wconf 88' lang='lat' dir='ltr'><strong>creatum</strong></span> <span class='ocrx_word' id='word_1_27' title='bbox 838 429 908 468; x_wconf 91' lang='lat' dir='ltr'><strong>est,</strong></span> <span class='ocrx_word' id='word_1_28' title='bbox 925 422 1085 458; x_wconf 88' lang='lat' dir='ltr'><strong>alterum</strong></span> <span class='ocrx_word' id='word_1_29' title='bbox 1101 426 1134 460; x_wconf 93' lang='lat' dir='ltr'>A</span> <span class='ocrx_word' id='word_1_30' title='bbox 1153 419 1246 456; x_wconf 89' lang='lat' dir='ltr'><strong>tudo</strong></span> <span class='ocrx_word' id='word_1_31' title='bbox 1261 420 1299 455; x_wconf 87' lang='lat' dir='ltr'><strong>in</strong></span> <span class='ocrx_word' id='word_1_32' title='bbox 1320 420 1501 466; x_wconf 91' lang='lat' dir='ltr'><strong>secundo,</strong></span> <span class='ocrx_word' id='word_1_33' title='bbox 1517 421 1654 458; x_wconf 68' lang='lat' dir='ltr'><strong>veritas</strong></span> <span class='ocrx_word' id='word_1_34' title='bbox 1669 421 1707 457; x_wconf 90' lang='lat' dir='ltr'><strong>in</strong></span> <span class='ocrx_word' id='word_1_35' title='bbox 1724 421 1847 458; x_wconf 84' lang='lat' dir='ltr'><strong>tertio.</strong></span> <span class='ocrx_word' id='word_1_36' title='bbox 1862 422 2030 458; x_wconf 90' lang='lat' dir='ltr'><strong>Primum</strong></span> <span class='ocrx_word' id='word_1_37' title='bbox 2047 436 2148 459; x_wconf 91' lang='lat' dir='ltr'><strong>com-</strong></span> 
     </span>
    </p>
   </div>
   <div class='ocr_carea' id='block_1_5' title="bbox 90 480 1088 1122">
    <p class='ocr_par' dir='ltr' id='par_1_5' title="bbox 93 480 1086 771">
     <span class='ocr_line' id='line_1_5' title="bbox 95 480 1086 530; baseline -0.006 -8"><span class='ocrx_word' id='word_1_38' title='bbox 95 497 244 530; x_wconf 89' lang='lat' dir='ltr'><strong>creans;</strong></span> <span class='ocrx_word' id='word_1_39' title='bbox 278 485 438 521; x_wconf 85' lang='lat' dir='ltr'><strong>alterum</strong></span> <span class='ocrx_word' id='word_1_40' title='bbox 466 483 739 526; x_wconf 87' lang='lat' dir='ltr'><strong>illuminatum,</strong></span> <span class='ocrx_word' id='word_1_41' title='bbox 762 482 920 518; x_wconf 89' lang='lat' dir='ltr'><strong>alterum</strong></span> <span class='ocrx_word' id='word_1_42' title='bbox 941 480 1086 517; x_wconf 90' lang='lat' dir='ltr'><strong>illumi-</strong></span> 
     </span>
     <span class='ocr_line' id='line_1_6' title="bbox 94 539 1086 592; baseline -0.005 -12"><span class='ocrx_word' id='word_1_43' title='bbox 94 556 198 580; x_wconf 87' lang='lat' dir='ltr'><strong>nans.</strong></span> <span class='ocrx_word' id='word_1_44' title='bbox 219 546 295 580; x_wconf 86' lang='lat' dir='ltr'><strong>Nec</strong></span> <span class='ocrx_word' id='word_1_45' title='bbox 325 550 451 592; x_wconf 91' lang='lat' dir='ltr'><strong>potest</strong></span> <span class='ocrx_word' id='word_1_46' title='bbox 474 541 722 578; x_wconf 83' lang='lat' dir='ltr'>essentialiter</span> <span class='ocrx_word' id='word_1_47' title='bbox 753 553 834 577; x_wconf 86' lang='lat' dir='ltr'><strong>esse</strong></span> <span class='ocrx_word' id='word_1_48' title='bbox 863 539 993 576; x_wconf 88' lang='lat' dir='ltr'><strong>eadem</strong></span> <span class='ocrx_word' id='word_1_49' title='bbox 1024 552 1086 575; x_wconf 89' lang='lat' dir='ltr'><strong>sa-</strong></span> 
     </span>
     <span class='ocr_line' id='line_1_7' title="bbox 93 598 1086 652; baseline -0.006 -13"><span class='ocrx_word' id='word_1_50' title='bbox 93 601 236 652; x_wconf 78' lang='lat' dir='ltr'><strong>pientia</strong></span> <span class='ocrx_word' id='word_1_51' title='bbox 251 613 335 650; x_wconf 85' lang='lat' dir='ltr'><strong>quae</strong></span> <span class='ocrx_word' id='word_1_52' title='bbox 356 601 396 637; x_wconf 85' lang='lat' dir='ltr'><strong>fit</strong></span> <span class='ocrx_word' id='word_1_53' title='bbox 424 613 494 649; x_wconf 90' lang='lat' dir='ltr'><strong>per</strong></span> <span class='ocrx_word' id='word_1_54' title='bbox 520 600 676 649; x_wconf 83' lang='lat' dir='ltr'><strong>gratiam</strong></span> <span class='ocrx_word' id='word_1_55' title='bbox 691 628 700 645; x_wconf 95' lang='lat'><strong>,</strong></span> <span class='ocrx_word' id='word_1_56' title='bbox 721 612 806 635; x_wconf 87' lang='lat' dir='ltr'><strong>cum</strong></span> <span class='ocrx_word' id='word_1_57' title='bbox 828 598 891 634; x_wconf 91' lang='lat' dir='ltr'><strong>illa</strong></span> <span class='ocrx_word' id='word_1_58' title='bbox 913 610 998 646; x_wconf 90' lang='lat' dir='ltr'><strong>quae</strong></span> <span class='ocrx_word' id='word_1_59' title='bbox 1018 610 1086 646; x_wconf 89' lang='lat' dir='ltr'><strong>per</strong></span> 
     </span>
     <span class='ocr_line' id='line_1_8' title="bbox 94 658 1084 708; baseline -0.006 -10"><span class='ocrx_word' id='word_1_60' title='bbox 94 670 267 699; x_wconf 87' lang='lat' dir='ltr'><strong>naturam</strong></span> <span class='ocrx_word' id='word_1_61' title='bbox 285 660 412 697; x_wconf 84' lang='lat' dir='ltr'><strong>existit</strong></span> <span class='ocrx_word' id='word_1_62' title='bbox 431 672 439 694; x_wconf 95' lang='lat'><strong>:</strong></span> <span class='ocrx_word' id='word_1_63' title='bbox 463 660 527 696; x_wconf 89' lang='lat' dir='ltr'><strong>illa</strong></span> <span class='ocrx_word' id='word_1_64' title='bbox 553 672 635 708; x_wconf 89' lang='lat' dir='ltr'><strong>quae</strong></span> <span class='ocrx_word' id='word_1_65' title='bbox 655 659 696 695; x_wconf 89' lang='lat' dir='ltr'><strong>fit</strong></span> <span class='ocrx_word' id='word_1_66' title='bbox 716 658 755 694; x_wconf 91' lang='lat' dir='ltr'><strong>in</strong></span> <span class='ocrx_word' id='word_1_67' title='bbox 784 666 972 707; x_wconf 89' lang='lat' dir='ltr'><strong>tempore,</strong></span> <span class='ocrx_word' id='word_1_68' title='bbox 999 669 1084 693; x_wconf 90' lang='lat' dir='ltr'><strong>cum</strong></span> 
     </span>
     <span class='ocr_line' id='line_1_9' title="bbox 97 718 745 771; baseline -0.006 -13"><span class='ocrx_word' id='word_1_69' title='bbox 97 721 162 758; x_wconf 88' lang='lat' dir='ltr'><strong>illa</strong></span> <span class='ocrx_word' id='word_1_70' title='bbox 177 734 261 771; x_wconf 86' lang='lat' dir='ltr'><strong>quae</strong></span> <span class='ocrx_word' id='word_1_71' title='bbox 280 728 367 756; x_wconf 90' lang='lat' dir='ltr'><strong>nata</strong></span> <span class='ocrx_word' id='word_1_72' title='bbox 385 727 441 756; x_wconf 92' lang='lat' dir='ltr'><strong>est</strong></span> <span class='ocrx_word' id='word_1_73' title='bbox 461 718 508 755; x_wconf 89' lang='lat' dir='ltr'><strong>ab</strong></span> <span class='ocrx_word' id='word_1_74' title='bbox 525 719 745 755; x_wconf 80' lang='lat' dir='ltr'><strong>aeternitate.</strong></span> 
     </span>
    </p>

    <p class='ocr_par' dir='ltr' id='par_1_6' title="bbox 90 777 1088 1122">
     <span class='ocr_line' id='line_1_10' title="bbox 147 777 1088 826; baseline -0.004 -10"><span class='ocrx_word' id='word_1_75' title='bbox 147 781 182 816; x_wconf 86' lang='lat'><strong>6.</strong></span> <span class='ocrx_word' id='word_1_76' title='bbox 200 779 237 816; x_wconf 94' lang='lat' dir='ltr'><strong>Si</strong></span> <span class='ocrx_word' id='word_1_77' title='bbox 256 779 335 815; x_wconf 87' lang='lat' dir='ltr'><strong>haec.</strong></span> <span class='ocrx_word' id='word_1_78' title='bbox 355 777 558 814; x_wconf 87' lang='lat' dir='ltr'><strong>distinxisti</strong></span> <span class='ocrx_word' id='word_1_79' title='bbox 574 777 613 813; x_wconf 89' lang='lat' dir='ltr'><strong>in</strong></span> <span class='ocrx_word' id='word_1_80' title='bbox 634 778 800 822; x_wconf 88' lang='lat' dir='ltr'><strong>Dilecto,</strong></span> <span class='ocrx_word' id='word_1_81' title='bbox 825 790 848 812; x_wconf 94' lang='grc' dir='ltr'>ο</span> <span class='ocrx_word' id='word_1_82' title='bbox 872 789 1010 826; x_wconf 88' lang='lat' dir='ltr'><strong>sponsa</strong></span> <span class='ocrx_word' id='word_1_83' title='bbox 1023 804 1032 822; x_wconf 92' lang='lat'><strong>,</strong></span> <span class='ocrx_word' id='word_1_84' title='bbox 1049 784 1088 812; x_wconf 93' lang='lat' dir='ltr'><strong>et</strong></span> 
     </span>
     <span class='ocr_line' id='line_1_11' title="bbox 93 835 1087 886; baseline -0.004 -11"><span class='ocrx_word' id='word_1_85' title='bbox 93 837 141 875; x_wconf 85' lang='lat' dir='ltr'><strong>ab</strong></span> <span class='ocrx_word' id='word_1_86' title='bbox 158 838 216 874; x_wconf 90' lang='lat' dir='ltr'><strong>his</strong></span> <span class='ocrx_word' id='word_1_87' title='bbox 235 850 320 886; x_wconf 86' lang='lat' dir='ltr'><strong>quae</strong></span> <span class='ocrx_word' id='word_1_88' title='bbox 336 835 445 885; x_wconf 86' lang='lat' dir='ltr'><strong>juxta</strong></span> <span class='ocrx_word' id='word_1_89' title='bbox 467 844 604 872; x_wconf 86' lang='lat' dir='ltr'><strong>statum</strong></span> <span class='ocrx_word' id='word_1_90' title='bbox 620 835 795 871; x_wconf 80' lang='lat' dir='ltr'><strong>humanae</strong></span> <span class='ocrx_word' id='word_1_91' title='bbox 811 835 1029 872; x_wconf 89' lang='lat' dir='ltr'><strong>substantiae</strong></span> <span class='ocrx_word' id='word_1_92' title='bbox 1047 835 1087 871; x_wconf 90' lang='lat' dir='ltr'><strong>in</strong></span> 
     </span>
     <span class='ocr_line' id='line_1_12' title="bbox 90 893 1085 944; baseline -0.003 -9"><span class='ocrx_word' id='word_1_93' title='bbox 90 897 156 935; x_wconf 86' lang='lat' dir='ltr'><strong>illo</strong></span> <span class='ocrx_word' id='word_1_94' title='bbox 175 904 265 933; x_wconf 88' lang='lat' dir='ltr'><strong>sunt</strong></span> <span class='ocrx_word' id='word_1_95' title='bbox 281 896 438 932; x_wconf 88' lang='lat' dir='ltr'><strong>virtutes</strong></span> <span class='ocrx_word' id='word_1_96' title='bbox 450 923 459 941; x_wconf 92' lang='lat'><strong>‚</strong></span> <span class='ocrx_word' id='word_1_97' title='bbox 480 894 527 931; x_wconf 90' lang='lat' dir='ltr'><strong>ad</strong></span> <span class='ocrx_word' id='word_1_98' title='bbox 540 893 654 933; x_wconf 84' lang='lat' dir='ltr'><strong>Verbi</strong></span> <span class='ocrx_word' id='word_1_99' title='bbox 668 894 904 944; x_wconf 80' lang='lat' dir='ltr'><strong>pertransisti</strong></span> <span class='ocrx_word' id='word_1_100' title='bbox 923 894 1085 940; x_wconf 85' lang='lat' dir='ltr'><strong>divitias,</strong></span> 
     </span>
     <span class='ocr_line' id='line_1_13' title="bbox 92 952 1086 1003; baseline -0.002 -12"><span class='ocrx_word' id='word_1_101' title='bbox 92 963 181 991; x_wconf 93' lang='lat' dir='ltr'><strong>tunc</strong></span> <span class='ocrx_word' id='word_1_102' title='bbox 190 954 278 1003; x_wconf 92' lang='lat' dir='ltr'><strong>jure</strong></span> <span class='ocrx_word' id='word_1_103' title='bbox 297 961 335 990; x_wconf 90' lang='lat' dir='ltr'><strong>et</strong></span> <span class='ocrx_word' id='word_1_104' title='bbox 347 953 576 989; x_wconf 85' lang='lat' dir='ltr'><strong>excellenter</strong></span> <span class='ocrx_word' id='word_1_105' title='bbox 591 952 715 988; x_wconf 87' lang='lat' dir='ltr'><strong>dicere</strong></span> <span class='ocrx_word' id='word_1_106' title='bbox 731 961 840 1001; x_wconf 90' lang='lat' dir='ltr'><strong>potes</strong></span> <span class='ocrx_word' id='word_1_107' title='bbox 859 965 867 987; x_wconf 75' lang='grc' dir='ltr'><strong><em>ε</em></strong></span> <span class='ocrx_word' id='word_1_108' title='bbox 884 954 1086 989; x_wconf 79' lang='lat' dir='ltr'><strong>Paululum</strong></span> 
     </span>
     <span class='ocr_line' id='line_1_14' title="bbox 91 1014 1086 1062; baseline -0.003 -11"><span class='ocrx_word' id='word_1_109' title='bbox 91 1028 173 1052; x_wconf 83' lang='lat' dir='ltr'><strong>cum</strong></span> <span class='ocrx_word' id='word_1_110' title='bbox 190 1018 472 1062; x_wconf 79' lang='lat' dir='ltr'><strong>pertransissem</strong></span> <span class='ocrx_word' id='word_1_111' title='bbox 491 1016 587 1056; x_wconf 85' lang='lat' dir='ltr'><strong>illos,</strong></span> <span class='ocrx_word' id='word_1_112' title='bbox 608 1016 730 1048; x_wconf 74' lang='lat' dir='ltr'><strong>inveni</strong></span> <span class='ocrx_word' id='word_1_113' title='bbox 743 1026 851 1060; x_wconf 79' lang='lat' dir='ltr'><strong>quem</strong></span> <span class='ocrx_word' id='word_1_114' title='bbox 868 1014 988 1061; x_wconf 82' lang='lat' dir='ltr'><strong>diligit</strong></span> <span class='ocrx_word' id='word_1_115' title='bbox 1003 1017 1086 1048; x_wconf 83' lang='lat' dir='ltr'><strong>ani-</strong></span> 
     </span>
     <span class='ocr_line' id='line_1_15' title="bbox 91 1071 1085 1122; baseline -0.002 -12"><span class='ocrx_word' id='word_1_116' title='bbox 91 1087 154 1110; x_wconf 84' lang='lat' dir='ltr'><strong>ma</strong></span> <span class='ocrx_word' id='word_1_117' title='bbox 183 1087 278 1110; x_wconf 86' lang='lat' dir='ltr'><strong>mea.</strong></span> <span class='ocrx_word' id='word_1_118' title='bbox 305 1072 378 1112; x_wconf 91' lang='lat' dir='ltr'><strong>Sed</strong></span> <span class='ocrx_word' id='word_1_119' title='bbox 401 1073 595 1122; x_wconf 90' lang='lat' dir='ltr'><strong>quomodo</strong></span> <span class='ocrx_word' id='word_1_120' title='bbox 620 1072 834 1122; x_wconf 89' lang='lat' dir='ltr'><strong>aptabimus</strong></span> <span class='ocrx_word' id='word_1_121' title='bbox 859 1072 952 1108; x_wconf 92' lang='lat' dir='ltr'><strong>illud</strong></span> <span class='ocrx_word' id='word_1_122' title='bbox 981 1071 1085 1121; x_wconf 90' lang='lat' dir='ltr'><strong>quod</strong></span> 
     </span>
    </p>
   </div>
   <div class='ocr_carea' id='block_1_6' title="bbox 1150 480 2149 1120">
    <p class='ocr_par' dir='ltr' id='par_1_7' title="bbox 1150 480 2149 1120">
     <span class='ocr_line' id='line_1_16' title="bbox 1152 480 2146 530; baseline 0.004 -16"><span class='ocrx_word' id='word_1_123' title='bbox 1152 491 1266 515; x_wconf 89' lang='lat' dir='ltr'><strong>mune</strong></span> <span class='ocrx_word' id='word_1_124' title='bbox 1299 488 1355 515; x_wconf 90' lang='lat' dir='ltr'><strong>est</strong></span> <span class='ocrx_word' id='word_1_125' title='bbox 1386 480 1555 515; x_wconf 88' lang='lat' dir='ltr'><strong>omnium</strong></span> <span class='ocrx_word' id='word_1_126' title='bbox 1584 480 1893 517; x_wconf 82' lang='lat' dir='ltr'><strong>intellectualium</strong></span> <span class='ocrx_word' id='word_1_127' title='bbox 1921 482 2146 530; x_wconf 87' lang='lat' dir='ltr'><strong>spirituum;</strong></span> 
     </span>
     <span class='ocr_line' id='line_1_17' title="bbox 1151 537 2147 586; baseline 0.005 -12"><span class='ocrx_word' id='word_1_128' title='bbox 1151 537 1374 584; x_wconf 87' lang='lat' dir='ltr'><strong>secundum,</strong></span> <span class='ocrx_word' id='word_1_129' title='bbox 1398 537 1603 575; x_wconf 85' lang='lat' dir='ltr'><strong>electorum</strong></span> <span class='ocrx_word' id='word_1_130' title='bbox 1628 548 1794 586; x_wconf 88' lang='lat' dir='ltr'><strong>tantum;</strong></span> <span class='ocrx_word' id='word_1_131' title='bbox 1824 541 1998 586; x_wconf 87' lang='lat' dir='ltr'><strong>tertium,</strong></span> <span class='ocrx_word' id='word_1_132' title='bbox 2031 542 2147 579; x_wconf 88' lang='lat' dir='ltr'><strong>solius</strong></span> 
     </span>
     <span class='ocr_line' id='line_1_18' title="bbox 1151 596 2147 649; baseline 0.006 -17"><span class='ocrx_word' id='word_1_133' title='bbox 1151 596 1308 633; x_wconf 85' lang='lat' dir='ltr'><strong>increati</strong></span> <span class='ocrx_word' id='word_1_134' title='bbox 1326 598 1492 647; x_wconf 87' lang='lat' dir='ltr'><strong>spiritus.</strong></span> <span class='ocrx_word' id='word_1_135' title='bbox 1510 601 1553 634; x_wconf 92' lang='lat' dir='ltr'><strong>In</strong></span> <span class='ocrx_word' id='word_1_136' title='bbox 1574 599 1698 647; x_wconf 87' lang='lat' dir='ltr'><strong>primo</strong></span> <span class='ocrx_word' id='word_1_137' title='bbox 1717 612 1838 649; x_wconf 85' lang='lat' dir='ltr'><strong>prope</strong></span> <span class='ocrx_word' id='word_1_138' title='bbox 1859 600 2084 647; x_wconf 86' lang='lat' dir='ltr'><strong>accedimus,</strong></span> <span class='ocrx_word' id='word_1_139' title='bbox 2108 601 2147 638; x_wconf 90' lang='lat' dir='ltr'><strong>in</strong></span> 
     </span>
     <span class='ocr_line' id='line_1_19' title="bbox 1152 655 2148 710; baseline 0.006 -19"><span class='ocrx_word' id='word_1_140' title='bbox 1152 655 1319 692; x_wconf 90' lang='lat' dir='ltr'><strong>secundo</strong></span> <span class='ocrx_word' id='word_1_141' title='bbox 1337 657 1524 705; x_wconf 82' lang='lat' dir='ltr'><strong>proxime,</strong></span> <span class='ocrx_word' id='word_1_142' title='bbox 1544 658 1696 693; x_wconf 89' lang='lat' dir='ltr'><strong>tertium</strong></span> <span class='ocrx_word' id='word_1_143' title='bbox 1717 658 1797 707; x_wconf 90' lang='lat' dir='ltr'><strong>ipse</strong></span> <span class='ocrx_word' id='word_1_144' title='bbox 1815 667 1881 695; x_wconf 89' lang='lat' dir='ltr'><strong>est.</strong></span> <span class='ocrx_word' id='word_1_145' title='bbox 1904 663 2027 710; x_wconf 85' lang='lat' dir='ltr'><strong>Prope</strong></span> <span class='ocrx_word' id='word_1_146' title='bbox 2043 674 2148 698; x_wconf 84' lang='lat' dir='ltr'><strong>arce-</strong></span> 
     </span>
     <span class='ocr_line' id='line_1_20' title="bbox 1152 714 2148 769; baseline 0.008 -20"><span class='ocrx_word' id='word_1_147' title='bbox 1152 714 1275 750; x_wconf 89' lang='lat' dir='ltr'><strong>dimus</strong></span> <span class='ocrx_word' id='word_1_148' title='bbox 1291 728 1360 764; x_wconf 88' lang='lat' dir='ltr'><strong>per</strong></span> <span class='ocrx_word' id='word_1_149' title='bbox 1379 715 1628 764; x_wconf 82' lang='lat' dir='ltr'><strong>aptitudinem</strong></span> <span class='ocrx_word' id='word_1_150' title='bbox 1640 744 1650 762; x_wconf 93' lang='lat'>‚</span> <span class='ocrx_word' id='word_1_151' title='bbox 1668 717 1839 765; x_wconf 77' lang='lat' dir='ltr'><strong>proxime</strong></span> <span class='ocrx_word' id='word_1_152' title='bbox 1856 731 1925 767; x_wconf 91' lang='lat' dir='ltr'><strong>per</strong></span> <span class='ocrx_word' id='word_1_153' title='bbox 1945 720 2148 769; x_wconf 79' lang='lat' dir='ltr'><strong>coaptatio-</strong></span> 
     </span>
     <span class='ocr_line' id='line_1_21' title="bbox 1151 776 2146 829; baseline 0.008 -20"><span class='ocrx_word' id='word_1_154' title='bbox 1151 787 1250 810; x_wconf 87' lang='lat' dir='ltr'><strong>nem.</strong></span> <span class='ocrx_word' id='word_1_155' title='bbox 1268 778 1394 824; x_wconf 87' lang='lat' dir='ltr'><strong>Prope</strong></span> <span class='ocrx_word' id='word_1_156' title='bbox 1421 787 1490 823; x_wconf 89' lang='lat' dir='ltr'><strong>per</strong></span> <span class='ocrx_word' id='word_1_157' title='bbox 1508 783 1651 811; x_wconf 78' lang='lat' dir='ltr'><strong>naturae</strong></span> <span class='ocrx_word' id='word_1_158' title='bbox 1672 776 1867 824; x_wconf 71' lang='lat' dir='ltr'><strong>primaeva,</strong></span> <span class='ocrx_word' id='word_1_159' title='bbox 1889 779 2061 826; x_wconf 83' lang='lat' dir='ltr'><strong>proxime</strong></span> <span class='ocrx_word' id='word_1_160' title='bbox 2079 793 2146 829; x_wconf 84' lang='lat' dir='ltr'><strong>per</strong></span> 
     </span>
     <span class='ocr_line' id='line_1_22' title="bbox 1150 834 2148 889; baseline 0.006 -19"><span class='ocrx_word' id='word_1_161' title='bbox 1150 834 1301 871; x_wconf 82' lang='lat' dir='ltr'><strong>virtutis</strong></span> <span class='ocrx_word' id='word_1_162' title='bbox 1329 835 1539 884; x_wconf 81' lang='lat' dir='ltr'><strong>privilegia.</strong></span> <span class='ocrx_word' id='word_1_163' title='bbox 1573 838 1720 885; x_wconf 89' lang='lat' dir='ltr'><strong>Prope,</strong></span> <span class='ocrx_word' id='word_1_164' title='bbox 1749 836 1837 884; x_wconf 87' lang='lat' dir='ltr'><strong>quia</strong></span> <span class='ocrx_word' id='word_1_165' title='bbox 1860 850 2032 886; x_wconf 80' lang='lat' dir='ltr'><strong>capace53</strong></span> <span class='ocrx_word' id='word_1_166' title='bbox 2056 853 2148 889; x_wconf 91' lang='lat' dir='ltr'><strong>pro-</strong></span> 
     </span>
     <span class='ocr_line' id='line_1_23' title="bbox 1152 893 2148 944; baseline 0.005 -14"><span class='ocrx_word' id='word_1_167' title='bbox 1152 893 1252 930; x_wconf 84' lang='lat' dir='ltr'><strong>xime</strong></span> <span class='ocrx_word' id='word_1_168' title='bbox 1266 922 1276 940; x_wconf 91' lang='lat'><strong>,</strong></span> <span class='ocrx_word' id='word_1_169' title='bbox 1298 894 1385 943; x_wconf 88' lang='lat' dir='ltr'><strong>quia</strong></span> <span class='ocrx_word' id='word_1_170' title='bbox 1403 894 1606 944; x_wconf 82' lang='lat' dir='ltr'><strong>capientes.</strong></span> <span class='ocrx_word' id='word_1_171' title='bbox 1625 898 1799 942; x_wconf 90' lang='lat' dir='ltr'><strong>Quonam</strong></span> <span class='ocrx_word' id='word_1_172' title='bbox 1820 896 1919 931; x_wconf 90' lang='lat' dir='ltr'><strong>enim</strong></span> <span class='ocrx_word' id='word_1_173' title='bbox 1940 897 2054 933; x_wconf 91' lang='lat' dir='ltr'><strong>modo</strong></span> <span class='ocrx_word' id='word_1_174' title='bbox 2069 911 2148 935; x_wconf 92' lang='lat' dir='ltr'><strong>non</strong></span> 
     </span>
     <span class='ocr_line' id='line_1_24' title="bbox 1153 951 2147 993; baseline 0.004 -4"><span class='ocrx_word' id='word_1_175' title='bbox 1153 951 1199 988; x_wconf 90' lang='lat' dir='ltr'><strong>de</strong></span> <span class='ocrx_word' id='word_1_176' title='bbox 1221 953 1346 990; x_wconf 91' lang='lat' dir='ltr'><strong>vicino</strong></span> <span class='ocrx_word' id='word_1_177' title='bbox 1372 953 1517 990; x_wconf 89' lang='lat' dir='ltr'><strong>accedit</strong></span> <span class='ocrx_word' id='word_1_178' title='bbox 1546 953 1810 990; x_wconf 85' lang='lat' dir='ltr'><strong>immortalitas</strong></span> <span class='ocrx_word' id='word_1_179' title='bbox 1835 954 1882 990; x_wconf 88' lang='lat' dir='ltr'><strong>ad</strong></span> <span class='ocrx_word' id='word_1_180' title='bbox 1902 955 2147 993; x_wconf 87' lang='lat' dir='ltr'><strong>immutabili-</strong></span> 
     </span>
     <span class='ocr_line' id='line_1_25' title="bbox 1151 1013 2149 1064; baseline 0.004 -15"><span class='ocrx_word' id='word_1_181' title='bbox 1151 1021 1278 1060; x_wconf 89' lang='lat' dir='ltr'><strong>tatem,</strong></span> <span class='ocrx_word' id='word_1_182' title='bbox 1289 1013 1578 1063; x_wconf 84' lang='lat' dir='ltr'><strong>incorporalitas</strong></span> <span class='ocrx_word' id='word_1_183' title='bbox 1588 1013 1635 1050; x_wconf 90' lang='lat' dir='ltr'><strong>ad</strong></span> <span class='ocrx_word' id='word_1_184' title='bbox 1647 1014 1938 1064; x_wconf 88' lang='lat' dir='ltr'><strong>simplicitatem,</strong></span> <span class='ocrx_word' id='word_1_185' title='bbox 1954 1015 2149 1053; x_wconf 86' lang='lat' dir='ltr'><strong>illocalitas</strong></span> 
     </span>
     <span class='ocr_line' id='line_1_26' title="bbox 1151 1072 2148 1120; baseline 0.004 -12"><span class='ocrx_word' id='word_1_186' title='bbox 1151 1072 1198 1108; x_wconf 89' lang='lat' dir='ltr'><strong>ad</strong></span> <span class='ocrx_word' id='word_1_187' title='bbox 1218 1072 1531 1118; x_wconf 83' lang='lat' dir='ltr'><strong>immensitatem3</strong></span> <span class='ocrx_word' id='word_1_188' title='bbox 1553 1073 1649 1109; x_wconf 89' lang='lat' dir='ltr'><strong>ratio</strong></span> <span class='ocrx_word' id='word_1_189' title='bbox 1666 1073 1712 1109; x_wconf 87' lang='lat' dir='ltr'><strong>ad</strong></span> <span class='ocrx_word' id='word_1_190' title='bbox 1727 1073 1940 1120; x_wconf 76' lang='lat' dir='ltr'><strong>veritatem,</strong></span> <span class='ocrx_word' id='word_1_191' title='bbox 1962 1075 2083 1112; x_wconf 86' lang='lat' dir='ltr'><strong>virtus</strong></span> <span class='ocrx_word' id='word_1_192' title='bbox 2101 1076 2148 1112; x_wconf 89' lang='lat' dir='ltr'><strong>ad</strong></span> 
     </span>
    </p>
   </div>
   <div class='ocr_carea' id='block_1_7' title="bbox 90 1130 2148 1184">
    <p class='ocr_par' dir='ltr' id='par_1_8' title="bbox 90 1130 2148 1184">
     <span class='ocr_line' id='line_1_27' title="bbox 90 1130 2148 1184; baseline 0.001 -14"><span class='ocrx_word' id='word_1_193' title='bbox 90 1133 265 1184; x_wconf 88' lang='lat' dir='ltr'><strong>ponitur,</strong></span> <span class='ocrx_word' id='word_1_194' title='bbox 296 1133 458 1179; x_wconf 89' lang='lat' dir='ltr'><strong>scilicet,</strong></span> <span class='ocrx_word' id='word_1_195' title='bbox 496 1136 696 1181; x_wconf 77' lang='lat' dir='ltr'><strong>paululum</strong></span> <span class='ocrx_word' id='word_1_196' title='bbox 710 1136 730 1168; x_wconf 68' lang='grc' dir='ltr'><strong>ι)</strong></span> <span class='ocrx_word' id='word_1_197' title='bbox 769 1131 1086 1169; x_wconf 85' lang='lat' dir='ltr'><strong>Inaestimabiliter</strong></span> <span class='ocrx_word' id='word_1_198' title='bbox 1102 1137 1130 1171; x_wconf 92' lang='lat' dir='ltr'><strong>B</strong></span> <span class='ocrx_word' id='word_1_199' title='bbox 1150 1130 1386 1168; x_wconf 85' lang='lat' dir='ltr'><strong>bonitatem?</strong></span> <span class='ocrx_word' id='word_1_200' title='bbox 1415 1135 1462 1169; x_wconf 91' lang='lat' dir='ltr'><strong>Et</strong></span> <span class='ocrx_word' id='word_1_201' title='bbox 1490 1141 1532 1168; x_wconf 91' lang='lat' dir='ltr'><strong>ut</strong></span> <span class='ocrx_word' id='word_1_202' title='bbox 1552 1133 1768 1181; x_wconf 88' lang='lat' dir='ltr'><strong>expressius</strong></span> <span class='ocrx_word' id='word_1_203' title='bbox 1788 1133 1940 1182; x_wconf 79' lang='lat' dir='ltr'><strong>loquar3</strong></span> <span class='ocrx_word' id='word_1_204' title='bbox 1957 1134 2048 1183; x_wconf 90' lang='lat' dir='ltr'><strong>quid</strong></span> <span class='ocrx_word' id='word_1_205' title='bbox 2068 1149 2148 1172; x_wconf 87' lang='lat' dir='ltr'><strong>esse</strong></span> 
     </span>
    </p>
   </div>
   <div class='ocr_carea' id='block_1_8' title="bbox 85 1191 1086 1889">
    <p class='ocr_par' dir='ltr' id='par_1_9' title="bbox 85 1191 1086 1889">
     <span class='ocr_line' id='line_1_28' title="bbox 89 1191 1084 1242; baseline -0.001 -13"><span class='ocrx_word' id='word_1_206' title='bbox 89 1200 278 1242; x_wconf 85' lang='lat' dir='ltr'><strong>praerogat</strong></span> <span class='ocrx_word' id='word_1_207' title='bbox 305 1192 410 1228; x_wconf 90' lang='lat' dir='ltr'><strong>omni</strong></span> <span class='ocrx_word' id='word_1_208' title='bbox 439 1200 622 1229; x_wconf 89' lang='lat' dir='ltr'><strong>creaturae</strong></span> <span class='ocrx_word' id='word_1_209' title='bbox 654 1191 783 1229; x_wconf 89' lang='lat' dir='ltr'><strong>divina</strong></span> <span class='ocrx_word' id='word_1_210' title='bbox 814 1191 1008 1241; x_wconf 87' lang='lat' dir='ltr'><strong>majestas,</strong></span> <span class='ocrx_word' id='word_1_211' title='bbox 1045 1200 1084 1228; x_wconf 89' lang='lat' dir='ltr'><strong>et</strong></span> 
     </span>
     <span class='ocr_line' id='line_1_29' title="bbox 89 1250 1084 1300; baseline 0 -13"><span class='ocrx_word' id='word_1_212' title='bbox 89 1251 197 1300; x_wconf 88' lang='lat' dir='ltr'><strong>quasi</strong></span> <span class='ocrx_word' id='word_1_213' title='bbox 217 1250 342 1288; x_wconf 87' lang='lat' dir='ltr'><strong>vicina</strong></span> <span class='ocrx_word' id='word_1_214' title='bbox 357 1259 396 1287; x_wconf 90' lang='lat' dir='ltr'><strong>et</strong></span> <span class='ocrx_word' id='word_1_215' title='bbox 416 1250 606 1288; x_wconf 88' lang='lat' dir='ltr'><strong>familiaris</strong></span> <span class='ocrx_word' id='word_1_216' title='bbox 629 1250 694 1297; x_wconf 90' lang='lat' dir='ltr'><strong>sit,</strong></span> <span class='ocrx_word' id='word_1_217' title='bbox 726 1251 818 1288; x_wconf 92' lang='lat' dir='ltr'><strong>dicit</strong></span> <span class='ocrx_word' id='word_1_218' title='bbox 841 1264 849 1286; x_wconf 91' lang='lat'>:</span> <span class='ocrx_word' id='word_1_219' title='bbox 877 1252 965 1287; x_wconf 86' lang='lat' dir='ltr'><strong>Cum</strong></span> <span class='ocrx_word' id='word_1_220' title='bbox 990 1264 1084 1300; x_wconf 81' lang='lat' dir='ltr'><strong>per-</strong></span> 
     </span>
     <span class='ocr_line' id='line_1_30' title="bbox 89 1312 1086 1359; baseline -0.001 -13"><span class='ocrx_word' id='word_1_221' title='bbox 89 1314 300 1347; x_wconf 79' lang='lat' dir='ltr'><strong>transissem</strong></span> <span class='ocrx_word' id='word_1_222' title='bbox 320 1313 404 1347; x_wconf 89' lang='lat' dir='ltr'><strong>illos</strong></span> <span class='ocrx_word' id='word_1_223' title='bbox 426 1312 648 1359; x_wconf 76' lang='lat' dir='ltr'><strong>paululum,</strong></span> <span class='ocrx_word' id='word_1_224' title='bbox 672 1315 795 1346; x_wconf 82' lang='lat' dir='ltr'><strong>inveni</strong></span> <span class='ocrx_word' id='word_1_225' title='bbox 821 1324 931 1359; x_wconf 80' lang='lat' dir='ltr'><strong>quem</strong></span> <span class='ocrx_word' id='word_1_226' title='bbox 957 1313 1086 1359; x_wconf 84' lang='lat' dir='ltr'><strong>diligit</strong></span> 
     </span>
     <span class='ocr_line' id='line_1_31' title="bbox 89 1369 1081 1418; baseline -0.001 -12"><span class='ocrx_word' id='word_1_227' title='bbox 89 1375 219 1406; x_wconf 84' lang='lat' dir='ltr'><strong>anima</strong></span> <span class='ocrx_word' id='word_1_228' title='bbox 242 1383 339 1406; x_wconf 87' lang='lat' dir='ltr'><strong>mea.</strong></span> <span class='ocrx_word' id='word_1_229' title='bbox 369 1369 543 1418; x_wconf 88' lang='lat' dir='ltr'><strong>Denique</strong></span> <span class='ocrx_word' id='word_1_230' title='bbox 562 1369 676 1406; x_wconf 85' lang='lat' dir='ltr'><strong>chaos</strong></span> <span class='ocrx_word' id='word_1_231' title='bbox 696 1382 872 1418; x_wconf 83' lang='lat' dir='ltr'><strong>magnum</strong></span> <span class='ocrx_word' id='word_1_232' title='bbox 891 1370 1081 1406; x_wconf 87' lang='lat' dir='ltr'><strong>firmatum</strong></span> 
     </span>
     <span class='ocr_line' id='line_1_32' title="bbox 88 1429 1085 1478; baseline -0.002 -12"><span class='ocrx_word' id='word_1_233' title='bbox 88 1438 146 1467; x_wconf 87' lang='lat' dir='ltr'><strong>est</strong></span> <span class='ocrx_word' id='word_1_234' title='bbox 163 1429 261 1466; x_wconf 88' lang='lat' dir='ltr'><strong>inter</strong></span> <span class='ocrx_word' id='word_1_235' title='bbox 274 1438 443 1466; x_wconf 82' lang='lat' dir='ltr'><strong>nostram</strong></span> <span class='ocrx_word' id='word_1_236' title='bbox 460 1437 497 1465; x_wconf 92' lang='lat' dir='ltr'><strong>et</strong></span> <span class='ocrx_word' id='word_1_237' title='bbox 511 1429 627 1478; x_wconf 89' lang='lat' dir='ltr'><strong>ipsius</strong></span> <span class='ocrx_word' id='word_1_238' title='bbox 644 1436 832 1465; x_wconf 88' lang='lat' dir='ltr'><strong>naturam.</strong></span> <span class='ocrx_word' id='word_1_239' title='bbox 846 1429 963 1476; x_wconf 89' lang='lat' dir='ltr'><strong>Quale</strong></span> <span class='ocrx_word' id='word_1_240' title='bbox 979 1441 1085 1478; x_wconf 86' lang='lat' dir='ltr'><strong>quae-</strong></span> 
     </span>
     <span class='ocr_line' id='line_1_33' title="bbox 89 1489 1082 1539; baseline -0.003 -13"><span class='ocrx_word' id='word_1_241' title='bbox 89 1489 140 1526; x_wconf 88' lang='lat' dir='ltr'><strong>ris</strong></span> <span class='ocrx_word' id='word_1_242' title='bbox 155 1489 291 1526; x_wconf 84' lang='lat' dir='ltr'><strong>chaos?</strong></span> <span class='ocrx_word' id='word_1_243' title='bbox 302 1490 444 1539; x_wconf 90' lang='lat' dir='ltr'><strong>Utique</strong></span> <span class='ocrx_word' id='word_1_244' title='bbox 461 1489 652 1525; x_wconf 89' lang='lat' dir='ltr'><strong>inanitatis</strong></span> <span class='ocrx_word' id='word_1_245' title='bbox 667 1497 817 1525; x_wconf 86' lang='lat' dir='ltr'><strong>nostrae.</strong></span> <span class='ocrx_word' id='word_1_246' title='bbox 839 1492 977 1525; x_wconf 81' lang='lat' dir='ltr'><strong>Omnes</strong></span> <span class='ocrx_word' id='word_1_247' title='bbox 988 1502 1082 1536; x_wconf 74' lang='lat' dir='ltr'><strong>gen-</strong></span> 
     </span>
     <span class='ocr_line' id='line_1_34' title="bbox 88 1549 1082 1599; baseline -0.003 -13"><span class='ocrx_word' id='word_1_248' title='bbox 88 1558 154 1595; x_wconf 79' lang='lat' dir='ltr'><strong>tes,</strong></span> <span class='ocrx_word' id='word_1_249' title='bbox 177 1549 228 1586; x_wconf 87' lang='lat' dir='ltr'><strong>ait</strong></span> <span class='ocrx_word' id='word_1_250' title='bbox 246 1549 452 1599; x_wconf 88' lang='lat' dir='ltr'><strong>propheta,</strong></span> <span class='ocrx_word' id='word_1_251' title='bbox 472 1550 583 1597; x_wconf 78' lang='lat' dir='ltr'><strong>quasi</strong></span> <span class='ocrx_word' id='word_1_252' title='bbox 595 1562 667 1583; x_wconf 86' lang='lat' dir='ltr'><strong>non</strong></span> <span class='ocrx_word' id='word_1_253' title='bbox 685 1550 769 1593; x_wconf 84' lang='lat' dir='ltr'><strong>sint,</strong></span> <span class='ocrx_word' id='word_1_254' title='bbox 789 1552 843 1584; x_wconf 80' lang='lat' dir='ltr'><strong>sic</strong></span> <span class='ocrx_word' id='word_1_255' title='bbox 856 1557 941 1584; x_wconf 76' lang='lat' dir='ltr'><strong>sunl</strong></span> <span class='ocrx_word' id='word_1_256' title='bbox 957 1561 1082 1583; x_wconf 78' lang='lat' dir='ltr'><strong>coram</strong></span> 
     </span>
     <span class='ocr_line' id='line_1_35' title="bbox 91 1609 1081 1658; baseline -0.001 -15"><span class='ocrx_word' id='word_1_257' title='bbox 91 1621 156 1653; x_wconf 86' lang='lat' dir='ltr'><strong>eo,</strong></span> <span class='ocrx_word' id='word_1_258' title='bbox 190 1617 227 1645; x_wconf 83' lang='lat' dir='ltr'><strong>et</strong></span> <span class='ocrx_word' id='word_1_259' title='bbox 245 1613 354 1658; x_wconf 76' lang='lat' dir='ltr'><strong>quasi</strong></span> <span class='ocrx_word' id='word_1_260' title='bbox 381 1609 477 1644; x_wconf 77' lang='lat' dir='ltr'><strong>nihil</strong></span> <span class='ocrx_word' id='word_1_261' title='bbox 497 1617 533 1644; x_wconf 81' lang='lat' dir='ltr'><strong>et</strong></span> <span class='ocrx_word' id='word_1_262' title='bbox 557 1612 671 1644; x_wconf 81' lang='lat' dir='ltr'><strong>inane</strong></span> <span class='ocrx_word' id='word_1_263' title='bbox 691 1617 876 1656; x_wconf 83' lang='lat' dir='ltr'><strong>reputatce</strong></span> <span class='ocrx_word' id='word_1_264' title='bbox 896 1616 982 1643; x_wconf 83' lang='lat' dir='ltr'><strong>sunt</strong></span> <span class='ocrx_word' id='word_1_265' title='bbox 999 1612 1034 1643; x_wconf 85' lang='lat' dir='ltr'><strong>ei</strong></span> <span class='ocrx_word' id='word_1_266' title='bbox 1057 1613 1081 1642; x_wconf 90' lang='lat'><strong>¹.</strong></span> 
     </span>
     <span class='ocr_line' id='line_1_36' title="bbox 89 1665 1083 1717; baseline -0.001 -14"><span class='ocrx_word' id='word_1_267' title='bbox 89 1669 181 1703; x_wconf 89' lang='lat' dir='ltr'><strong>Jure</strong></span> <span class='ocrx_word' id='word_1_268' title='bbox 200 1667 323 1704; x_wconf 90' lang='lat' dir='ltr'><strong>inanis</strong></span> <span class='ocrx_word' id='word_1_269' title='bbox 339 1675 538 1717; x_wconf 90' lang='lat' dir='ltr'><strong>reputatur</strong></span> <span class='ocrx_word' id='word_1_270' title='bbox 555 1675 684 1703; x_wconf 88' lang='lat' dir='ltr'><strong>nostra</strong></span> <span class='ocrx_word' id='word_1_271' title='bbox 702 1665 931 1712; x_wconf 88' lang='lat' dir='ltr'><strong>substantia,</strong></span> <span class='ocrx_word' id='word_1_272' title='bbox 954 1666 991 1702; x_wconf 93' lang='lat' dir='ltr'><strong>in</strong></span> <span class='ocrx_word' id='word_1_273' title='bbox 1014 1679 1083 1702; x_wconf 85' lang='lat' dir='ltr'><strong>cu·-</strong></span> 
     </span>
     <span class='ocr_line' id='line_1_37' title="bbox 85 1724 1083 1776; baseline -0.001 -14"><span class='ocrx_word' id='word_1_274' title='bbox 85 1724 149 1774; x_wconf 90' lang='lat' dir='ltr'><strong>jus</strong></span> <span class='ocrx_word' id='word_1_275' title='bbox 162 1726 418 1776; x_wconf 89' lang='lat' dir='ltr'><strong>assumptione</strong></span> <span class='ocrx_word' id='word_1_276' title='bbox 438 1726 647 1762; x_wconf 79' lang='lat' dir='ltr'><strong>exinanisse</strong></span> <span class='ocrx_word' id='word_1_277' title='bbox 669 1738 708 1762; x_wconf 90' lang='lat' dir='ltr'><strong>se</strong></span> <span class='ocrx_word' id='word_1_278' title='bbox 726 1725 864 1761; x_wconf 91' lang='lat' dir='ltr'><strong>dicitur</strong></span> <span class='ocrx_word' id='word_1_279' title='bbox 879 1726 942 1762; x_wconf 91' lang='lat' dir='ltr'><strong>illa</strong></span> <span class='ocrx_word' id='word_1_280' title='bbox 960 1725 1083 1775; x_wconf 90' lang='lat' dir='ltr'><strong>pleni-</strong></span> 
     </span>
     <span class='ocr_line' id='line_1_38' title="bbox 92 1784 1083 1835; baseline 0 -14"><span class='ocrx_word' id='word_1_281' title='bbox 92 1784 199 1822; x_wconf 88' lang='lat' dir='ltr'><strong>tudo.</strong></span> <span class='ocrx_word' id='word_1_282' title='bbox 228 1789 320 1834; x_wconf 84' lang='lat' dir='ltr'><strong>Quae</strong></span> <span class='ocrx_word' id='word_1_283' title='bbox 343 1798 432 1835; x_wconf 84' lang='lat' dir='ltr'><strong>ergo</strong></span> <span class='ocrx_word' id='word_1_284' title='bbox 459 1785 599 1835; x_wconf 90' lang='lat' dir='ltr'><strong>poterit</strong></span> <span class='ocrx_word' id='word_1_285' title='bbox 618 1784 798 1834; x_wconf 84' lang='lat' dir='ltr'><strong>assignari</strong></span> <span class='ocrx_word' id='word_1_286' title='bbox 817 1785 1083 1821; x_wconf 86' lang='lat' dir='ltr'><strong>convenientia</strong></span> 
     </span>
     <span class='ocr_line' id='line_1_39' title="bbox 90 1845 1082 1889; baseline -0.001 -7"><span class='ocrx_word' id='word_1_287' title='bbox 90 1852 128 1881; x_wconf 88' lang='lat' dir='ltr'><strong>et</strong></span> <span class='ocrx_word' id='word_1_288' title='bbox 154 1845 328 1882; x_wconf 87' lang='lat' dir='ltr'><strong>vicinitas</strong></span> <span class='ocrx_word' id='word_1_289' title='bbox 350 1845 473 1882; x_wconf 89' lang='lat' dir='ltr'><strong>inanis</strong></span> <span class='ocrx_word' id='word_1_290' title='bbox 492 1859 576 1882; x_wconf 92' lang='lat' dir='ltr'><strong>cum</strong></span> <span class='ocrx_word' id='word_1_291' title='bbox 596 1845 740 1889; x_wconf 90' lang='lat' dir='ltr'><strong>solido,</strong></span> <span class='ocrx_word' id='word_1_292' title='bbox 765 1845 870 1881; x_wconf 85' lang='lat' dir='ltr'><strong>nihili</strong></span> <span class='ocrx_word' id='word_1_293' title='bbox 895 1858 980 1881; x_wconf 88' lang='lat' dir='ltr'><strong>cum</strong></span> <span class='ocrx_word' id='word_1_294' title='bbox 1008 1845 1082 1881; x_wconf 88' lang='lat' dir='ltr'><strong>im-</strong></span> 
     </span>
    </p>
   </div>
   <div class='ocr_carea' id='block_1_9' title="bbox 1147 1191 2150 1894">
    <p class='ocr_par' dir='ltr' id='par_1_10' title="bbox 1147 1191 2150 1894">
     <span class='ocr_line' id='line_1_40' title="bbox 1147 1191 2148 1244; baseline 0.004 -16"><span class='ocrx_word' id='word_1_295' title='bbox 1147 1192 1307 1228; x_wconf 90' lang='lat' dir='ltr'><strong>vicinius</strong></span> <span class='ocrx_word' id='word_1_296' title='bbox 1318 1201 1354 1228; x_wconf 93' lang='lat' dir='ltr'><strong>et</strong></span> <span class='ocrx_word' id='word_1_297' title='bbox 1367 1191 1525 1229; x_wconf 89' lang='lat' dir='ltr'><strong>similius</strong></span> <span class='ocrx_word' id='word_1_298' title='bbox 1538 1200 1663 1242; x_wconf 88' lang='lat' dir='ltr'><strong>potest</strong></span> <span class='ocrx_word' id='word_1_299' title='bbox 1678 1205 1790 1242; x_wconf 90' lang='lat' dir='ltr'><strong>quam</strong></span> <span class='ocrx_word' id='word_1_300' title='bbox 1803 1193 1984 1242; x_wconf 87' lang='lat' dir='ltr'><strong>sapientia</strong></span> <span class='ocrx_word' id='word_1_301' title='bbox 1997 1195 2148 1244; x_wconf 90' lang='lat' dir='ltr'><strong>sapien-</strong></span> 
     </span>
     <span class='ocr_line' id='line_1_41' title="bbox 1149 1249 2150 1300; baseline 0.004 -13"><span class='ocrx_word' id='word_1_302' title='bbox 1149 1250 1220 1294; x_wconf 87' lang='lat' dir='ltr'><strong>tiae,</strong></span> <span class='ocrx_word' id='word_1_303' title='bbox 1240 1249 1386 1299; x_wconf 89' lang='lat' dir='ltr'><strong>justitia</strong></span> <span class='ocrx_word' id='word_1_304' title='bbox 1398 1250 1572 1300; x_wconf 82' lang='lat' dir='ltr'><strong>justitiae3</strong></span> <span class='ocrx_word' id='word_1_305' title='bbox 1587 1264 1700 1300; x_wconf 89' lang='lat' dir='ltr'><strong>quam</strong></span> <span class='ocrx_word' id='word_1_306' title='bbox 1715 1252 1922 1289; x_wconf 87' lang='lat' dir='ltr'><strong>illuminata</strong></span> <span class='ocrx_word' id='word_1_307' title='bbox 1933 1253 2150 1291; x_wconf 88' lang='lat' dir='ltr'><strong>illuminan-</strong></span> 
     </span>
     <span class='ocr_line' id='line_1_42' title="bbox 1149 1308 2148 1362; baseline 0.005 -16"><span class='ocrx_word' id='word_1_308' title='bbox 1149 1308 1650 1359; x_wconf 80' lang='lat' dir='ltr'><strong>ti,justificantijustificata?</strong></span> <span class='ocrx_word' id='word_1_309' title='bbox 1665 1310 1757 1359; x_wconf 90' lang='lat' dir='ltr'><strong>quid</strong></span> <span class='ocrx_word' id='word_1_310' title='bbox 1768 1311 1925 1348; x_wconf 90' lang='lat' dir='ltr'><strong>similius</strong></span> <span class='ocrx_word' id='word_1_311' title='bbox 1937 1312 2020 1358; x_wconf 89' lang='lat' dir='ltr'><strong>alii,</strong></span> <span class='ocrx_word' id='word_1_312' title='bbox 2036 1327 2148 1362; x_wconf 88' lang='lat' dir='ltr'><strong>quam</strong></span> 
     </span>
     <span class='ocr_line' id='line_1_43' title="bbox 1148 1369 2147 1416; baseline 0.003 -10"><span class='ocrx_word' id='word_1_313' title='bbox 1148 1369 1378 1406; x_wconf 81' lang='lat' dir='ltr'><strong>causativum</strong></span> <span class='ocrx_word' id='word_1_314' title='bbox 1397 1382 1540 1416; x_wconf 86' lang='lat' dir='ltr'><strong>causae,</strong></span> <span class='ocrx_word' id='word_1_315' title='bbox 1570 1370 1772 1406; x_wconf 87' lang='lat' dir='ltr'><strong>formatum</strong></span> <span class='ocrx_word' id='word_1_316' title='bbox 1797 1370 1953 1408; x_wconf 81' lang='lat' dir='ltr'><strong>formae?</strong></span> <span class='ocrx_word' id='word_1_317' title='bbox 1978 1375 2069 1408; x_wconf 74' lang='lat' dir='ltr'><strong>Nam</strong></span> <span class='ocrx_word' id='word_1_318' title='bbox 2108 1372 2147 1409; x_wconf 91' lang='lat' dir='ltr'><strong>in</strong></span> 
     </span>
     <span class='ocr_line' id='line_1_44' title="bbox 1151 1429 2148 1479; baseline 0.004 -14"><span class='ocrx_word' id='word_1_319' title='bbox 1151 1429 1313 1466; x_wconf 88' lang='lat' dir='ltr'><strong>formato</strong></span> <span class='ocrx_word' id='word_1_320' title='bbox 1325 1429 1402 1466; x_wconf 87' lang='lat' dir='ltr'><strong>fere</strong></span> <span class='ocrx_word' id='word_1_321' title='bbox 1419 1430 1511 1466; x_wconf 87' lang='lat' dir='ltr'><strong>nihil</strong></span> <span class='ocrx_word' id='word_1_322' title='bbox 1530 1429 1634 1466; x_wconf 87' lang='lat' dir='ltr'><strong>aliud</strong></span> <span class='ocrx_word' id='word_1_323' title='bbox 1651 1429 1859 1466; x_wconf 85' lang='lat' dir='ltr'><strong>attenditur</strong></span> <span class='ocrx_word' id='word_1_324' title='bbox 1883 1444 1995 1479; x_wconf 89' lang='lat' dir='ltr'><strong>quam</strong></span> <span class='ocrx_word' id='word_1_325' title='bbox 2016 1432 2148 1469; x_wconf 85' lang='lat' dir='ltr'><strong>forma.</strong></span> 
     </span>
     <span class='ocr_line' id='line_1_45' title="bbox 1149 1489 2148 1539; baseline 0.005 -15"><span class='ocrx_word' id='word_1_326' title='bbox 1149 1489 1322 1538; x_wconf 87' lang='lat' dir='ltr'><strong>Denique</strong></span> <span class='ocrx_word' id='word_1_327' title='bbox 1351 1498 1388 1525; x_wconf 90' lang='lat' dir='ltr'><strong>et</strong></span> <span class='ocrx_word' id='word_1_328' title='bbox 1407 1489 1510 1539; x_wconf 89' lang='lat' dir='ltr'><strong>quod</strong></span> <span class='ocrx_word' id='word_1_329' title='bbox 1527 1489 1636 1526; x_wconf 89' lang='lat' dir='ltr'><strong>dulce</strong></span> <span class='ocrx_word' id='word_1_330' title='bbox 1651 1497 1728 1534; x_wconf 91' lang='lat' dir='ltr'><strong>est,</strong></span> <span class='ocrx_word' id='word_1_331' title='bbox 1755 1502 1870 1539; x_wconf 89' lang='lat' dir='ltr'><strong>super</strong></span> <span class='ocrx_word' id='word_1_332' title='bbox 1882 1490 2011 1527; x_wconf 84' lang='lat' dir='ltr'><strong>onmia</strong></span> <span class='ocrx_word' id='word_1_333' title='bbox 2028 1492 2148 1529; x_wconf 90' lang='lat' dir='ltr'><strong>simile</strong></span> 
     </span>
     <span class='ocr_line' id='line_1_46' title="bbox 1148 1547 2145 1598; baseline 0.003 -14"><span class='ocrx_word' id='word_1_334' title='bbox 1148 1547 1302 1584; x_wconf 80' lang='lat' dir='ltr'><strong>videtur</strong></span> <span class='ocrx_word' id='word_1_335' title='bbox 1321 1548 1534 1595; x_wconf 82' lang='lat' dir='ltr'><strong>dulcedini3</strong></span> <span class='ocrx_word' id='word_1_336' title='bbox 1569 1557 1606 1585; x_wconf 91' lang='lat' dir='ltr'><strong>et</strong></span> <span class='ocrx_word' id='word_1_337' title='bbox 1632 1548 1736 1598; x_wconf 90' lang='lat' dir='ltr'><strong>quod</strong></span> <span class='ocrx_word' id='word_1_338' title='bbox 1770 1548 1938 1585; x_wconf 85' lang='lat' dir='ltr'><strong>lucidum</strong></span> <span class='ocrx_word' id='word_1_339' title='bbox 1959 1558 2036 1596; x_wconf 86' lang='lat' dir='ltr'><strong>est,</strong></span> <span class='ocrx_word' id='word_1_340' title='bbox 2059 1551 2145 1588; x_wconf 88' lang='lat' dir='ltr'><strong>luci.</strong></span> 
     </span>
     <span class='ocr_line' id='line_1_47' title="bbox 1148 1607 2149 1659; baseline 0.004 -16"><span class='ocrx_word' id='word_1_341' title='bbox 1148 1609 1280 1656; x_wconf 89' lang='lat' dir='ltr'><strong>Itaque</strong></span> <span class='ocrx_word' id='word_1_342' title='bbox 1306 1609 1523 1658; x_wconf 86' lang='lat' dir='ltr'><strong>proximum</strong></span> <span class='ocrx_word' id='word_1_343' title='bbox 1562 1621 1639 1644; x_wconf 94' lang='lat' dir='ltr'><strong>non</strong></span> <span class='ocrx_word' id='word_1_344' title='bbox 1673 1607 1811 1657; x_wconf 88' lang='lat' dir='ltr'><strong>injuste</strong></span> <span class='ocrx_word' id='word_1_345' title='bbox 1841 1608 2013 1654; x_wconf 72' lang='lat' dir='ltr'><strong>videtur,</strong></span> <span class='ocrx_word' id='word_1_346' title='bbox 2044 1610 2149 1659; x_wconf 89' lang='lat' dir='ltr'><strong>quod</strong></span> 
     </span>
     <span class='ocr_line' id='line_1_48' title="bbox 1147 1666 2147 1717; baseline 0.005 -16"><span class='ocrx_word' id='word_1_347' title='bbox 1147 1666 1201 1702; x_wconf 92' lang='lat' dir='ltr'><strong>illi</strong></span> <span class='ocrx_word' id='word_1_348' title='bbox 1235 1675 1336 1704; x_wconf 88' lang='lat' dir='ltr'><strong>tanta</strong></span> <span class='ocrx_word' id='word_1_349' title='bbox 1364 1668 1601 1704; x_wconf 65' lang='lat' dir='ltr'><strong>aemulatione</strong></span> <span class='ocrx_word' id='word_1_350' title='bbox 1622 1667 1885 1716; x_wconf 85' lang='lat' dir='ltr'><strong>componitur;</strong></span> <span class='ocrx_word' id='word_1_351' title='bbox 1908 1669 2147 1717; x_wconf 82' lang='lat' dir='ltr'><strong>proximum,</strong></span> 
     </span>
     <span class='ocr_line' id='line_1_49' title="bbox 1147 1725 2150 1776; baseline 0.004 -14"><span class='ocrx_word' id='word_1_352' title='bbox 1147 1725 1236 1774; x_wconf 90' lang='lat' dir='ltr'><strong>quia</strong></span> <span class='ocrx_word' id='word_1_353' title='bbox 1270 1727 1361 1763; x_wconf 89' lang='lat' dir='ltr'><strong>nihil</strong></span> <span class='ocrx_word' id='word_1_354' title='bbox 1396 1728 1665 1776; x_wconf 88' lang='lat' dir='ltr'><strong>interponitur.</strong></span> <span class='ocrx_word' id='word_1_355' title='bbox 1691 1730 1784 1763; x_wconf 65' lang='lat' dir='ltr'><strong>Nam</strong></span> <span class='ocrx_word' id='word_1_356' title='bbox 1820 1727 1888 1763; x_wconf 89' lang='lat' dir='ltr'><strong>etsi</strong></span> <span class='ocrx_word' id='word_1_357' title='bbox 1915 1728 2059 1765; x_wconf 87' lang='lat' dir='ltr'><strong>linitum</strong></span> <span class='ocrx_word' id='word_1_358' title='bbox 2083 1743 2150 1767; x_wconf 93' lang='lat' dir='ltr'><strong>no-</strong></span> 
     </span>
     <span class='ocr_line' id='line_1_50' title="bbox 1147 1784 2147 1835; baseline 0.005 -15"><span class='ocrx_word' id='word_1_359' title='bbox 1147 1793 1264 1821; x_wconf 88' lang='lat' dir='ltr'><strong>strum</strong></span> <span class='ocrx_word' id='word_1_360' title='bbox 1285 1784 1633 1835; x_wconf 85' lang='lat' dir='ltr'><strong>incomparabiliter</strong></span> <span class='ocrx_word' id='word_1_361' title='bbox 1652 1784 1800 1821; x_wconf 79' lang='lat' dir='ltr'><strong>excedit</strong></span> <span class='ocrx_word' id='word_1_362' title='bbox 1826 1785 1964 1822; x_wconf 70' lang='lat' dir='ltr'><strong>divinae</strong></span> <span class='ocrx_word' id='word_1_363' title='bbox 1984 1787 2147 1825; x_wconf 90' lang='lat' dir='ltr'><strong>immen-</strong></span> 
     </span>
     <span class='ocr_line' id='line_1_51' title="bbox 1147 1845 2146 1894; baseline 0.003 -13"><span class='ocrx_word' id='word_1_364' title='bbox 1147 1845 1265 1882; x_wconf 87' lang='lat' dir='ltr'><strong>sitatis</strong></span> <span class='ocrx_word' id='word_1_365' title='bbox 1302 1846 1486 1891; x_wconf 83' lang='lat' dir='ltr'><strong>infinitas3</strong></span> <span class='ocrx_word' id='word_1_366' title='bbox 1522 1845 1692 1894; x_wconf 77' lang='lat' dir='ltr'><strong>imaginis</strong></span> <span class='ocrx_word' id='word_1_367' title='bbox 1721 1853 1843 1881; x_wconf 87' lang='lat' dir='ltr'><strong>tamen</strong></span> <span class='ocrx_word' id='word_1_368' title='bbox 1875 1845 1922 1882; x_wconf 90' lang='lat' dir='ltr'><strong>ad</strong></span> <span class='ocrx_word' id='word_1_369' title='bbox 1948 1847 2146 1884; x_wconf 73' lang='lat' dir='ltr'><strong>veritatem</strong></span> 
     </span>
    </p>
   </div>
   <div class='ocr_carea' id='block_1_10' title="bbox 91 1904 1889 1954">
    <p class='ocr_par' dir='ltr' id='par_1_11' title="bbox 91 1904 1889 1954">
     <span class='ocr_line' id='line_1_52' title="bbox 91 1904 1889 1954; baseline -0.001 -12"><span class='ocrx_word' id='word_1_370' title='bbox 91 1906 248 1942; x_wconf 82' lang='lat' dir='ltr'><strong>menso?</strong></span> <span class='ocrx_word' id='word_1_371' title='bbox 264 1909 348 1954; x_wconf 88' lang='lat' dir='ltr'><strong>Qua</strong></span> <span class='ocrx_word' id='word_1_372' title='bbox 366 1918 456 1954; x_wconf 81' lang='lat' dir='ltr'><strong>ergo</strong></span> <span class='ocrx_word' id='word_1_373' title='bbox 474 1905 620 1942; x_wconf 89' lang='lat' dir='ltr'><strong>ratione</strong></span> <span class='ocrx_word' id='word_1_374' title='bbox 643 1904 733 1940; x_wconf 91' lang='lat' dir='ltr'><strong>dicit</strong></span> <span class='ocrx_word' id='word_1_375' title='bbox 753 1917 760 1939; x_wconf 93' lang='lat'><strong>:</strong></span> <span class='ocrx_word' id='word_1_376' title='bbox 781 1906 981 1940; x_wconf 72' lang='lat' dir='ltr'><strong>Paululam</strong></span> <span class='ocrx_word' id='word_1_377' title='bbox 998 1918 1079 1940; x_wconf 78' lang='lat' dir='ltr'><strong>cum</strong></span> <span class='ocrx_word' id='word_1_378' title='bbox 1100 1909 1127 1944; x_wconf 93' lang='lat' dir='ltr'>C</span> <span class='ocrx_word' id='word_1_379' title='bbox 1147 1905 1332 1942; x_wconf 90' lang='lat' dir='ltr'><strong>nonnulla</strong></span> <span class='ocrx_word' id='word_1_380' title='bbox 1353 1905 1586 1954; x_wconf 79' lang='lat' dir='ltr'><strong>dignoscitur</strong></span> <span class='ocrx_word' id='word_1_381' title='bbox 1605 1917 1686 1941; x_wconf 87' lang='lat' dir='ltr'><strong>esse</strong></span> <span class='ocrx_word' id='word_1_382' title='bbox 1714 1904 1889 1941; x_wconf 83' lang='lat' dir='ltr'><strong>affinitas.</strong></span> 
     </span>
    </p>
   </div>
   <div class='ocr_carea' id='block_1_11' title="bbox 86 1967 1088 2667">
    <p class='ocr_par' dir='ltr' id='par_1_12' title="bbox 86 1967 1088 2358">
     <span class='ocr_line' id='line_1_53' title="bbox 86 1967 1087 2014; baseline -0.004 -12"><span class='ocrx_word' id='word_1_383' title='bbox 86 1970 372 2014; x_wconf 80' lang='lat' dir='ltr'><strong>pertransissem</strong></span> <span class='ocrx_word' id='word_1_384' title='bbox 405 1968 488 2001; x_wconf 76' lang='lat' dir='ltr'><strong>illos</strong></span> <span class='ocrx_word' id='word_1_385' title='bbox 500 1994 511 2010; x_wconf 91' lang='lat'><em>‚</em></span> <span class='ocrx_word' id='word_1_386' title='bbox 537 1969 657 2001; x_wconf 81' lang='lat' dir='ltr'><strong>inveni</strong></span> <span class='ocrx_word' id='word_1_387' title='bbox 676 1978 784 2012; x_wconf 83' lang='lat' dir='ltr'><strong>quem</strong></span> <span class='ocrx_word' id='word_1_388' title='bbox 805 1967 932 2013; x_wconf 78' lang='lat' dir='ltr'><strong>diligit</strong></span> <span class='ocrx_word' id='word_1_389' title='bbox 959 1968 1087 1999; x_wconf 81' lang='lat' dir='ltr'><strong>anima</strong></span> 
     </span>
     <span class='ocr_line' id='line_1_54' title="bbox 90 2023 1088 2075; baseline 0 -16"><span class='ocrx_word' id='word_1_390' title='bbox 90 2027 201 2061; x_wconf 72' lang='lat' dir='ltr'><strong>mea?</strong></span> <span class='ocrx_word' id='word_1_391' title='bbox 214 2029 273 2062; x_wconf 90' lang='lat' dir='ltr'><strong>An</strong></span> <span class='ocrx_word' id='word_1_392' title='bbox 288 2026 384 2062; x_wconf 88' lang='lat' dir='ltr'><strong>forte</strong></span> <span class='ocrx_word' id='word_1_393' title='bbox 400 2025 606 2075; x_wconf 82' lang='lat' dir='ltr'><strong>pennigera</strong></span> <span class='ocrx_word' id='word_1_394' title='bbox 622 2024 861 2069; x_wconf 86' lang='lat' dir='ltr'><strong>estcharitas,</strong></span> <span class='ocrx_word' id='word_1_395' title='bbox 881 2032 918 2060; x_wconf 93' lang='lat' dir='ltr'><strong>et</strong></span> <span class='ocrx_word' id='word_1_396' title='bbox 931 2023 1088 2073; x_wconf 84' lang='lat' dir='ltr'><strong>praepeti</strong></span> 
     </span>
     <span class='ocr_line' id='line_1_55' title="bbox 91 2081 1087 2133; baseline -0.003 -12"><span class='ocrx_word' id='word_1_397' title='bbox 91 2084 222 2121; x_wconf 88' lang='lat' dir='ltr'><strong>volatu</strong></span> <span class='ocrx_word' id='word_1_398' title='bbox 249 2084 416 2121; x_wconf 88' lang='lat' dir='ltr'><strong>ardentis</strong></span> <span class='ocrx_word' id='word_1_399' title='bbox 446 2083 624 2121; x_wconf 86' lang='lat' dir='ltr'><strong>desiderii</strong></span> <span class='ocrx_word' id='word_1_400' title='bbox 658 2083 882 2133; x_wconf 90' lang='lat' dir='ltr'><strong>interjacens</strong></span> <span class='ocrx_word' id='word_1_401' title='bbox 910 2083 1001 2128; x_wconf 88' lang='lat' dir='ltr'><strong>hoc,</strong></span> <span class='ocrx_word' id='word_1_402' title='bbox 1041 2081 1087 2118; x_wconf 88' lang='lat' dir='ltr'><strong>de</strong></span> 
     </span>
     <span class='ocr_line' id='line_1_56' title="bbox 90 2141 1085 2193; baseline -0.003 -13"><span class='ocrx_word' id='word_1_403' title='bbox 90 2157 168 2193; x_wconf 90' lang='lat' dir='ltr'><strong>quo</strong></span> <span class='ocrx_word' id='word_1_404' title='bbox 187 2144 393 2193; x_wconf 86' lang='lat' dir='ltr'><strong>loquimur,</strong></span> <span class='ocrx_word' id='word_1_405' title='bbox 414 2144 656 2193; x_wconf 88' lang='lat' dir='ltr'><strong>praetervolat</strong></span> <span class='ocrx_word' id='word_1_406' title='bbox 672 2145 856 2179; x_wconf 86' lang='lat' dir='ltr'><strong>vacuum?</strong></span> <span class='ocrx_word' id='word_1_407' title='bbox 874 2143 1012 2191; x_wconf 91' lang='lat' dir='ltr'><strong>Utique</strong></span> <span class='ocrx_word' id='word_1_408' title='bbox 1033 2141 1085 2177; x_wconf 92' lang='lat' dir='ltr'><strong>sic</strong></span> 
     </span>
     <span class='ocr_line' id='line_1_57' title="bbox 92 2200 1084 2250; baseline -0.003 -11"><span class='ocrx_word' id='word_1_409' title='bbox 92 2202 287 2239; x_wconf 89' lang='lat' dir='ltr'><strong>assentior.</strong></span> <span class='ocrx_word' id='word_1_410' title='bbox 309 2206 402 2240; x_wconf 84' lang='lat' dir='ltr'><strong>Nam</strong></span> <span class='ocrx_word' id='word_1_411' title='bbox 432 2215 581 2248; x_wconf 91' lang='lat' dir='ltr'><strong>amare,</strong></span> <span class='ocrx_word' id='word_1_412' title='bbox 607 2201 686 2250; x_wconf 90' lang='lat' dir='ltr'><strong>jam</strong></span> <span class='ocrx_word' id='word_1_413' title='bbox 716 2210 844 2238; x_wconf 90' lang='lat' dir='ltr'><strong>tenere</strong></span> <span class='ocrx_word' id='word_1_414' title='bbox 876 2209 952 2247; x_wconf 88' lang='lat' dir='ltr'><strong>est;</strong></span> <span class='ocrx_word' id='word_1_415' title='bbox 971 2200 1084 2237; x_wconf 84' lang='lat' dir='ltr'><strong>etiam</strong></span> 
     </span>
     <span class='ocr_line' id='line_1_58' title="bbox 91 2259 1084 2309; baseline -0.003 -10"><span class='ocrx_word' id='word_1_416' title='bbox 91 2262 287 2299; x_wconf 87' lang='lat' dir='ltr'><strong>assimilari</strong></span> <span class='ocrx_word' id='word_1_417' title='bbox 305 2270 342 2298; x_wconf 91' lang='lat' dir='ltr'><strong>et</strong></span> <span class='ocrx_word' id='word_1_418' title='bbox 367 2262 467 2298; x_wconf 87' lang='lat' dir='ltr'><strong>uniri</strong></span> <span class='ocrx_word' id='word_1_419' title='bbox 489 2269 556 2298; x_wconf 90' lang='lat' dir='ltr'><strong>est.</strong></span> <span class='ocrx_word' id='word_1_420' title='bbox 577 2261 737 2309; x_wconf 91' lang='lat' dir='ltr'><strong>Quidni,</strong></span> <span class='ocrx_word' id='word_1_421' title='bbox 761 2273 847 2297; x_wconf 89' lang='lat' dir='ltr'><strong>cum</strong></span> <span class='ocrx_word' id='word_1_422' title='bbox 875 2263 976 2297; x_wconf 89' lang='lat' dir='ltr'><strong>Deus</strong></span> <span class='ocrx_word' id='word_1_423' title='bbox 995 2259 1084 2296; x_wconf 86' lang='lat' dir='ltr'><strong>cha-</strong></span> 
     </span>
     <span class='ocr_line' id='line_1_59' title="bbox 89 2321 269 2358; baseline -0.011 0"><span class='ocrx_word' id='word_1_424' title='bbox 89 2321 180 2358; x_wconf 88' lang='lat' dir='ltr'><strong>ritas</strong></span> <span class='ocrx_word' id='word_1_425' title='bbox 199 2321 269 2358; x_wconf 86' lang='lat' dir='ltr'><strong>sit?</strong></span> 
     </span>
    </p>

    <p class='ocr_par' dir='ltr' id='par_1_13' title="bbox 90 2379 1085 2667">
     <span class='ocr_line' id='line_1_60' title="bbox 144 2379 1081 2429; baseline -0.005 -10"><span class='ocrx_word' id='word_1_426' title='bbox 144 2381 178 2419; x_wconf 91' lang='lat'><strong>7.</strong></span> <span class='ocrx_word' id='word_1_427' title='bbox 211 2380 285 2419; x_wconf 90' lang='lat' dir='ltr'><strong>Sed</strong></span> <span class='ocrx_word' id='word_1_428' title='bbox 313 2379 422 2416; x_wconf 84' lang='lat' dir='ltr'><strong>aliam</strong></span> <span class='ocrx_word' id='word_1_429' title='bbox 449 2379 509 2416; x_wconf 90' lang='lat' dir='ltr'><strong>hic</strong></span> <span class='ocrx_word' id='word_1_430' title='bbox 537 2392 607 2429; x_wconf 81' lang='lat' dir='ltr'><strong>ego</strong></span> <span class='ocrx_word' id='word_1_431' title='bbox 636 2392 728 2429; x_wconf 87' lang='lat' dir='ltr'><strong>paro</strong></span> <span class='ocrx_word' id='word_1_432' title='bbox 762 2379 961 2416; x_wconf 89' lang='lat' dir='ltr'><strong>rationem.</strong></span> <span class='ocrx_word' id='word_1_433' title='bbox 991 2381 1081 2415; x_wconf 90' lang='lat' dir='ltr'><strong>Post</strong></span> 
     </span>
     <span class='ocr_line' id='line_1_61' title="bbox 90 2439 1078 2489; baseline -0.003 -13"><span class='ocrx_word' id='word_1_434' title='bbox 90 2440 284 2477; x_wconf 87' lang='lat' dir='ltr'><strong>rationalis</strong></span> <span class='ocrx_word' id='word_1_435' title='bbox 316 2439 676 2489; x_wconf 86' lang='lat' dir='ltr'><strong>contemplationem</strong></span> <span class='ocrx_word' id='word_1_436' title='bbox 710 2447 891 2475; x_wconf 80' lang='lat' dir='ltr'><strong>creaturae</strong></span> <span class='ocrx_word' id='word_1_437' title='bbox 929 2449 1078 2475; x_wconf 88' lang='lat' dir='ltr'><strong>sursum</strong></span> 
     </span>
     <span class='ocr_line' id='line_1_62' title="bbox 91 2497 1085 2548; baseline -0.003 -12"><span class='ocrx_word' id='word_1_438' title='bbox 91 2498 308 2536; x_wconf 88' lang='lat' dir='ltr'><strong>ascendenti</strong></span> <span class='ocrx_word' id='word_1_439' title='bbox 328 2498 453 2548; x_wconf 89' lang='lat' dir='ltr'><strong>primo</strong></span> <span class='ocrx_word' id='word_1_440' title='bbox 478 2511 516 2535; x_wconf 89' lang='lat' dir='ltr'><strong>se</strong></span> <span class='ocrx_word' id='word_1_441' title='bbox 540 2499 664 2535; x_wconf 87' lang='lat' dir='ltr'><strong>statim</strong></span> <span class='ocrx_word' id='word_1_442' title='bbox 683 2498 802 2548; x_wconf 85' lang='lat' dir='ltr'><strong>gradu</strong></span> <span class='ocrx_word' id='word_1_443' title='bbox 822 2498 951 2534; x_wconf 85' lang='lat' dir='ltr'><strong>divina</strong></span> <span class='ocrx_word' id='word_1_444' title='bbox 972 2497 1085 2533; x_wconf 87' lang='lat' dir='ltr'><strong>offert</strong></span> 
     </span>
     <span class='ocr_line' id='line_1_63' title="bbox 90 2557 1084 2607; baseline -0.004 -12"><span class='ocrx_word' id='word_1_445' title='bbox 90 2566 129 2595; x_wconf 89' lang='lat' dir='ltr'><strong>et</strong></span> <span class='ocrx_word' id='word_1_446' title='bbox 147 2558 313 2595; x_wconf 89' lang='lat' dir='ltr'><strong>occurrit</strong></span> <span class='ocrx_word' id='word_1_447' title='bbox 331 2566 479 2604; x_wconf 90' lang='lat' dir='ltr'><strong>natura,</strong></span> <span class='ocrx_word' id='word_1_448' title='bbox 503 2557 718 2607; x_wconf 89' lang='lat' dir='ltr'><strong>nulliusque</strong></span> <span class='ocrx_word' id='word_1_449' title='bbox 730 2557 882 2594; x_wconf 89' lang='lat' dir='ltr'><strong>alterius</strong></span> <span class='ocrx_word' id='word_1_450' title='bbox 900 2564 1084 2606; x_wconf 88' lang='lat' dir='ltr'><strong>praestan-</strong></span> 
     </span>
     <span class='ocr_line' id='line_1_64' title="bbox 92 2614 1083 2667; baseline -0.005 -12"><span class='ocrx_word' id='word_1_451' title='bbox 92 2617 197 2655; x_wconf 86' lang='lat' dir='ltr'><strong>tioris</strong></span> <span class='ocrx_word' id='word_1_452' title='bbox 216 2625 358 2655; x_wconf 88' lang='lat' dir='ltr'><strong>naturae</strong></span> <span class='ocrx_word' id='word_1_453' title='bbox 375 2617 631 2667; x_wconf 85' lang='lat' dir='ltr'><strong>interponitur</strong></span> <span class='ocrx_word' id='word_1_454' title='bbox 651 2616 853 2653; x_wconf 89' lang='lat' dir='ltr'><strong>distinctio.</strong></span> <span class='ocrx_word' id='word_1_455' title='bbox 876 2619 958 2653; x_wconf 71' lang='lat' dir='ltr'><strong>Non</strong></span> <span class='ocrx_word' id='word_1_456' title='bbox 982 2614 1083 2651; x_wconf 88' lang='lat' dir='ltr'><strong>enim</strong></span> 
     </span>
    </p>
   </div>
   <div class='ocr_carea' id='block_1_12' title="bbox 1149 1964 2147 2669">
    <p class='ocr_par' dir='ltr' id='par_1_14' title="bbox 1149 1964 2147 2669">
     <span class='ocr_line' id='line_1_65' title="bbox 1207 1964 2145 2013; baseline 0.001 -12"><span class='ocrx_word' id='word_1_457' title='bbox 1207 1964 1243 2001; x_wconf 88' lang='lat'><strong>8.</strong></span> <span class='ocrx_word' id='word_1_458' title='bbox 1266 1968 1285 2001; x_wconf 91' lang='lat' dir='ltr'>J</span> <span class='ocrx_word' id='word_1_459' title='bbox 1291 1978 1358 2001; x_wconf 88' lang='lat' dir='ltr'><strong>ure</strong></span> <span class='ocrx_word' id='word_1_460' title='bbox 1375 1978 1464 2013; x_wconf 84' lang='lat' dir='ltr'><strong>ergo</strong></span> <span class='ocrx_word' id='word_1_461' title='bbox 1489 1964 1578 2000; x_wconf 87' lang='lat' dir='ltr'><strong>dicit</strong></span> <span class='ocrx_word' id='word_1_462' title='bbox 1600 1979 1608 2000; x_wconf 72' lang='grc' dir='ltr'>ε</span> <span class='ocrx_word' id='word_1_463' title='bbox 1631 1966 1830 1999; x_wconf 72' lang='lat' dir='ltr'><strong>Paululum</strong></span> <span class='ocrx_word' id='word_1_464' title='bbox 1851 1978 1932 1999; x_wconf 78' lang='lat' dir='ltr'><strong>cum</strong></span> <span class='ocrx_word' id='word_1_465' title='bbox 1948 1975 2145 2012; x_wconf 72' lang='lat' dir='ltr'><strong>pertrans-</strong></span> 
     </span>
     <span class='ocr_line' id='line_1_66' title="bbox 1153 2022 2146 2071; baseline 0.002 -12"><span class='ocrx_word' id='word_1_466' title='bbox 1153 2028 1260 2059; x_wconf 83' lang='lat' dir='ltr'><strong>issem</strong></span> <span class='ocrx_word' id='word_1_467' title='bbox 1282 2027 1384 2068; x_wconf 76' lang='lat' dir='ltr'><strong>illos,</strong></span> <span class='ocrx_word' id='word_1_468' title='bbox 1413 2028 1536 2059; x_wconf 75' lang='lat' dir='ltr'><strong>inveni</strong></span> <span class='ocrx_word' id='word_1_469' title='bbox 1563 2037 1671 2071; x_wconf 77' lang='lat' dir='ltr'><strong>quem</strong></span> <span class='ocrx_word' id='word_1_470' title='bbox 1692 2022 1816 2071; x_wconf 81' lang='lat' dir='ltr'><strong>diligit</strong></span> <span class='ocrx_word' id='word_1_471' title='bbox 1836 2027 1964 2058; x_wconf 78' lang='lat' dir='ltr'><strong>anima</strong></span> <span class='ocrx_word' id='word_1_472' title='bbox 1988 2038 2083 2061; x_wconf 79' lang='lat' dir='ltr'><strong>mea.</strong></span> <span class='ocrx_word' id='word_1_473' title='bbox 2115 2029 2146 2063; x_wconf 94' lang='lat' dir='ltr'>O</span> 
     </span>
     <span class='ocr_line' id='line_1_67' title="bbox 1152 2082 2147 2133; baseline 0.002 -14"><span class='ocrx_word' id='word_1_474' title='bbox 1152 2096 1265 2132; x_wconf 90' lang='lat' dir='ltr'><strong>quam</strong></span> <span class='ocrx_word' id='word_1_475' title='bbox 1294 2083 1403 2128; x_wconf 80' lang='lat' dir='ltr'><strong>felix,</strong></span> <span class='ocrx_word' id='word_1_476' title='bbox 1436 2095 1549 2132; x_wconf 88' lang='lat' dir='ltr'><strong>quam</strong></span> <span class='ocrx_word' id='word_1_477' title='bbox 1579 2082 1686 2118; x_wconf 82' lang='lat' dir='ltr'><strong>laetus</strong></span> <span class='ocrx_word' id='word_1_478' title='bbox 1714 2090 1924 2131; x_wconf 89' lang='lat' dir='ltr'><strong>proventus</strong></span> <span class='ocrx_word' id='word_1_479' title='bbox 1952 2090 2024 2118; x_wconf 86' lang='lat' dir='ltr'><strong>tam</strong></span> <span class='ocrx_word' id='word_1_480' title='bbox 2044 2084 2147 2133; x_wconf 70' lang='lat' dir='ltr'><strong>longi</strong></span> 
     </span>
     <span class='ocr_line' id='line_1_68' title="bbox 1152 2141 2144 2190; baseline 0.001 -11"><span class='ocrx_word' id='word_1_481' title='bbox 1152 2143 1352 2179; x_wconf 85' lang='lat' dir='ltr'><strong>circuitus!</strong></span> <span class='ocrx_word' id='word_1_482' title='bbox 1374 2142 1475 2179; x_wconf 89' lang='lat' dir='ltr'><strong>Beati</strong></span> <span class='ocrx_word' id='word_1_483' title='bbox 1499 2141 1636 2190; x_wconf 83' lang='lat' dir='ltr'><strong>gradus</strong></span> <span class='ocrx_word' id='word_1_484' title='bbox 1664 2141 1736 2186; x_wconf 87' lang='lat' dir='ltr'><strong>illi,</strong></span> <span class='ocrx_word' id='word_1_485' title='bbox 1762 2153 1830 2189; x_wconf 88' lang='lat' dir='ltr'><strong>per</strong></span> <span class='ocrx_word' id='word_1_486' title='bbox 1852 2154 1948 2189; x_wconf 89' lang='lat' dir='ltr'><strong>quos</strong></span> <span class='ocrx_word' id='word_1_487' title='bbox 1974 2142 2011 2178; x_wconf 91' lang='lat' dir='ltr'><strong>in</strong></span> <span class='ocrx_word' id='word_1_488' title='bbox 2035 2144 2144 2180; x_wconf 83' lang='lat' dir='ltr'><strong>taleni</strong></span> 
     </span>
     <span class='ocr_line' id='line_1_69' title="bbox 1150 2200 2143 2249; baseline 0.002 -11"><span class='ocrx_word' id='word_1_489' title='bbox 1150 2202 1323 2239; x_wconf 89' lang='lat' dir='ltr'><strong>evaditur</strong></span> <span class='ocrx_word' id='word_1_490' title='bbox 1353 2202 1568 2238; x_wconf 88' lang='lat' dir='ltr'><strong>terminum.</strong></span> <span class='ocrx_word' id='word_1_491' title='bbox 1601 2200 1782 2249; x_wconf 76' lang='lat' dir='ltr'><strong>Quaesivit</strong></span> <span class='ocrx_word' id='word_1_492' title='bbox 1810 2200 1850 2236; x_wconf 92' lang='lat' dir='ltr'><strong>in</strong></span> <span class='ocrx_word' id='word_1_493' title='bbox 1887 2201 2046 2248; x_wconf 84' lang='lat' dir='ltr'><strong>lectulO,</strong></span> <span class='ocrx_word' id='word_1_494' title='bbox 2067 2203 2143 2240; x_wconf 82' lang='lat' dir='ltr'><strong>cir-</strong></span> 
     </span>
     <span class='ocr_line' id='line_1_70' title="bbox 1150 2259 2144 2308; baseline 0.001 -10"><span class='ocrx_word' id='word_1_495' title='bbox 1150 2262 1266 2298; x_wconf 84' lang='lat' dir='ltr'><strong>cuivit</strong></span> <span class='ocrx_word' id='word_1_496' title='bbox 1295 2261 1483 2298; x_wconf 86' lang='lat' dir='ltr'><strong>civitatem</strong></span> <span class='ocrx_word' id='word_1_497' title='bbox 1499 2289 1508 2305; x_wconf 95' lang='lat'>‚</span> <span class='ocrx_word' id='word_1_498' title='bbox 1540 2259 1787 2308; x_wconf 77' lang='lat' dir='ltr'><strong>interrogavit</strong></span> <span class='ocrx_word' id='word_1_499' title='bbox 1813 2259 1998 2297; x_wconf 83' lang='lat' dir='ltr'><strong>custodes.</strong></span> <span class='ocrx_word' id='word_1_500' title='bbox 2017 2262 2144 2298; x_wconf 79' lang='lat' dir='ltr'><strong>Primo</strong></span> 
     </span>
     <span class='ocr_line' id='line_1_71' title="bbox 1150 2320 2143 2370; baseline 0.001 -13"><span class='ocrx_word' id='word_1_501' title='bbox 1150 2322 1233 2357; x_wconf 91' lang='lat' dir='ltr'><strong>loco</strong></span> <span class='ocrx_word' id='word_1_502' title='bbox 1262 2321 1397 2370; x_wconf 88' lang='lat' dir='ltr'><strong>quaerit</strong></span> <span class='ocrx_word' id='word_1_503' title='bbox 1417 2333 1486 2370; x_wconf 88' lang='lat' dir='ltr'><strong>per</strong></span> <span class='ocrx_word' id='word_1_504' title='bbox 1505 2333 1544 2357; x_wconf 88' lang='lat' dir='ltr'><strong>se</strong></span> <span class='ocrx_word' id='word_1_505' title='bbox 1564 2328 1601 2356; x_wconf 87' lang='lat' dir='ltr'><strong>et</strong></span> <span class='ocrx_word' id='word_1_506' title='bbox 1630 2332 1746 2369; x_wconf 87' lang='lat' dir='ltr'><strong>penes</strong></span> <span class='ocrx_word' id='word_1_507' title='bbox 1769 2331 1818 2355; x_wconf 86' lang='lat' dir='ltr'><strong>se.</strong></span> <span class='ocrx_word' id='word_1_508' title='bbox 1847 2320 2044 2366; x_wconf 85' lang='lat' dir='ltr'><strong>Secundo,</strong></span> <span class='ocrx_word' id='word_1_509' title='bbox 2075 2336 2143 2358; x_wconf 74' lang='lat' dir='ltr'><strong>ex-</strong></span> 
     </span>
     <span class='ocr_line' id='line_1_72' title="bbox 1149 2379 2143 2430; baseline 0.002 -14"><span class='ocrx_word' id='word_1_510' title='bbox 1149 2388 1204 2417; x_wconf 89' lang='lat' dir='ltr'><strong>tra</strong></span> <span class='ocrx_word' id='word_1_511' title='bbox 1225 2393 1277 2425; x_wconf 92' lang='lat' dir='ltr'><strong>se,</strong></span> <span class='ocrx_word' id='word_1_512' title='bbox 1300 2379 1366 2416; x_wconf 90' lang='lat' dir='ltr'><strong>sed</strong></span> <span class='ocrx_word' id='word_1_513' title='bbox 1386 2393 1455 2430; x_wconf 91' lang='lat' dir='ltr'><strong>per</strong></span> <span class='ocrx_word' id='word_1_514' title='bbox 1470 2392 1522 2416; x_wconf 89' lang='lat' dir='ltr'><strong>se.</strong></span> <span class='ocrx_word' id='word_1_515' title='bbox 1536 2379 1663 2416; x_wconf 88' lang='lat' dir='ltr'><strong>Tertio</strong></span> <span class='ocrx_word' id='word_1_516' title='bbox 1685 2391 1797 2423; x_wconf 83' lang='lat' dir='ltr'><strong>vero,</strong></span> <span class='ocrx_word' id='word_1_517' title='bbox 1819 2391 1886 2414; x_wconf 84' lang='lat' dir='ltr'><strong>nec</strong></span> <span class='ocrx_word' id='word_1_518' title='bbox 1908 2392 1975 2428; x_wconf 83' lang='lat' dir='ltr'><strong>per</strong></span> <span class='ocrx_word' id='word_1_519' title='bbox 1996 2393 2034 2416; x_wconf 85' lang='lat' dir='ltr'><strong>se</strong></span> <span class='ocrx_word' id='word_1_520' title='bbox 2047 2411 2056 2427; x_wconf 91' lang='lat'><strong>,</strong></span> <span class='ocrx_word' id='word_1_521' title='bbox 2074 2394 2143 2418; x_wconf 88' lang='lat' dir='ltr'><strong>nec</strong></span> 
     </span>
     <span class='ocr_line' id='line_1_73' title="bbox 1150 2438 2143 2490; baseline 0.002 -14"><span class='ocrx_word' id='word_1_522' title='bbox 1150 2452 1266 2490; x_wconf 87' lang='lat' dir='ltr'><strong>penes</strong></span> <span class='ocrx_word' id='word_1_523' title='bbox 1288 2453 1341 2476; x_wconf 86' lang='lat' dir='ltr'><strong>se.</strong></span> <span class='ocrx_word' id='word_1_524' title='bbox 1365 2443 1411 2476; x_wconf 90' lang='lat' dir='ltr'><strong>Et</strong></span> <span class='ocrx_word' id='word_1_525' title='bbox 1431 2440 1503 2476; x_wconf 88' lang='lat' dir='ltr'><strong>hoc</strong></span> <span class='ocrx_word' id='word_1_526' title='bbox 1521 2440 1606 2475; x_wconf 91' lang='lat' dir='ltr'><strong>loco</strong></span> <span class='ocrx_word' id='word_1_527' title='bbox 1626 2447 1770 2488; x_wconf 87' lang='lat' dir='ltr'><strong>quanto</strong></span> <span class='ocrx_word' id='word_1_528' title='bbox 1788 2438 1966 2475; x_wconf 86' lang='lat' dir='ltr'><strong>humilius</strong></span> <span class='ocrx_word' id='word_1_529' title='bbox 1986 2442 2119 2489; x_wconf 61' lang='lat' dir='ltr'><strong>quaerit</strong></span> <span class='ocrx_word' id='word_1_530' title='bbox 2133 2470 2143 2487; x_wconf 94' lang='lat'><strong>,</strong></span> 
     </span>
     <span class='ocr_line' id='line_1_74' title="bbox 1151 2499 2144 2548; baseline 0.002 -13"><span class='ocrx_word' id='word_1_531' title='bbox 1151 2506 1256 2536; x_wconf 85' lang='lat' dir='ltr'><strong>tanto</strong></span> <span class='ocrx_word' id='word_1_532' title='bbox 1272 2499 1425 2548; x_wconf 88' lang='lat' dir='ltr'><strong>quidem</strong></span> <span class='ocrx_word' id='word_1_533' title='bbox 1443 2499 1650 2543; x_wconf 84' lang='lat' dir='ltr'><strong>esficacius3</strong></span> <span class='ocrx_word' id='word_1_534' title='bbox 1669 2506 1888 2547; x_wconf 87' lang='lat' dir='ltr'><strong>quantoque</strong></span> <span class='ocrx_word' id='word_1_535' title='bbox 1903 2512 1923 2535; x_wconf 88' lang='lat' dir='ltr'><strong>a</strong></span> <span class='ocrx_word' id='word_1_536' title='bbox 1943 2499 1998 2535; x_wconf 88' lang='lat' dir='ltr'><strong>sui</strong></span> <span class='ocrx_word' id='word_1_537' title='bbox 2022 2503 2144 2537; x_wconf 88' lang='lat' dir='ltr'><strong>conli-</strong></span> 
     </span>
     <span class='ocr_line' id='line_1_75' title="bbox 1151 2557 2143 2607; baseline 0.002 -13"><span class='ocrx_word' id='word_1_538' title='bbox 1151 2557 1276 2595; x_wconf 89' lang='lat' dir='ltr'><strong>dentia</strong></span> <span class='ocrx_word' id='word_1_539' title='bbox 1293 2558 1441 2607; x_wconf 82' lang='lat' dir='ltr'><strong>longius</strong></span> <span class='ocrx_word' id='word_1_540' title='bbox 1459 2558 1627 2603; x_wconf 88' lang='lat' dir='ltr'><strong>recessit,</strong></span> <span class='ocrx_word' id='word_1_541' title='bbox 1649 2566 1751 2594; x_wconf 89' lang='lat' dir='ltr'><strong>tanto</strong></span> <span class='ocrx_word' id='word_1_542' title='bbox 1773 2558 1914 2606; x_wconf 87' lang='lat' dir='ltr'><strong>reperit</strong></span> <span class='ocrx_word' id='word_1_543' title='bbox 1935 2559 2053 2596; x_wconf 86' lang='lat' dir='ltr'><strong>citius.</strong></span> <span class='ocrx_word' id='word_1_544' title='bbox 2078 2565 2143 2596; x_wconf 82' lang='lat' dir='ltr'><strong>In-</strong></span> 
     </span>
     <span class='ocr_line' id='line_1_76' title="bbox 1151 2618 2141 2669; baseline 0.004 -16"><span class='ocrx_word' id='word_1_545' title='bbox 1151 2623 1249 2662; x_wconf 77' lang='lat' dir='ltr'><strong>veni,</strong></span> <span class='ocrx_word' id='word_1_546' title='bbox 1271 2618 1413 2667; x_wconf 87' lang='lat' dir='ltr'><strong>inquit,</strong></span> <span class='ocrx_word' id='word_1_547' title='bbox 1442 2622 1563 2654; x_wconf 83' lang='lat' dir='ltr'><strong>inveni</strong></span> <span class='ocrx_word' id='word_1_548' title='bbox 1588 2621 1688 2653; x_wconf 81' lang='lat' dir='ltr'><strong>illum</strong></span> <span class='ocrx_word' id='word_1_549' title='bbox 1707 2631 1717 2651; x_wconf 91' lang='lat'><em>:</em></span> <span class='ocrx_word' id='word_1_550' title='bbox 1739 2618 1803 2666; x_wconf 86' lang='lat' dir='ltr'><strong>qui</strong></span> <span class='ocrx_word' id='word_1_551' title='bbox 1828 2631 1887 2654; x_wconf 82' lang='lat' dir='ltr'><strong>nic</strong></span> <span class='ocrx_word' id='word_1_552' title='bbox 1908 2619 2015 2667; x_wconf 83' lang='lat' dir='ltr'><strong>prior</strong></span> <span class='ocrx_word' id='word_1_553' title='bbox 2035 2621 2141 2669; x_wconf 79' lang='lat' dir='ltr'><strong>quasi</strong></span> 
     </span>
    </p>
   </div>
   <div class='ocr_carea' id='block_1_13' title="bbox 91 2674 2143 2728">
    <p class='ocr_par' dir='ltr' id='par_1_15' title="bbox 91 2674 2143 2728">
     <span class='ocr_line' id='line_1_77' title="bbox 91 2674 2143 2728; baseline 0.001 -13"><span class='ocrx_word' id='word_1_554' title='bbox 91 2677 191 2715; x_wconf 90' lang='lat' dir='ltr'><strong>inter</strong></span> <span class='ocrx_word' id='word_1_555' title='bbox 220 2678 420 2728; x_wconf 85' lang='lat' dir='ltr'><strong>imaginem</strong></span> <span class='ocrx_word' id='word_1_556' title='bbox 447 2685 485 2713; x_wconf 87' lang='lat' dir='ltr'><strong>et</strong></span> <span class='ocrx_word' id='word_1_557' title='bbox 502 2676 698 2713; x_wconf 83' lang='lat' dir='ltr'><strong>veritatem</strong></span> <span class='ocrx_word' id='word_1_558' title='bbox 717 2675 881 2712; x_wconf 87' lang='lat' dir='ltr'><strong>medium</strong></span> <span class='ocrx_word' id='word_1_559' title='bbox 902 2674 1082 2723; x_wconf 82' lang='lat' dir='ltr'><strong>assignari</strong></span> <span class='ocrx_word' id='word_1_560' title='bbox 1098 2676 1131 2710; x_wconf 95' lang='lat' dir='ltr'>D</span> <span class='ocrx_word' id='word_1_561' title='bbox 1149 2691 1258 2714; x_wconf 83' lang='lat' dir='ltr'><strong>ovem</strong></span> <span class='ocrx_word' id='word_1_562' title='bbox 1284 2686 1493 2723; x_wconf 86' lang='lat' dir='ltr'><strong>errantem,</strong></span> <span class='ocrx_word' id='word_1_563' title='bbox 1523 2685 1560 2714; x_wconf 81' lang='lat' dir='ltr'><strong>et</strong></span> <span class='ocrx_word' id='word_1_564' title='bbox 1589 2676 1693 2726; x_wconf 85' lang='lat' dir='ltr'><strong>quasi</strong></span> <span class='ocrx_word' id='word_1_565' title='bbox 1724 2677 1940 2714; x_wconf 86' lang='lat' dir='ltr'><strong>drachmam</strong></span> <span class='ocrx_word' id='word_1_566' title='bbox 1959 2680 2143 2728; x_wconf 87' lang='lat' dir='ltr'><strong>perditam</strong></span> 
     </span>
    </p>
   </div>
   <div class='ocr_carea' id='block_1_14' title="bbox 89 2732 1087 3322">
    <p class='ocr_par' dir='ltr' id='par_1_16' title="bbox 89 2732 1087 3322">
     <span class='ocr_line' id='line_1_78' title="bbox 91 2732 1082 2787; baseline -0.004 -13"><span class='ocrx_word' id='word_1_567' title='bbox 91 2737 182 2787; x_wconf 90' lang='lat' dir='ltr'><strong>quid</strong></span> <span class='ocrx_word' id='word_1_568' title='bbox 199 2745 342 2787; x_wconf 88' lang='lat' dir='ltr'><strong>potest,</strong></span> <span class='ocrx_word' id='word_1_569' title='bbox 357 2735 530 2785; x_wconf 89' lang='lat' dir='ltr'><strong>superius</strong></span> <span class='ocrx_word' id='word_1_570' title='bbox 546 2748 636 2782; x_wconf 92' lang='lat' dir='ltr'><strong>uno,</strong></span> <span class='ocrx_word' id='word_1_571' title='bbox 653 2735 808 2771; x_wconf 83' lang='lat' dir='ltr'><strong>inferius</strong></span> <span class='ocrx_word' id='word_1_572' title='bbox 823 2735 954 2771; x_wconf 87' lang='lat' dir='ltr'><strong>altero.</strong></span> <span class='ocrx_word' id='word_1_573' title='bbox 971 2732 1082 2783; x_wconf 87' lang='lat' dir='ltr'><strong>Quod</strong></span> 
     </span>
     <span class='ocr_line' id='line_1_79' title="bbox 91 2794 1084 2844; baseline -0.004 -10"><span class='ocrx_word' id='word_1_574' title='bbox 91 2797 192 2834; x_wconf 84' lang='lat' dir='ltr'><strong>enim</strong></span> <span class='ocrx_word' id='word_1_575' title='bbox 222 2797 361 2834; x_wconf 87' lang='lat' dir='ltr'><strong>veritas</strong></span> <span class='ocrx_word' id='word_1_576' title='bbox 380 2809 457 2832; x_wconf 91' lang='lat' dir='ltr'><strong>non</strong></span> <span class='ocrx_word' id='word_1_577' title='bbox 481 2804 555 2841; x_wconf 86' lang='lat' dir='ltr'><strong>cst,</strong></span> <span class='ocrx_word' id='word_1_578' title='bbox 578 2794 773 2844; x_wconf 88' lang='lat' dir='ltr'><strong>quomodo</strong></span> <span class='ocrx_word' id='word_1_579' title='bbox 794 2795 1005 2844; x_wconf 90' lang='lat' dir='ltr'><strong>proximius</strong></span> <span class='ocrx_word' id='word_1_580' title='bbox 1026 2808 1084 2830; x_wconf 87' lang='lat' dir='ltr'><strong>ac-</strong></span> 
     </span>
     <span class='ocr_line' id='line_1_80' title="bbox 91 2854 1085 2905; baseline -0.004 -12"><span class='ocrx_word' id='word_1_581' title='bbox 91 2856 191 2894; x_wconf 87' lang='lat' dir='ltr'><strong>cedit</strong></span> <span class='ocrx_word' id='word_1_582' title='bbox 213 2855 259 2892; x_wconf 91' lang='lat' dir='ltr'><strong>ad</strong></span> <span class='ocrx_word' id='word_1_583' title='bbox 289 2868 390 2902; x_wconf 87' lang='lat' dir='ltr'><strong>eam,</strong></span> <span class='ocrx_word' id='word_1_584' title='bbox 424 2868 537 2905; x_wconf 90' lang='lat' dir='ltr'><strong>quam</strong></span> <span class='ocrx_word' id='word_1_585' title='bbox 561 2863 602 2891; x_wconf 84' lang='lat' dir='ltr'><strong>ut</strong></span> <span class='ocrx_word' id='word_1_586' title='bbox 634 2854 750 2904; x_wconf 87' lang='lat' dir='ltr'><strong>ipsius</strong></span> <span class='ocrx_word' id='word_1_587' title='bbox 778 2854 1018 2890; x_wconf 79' lang='lat' dir='ltr'><strong>simulacrum</strong></span> <span class='ocrx_word' id='word_1_588' title='bbox 1047 2862 1085 2890; x_wconf 89' lang='lat' dir='ltr'><strong>et</strong></span> 
     </span>
     <span class='ocr_line' id='line_1_81' title="bbox 92 2912 1085 2964; baseline -0.005 -11"><span class='ocrx_word' id='word_1_589' title='bbox 92 2916 285 2953; x_wconf 88' lang='lat' dir='ltr'><strong>character</strong></span> <span class='ocrx_word' id='word_1_590' title='bbox 300 2916 371 2952; x_wconf 85' lang='lat' dir='ltr'><strong>sit?</strong></span> <span class='ocrx_word' id='word_1_591' title='bbox 386 2918 429 2952; x_wconf 90' lang='lat' dir='ltr'><strong>In</strong></span> <span class='ocrx_word' id='word_1_592' title='bbox 446 2928 523 2964; x_wconf 90' lang='lat' dir='ltr'><strong>quo</strong></span> <span class='ocrx_word' id='word_1_593' title='bbox 540 2927 630 2963; x_wconf 80' lang='lat' dir='ltr'><strong>crgo</strong></span> <span class='ocrx_word' id='word_1_594' title='bbox 641 2913 846 2951; x_wconf 86' lang='lat' dir='ltr'><strong>attenditur</strong></span> <span class='ocrx_word' id='word_1_595' title='bbox 860 2914 897 2950; x_wconf 90' lang='lat' dir='ltr'><strong>in</strong></span> <span class='ocrx_word' id='word_1_596' title='bbox 913 2912 1085 2951; x_wconf 84' lang='lat' dir='ltr'><strong>rationali</strong></span> 
     </span>
     <span class='ocr_line' id='line_1_82' title="bbox 93 2973 1086 3025; baseline -0.003 -13"><span class='ocrx_word' id='word_1_597' title='bbox 93 2975 229 3025; x_wconf 89' lang='lat' dir='ltr'><strong>spiritu</strong></span> <span class='ocrx_word' id='word_1_598' title='bbox 249 2987 311 3020; x_wconf 88' lang='lat' dir='ltr'><strong>ea,</strong></span> <span class='ocrx_word' id='word_1_599' title='bbox 329 2987 412 3024; x_wconf 87' lang='lat' dir='ltr'><strong>quae</strong></span> <span class='ocrx_word' id='word_1_600' title='bbox 432 2973 478 3010; x_wconf 89' lang='lat' dir='ltr'><strong>ad</strong></span> <span class='ocrx_word' id='word_1_601' title='bbox 499 2973 668 3010; x_wconf 88' lang='lat' dir='ltr'><strong>divinam</strong></span> <span class='ocrx_word' id='word_1_602' title='bbox 692 2981 748 3010; x_wconf 88' lang='lat' dir='ltr'><strong>cst</strong></span> <span class='ocrx_word' id='word_1_603' title='bbox 772 2982 964 3019; x_wconf 88' lang='lat' dir='ltr'><strong>naturam,</strong></span> <span class='ocrx_word' id='word_1_604' title='bbox 995 2973 1086 3009; x_wconf 78' lang='lat' dir='ltr'><strong>ima·</strong></span> 
     </span>
     <span class='ocr_line' id='line_1_83' title="bbox 93 3032 1086 3084; baseline -0.002 -13"><span class='ocrx_word' id='word_1_605' title='bbox 93 3035 167 3084; x_wconf 79' lang='lat' dir='ltr'><strong>go?</strong></span> <span class='ocrx_word' id='word_1_606' title='bbox 198 3034 323 3071; x_wconf 91' lang='lat' dir='ltr'><strong>Primo</strong></span> <span class='ocrx_word' id='word_1_607' title='bbox 344 3032 498 3082; x_wconf 83' lang='lat' dir='ltr'><strong>quidem</strong></span> <span class='ocrx_word' id='word_1_608' title='bbox 525 3033 627 3079; x_wconf 93' lang='lat' dir='ltr'><strong>loco,</strong></span> <span class='ocrx_word' id='word_1_609' title='bbox 659 3033 745 3082; x_wconf 86' lang='lat' dir='ltr'><strong>quia</strong></span> <span class='ocrx_word' id='word_1_610' title='bbox 772 3042 828 3070; x_wconf 91' lang='lat' dir='ltr'><strong>est</strong></span> <span class='ocrx_word' id='word_1_611' title='bbox 853 3033 1019 3070; x_wconf 79' lang='lat' dir='ltr'><strong>veritatis</strong></span> <span class='ocrx_word' id='word_1_612' title='bbox 1049 3041 1086 3069; x_wconf 86' lang='lat' dir='ltr'><strong>et</strong></span> 
     </span>
     <span class='ocr_line' id='line_1_84' title="bbox 89 3092 1086 3142; baseline -0.003 -12"><span class='ocrx_word' id='word_1_613' title='bbox 89 3092 246 3142; x_wconf 86' lang='lat' dir='ltr'><strong>justitiae</strong></span> <span class='ocrx_word' id='word_1_614' title='bbox 265 3105 396 3142; x_wconf 87' lang='lat' dir='ltr'><strong>capax.</strong></span> <span class='ocrx_word' id='word_1_615' title='bbox 427 3092 621 3138; x_wconf 89' lang='lat' dir='ltr'><strong>Secundo,</strong></span> <span class='ocrx_word' id='word_1_616' title='bbox 643 3092 672 3129; x_wconf 90' lang='lat' dir='ltr'><strong>si</strong></span> <span class='ocrx_word' id='word_1_617' title='bbox 698 3093 820 3141; x_wconf 88' lang='lat' dir='ltr'><strong>capiat</strong></span> <span class='ocrx_word' id='word_1_618' title='bbox 839 3093 941 3138; x_wconf 86' lang='lat' dir='ltr'><strong>illas,</strong></span> <span class='ocrx_word' id='word_1_619' title='bbox 962 3100 1000 3128; x_wconf 85' lang='lat' dir='ltr'><strong>et</strong></span> <span class='ocrx_word' id='word_1_620' title='bbox 1023 3093 1086 3128; x_wconf 86' lang='lat' dir='ltr'><strong>liat</strong></span> 
     </span>
     <span class='ocr_line' id='line_1_85' title="bbox 95 3151 1086 3202; baseline -0.001 -13"><span class='ocrx_word' id='word_1_621' title='bbox 95 3165 208 3189; x_wconf 85' lang='lat' dir='ltr'><strong>verus</strong></span> <span class='ocrx_word' id='word_1_622' title='bbox 228 3151 398 3201; x_wconf 89' lang='lat' dir='ltr'><strong>etjustus</strong></span> <span class='ocrx_word' id='word_1_623' title='bbox 418 3165 487 3202; x_wconf 86' lang='lat' dir='ltr'><strong>per</strong></span> <span class='ocrx_word' id='word_1_624' title='bbox 505 3152 682 3201; x_wconf 83' lang='lat' dir='ltr'><strong>gratiam,</strong></span> <span class='ocrx_word' id='word_1_625' title='bbox 702 3151 806 3201; x_wconf 90' lang='lat' dir='ltr'><strong>quod</strong></span> <span class='ocrx_word' id='word_1_626' title='bbox 822 3155 924 3189; x_wconf 87' lang='lat' dir='ltr'><strong>Deus</strong></span> <span class='ocrx_word' id='word_1_627' title='bbox 943 3160 999 3188; x_wconf 81' lang='lat' dir='ltr'><strong>cst</strong></span> <span class='ocrx_word' id='word_1_628' title='bbox 1019 3165 1086 3201; x_wconf 89' lang='lat' dir='ltr'><strong>per</strong></span> 
     </span>
     <span class='ocr_line' id='line_1_86' title="bbox 95 3212 1084 3258; baseline -0.001 -9"><span class='ocrx_word' id='word_1_629' title='bbox 95 3221 280 3250; x_wconf 85' lang='lat' dir='ltr'><strong>naturam.</strong></span> <span class='ocrx_word' id='word_1_630' title='bbox 301 3212 386 3250; x_wconf 86' lang='lat' dir='ltr'><strong>Tria</strong></span> <span class='ocrx_word' id='word_1_631' title='bbox 405 3213 464 3249; x_wconf 86' lang='lat' dir='ltr'><strong>hic</strong></span> <span class='ocrx_word' id='word_1_632' title='bbox 490 3213 580 3250; x_wconf 86' lang='lat' dir='ltr'><strong>mihi</strong></span> <span class='ocrx_word' id='word_1_633' title='bbox 600 3212 775 3250; x_wconf 83' lang='lat' dir='ltr'><strong>distincta</strong></span> <span class='ocrx_word' id='word_1_634' title='bbox 803 3220 908 3258; x_wconf 88' lang='lat' dir='ltr'><strong>sunt,</strong></span> <span class='ocrx_word' id='word_1_635' title='bbox 939 3212 974 3248; x_wconf 87' lang='lat' dir='ltr'><strong>id</strong></span> <span class='ocrx_word' id='word_1_636' title='bbox 1006 3220 1084 3257; x_wconf 85' lang='lat' dir='ltr'><strong>est,</strong></span> 
     </span>
     <span class='ocr_line' id='line_1_87' title="bbox 96 3271 1087 3322; baseline -0.002 -14"><span class='ocrx_word' id='word_1_637' title='bbox 96 3285 269 3322; x_wconf 85' lang='lat' dir='ltr'><strong>capacem</strong></span> <span class='ocrx_word' id='word_1_638' title='bbox 298 3285 378 3309; x_wconf 79' lang='lat' dir='ltr'><strong>esse</strong></span> <span class='ocrx_word' id='word_1_639' title='bbox 410 3272 499 3309; x_wconf 87' lang='lat' dir='ltr'><strong>boni</strong></span> <span class='ocrx_word' id='word_1_640' title='bbox 531 3273 688 3318; x_wconf 85' lang='lat' dir='ltr'><strong>summi,</strong></span> <span class='ocrx_word' id='word_1_641' title='bbox 721 3273 841 3322; x_wconf 74' lang='lat' dir='ltr'><strong>ipsun]</strong></span> <span class='ocrx_word' id='word_1_642' title='bbox 871 3271 1029 3318; x_wconf 82' lang='lat' dir='ltr'><strong>habere,</strong></span> <span class='ocrx_word' id='word_1_643' title='bbox 1052 3279 1087 3307; x_wconf 78' lang='lat' dir='ltr'><strong>et</strong></span> 
     </span>
    </p>
   </div>
   <div class='ocr_carea' id='block_1_15' title="bbox 148 3397 403 3433">
    <p class='ocr_par' dir='ltr' id='par_1_17' title="bbox 148 3397 403 3433">
     <span class='ocr_line' id='line_1_88' title="bbox 148 3397 403 3433; baseline 0.004 -5"><span class='ocrx_word' id='word_1_644' title='bbox 148 3397 248 3428; x_wconf 79' lang='lat' dir='ltr'><strong>¹1sni.</strong></span> <span class='ocrx_word' id='word_1_645' title='bbox 268 3409 331 3433; x_wconf 68' lang='lat' dir='ltr'><strong>xi..</strong></span> <span class='ocrx_word' id='word_1_646' title='bbox 353 3402 403 3429; x_wconf 83' lang='lat'><strong>17.</strong></span> 
     </span>
    </p>
   </div>
   <div class='ocr_carea' id='block_1_16' title="bbox 1149 2737 2145 3323">
    <p class='ocr_par' dir='ltr' id='par_1_18' title="bbox 1149 2737 2145 3323">
     <span class='ocr_line' id='line_1_89' title="bbox 1149 2737 2143 2790; baseline 0.004 -18"><span class='ocrx_word' id='word_1_647' title='bbox 1149 2737 1320 2786; x_wconf 86' lang='lat' dir='ltr'><strong>quaesivit</strong></span> <span class='ocrx_word' id='word_1_648' title='bbox 1345 2745 1381 2773; x_wconf 87' lang='lat' dir='ltr'><strong>et</strong></span> <span class='ocrx_word' id='word_1_649' title='bbox 1404 2737 1571 2782; x_wconf 79' lang='lat' dir='ltr'><strong>invenit,</strong></span> <span class='ocrx_word' id='word_1_650' title='bbox 1595 2745 1631 2772; x_wconf 87' lang='lat' dir='ltr'><strong>et</strong></span> <span class='ocrx_word' id='word_1_651' title='bbox 1658 2737 1914 2774; x_wconf 85' lang='lat' dir='ltr'><strong>misericordia</strong></span> <span class='ocrx_word' id='word_1_652' title='bbox 1936 2738 2017 2787; x_wconf 82' lang='lat' dir='ltr'><strong>ejus</strong></span> <span class='ocrx_word' id='word_1_653' title='bbox 2046 2754 2143 2790; x_wconf 68' lang='lat' dir='ltr'><strong>prce—</strong></span> 
     </span>
     <span class='ocr_line' id='line_1_90' title="bbox 1149 2795 2141 2849; baseline 0.003 -16"><span class='ocrx_word' id='word_1_654' title='bbox 1149 2798 1254 2833; x_wconf 83' lang='lat' dir='ltr'><strong>venit</strong></span> <span class='ocrx_word' id='word_1_655' title='bbox 1283 2810 1353 2833; x_wconf 88' lang='lat' dir='ltr'><strong>mc.</strong></span> <span class='ocrx_word' id='word_1_656' title='bbox 1384 2800 1463 2841; x_wconf 85' lang='lat' dir='ltr'><strong>Me,</strong></span> <span class='ocrx_word' id='word_1_657' title='bbox 1487 2797 1662 2844; x_wconf 89' lang='lat' dir='ltr'><strong>inquam,</strong></span> <span class='ocrx_word' id='word_1_658' title='bbox 1695 2795 1800 2844; x_wconf 83' lang='lat' dir='ltr'><strong>prior</strong></span> <span class='ocrx_word' id='word_1_659' title='bbox 1832 2797 1976 2834; x_wconf 74' lang='lat' dir='ltr'><strong>invenit</strong></span> <span class='ocrx_word' id='word_1_660' title='bbox 2008 2800 2141 2849; x_wconf 86' lang='lat' dir='ltr'><strong>perdi-</strong></span> 
     </span>
     <span class='ocr_line' id='line_1_91' title="bbox 1151 2855 2143 2906; baseline 0.002 -12"><span class='ocrx_word' id='word_1_661' title='bbox 1151 2866 1240 2903; x_wconf 87' lang='lat' dir='ltr'><strong>tam,</strong></span> <span class='ocrx_word' id='word_1_662' title='bbox 1258 2870 1352 2906; x_wconf 68' lang='lat' dir='ltr'><strong>prrex</strong></span> <span class='ocrx_word' id='word_1_663' title='bbox 1363 2857 1440 2893; x_wconf 88' lang='lat' dir='ltr'><strong>enit</strong></span> <span class='ocrx_word' id='word_1_664' title='bbox 1462 2856 1553 2892; x_wconf 86' lang='lat' dir='ltr'><strong>nihil</strong></span> <span class='ocrx_word' id='word_1_665' title='bbox 1575 2855 1759 2891; x_wconf 84' lang='lat' dir='ltr'><strong>meritam.</strong></span> <span class='ocrx_word' id='word_1_666' title='bbox 1776 2857 1925 2892; x_wconf 73' lang='lat' dir='ltr'><strong>Invenit</strong></span> <span class='ocrx_word' id='word_1_667' title='bbox 1943 2867 2143 2905; x_wconf 78' lang='lat' dir='ltr'><strong>errantem,</strong></span> 
     </span>
     <span class='ocr_line' id='line_1_92' title="bbox 1150 2916 2142 2967; baseline 0.002 -14"><span class='ocrx_word' id='word_1_668' title='bbox 1150 2917 1333 2967; x_wconf 76' lang='lat' dir='ltr'><strong>praevenit</strong></span> <span class='ocrx_word' id='word_1_669' title='bbox 1367 2917 1628 2966; x_wconf 70' lang='lat' dir='ltr'><strong>desperantem</strong></span> <span class='ocrx_word' id='word_1_670' title='bbox 1661 2928 1668 2949; x_wconf 92' lang='lat'><strong>:</strong></span> <span class='ocrx_word' id='word_1_671' title='bbox 1709 2916 1852 2952; x_wconf 77' lang='lat' dir='ltr'><strong>invenit</strong></span> <span class='ocrx_word' id='word_1_672' title='bbox 1883 2916 2142 2964; x_wconf 55' lang='lat' dir='ltr'><strong>‹listi-renuam,</strong></span> 
     </span>
     <span class='ocr_line' id='line_1_93' title="bbox 1151 2975 2144 3027; baseline 0.002 -14"><span class='ocrx_word' id='word_1_673' title='bbox 1151 2977 1334 3027; x_wconf 82' lang='lat' dir='ltr'><strong>praevenit</strong></span> <span class='ocrx_word' id='word_1_674' title='bbox 1349 2975 1580 3012; x_wconf 80' lang='lat' dir='ltr'><strong>diffidentem</strong></span> <span class='ocrx_word' id='word_1_675' title='bbox 1598 2990 1604 3011; x_wconf 97' lang='lat'>:</span> <span class='ocrx_word' id='word_1_676' title='bbox 1625 2975 1769 3011; x_wconf 75' lang='lat' dir='ltr'><strong>invenit</strong></span> <span class='ocrx_word' id='word_1_677' title='bbox 1785 2976 1906 3024; x_wconf 87' lang='lat' dir='ltr'><strong>qualis</strong></span> <span class='ocrx_word' id='word_1_678' title='bbox 1921 2990 2038 3014; x_wconf 81' lang='lat' dir='ltr'><strong>essem</strong></span> <span class='ocrx_word' id='word_1_679' title='bbox 2055 2980 2144 3015; x_wconf 77' lang='lat' dir='ltr'><strong>mihi</strong></span> 
     </span>
     <span class='ocr_line' id='line_1_94' title="bbox 1151 3034 2143 3087; baseline 0.002 -15"><span class='ocrx_word' id='word_1_680' title='bbox 1151 3035 1340 3081; x_wconf 84' lang='lat' dir='ltr'><strong>indicans,</strong></span> <span class='ocrx_word' id='word_1_681' title='bbox 1362 3034 1545 3084; x_wconf 63' lang='lat' dir='ltr'><strong>praevenit</strong></span> <span class='ocrx_word' id='word_1_682' title='bbox 1559 3034 1604 3070; x_wconf 91' lang='lat' dir='ltr'><strong>ad</strong></span> <span class='ocrx_word' id='word_1_683' title='bbox 1619 3047 1684 3070; x_wconf 88' lang='lat' dir='ltr'><strong>sua</strong></span> <span class='ocrx_word' id='word_1_684' title='bbox 1705 3048 1763 3070; x_wconf 77' lang='lat' dir='ltr'><strong>inc</strong></span> <span class='ocrx_word' id='word_1_685' title='bbox 1783 3048 1966 3073; x_wconf 77' lang='lat' dir='ltr'><strong>revocans</strong></span> <span class='ocrx_word' id='word_1_686' title='bbox 1987 3051 2143 3087; x_wconf 59' lang='lat' dir='ltr'><strong>:yagani</strong></span> 
     </span>
     <span class='ocr_line' id='line_1_95' title="bbox 1153 3093 2145 3146; baseline 0.002 -14"><span class='ocrx_word' id='word_1_687' title='bbox 1153 3096 1295 3132; x_wconf 79' lang='lat' dir='ltr'><strong>invenit</strong></span> <span class='ocrx_word' id='word_1_688' title='bbox 1316 3095 1352 3131; x_wconf 93' lang='lat' dir='ltr'><strong>in</strong></span> <span class='ocrx_word' id='word_1_689' title='bbox 1375 3093 1588 3139; x_wconf 82' lang='lat' dir='ltr'><strong>erroribus,</strong></span> <span class='ocrx_word' id='word_1_690' title='bbox 1617 3108 1771 3131; x_wconf 81' lang='lat' dir='ltr'><strong>vacuam</strong></span> <span class='ocrx_word' id='word_1_691' title='bbox 1802 3095 1929 3144; x_wconf 71' lang='lat' dir='ltr'><strong>gratia:</strong></span> <span class='ocrx_word' id='word_1_692' title='bbox 1959 3099 2145 3146; x_wconf 71' lang='lat' dir='ltr'><strong>pra’venit</strong></span> 
     </span>
     <span class='ocr_line' id='line_1_96' title="bbox 1153 3154 2142 3205; baseline 0.001 -14"><span class='ocrx_word' id='word_1_693' title='bbox 1153 3155 1374 3191; x_wconf 83' lang='lat' dir='ltr'><strong>muneribus</strong></span> <span class='ocrx_word' id='word_1_694' title='bbox 1407 3167 1414 3189; x_wconf 93' lang='lat'>:</span> <span class='ocrx_word' id='word_1_695' title='bbox 1451 3154 1596 3190; x_wconf 75' lang='lat' dir='ltr'><strong>invenit</strong></span> <span class='ocrx_word' id='word_1_696' title='bbox 1627 3162 1668 3190; x_wconf 85' lang='lat' dir='ltr'><strong>nt</strong></span> <span class='ocrx_word' id='word_1_697' title='bbox 1695 3167 1770 3190; x_wconf 91' lang='lat' dir='ltr'><strong>non</strong></span> <span class='ocrx_word' id='word_1_698' title='bbox 1799 3168 1868 3203; x_wconf 64' lang='lat' dir='ltr'><strong>ego</strong></span> <span class='ocrx_word' id='word_1_699' title='bbox 1897 3155 2017 3205; x_wconf 85' lang='lat' dir='ltr'><strong>ipsum</strong></span> <span class='ocrx_word' id='word_1_700' title='bbox 2036 3185 2044 3198; x_wconf 76' lang='grc'>,</span> <span class='ocrx_word' id='word_1_701' title='bbox 2079 3158 2142 3193; x_wconf 71' lang='lat' dir='ltr'><strong>sed</strong></span> 
     </span>
     <span class='ocr_line' id='line_1_97' title="bbox 1153 3214 2141 3264; baseline 0.001 -13"><span class='ocrx_word' id='word_1_702' title='bbox 1153 3215 1232 3264; x_wconf 89' lang='lat' dir='ltr'><strong>ipsc</strong></span> <span class='ocrx_word' id='word_1_703' title='bbox 1253 3228 1312 3251; x_wconf 86' lang='lat' dir='ltr'><strong>me</strong></span> <span class='ocrx_word' id='word_1_704' title='bbox 1332 3214 1503 3263; x_wconf 79' lang='lat' dir='ltr'><strong>eligeret;</strong></span> <span class='ocrx_word' id='word_1_705' title='bbox 1539 3214 1723 3263; x_wconf 76' lang='lat' dir='ltr'><strong>praevenit</strong></span> <span class='ocrx_word' id='word_1_706' title='bbox 1755 3223 1793 3250; x_wconf 88' lang='lat' dir='ltr'><strong>ut</strong></span> <span class='ocrx_word' id='word_1_707' title='bbox 1827 3215 1932 3263; x_wconf 84' lang='lat' dir='ltr'><strong>prior</strong></span> <span class='ocrx_word' id='word_1_708' title='bbox 1963 3216 2141 3262; x_wconf 62' lang='lat' dir='ltr'><strong>diligeret.</strong></span> 
     </span>
     <span class='ocr_line' id='line_1_98' title="bbox 1154 3273 2144 3323; baseline 0 -13"><span class='ocrx_word' id='word_1_709' title='bbox 1154 3274 1211 3310; x_wconf 77' lang='lat' dir='ltr'><strong>Sic</strong></span> <span class='ocrx_word' id='word_1_710' title='bbox 1232 3287 1321 3322; x_wconf 64' lang='lat' dir='ltr'><strong>ergo</strong></span> <span class='ocrx_word' id='word_1_711' title='bbox 1348 3275 1463 3309; x_wconf 73' lang='lat' dir='ltr'><strong>electa</strong></span> <span class='ocrx_word' id='word_1_712' title='bbox 1484 3282 1519 3309; x_wconf 80' lang='lat' dir='ltr'><strong>et</strong></span> <span class='ocrx_word' id='word_1_713' title='bbox 1546 3273 1699 3315; x_wconf 72' lang='lat' dir='ltr'><strong>dilecta,</strong></span> <span class='ocrx_word' id='word_1_714' title='bbox 1721 3275 1873 3322; x_wconf 66' lang='lat' dir='ltr'><strong>qual-sita</strong></span> <span class='ocrx_word' id='word_1_715' title='bbox 1896 3283 1930 3309; x_wconf 77' lang='lat' dir='ltr'><strong>et</strong></span> <span class='ocrx_word' id='word_1_716' title='bbox 1951 3277 2144 3323; x_wconf 59' lang='lat' dir='ltr'><strong>aequisita,</strong></span> 
     </span>
    </p>
   </div>
  </div>
 </body>
</html>
