2504 3928
345 142 418 178 2213

1111 139 1318 174 G11.1.1·3m·1
1327 140 1402 174 R'rl
1434 141 1457 173 A
1469 139 1629 174 RBA'rls

2311 139 2382 176 22³1

343 216 514 265 quaulam
549 214 699 263 quidem
735 212 857 248 adhuc
885 224 960 247 non
991 219 1062 248 tam
1101 221 1193 249 tccta
1222 213 1619 262 quam'⁰“Jiulworiun
1657 212 1807 249 traditio
1838 226 1913 249 non
1947 222 2045 249 tcuct
2075 213 2301 262 qualitatem.
2333 216 2389 252 Illi

346 276 488 325 polluta
519 283 551 309 ct
585 273 750 309 involuta
782 271 992 320 putredine.
1025 272 1271 308 Crassabatur
1297 274 1331 308 in
1354 272 1383 305 Α
1401 286 1475 307 non
1499 272 1678 317 crcdunt3
1701 271 1756 307 isti
1773 271 1894 307 minus
1917 272 2043 320 plcnc,
2061 272 2125 308 scd
2143 285 2274 321 parum
2296 286 2389 322 pure

345 345 456 368 carne
472 332 602 367 misera
620 331 727 376 longa
744 329 952 377 corruptio,
971 338 1007 364 et
1025 331 1210 377 attingens
1225 345 1245 367 a
1263 332 1333 366 line

345 405 462 439 usquc
483 390 528 425 ad
551 391 658 424 linem
679 388 835 431 sortiter,
856 387 1114 424 miserabiliter
1132 389 1334 438 dissipabat

345 450 482 485 oninia.
504 452 673 484 Poteram
695 456 729 483 et
748 461 816 496 ego
838 447 962 483 dicere
976 477 984 493 ,
1006 448 1235 497 Disponchat
1256 462 1333 484 om-

346 508 404 543 nia
433 507 554 543 carnis
574 505 677 554 ejus,
703 519 747 541 eo
777 505 879 555 quod
910 505 1102 555 dissipatio
1137 507 1197 542 illa
1227 508 1333 543 nutui

345 565 480 600 dixinae
503 564 757 613 dispositionis
783 564 980 600 svn-xicbut.
1011 565 1140 601 Misera
1162 579 1333 602 commu-

347 625 456 668 tatio,
486 623 548 659 sid
580 623 734 671 pulchra
764 623 882 667 ratio,
915 637 987 671 qua
1011 627 1090 659 Deo
1123 625 1259 672 placuit
1295 633 1335 660 ut

344 683 464 720 carnis
481 683 599 731 gloria
618 682 765 717 nonnisi
783 695 850 731 per
870 682 1109 731 putredinem
1128 682 1335 718 deducatur

345 743 382 778 in
409 742 614 792 pulverem.
638 742 769 777 Sawiat
796 755 916 786 mors,
944 742 1069 777 sreviat
1089 750 1125 777 ct
1149 750 1335 790 grassetur

346 800 424 850 ipsa
446 800 640 849 ctu-ruptio
666 800 702 835 in
730 813 878 835 caruem
907 799 1106 836 humanam
1131 815 1137 836 z
1160 799 1334 849 depopu-

347 859 444 895 letur
462 872 542 895 eam
564 867 745 908 quantum
767 867 908 908 potest,
930 859 1089 895 deducat
1111 873 1190 895 eam
1214 859 1335 908 primo

344 919 381 954 in
400 918 561 961 saniem,
587 917 721 953 deinde
750 919 786 953 in
807 918 983 954 cinerem.
1003 922 1093 954 Nam
1116 918 1186 953 huc
1218 930 1335 966 usque

1400 331 1445 366 de
1474 331 1656 380 spirituali
1682 331 1964 366 resurrectionis
1997 331 2136 379 gloria,
2165 339 2202 366 et
2225 332 2390 380 angelica

1399 390 1642 426 similitudine
1673 390 1850 425 sentiunt.
1873 390 2040 426 Gentiles
2074 390 2253 436 unguenti
2280 390 2391 438 hujits

1400 449 1553 484 odorem
1578 462 1651 484 non
1671 448 1826 484 trahunt
1844 461 1850 482 :
1865 446 1983 483 juda-i
2004 448 2155 496 quidem
2176 461 2250 483 non
2268 448 2390 496 ipsum

1400 517 1436 544 et
1455 509 1675 557 proprium,
1697 507 1760 542 scd
1785 507 1908 542 nescio
1927 520 2038 555 quem
2060 507 2172 542 alium
2190 515 2226 542 et
2248 507 2389 543 adulte-

1401 568 1523 602 rinum
1546 580 1615 616 pro
1636 580 1694 602 co.
1715 566 1826 615 Apud
1849 566 1963 601 solam
1988 565 2185 601 Ecclesiam
2210 566 2390 614 unguenti

1401 625 1499 661 illius
1517 625 1613 660 odor
1640 633 1675 659 ct
1701 624 1863 672 integer,
1890 632 1927 659 et
1945 624 2121 673 proprius
2144 623 2279 660 existit.
2300 623 2391 660 Ideo

1401 684 1494 720 odor
1514 692 1792 732 unguentorum
1810 682 1889 732 ejus
1908 696 2022 732 super
2041 683 2167 719 omnia
2186 690 2362 719 aromata.

1453 745 1490 779 ὁ.
1522 746 1623 778 Bona
1647 751 1860 791 unguenta,
1883 741 2158 791 impassibilitas
2187 750 2223 778 et
2248 742 2392 791 patien-

1403 803 1464 838 tia.
1490 806 1558 838 Per
1579 802 1678 838 illam
1709 815 1796 837 caro
1817 802 2033 837 resuscitata
2065 801 2147 837 laedi
2174 814 2249 837 non
2281 809 2391 850 pote-

1402 862 1449 897 rit
1468 876 1475 897 :
1500 874 1566 910 per
1587 861 1691 897 istam
1710 873 1814 896 mens
1835 861 1893 909 pia
1925 860 2022 896 inter
2046 860 2336 909 provocationes
2354 868 2391 896 et

1403 920 1556 969 injurias
1578 920 1689 956 illaesa
1711 919 1893 956 consistit.
1922 923 1991 955 l’er
2010 919 2109 954 illam
2131 919 2258 967 quieto
2280 918 2391 954 etin-

345 986 489 1028 potcst,
514 986 550 1013 et
566 990 641 1013 non
664 978 842 1027 amplius,
865 990 975 1026 quam
997 978 1032 1013 in
1052 978 1245 1026 pulverem
1267 977 1333 1013 de-
1353 982 1380 1015 B
1398 992 1579 1015 concusso
1594 978 1680 1027 jure
1701 978 1822 1014 carnis
1848 985 1985 1013 nostrae
2014 985 2148 1012 terram
2176 976 2391 1013 haereditate

343 1038 502 1082 ducere,
520 1037 657 1073 scilieet
678 1037 797 1073 carnis
814 1037 983 1086 gloriam.
1004 1039 1086 1072 Non
1108 1036 1154 1072 ad
1176 1036 1331 1072 nihilum

343 1109 564 1133 consumere
586 1096 684 1132 valet
704 1096 825 1132 carnis
843 1095 1087 1132 substantiam
1102 1125 1110 1141 ,
1133 1109 1200 1131 nce
1223 1095 1332 1144 peni-

344 1165 403 1193 tus
423 1168 663 1200 consumere,
684 1168 750 1191 nec
771 1162 955 1204 perpetuo
977 1153 1179 1203 possidere.
1203 1157 1331 1190 Donec

341 1222 522 1251 atteratur
544 1213 699 1258 coslum,
726 1225 801 1248 non
831 1220 1032 1262 consurget
1051 1219 1056 1233 ¹
1078 1240 1088 1257 ‚
1122 1212 1185 1248 sed
1211 1221 1333 1248 tamen

342 1281 431 1309 tunc
461 1280 674 1320 consurget.
696 1275 801 1307 Tunc
821 1272 920 1308 enim
949 1271 1119 1308 csl'undet
1150 1271 1335 1308 Dominus

342 1331 388 1368 de
419 1331 557 1380 Spiritu
587 1343 656 1366 suo
685 1343 799 1379 super
829 1342 979 1366 omnem
1007 1343 1156 1366 carnem
1179 1335 1217 1374 ²,
1249 1338 1335 1366 tunc

341 1404 429 1427 earo
452 1398 666 1426 sanctorum
696 1389 766 1424 erit
791 1388 985 1424 immutata
1011 1396 1168 1437 propter
1191 1388 1334 1433 oleum,

341 1463 387 1485 eo
413 1448 514 1498 quod
539 1448 698 1497 Spiritus
724 1447 875 1483 Domini
905 1447 1056 1483 unxerit
1082 1460 1173 1483 eam.
1198 1450 1337 1483 Omnes

344 1508 444 1544 enim
472 1519 728 1555 resurgemus,
752 1506 817 1542 scd
849 1519 926 1542 non
959 1519 1088 1542 omnes
1119 1505 1336 1542 immutabi-

344 1581 429 1604 mur
443 1567 468 1602 3.

396 1628 431 1663 4.
454 1630 484 1663 Ο
513 1633 653 1674 quanta
673 1625 791 1661 virtus
818 1625 1002 1674 unguenti
1032 1624 1154 1670 illius,
1175 1638 1194 1661 a
1227 1623 1333 1673 cujus

342 1687 432 1723 facie
455 1683 708 1733 corruptionis
740 1692 812 1720 tam
834 1692 988 1720 vetustae
1013 1683 1146 1732 jugum
1172 1696 1332 1732 compu—

1398 1038 1634 1088 possidemus
1654 1053 1661 1074 :
1687 1050 1756 1086 per
1775 1037 1870 1072 hane
1887 1049 1994 1081 vcro,
2017 1036 2134 1085 ipsam
2153 1035 2328 1072 animam.
2348 1039 2390 1072 Ite

1393 1102 1609 1146 patientia,
1642 1097 1790 1146 inquit,
1819 1105 1944 1131 vestra
1974 1094 2213 1142 possidebitis
2241 1099 2392 1131 animas

1398 1156 1577 1194 vestras-4.
1600 1160 1685 1206 Ipsa
1699 1154 1880 1205 patientia
1900 1153 1991 1202 quid
2015 1153 2114 1190 aliud
2134 1161 2210 1199 est,
2229 1153 2298 1190 nisi
2317 1154 2393 1190 vel-

1400 1227 1441 1254 ut
1468 1217 1620 1266 quidam
1659 1217 1793 1252 suturae
1823 1212 2132 1265 impassibilitatis
2161 1212 2284 1250 odor?
2312 1214 2392 1250 Illic

1401 1276 1497 1312 mala
1512 1276 1612 1312 nulla
1630 1275 1843 1311 inseruntur
1860 1288 1867 1309 :
1888 1273 1947 1309 hic
1967 1285 2057 1309 vero
2077 1272 2265 1322 patientiae
2281 1271 2393 1309 bene-

1402 1335 1498 1380 ficio,
1519 1348 1560 1370 ac
1576 1334 1604 1370 si
1624 1341 1816 1382 unguento
1831 1331 1995 1381 quodam
2013 1331 2260 1380 mitigatorio,
2279 1331 2392 1367 etiam

1401 1406 1485 1442 quae
1505 1393 1604 1428 illata
1621 1400 1708 1428 sunt
1725 1420 1734 1437 ,
1754 1404 1829 1427 non
1848 1391 2074 1427 sentiuntur.
2094 1390 2233 1426 Efficax
2253 1398 2289 1426 et
2303 1389 2392 1426 utile

1402 1451 1558 1487 omnino
1581 1458 1835 1499 unguentum,
1852 1449 1953 1498 quod
1969 1458 2005 1485 et
2020 1449 2117 1485 inter
2135 1448 2257 1485 carnis
2277 1461 2391 1484 vexa-

1403 1510 1522 1546 tiones
1539 1509 1705 1545 animum
1724 1508 1770 1545 ab
1791 1507 1928 1556 injuria
1948 1516 2087 1553 tuetur,
2110 1515 2147 1543 et
2162 1507 2330 1543 continet
2345 1519 2392 1543 ne
2414 1531 2416 1533 >

1401 1569 1566 1613 fatiscat,
1593 1582 1639 1604 ue
1656 1567 1803 1603 deliciat
1817 1595 1826 1612 ,
1852 1580 1899 1603 ne
1916 1567 2070 1603 laboret.
2095 1569 2173 1615 Ego
2193 1566 2390 1602 utilitatem

1399 1628 1583 1676 unguenti
1617 1626 1729 1675 hujus
1750 1626 1940 1675 praedico,
1966 1634 2005 1662 tu
2039 1626 2134 1662 sorte
2157 1625 2391 1674 voluptatem

1398 1687 1544 1735 quaeris.
1570 1689 1622 1722 Ne
1638 1685 1674 1721 in
1701 1685 1772 1720 hoe
1799 1684 1951 1733 quidem
1971 1684 2102 1728 deero,
2122 1692 2159 1719 ct
2181 1683 2302 1719 adhuc
2319 1696 2390 1719 vo·

342 1753 476 1783 trescet
493 1773 502 1790 ‚
541 1752 576 1780 et
604 1756 691 1779 caro
719 1756 802 1791 qua:
837 1751 1059 1791 consumpta
1091 1743 1159 1778 suit
1193 1756 1213 1778 a
1246 1755 1335 1791 sup—
1354 1748 1380 1783 C
1400 1743 1457 1780 bis
1471 1744 1773 1780 excellentiorem
1790 1742 2250 1778 unctionemdemonstro.
2273 1744 2392 1777 Omne

343 1805 487 1855 pliciis,
524 1810 733 1838 revertetur
762 1801 808 1837 ad
841 1801 919 1838 dies
941 1800 1204 1837 adolescentiae
1235 1813 1332 1846 suae,

339 1861 600 1901 adolescentia}
616 1873 699 1909 quse
718 1873 792 1895 non
813 1860 978 1896 discedat
994 1861 1064 1896 alia
1085 1868 1190 1896 aetate
1210 1873 1333 1896 succe-

341 1923 465 1959 dente.
496 1920 638 1956 Eslicax
667 1919 823 1954 omnino
848 1927 1104 1967 unguentum,
1131 1932 1198 1968 per
1230 1918 1333 1967 quod

344 1992 417 2019 tam
442 1981 648 2017 inveterata
671 1976 863 2014 sanabitur
886 1978 1084 2024 contritio,
1106 1987 1142 2014 et
1164 1986 1236 2014 tam
1265 1991 1335 2014 an—

338 2054 430 2078 nosa
461 2038 581 2075 sanies
601 2037 638 2072 in
669 2037 863 2072 sanitatem
893 2036 1218 2086 incorruptibilem
1243 2049 1337 2072 con-

336 2108 518 2137 vertetur.
547 2096 718 2132 Ecclesiae
749 2096 946 2145 proprium
974 2104 1029 2132 cst
1058 2096 1128 2131 hoc
1158 2108 1334 2143 unguen—

339 2169 442 2195 tum:
460 2157 545 2193 ideo
561 2155 761 2192 Christiani
777 2154 953 2190 dicuntur
970 2154 1031 2189 filii
1053 2153 1133 2202 ejus
1150 2168 1169 2189 a
1186 2158 1332 2202 Sponso

339 2232 406 2255 suo
425 2216 585 2259 Christo,
608 2214 645 2250 id
667 2222 721 2249 est
737 2222 861 2249 uncto.
883 2214 925 2249 Et
939 2212 1018 2261 jam
1035 2212 1245 2262 accepimus
1262 2212 1332 2248 hoc

337 2284 573 2325 unguentum
598 2273 635 2308 in
658 2273 895 2322 Baptismate.
930 2272 1002 2308 Sed
1026 2272 1122 2308 sicut
1152 2271 1206 2307 ibi
1238 2285 1330 2320 ope-

339 2344 462 2373 ratum
493 2332 616 2370 estad
648 2331 1006 2375 sanctificationem,
1042 2330 1092 2366 ita
1124 2338 1161 2365 ct
1190 2330 1226 2365 in
1258 2331 1332 2366 line

339 2404 551 2443 temporum
566 2389 788 2441 operabitur
802 2389 849 2426 ad
866 2390 1067 2438 gloriosam
1085 2389 1184 2424 illam
1201 2389 1333 2425 iminu-

336 2454 537 2496 tationem,
569 2449 723 2499 quando
752 2462 840 2485 caro
861 2449 1057 2484 immutata
1080 2448 1151 2484 erit
1177 2456 1335 2497 propter

1396 1804 1577 1850 gaudium
1593 1829 1604 1845 ,
1637 1801 1759 1849 inquit
1776 1829 1785 1845 ,
1814 1805 2044 1846 existimate,
2058 1799 2220 1846 fratres,
2245 1813 2325 1836 cum
2353 1804 2390 1835 iu

1399 1865 1614 1896 tentationes
1640 1864 1760 1895 varias
1779 1861 1983 1895 inciderilis
2000 1858 2027 1894 ⁵.
2051 1863 2108 1896 An
2136 1872 2213 1895 non
2240 1858 2305 1895 tibi
2333 1859 2391 1895 vi-

1401 1919 1510 1956 detur
1529 1918 1785 1955 excellentiori
1806 1926 1997 1967 unguento
2017 1918 2210 1967 perfusus,
2233 1918 2298 1967 qui
2322 1930 2393 1954 no-

1401 1979 1454 2015 vit
1483 1978 1520 2014 in
1553 1977 1718 2014 adversis
1747 1976 1933 2026 gaudere,
1959 1990 2070 2026 quam
2103 1977 2167 2026 qui
2196 1976 2323 2013 didicit
2353 1976 2391 2012 in

1402 2037 1491 2085 ipsis
1507 2049 1582 2072 non
1606 2035 1845 2072 contristari?
1863 2035 1986 2071 Minus
2002 2035 2100 2071 enim
2119 2043 2174 2071 est
2193 2048 2269 2084 quo
2283 2034 2393 2070 dolor

1401 2095 1630 2139 excluditur,
1649 2106 1759 2142 quam
1777 2107 1852 2142 quo
1870 2094 1995 2129 laetitia
2010 2093 2199 2130 suadetur.
2221 2093 2391 2142 Denique

1398 2162 1434 2189 et
1455 2152 1625 2189 inimicos
1655 2164 1729 2187 non
1758 2151 1871 2187 modo
1902 2152 2079 2197 tolerare,
2110 2151 2175 2188 sed
2201 2160 2238 2187 et
2266 2164 2390 2188 amare

1393 2211 1552 2260 jubetur
1577 2223 1714 2260 sponsa
1735 2210 1880 2246 Christi.
1907 2213 2079 2258 Diligite,
2098 2209 2236 2259 inquit,
2264 2214 2391 2246 initui-

1398 2284 1457 2305 cos
1473 2278 1610 2305 vestros
1627 2268 1654 2303 ⁶.
1678 2272 1782 2304 Bona
1805 2281 1894 2316 ergo
1915 2267 1995 2316 ejus
2015 2276 2225 2316 unguenta,
2245 2281 2328 2317 quae
2351 2269 2389 2305 in

1400 2327 1567 2364 tristibus
1587 2327 1751 2363 laetitiam
1773 2326 1962 2372 redolent,
1978 2335 2015 2363 ct
2031 2326 2200 2363 hostibus
2217 2326 2390 2364 dilectio—-

1399 2400 1485 2423 nem
1507 2394 1695 2436 praestant.
1714 2386 1871 2422 Dilectio
1892 2386 1990 2422 enim
2007 2385 2128 2434 major
2143 2394 2198 2423 est
2213 2386 2389 2423 omnibus

1400 2445 1588 2482 sacrificiis
1607 2453 1644 2480 et
1665 2444 2059 2481 l1‹›locaustomatibus.
2080 2445 2171 2481 Ideo
2194 2444 2290 2481 odor
2315 2458 2388 2482 un-

337 2514 475 2549 olcum.
498 2510 589 2558 Quis
610 2509 676 2545 scit
697 2509 726 2545 si
746 2521 821 2544 non
844 2508 993 2544 interim
1012 2506 1167 2543 morbus
1185 2507 1329 2543 sinatur
1344 2512 1377 2545 D
1394 2513 1620 2556 guentorum
1649 2513 1798 2540 tuorum
1827 2505 2007 2554 praecellit
2034 2503 2208 2541 omnibus
2238 2517 2388 2541 aroma-

337 2571 540 2613 desaevire,
573 2577 613 2604 ut
635 2581 679 2603 ex
705 2566 886 2603 violentia
915 2565 1037 2602 morbi
1058 2566 1177 2602 virtus
1205 2565 1328 2602 decla-

338 2639 441 2667 retur
466 2628 651 2666 remedii?
669 2630 768 2663 Bene
789 2639 878 2674 crgo
898 2625 1078 2674 unguenti
1099 2623 1210 2673 hujus
1233 2624 1330 2660 odor

336 2689 642 2732 commendatur,
668 2700 712 2722 eo
734 2684 836 2734 quod
859 2685 1014 2733 gratiam
1039 2683 1140 2732 ejus,
1164 2698 1204 2719 ac
1229 2683 1258 2720 si
1284 2683 1330 2719 de

338 2751 450 2797 longe
468 2748 609 2791 adhuc,
632 2745 848 2781 odoramur.
867 2743 975 2791 Quod
995 2742 1095 2779 aliud
1116 2741 1221 2778 dabis
1240 2742 1331 2778 anti-

337 2808 467 2844 dotum
489 2815 560 2842 tam
580 2806 710 2841 efficax
729 2803 773 2839 ad
795 2802 1040 2851 mitigandum
1059 2815 1208 2838 omnem
1225 2815 1330 2837 men-

337 2869 402 2911 tis,
425 2879 508 2914 quae
543 2872 664 2913 potest
685 2862 876 2907 accidere,
912 2862 1202 2905 desolationem,
1232 2874 1329 2909 quo-

334 2926 448 2963 modo
477 2924 653 2960 fidissima
673 2935 758 2971 spes
778 2930 831 2957 cst
858 2922 1142 2957 resurrectionis
1170 2921 1302 2956 sutura:
1318 2949 1327 2965 ‚

333 2994 370 3021 ct
392 2983 505 3020 felicis
529 2982 626 3017 illius
649 2981 980 3017 commutationis?
1005 2984 1087 3017 Bon
1113 2978 1226 3015 habet
1257 2973 1328 3014 do—

335 3044 452 3081 ctrina
467 3042 670 3081 Gentilium
689 3040 973 3076 resurrectionis
990 3039 1247 3075 credulitatem
1265 3066 1273 3084 ,
1292 3045 1327 3073 ct

381 3182 388 3196 ¹
409 3174 554 3208 Jobxiv,
583 3175 631 3201 15).
670 3191 674 3192 γ
719 3176 728 3189 ⁷
753 3171 819 3201 Jocl
843 3181 880 3206 ιι,
904 3174 956 3199 78.
987 3190 991 3191 γ

334 3235 346 3258 7
368 3226 477 3258 Manli.
496 3237 524 3263 x,
545 3228 604 3262 253,
628 3225 680 3253 2¹1.

1394 2565 1504 2602 tibus.
1533 2568 1677 2601 Bonum
1711 2565 1820 2613 plane
1846 2564 2025 2600 orationis
2058 2577 2204 2610 aroma,
2243 2562 2386 2600 bonum

1394 2625 1584 2661 incensum
1602 2639 1610 2669 ;
1629 2623 1693 2659 sed
1713 2623 1799 2659 audi
1820 2623 1909 2672 quid
1936 2623 2177 2672 Evangelium
2199 2623 2385 2672 praeserat.

1395 2686 1436 2720 Si
1464 2682 1600 2730 osset-s,
1627 2683 1769 2732 inquit,
1793 2697 1923 2719 numus
1951 2693 2050 2718 tuum
2074 2692 2160 2717 ante
2179 2685 2318 2725 altare,
2351 2691 2387 2718 et

1397 2744 1448 2779 ibi
1467 2741 1807 2789 recordatus·fueris
1832 2747 1918 2790 quia
1930 2741 2057 2790 frater
2071 2751 2152 2777 mus
2177 2740 2286 2776 habet
2309 2744 2386 2776 ali-

1395 2804 1488 2850 quid
1505 2803 1695 2836 adeersum
1721 2811 1775 2846 le,
1797 2803 1940 2836 ‹limitet›
1957 2801 2005 2836 ibi
2026 2813 2158 2835 munus
2179 2809 2278 2835 tuum
2301 2807 2386 2834 mete

1395 2864 1537 2905 altare,
1571 2870 1604 2895 et
1633 2863 1731 2895 vade
1750 2866 1857 2908 prius
1885 2863 2121 2896 reconciliari
2142 2858 2262 2906 fiatri
2282 2868 2340 2894 mo
2357 2865 2383 2894 7,

1394 2919 1570 2956 Advertis
1586 2919 1672 2954 satis
1691 2919 1885 2967 quomodo
1907 2927 2140 2967 unguentum
2165 2916 2385 2953 reconcilia—

1396 2978 1507 3014 tionis
1531 2978 1688 3014 aromati
1717 2978 1867 3027 praefert.
1903 2977 2092 3013 orationis
2115 2976 2213 3023 Quid
2240 2984 2295 3011 est
2323 2988 2384 3011 re-

1395 3037 1629 3083 conciliatio,
1650 3037 1717 3072 nisi
1738 3036 1867 3072 iterata
1896 3036 2106 3072 animorum
2125 3034 2382 3070 dissidentium

1054 3170 1058 3189 ³
1087 3174 1094 3200 1
1119 3172 1188 3200 (ἴων.
1210 3181 1263 3204 xv„
1291 3173 1342 3199 51.
1365 3188 1402 3192 -—
1433 3167 1444 3192 ⁴5
1464 3172 1532 3198 Luc.
1558 3179 1627 3205 xxi,
1655 3172 1704 3199 19.
1723 3187 1761 3190 *⁴
1784 3166 1919 3199 5Jac0bi
1941 3178 1962 3205 1,
1986 3169 2015 3196 2.
2031 3186 2069 3189 —
2091 3163 2106 3186 G
2124 3168 2195 3195 Luc.
2213 3175 2254 3200 vt,
2272 3167 2381 3194 (ish-—
