2418 3949
119 245 193 282 373

119 323 289 360 nimietas
309 331 366 360 est
385 323 420 359 in
446 335 546 358 cura.
569 323 665 359 Mala
684 322 763 358 sitis
790 322 905 358 ardor
924 319 1101 358 habendi.

887 247 915 282 Τ
918 245 1170 281 RACTATUS
1197 247 1425 282 ASCE'l'lCI.

2094 246 2167 282 374

1172 329 1271 357 sunt.
1293 325 1429 357 Parum
1451 329 1507 358 est
1527 330 1567 357 ut
1591 321 1670 370 ipse
1689 334 1802 358 sanus
1819 322 1888 358 sim
1901 350 1911 367 ,
1931 322 2000 359 nisi
2018 330 2055 358 et
2076 323 2170 359 alios

119 385 205 419 Haec
227 395 316 432 ergo
337 390 393 418 est
421 389 519 418 terra
545 381 674 418 sitiens
690 409 700 427 ,
736 381 782 418 de
806 394 881 430 qua
901 379 1047 430 pietatis
1069 387 1106 414 et
1124 382 1154 416 A
1173 392 1305 416 sanare
1328 381 1480 429 possim.
1506 384 1713 430 Propterea
1737 381 1846 427 dicit,
1880 383 2006 417 Nolite
2031 388 2167 418 consu·-

119 441 206 478 fidei
233 442 342 478 radix
376 441 524 477 infirme
549 449 587 477 et
615 440 807 477 humiliter
834 438 1023 483 ascendit,
1044 438 1109 474 vix

119 514 157 537 se
181 501 376 550 paululum
406 499 453 536 ab
482 499 565 536 imis
595 499 802 548 subrigens.
828 499 1000 547 Denique
1030 510 1105 534 non

119 568 243 609 potest
263 560 332 596 ista
354 572 429 596 non
457 559 635 608 languere
650 586 659 603 ,
682 558 747 594 ubi
766 557 897 594 mundi
920 555 1106 593 desideria

119 620 334 665 luxuriant,
351 627 390 655 et
406 630 512 654 vanae
531 617 736 654 dilatantur
751 617 987 666 propagines.
1002 615 1107 651 Felix

117 678 182 727 qui
199 678 264 715 has
283 692 303 714 a
330 690 368 714 se
387 677 589 722 exciderit,
611 677 648 713 in
676 690 752 725 quo
773 676 918 713 deserta
939 675 1108 724 neglecta

117 745 173 774 est
188 738 295 773 vinea
304 736 461 774 sabama
473 765 482 781 ,
498 736 606 772 vinea
622 736 762 772 scilicet
774 749 857 785 quae
871 734 1106 772 altitudinem

118 809 221 832 suam
235 795 389 841 attollit,
401 794 635 830 altitudinem
651 794 951 831 conversationis
965 793 1011 830 ad
1026 806 1107 843 gra-

116 854 206 890 dum
240 853 483 904 praelationis.
513 853 676 889 Sabama
707 854 806 890 enim
834 854 945 890 etiam
970 853 1105 902 Aliqua

115 914 313 950 conversio
330 913 467 949 dicitur
487 927 493 947 :
512 926 597 948 nam
612 913 676 961 qui
691 913 952 949 conversionis
966 913 1107 962 aliqua-

118 982 225 1011 tenus
239 972 414 1010 videntur
426 972 589 1021 attigisse
608 972 736 1018 initia3
758 972 816 1018 hi,
838 973 1011 1021 inquam,
1028 984 1106 1007 ma—

115 1034 188 1083 gis,
209 1034 314 1083 quasi
332 1046 477 1071 summa
493 1033 636 1082 flagella
648 1062 657 1078 ,
680 1032 899 1069 ambitionis
916 1032 1107 1081 agitantur

1173 448 1275 475 tuere
1294 453 1352 475 me
1374 444 1580 488 principem
1596 469 1606 486 ,
1641 454 1714 475 mm
1743 454 1822 476 sum
1854 442 2041 484 medicus,
2063 449 2098 476 et
2131 446 2166 477 in

1173 501 1280 534 domo
1308 512 1392 534 mea
1423 513 1497 534 nor!
1527 508 1579 534 est
1602 503 1720 548 pam's
1746 514 1865 548 neque
1892 505 2164 536 vestimentum.

1174 560 1258 594 Nmz
1276 572 1356 593 sum
1374 572 1440 607 ego
1461 560 1625 594 medlo-us
1648 574 1659 594 :
1682 567 1718 595 et
1741 560 1810 596 iste
1838 559 1947 604 dicit,
1971 561 2079 597 Solus
2098 574 2169 612 ego

1174 616 1350 654 medicus.
1390 617 1562 666 Denique
1609 631 1850 667 quocumque
1892 619 2169 669 circumspicit,

1172 685 1236 712 aut
1263 677 1469 726 imperitia,
1497 686 1561 713 aut
1594 678 1792 726 impuritas
1829 687 1910 724 aut,
1940 679 2073 724 dolus,
2105 689 2168 717 aut

1173 736 1315 773 desidia
1333 737 1513 782 occurrit,
1535 745 1575 772 ut
1593 737 1695 773 solus
1718 738 1763 774 sit
1779 739 1845 786 qui
1864 739 2032 787 prudens
2051 740 2112 785 sit,
2131 749 2169 777 et

1173 795 1292 832 tidelis
1310 808 1462 841 servus3
1482 803 1519 831 et
1539 794 1625 831 ideo
1647 796 1684 831 in
1704 797 1931 845 cogitatione
1955 811 2020 834 sua
2047 799 2166 845 dicat,

1170 855 1294 892 Nolite
1328 855 1442 891 alium
1469 855 1698 892 constituere
1724 856 1954 905 principem,
1985 871 2032 894 ne
2073 859 2168 896 forte

1170 914 1281 950 detur
1297 927 1392 964 puer
1413 914 1589 964 princeps
1601 942 1610 959 ,
1627 923 1664 951 et
1685 915 1891 952 effeminati
1909 915 2164 954 dominentur.

1171 973 1398 1022 Hujusmodi
1443 986 1520 1009 non
1565 973 1733 1022 indigent
1773 974 2016 1023 persuasione
2052 989 2164 1024 quam

1173 1034 1351 1082 postulas.
1381 1032 1560 1081 Quamvis
1592 1033 1692 1069 enim
1725 1034 1912 1083 superiori
1943 1034 2060 1082 gradu
2089 1048 2165 1071 non

117 1100 241 1129 vento.
265 1095 335 1129 Per
355 1105 393 1129 se
416 1092 504 1129 satis
526 1091 602 1127 haec
623 1092 806 1141 plantatio
833 1091 1017 1136 luxuriat3
1039 1104 1106 1140 per
1124 1093 1150 1126 B
1171 1090 1613 1138 delectantur,lab0rum
1637 1104 1676 1128 se
1692 1100 1818 1128 tamen
1840 1093 1953 1129 lucris
1976 1094 2167 1138 solantur,

117 1164 156 1187 se
179 1152 322 1196 oritur,
352 1151 415 1187 ubi
446 1164 522 1187 non
553 1151 778 1195 seminatur,
804 1159 842 1187 et
865 1151 984 1199 surgit
1011 1150 1101 1186 dum

116 1211 318 1248 succiditur
334 1225 342 1247 :
359 1219 560 1261 propterea
576 1223 652 1247 non
675 1210 819 1260 indiget
836 1211 1019 1261 plantari,
1039 1210 1104 1247 sed

113 1270 296 1318 amputari
312 1285 322 1316 ;
344 1283 419 1306 non
439 1271 580 1315 excoli,
598 1270 663 1306 sed
680 1270 814 1307 excidi.

167 1330 201 1366 7.
219 1330 290 1367 Sed
305 1329 382 1379 jam
412 1331 480 1367 ista
504 1331 693 1367 sufficiant
717 1344 787 1381 pro
806 1344 873 1376 eo,
903 1329 1006 1379 quod
1027 1343 1103 1366 non

112 1389 287 1440 expediat
324 1398 482 1439 propter
517 1390 610 1427 alios
646 1391 950 1427 exhortationem
991 1403 1102 1439 quam

113 1447 230 1497 exigis
248 1477 258 1494 ,
281 1448 414 1485 facere.
452 1448 524 1486 Sed
553 1449 731 1497 quoniam
755 1447 833 1497 jam
858 1449 1047 1497 aliquanta
1067 1448 1104 1485 in

114 1506 356 1544 ambitionem
375 1508 538 1544 diximus
552 1536 561 1552 ,
584 1520 792 1557 congruum
814 1508 884 1544 erit
901 1509 931 1543 si
952 1507 998 1544 de
1014 1500 1108 1557 prae-

115 1567 328 1616 sumptione
345 1580 421 1602 non
441 1567 590 1616 penitus
614 1567 799 1602 sileamus.
823 1566 1110 1603 confutavimus

115 1624 201 1661 illos
219 1633 405 1674 exparte,
429 1625 573 1674 privata
593 1625 657 1674 qui
675 1624 879 1674 cupiditate
898 1624 944 1660 ad
965 1624 1037 1660 alta
1060 1626 1111 1661 fe-

117 1692 272 1729 runtur3
297 1684 596 1729 confundamus,
627 1684 704 1720 imo
735 1692 774 1720 et
804 1696 1110 1721 commoneamus

114 1751 150 1778 et
185 1743 295 1787 illos,
326 1743 391 1791 qui
424 1744 595 1779 fraternae
626 1742 854 1779 necessitatis
884 1741 1042 1779 obtentu
1071 1757 1110 1781 se

116 1801 232 1837 teneri
255 1802 464 1850 gloriantur
486 1815 493 1836 :
523 1801 662 1850 quibus
689 1801 926 1838 laudabiliter
954 1803 1106 1851 quidem

113 1861 310 1909 occupatio
341 1859 462 1910 gravis
489 1869 562 1905 est,
590 1868 627 1896 et
657 1869 762 1910 grata
793 1861 919 1910 quies;
951 1861 1015 1897 sed
1048 1870 1103 1896 ta-
1127 1864 1153 1898 C

115 1933 198 1956 men
239 1920 370 1966 inani,
403 1919 480 1955 imo
517 1920 692 1956 insolenti
726 1928 762 1956 et
798 1920 942 1956 tumido
978 1921 1110 1957 timore

116 1987 337 2024 moventur,
363 1979 392 2015 si
417 1978 618 2028 magisterii
638 1978 794 2027 gradum
823 1978 1036 2024 dimittant,
1063 1993 1109 2015 ne

114 2052 189 2074 non
223 2038 271 2075 sit
304 2039 362 2075 eui
391 2037 478 2087 jure
510 2039 751 2075 committant
784 2053 790 2074 :
824 2039 889 2088 qui
922 2040 1108 2089 sapientes

113 2098 251 2135 suntin
268 2099 385 2136 oculis
404 2099 495 2143 suis,
513 2107 551 2135 et
567 2112 692 2134 coram
715 2099 925 2148 semetipsis
944 2099 1107 2148 pruden-

113 2168 186 2204 tes;
212 2159 276 2208 qui
304 2159 374 2195 hoc
388 2158 562 2194 vanitatis
582 2172 656 2194 non
675 2159 843 2194 contenti
863 2158 1001 2207 gradu,
1021 2172 1105 2195 eum

117 2217 192 2254 titia
221 2217 290 2254 soli
322 2217 441 2253 relicti
470 2216 539 2254 sibi
579 2217 798 2253 videntur¹.
828 2217 1038 2265 Quemdam
1068 2231 1105 2254 se

114 2280 241 2313 Mosen
259 2285 452 2327 reputant,
475 2276 539 2313 sed
561 2289 675 2326 supra
696 2280 840 2313 Mosen.
860 2277 926 2313 Ille
946 2290 1107 2326 namque

114 2335 222 2382 dicit,
237 2339 407 2380 Domine,
423 2339 573 2384 provide
597 2339 710 2372 cilium
728 2350 834 2384 quem
853 2341 976 2372 mittas
991 2344 1000 2356 ⁷
1023 2351 1029 2372 1
1051 2337 1107 2373 isti

114 2394 267 2440 dieunt,
288 2398 369 2432 Non
396 2404 451 2431 est
478 2396 589 2441 alius,
620 2397 802 2442 Domine,
832 2409 943 2445 quem
973 2397 1107 2433 mittas.

113 2455 377 2502 Apprelteudet
389 2482 400 2498 ,
423 2455 546 2504 inquit
564 2455 676 2492 Isaias
692 2484 701 2501 ,
726 2460 786 2491 vir
803 2455 961 2503 fratrem
984 2470 1104 2502 suum,

114 2515 349 2550 (luttresticum
369 2519 491 2563 patrIs
519 2520 576 2550 sui
600 2530 610 2550 :
645 2516 908 2552 Ve.s·te'111enram
941 2515 1007 2552 tibi
1031 2526 1105 2560 est,

109 2579 281 2622 princeps
297 2584 370 2610 esto
397 2585 529 2611 umtcr.
559 2575 658 2623 Quid
681 2576 741 2612 ille
760 2578 774 2612 Ξ)
793 2579 877 2612 Non
893 2590 970 2611 sam
988 2579 1106 2612 {nedi-

114 2646 197 2676 eus,
219 2642 255 2668 et
271 2635 308 2668 e'n
328 2636 436 2669 domo
457 2648 539 2669 mea
560 2648 633 2670 non
654 2645 705 2671 cal
722 2641 836 2684 panis
858 2649 976 2683 neque
996 2642 1105 2671 vesti-
1128 2643 1159 2676 D
1176 2636 1318 2671 salvum
1341 2649 1399 2671 me
1420 2636 1530 2672 facies
1549 2650 1569 2672 a
1598 2645 1818 2686 tempestate

114 2701 285 2728 tuentum.
312 2696 434 2729 Nolite
457 2697 671 2730 constituere
703 2709 760 2731 mc·
771 2700 982 2744 principem
1008 2694 1031 2730 3.
1055 2699 1108 2732 Ae

113 2751 142 2787 si
165 2752 263 2789 dicat
287 2767 293 2788 :
317 2757 398 2790 Non
417 2755 553 2791 sufficit
576 2763 613 2790 ut
642 2756 905 2791 vestimentum
933 2755 1021 2791 milii
1040 2756 1104 2801 sit,

115 2811 182 2848 nisi
204 2811 394 2859 abundet,
427 2823 467 2851 ut
495 2823 533 2851 et
566 2816 645 2851 aliis
680 2815 905 2865 impertiam.
939 2819 1020 2851 hon
1051 2825 1106 2852 est

113 2870 199 2907 satis
225 2880 264 2907 ut
289 2873 542 2923 principatum
571 2873 784 2920 obtineam,
823 2875 961 2911 babere
990 2876 1105 2911 vesti-

116 2938 279 2967 mentum
322 2931 551 2982 disciplinae,
597 2935 863 2971 vestimentum
907 2934 1105 2971 exterioris

114 2991 407 3028 conversationis
426 3001 461 3028 et
483 2992 1015 3044 observantiae.,compositum
1038 2993 1102 3029 lia-

117 3047 202 3085 bere
231 3049 420 3087 bominem
446 3053 697 3098 exteriorem,
731 3067 808 3102 quo
830 3061 1006 3102 tanquam
1039 3065 1101 3087 ve-

116 3107 289 3145 stimento
313 3118 398 3146 utor
419 3111 454 3146 in
477 3112 580 3147 omui
601 3121 686 3148 actu
707 3121 744 3148 et
766 3121 871 3161 gestu
895 3127 901 3148 ε
931 3125 1014 3148 nam
1035 3124 1102 3147 uec

118 3167 202 3203 milii
218 3169 326 3214 satis,
348 3170 464 3206 multo
487 3172 608 3208 miuus
630 3172 711 3208 aliis
731 3172 830 3208 satis.
848 3172 1029 3221 Exiguum
1048 3181 1102 3207 est

116 3226 215 3274 quod
233 3227 268 3263 in
292 3242 350 3264 me
370 3230 675 3275 eonu=wn‹lauu·‚
715 3231 856 3280 majora
891 3230 1100 3280 expetenda

168 3358 232 3385 ἸΙΙ
252 3360 324 3397 avg.
344 3368 424 3387 xviii
442 3381 448 3395 ‚
468 3363 506 3388 ’Π
524 3382 530 3395 ,
550 3365 576 3388 et
597 3371 672 3395 xis,
698 3364 801 3390 t‹›.—
826 3366 834 3379 ¹
853 3361 948 3390 lsxod.
970 3371 1010 3390 ix.
1038 3364 1086 3388 1.ὶ.

1171 1152 1307 1201 quietis
1339 1160 1375 1188 et
1409 1152 1509 1201 pacis
1542 1151 1677 1187 affectu
1711 1151 1830 1188 labori
1868 1153 2071 1197 resultant,
2101 1153 2166 1189 sed

1169 1213 1239 1248 alia
1258 1226 1305 1248 ex
1333 1220 1438 1262 parte
1467 1211 1514 1247 ad
1540 1210 1676 1247 uberes
1700 1225 1858 1261 operum
1883 1212 2022 1249 fructus
2040 1213 2166 1250 exsul-

1172 1280 1260 1308 tant.
1286 1275 1506 1309 Currentem
1535 1270 1592 1307 liic
1618 1284 1688 1320 ego
1716 1284 1930 1308 sermonem
1960 1272 2166 1316 contraho,

1170 1331 1255 1379 quia
1276 1339 1313 1367 tu
1339 1329 1415 1379 jam
1435 1329 1482 1366 ad
1517 1330 1587 1366 alia
1608 1330 1787 1375 traheris,
1814 1330 1890 1366 imo
1927 1330 2079 1367 forsitan
2099 1358 2108 1374 ,
2130 1338 2167 1366 ut

1171 1390 1250 1426 lieri
1271 1390 1386 1434 solet,
1407 1402 1475 1438 per
1492 1389 1602 1438 plura
1617 1389 1846 1426 distraheris.

1483 1512 1859 1530 ,ψ

1334 1630 1527 1666 ALTERA
1558 1632 1681 1666 PARS
1709 1632 2004 1667 TRACTATL'S.

1176 1757 1329 1795 Rogerum
1346 1755 1562 1792 commendat,
1584 1757 1626 1787 uti
1644 1756 1826 1787 instructum
1850 1757 1974 1787 dotibus
1996 1756 2035 1787 ad
2059 1757 2167 1798 praela-

1222 1813 1319 1837 turam
1351 1807 1489 1845 idoneis,
1520 1815 1549 1840 et
1579 1820 1779 1851 persemrare
1807 1809 1895 1851 jubet
1921 1810 2033 1852 :prius
2066 1815 2167 1839 tameo

1218 1859 1413 1891 difficultates
1428 1867 1457 1892 et
1480 1873 1573 1894 ouera
1591 1863 1779 1905 praelationis
1799 1863 1936 1906 exponit.

1575 1991 1777 2006 --ῠθυορ

1231 2099 1262 2134 l.
1287 2102 1468 2136 Sermone
1484 2101 1676 2150 praeterito
1693 2102 1857 2138 studium
1878 2103 2058 2151 gessimus
2070 2117 2167 2153 prae-

1173 2168 1415 2209 sumptuosos
1440 2160 1550 2196 simul
1569 2169 1605 2196 et
1624 2160 1843 2199 ambitiosos
1867 2164 2073 2212 reprimere
2098 2178 2105 2199 :
2132 2164 2168 2200 iu

1174 2218 1242 2253 boe
1276 2227 1420 2264 autem,
1460 2220 1544 2268 plus
1573 2219 1677 2268 justo
1713 2222 1950 2259 meticulosos
1988 2224 2168 2259 animare.

1175 2281 1276 2314 Bone
1305 2281 1405 2315 Deus
1421 2307 1431 2324 ,
1453 2279 1543 2328 quid
1567 2280 1751 2316 intervalli
1774 2281 1870 2318 iuter
1893 2282 1992 2318 bunc
2011 2291 2045 2318 et
2064 2283 2168 2318 illum

1175 2338 1354 2374 obvenit!
1393 2349 1556 2388 quantus
1594 2340 1828 2377 saecularium
1868 2342 2015 2378 irruens
2055 2342 2167 2379 turbo

1175 2397 1447 2433 calumniarum
1476 2397 1659 2434 calamum
1687 2399 1852 2435 excussit
1879 2414 1898 2436 a
1924 2400 2069 2449 digitis,
2101 2414 2168 2450 pa-

1176 2457 1341 2506 riterque
1370 2470 1522 2493 manum
1556 2466 1591 2493 et
1619 2457 1787 2494 animum
1820 2459 1930 2508 louge
1959 2460 2124 2510 abripuit
2150 2475 2167 2496 a

1174 2516 1351 2552 materia!
1380 2516 1474 2553 Veni
1500 2529 1589 2552 vere
1619 2517 1656 2552 in
1697 2517 1933 2555 altitudinem
1969 2520 2107 2563 maris,
2134 2528 2167 2555 et

1175 2584 1374 2625 tempestas
1403 2576 1582 2613 demersit
1608 2590 1678 2613 me.
1710 2578 1894 2625 Quando,
1924 2578 2023 2615 bone
2055 2583 2167 2622 Jesu,

1841 2654 1847 2674 :
1873 2640 1939 2675 etsi
1960 2639 2127 2675 noudum
2150 2653 2168 2674 a

1175 2703 1393 2744 tempestate
1409 2723 1419 2739 ‚
1450 2695 1579 2731 saltem
1604 2709 1624 2731 a
1651 2697 1804 2745 spiritus
1834 2698 2140 2746 pusillanimitate
2157 2701 2171 2733 1‘

1172 2755 1311 2793 Crescit
1341 2763 1377 2791 et
1405 2754 1643 2791 increbrescit
1679 2757 1846 2806 undique
1882 2766 2105 2807 tempestas,
2136 2767 2169 2793 et

1172 2830 1241 2863 ego
1263 2815 1398 2865 pusillo
1416 2828 1496 2850 sum
1517 2816 1671 2864 spiritu,
1691 2824 1725 2852 et
1753 2826 1910 2866 angusto
1931 2818 2057 2853 auimo
2077 2832 2083 2852 :
2104 2831 2170 2853 nee

1173 2888 1326 2923 possum
1364 2873 1554 2910 turbinum
1584 2875 1773 2924 impetus,
1803 2885 1837 2912 et
1874 2885 2073 2912 ventorum
2104 2890 2166 2913 ra-

1172 2933 1270 2970 biem
1289 2933 1574 2969 meditationum
1596 2948 1686 2971 aura
1705 2935 1960 2984 tranquillare.
1980 2939 2061 2972 Nou
2082 2950 2168 2985 pos-

1171 3006 1252 3029 sum
1287 2993 1324 3028 in
1360 2992 1484 3029 cordis
1518 2993 1590 3030 mei
1620 3003 1763 3031 cratere
1799 2994 2011 3032 forensibus
2045 2996 2168 3044 litigiis

1171 3052 1401 3101 spiritualem
1429 3052 1584 3089 miseere
1605 3053 1781 3090 laetitiam.
1804 3057 2091 3103 (tnmgusmmm
2112 3066 2165 3090 eit

1169 3121 1342 3153 stratum,
1367 3111 1459 3147 sicut
1481 3111 1529 3147 ait
1550 3112 1754 3162 propbeta,
1775 3122 1812 3148 ut
1828 3117 1923 3149 alec-r
1939 3116 2107 3152 decidat.
2132 3123 2165 3148 et

1164 3173 1323 3218 pallitta!
1358 3169 1460 3205 breve
1499 3180 1690 3220 utrumque
1720 3178 1861 3220 operire
1898 3187 1969 3208 non
2001 3182 2123 3220 polvs!
2140 3176 2163 3207 ⁸.

1168 3232 1325 3265 Sam-ius
1358 3228 1474 3265 Jacob
1510 3230 1654 3266 xieibus
1689 3245 1849 3267 uxorum
1886 3231 2048 3267 mutabat
2084 3245 2163 3265 am-

1176 3360 1339 3389 ’·1κ.ιι«ιιι,
1361 3361 1445 3391 ·'=‚','.
1531 3359 1741 3390 witnxiu.
1763 3364 1813 3387 Ἠ).
