2418 3949
874 107 886 128 Ἰ

891 134 900 148 x

168 219 240 255 773

810 216 1092 254 TRACTATUS
1120 218 1184 251 DE
1213 217 1397 252 ORDINE
1426 219 1563 253 VITAE.
1590 221 1596 224 '

165 296 353 332 solvamus
369 308 519 332 omnem
537 295 790 340 harmoniam,
805 295 910 344 quasi
927 292 1192 330 concentum³⁷

2142 221 2211 256 77²1

1198 291 1413 328 “solutione
1431 306 1496 328 sua
1518 301 1641 342 patres
1658 302 1693 329 et
1717 293 1846 331 fratres
1861 296 2062 333 conturbat
2082 313 2089 334 :
2111 299 2212 347 quia,

164 355 364 405 quemdam
399 354 586 391 bonorum
617 367 788 404 operum.
819 358 919 391 Usus
948 353 1047 390 enim
1077 353 1152 388 cito
1168 355 1198 387 Α
1217 352 1314 387 sicut
1334 352 1512 401 scriptum
1534 361 1610 397 est,
1633 366 1701 389 nec
1726 357 1845 390 Deum
1869 368 1937 391 nec
1959 355 2128 394 homines
2152 371 2212 394 re-

165 412 321 449 inssectit
344 421 531 449 naturam.
555 416 677 460 Quam
705 413 843 448 multos
865 412 1066 448 stultorum
1093 423 1157 446 so-

166 472 279 508 cietas
296 471 458 521 decipit?
478 471 578 519 Quid
595 471 704 507 nobis
729 484 813 507 cum
837 471 983 516 fabulis,
1003 470 1077 506 risu
1091 497 1100 513 ,
1120 477 1158 504 et

161 530 277 580 joco?
302 534 395 568 Nam
421 531 509 567 licet
533 530 725 566 interdum
746 529 901 566 honesta
923 528 1010 577 joca
1029 527 1157 564 suavia

167 589 263 634 sint;
295 597 417 625 tamen
447 588 494 625 ab
525 588 774 625 ecclesiastica
805 587 980 624 aberrant
1006 585 1156 636 regula,

167 649 345 698 quoniam
366 662 450 698 quae
473 649 510 684 in
529 648 732 698 Scripturis
755 648 892 684 sanctis
916 660 991 683 non
1014 645 1153 695 reperi-

169 720 273 752 mus,
306 707 499 756 quomodo
528 720 708 756 usurpare
734 707 956 755 possumus?
986 704 1157 742 Cavenda

167 774 255 803 sunt
274 767 373 803 enim
395 765 520 802 omnia
542 778 626 813 quae
644 765 836 801 inflectere
857 772 1016 814 possunt
1031 763 1158 812 gravi-

169 833 282 862 tatem
304 824 490 874 propositi
506 825 643 870 nostri,
665 832 878 872 nostraeque
894 821 1153 872 professionis.

174 886 241 918 Voe
263 883 367 919 vobis
391 887 454 930 qui
477 885 625 927 ridetis,
655 887 743 930 quia
752 883 893 927 flebitis
918 896 1002 926 vos,
1022 879 1157 917 Domi-

170 955 240 980 nus
264 942 315 979 ait
346 949 372 979 ¹.
402 946 478 980 Nos
506 941 653 978 ridendi
685 941 878 977 materiam
905 941 1155 990 inquirimus,

171 1010 211 1038 ut
233 1002 294 1038 hic
324 1001 489 1038 ridentes
504 1030 513 1045 ,
539 1001 614 1037 illie
636 1001 816 1036 fleamus?
846 1004 974 1049 Ipsum
995 1011 1158 1047 namque

168 1061 374 1098 Dominum
394 1061 540 1098 flevisse
559 1061 716 1109 legimus
737 1066 762 1095 ².
780 1062 865 1096 Non
883 1060 1003 1096 solum
1026 1059 1161 1108 prosu·

169 1133 251 1166 sos,
277 1120 341 1157 sed
361 1121 473 1156 etiam
493 1132 624 1156 omnes
645 1119 754 1168 jocos
777 1118 943 1155 arbitror
965 1119 1159 1155 declinan-

169 1179 238 1215 dos
258 1193 266 1214 :
288 1178 358 1215 nisi
378 1179 472 1215 forte
489 1179 642 1228 plenum
660 1178 854 1228 gravitatis
871 1186 908 1213 et
930 1177 1057 1226 gratiae
1081 1190 1162 1213 ser-

169 1251 321 1275 monem
347 1250 448 1285 esse,
472 1239 694 1275 indecorum
715 1246 771 1274 est
785 1244 814 1273 ³.
839 1237 1162 1286 Ingemiscendmn

170 1306 227 1335 est
244 1306 367 1334 autem
389 1298 554 1347 jugiter,
581 1306 619 1334 et
644 1298 856 1347 postposita
881 1297 1080 1333 securitate
1101 1297 1162 1331 lu-

171 1357 354 1406 gendum,
385 1371 432 1394 ne
457 1371 478 1394 a
504 1360 586 1394 Deo
611 1357 830 1394 deseramur
851 1365 1010 1407 propter
1030 1369 1164 1405 super-

171 1417 270 1454 biam
293 1425 331 1453 et
366 1417 634 1467 negligentias,
663 1425 700 1452 et
735 1417 774 1452 in
805 1424 989 1466 potestate
1023 1415 1165 1450 daemo—

171 1489 261 1514 num
280 1477 550 1525 relinquamur.
567 1479 712 1512 Revera
726 1489 837 1524 quem
856 1480 957 1513 Deus
973 1475 1164 1523 relinquit,

172 1536 361 1572 daemones
383 1535 610 1585 suscipiunt,
636 1543 673 1571 et
696 1544 909 1584 susceptum
938 1548 1014 1571 suae
1035 1534 1165 1583 perdi-

173 1594 286 1631 tionis
304 1595 525 1644 participem
548 1594 698 1630 faciunt.
722 1594 916 1630 Terribilis
940 1594 977 1629 in
1001 1592 1164 1629 consiliis

173 1666 287 1703 super
312 1654 408 1690 filios
426 1654 623 1690 hominum
654 1657 751 1689 Deus
774 1652 801 1689 3.
822 1656 1010 1702 Operatur
1030 1652 1165 1701 [igulus

175 1725 222 1748 ex
239 1712 368 1749 eadem
387 1726 507 1749 massa
524 1711 625 1748 aliud
642 1725 707 1748 vas
722 1712 760 1747 in
780 1712 963 1747 honorem
979 1739 988 1755 ‚
1011 1709 1111 1746 aliud
1126 1710 1163 1745 in

174 1772 453 1808 contumeliam.
478 1774 572 1808 Sunt
597 1785 684 1808 vasa
707 1770 973 1807 misericordiae
988 1800 996 1815 ,
1022 1778 1059 1806 et
1079 1778 1166 1805 sunt

1222 417 1412 455 veretur73
1431 410 1495 446 sed
1512 411 1658 447 laetatur
1668 425 1751 448 cum
1770 414 1864 449 male
1881 414 2028 461 fecerit,
2040 425 2077 452 et
2091 419 2213 454 exsul-

1224 477 1274 505 tat
1292 469 1329 504 in
1348 468 1460 505 rebus
1478 469 1648 517 pessimis
1665 469 1692 504 3.
1716 474 1824 507 Facta
1844 481 1899 508 est
1918 474 1950 508 ei
1971 474 2074 511 frons
2092 489 2214 513 mere-

1224 527 1345 573 tricis,
1362 528 1449 576 quia
1470 540 1546 563 non
1564 536 1688 576 potest
1708 528 1930 567 erubescere
1947 538 1973 568 ⁹.
1996 532 2069 570 L'bi
2087 535 2213 584 lingua

1223 585 1343 622 audax
1358 615 1367 631 ,
1397 594 1433 622 et
1457 587 1560 622 srons
1583 587 1861 633 inverecunda3
1891 591 1980 638 quid
2012 592 2210 641 loquatur,

1222 645 1361 694 quidve
1386 653 1469 693 agat
1494 658 1568 681 non
1592 654 1709 681 curat.
1732 650 1823 683 Cum
1847 650 1946 685 enim
1974 650 2061 688 boni
2085 654 2212 691 adolc-

1223 705 1380 741 scentuli
1402 713 1437 740 et
1463 705 1646 740 mansueti
1673 706 1830 741 tacendo
1859 719 2104 748 revercantur
2132 727 2213 749 ma—

1220 763 1325 812 jores
1363 776 1471 808 suos,
1510 776 1621 799 nemo
1659 765 1777 801 solius
1817 767 2078 805 taciturnitatis
2118 772 2213 808 banc

1223 823 1370 860 laudem
1398 831 1530 872 putet;
1561 824 1649 871 quia
1674 824 1861 860 silentium
1891 826 2036 874 ipsum,
2068 830 2104 865 in
2137 845 2213 880 quo

1223 890 1278 918 est
1298 882 1528 930 reliquarum
1548 882 1728 918 virtutum
1751 884 1885 929 otium,
1907 887 2094 923 maximus
2110 898 2216 926 actus

1223 941 1460 978 verecundiae
1486 949 1553 977 est.
1584 942 1753 990 Denique
1779 944 1807 979 si
1838 946 2009 981 naturale
2038 955 2115 993 est,
2151 959 2213 984 aut

1224 1001 1388 1037 infantiae
1402 1001 1622 1050 deputatur,
1640 1011 1704 1038 aut
1721 1003 1906 1052 superbiae
1924 1005 2065 1054 probro
2079 1008 2190 1045 datur
2206 1026 2212 1046 :

1183 1060 1210 1094 B
1226 1061 1255 1097 si
1275 1061 1535 1106 verecundiae,
1567 1061 1667 1097 laudi
1690 1061 1849 1098 ducitur.
1874 1064 2035 1101 'facebat
2054 1066 2090 1102 in
2120 1070 2217 1116 peri—

1228 1120 1320 1156 culis
1344 1123 1514 1156 Susanna
1543 1126 1584 1164 ¹⁰,
1613 1128 1650 1155 et
1673 1120 1824 1168 gravius
1849 1122 2086 1159 verecundiae
2106 1138 2217 1173 quam

1228 1179 1314 1215 vitae
1335 1178 1514 1214 damnum
1538 1178 1716 1228 putabat,
1744 1178 1809 1214 ubi
1830 1180 1899 1215 soli
1920 1180 2144 1229 loquebatur
2162 1186 2220 1220 cui

1230 1245 1375 1287 poterat
1392 1246 1491 1273 casta
1508 1237 1737 1273 verecundia
1752 1238 1866 1286 loqui.
1887 1240 1995 1288 Fugit
2010 1249 2046 1276 et
2065 1243 2224 1290 pulcher

1227 1297 1367 1346 Josepb
1391 1297 1518 1333 relicta
1535 1305 1639 1333 veste
1656 1297 1692 1332 in
1713 1296 1886 1334 manibus
1912 1298 2146 1347 fornicariae3
2167 1311 2225 1338 ta-

1230 1369 1392 1405 censque
1408 1356 1578 1391 celeriter
1594 1367 1764 1404 egressus
1781 1365 1836 1392 est
1856 1363 1880 1378 ¹¹
1898 1386 1907 1402 ,
1931 1358 1996 1407 qui
2017 1359 2224 1410 incongrua

1231 1429 1306 1451 suae
1324 1415 1563 1451 verecundiae
1581 1414 1736 1451 audiens
1749 1443 1758 1460 ‚
1780 1428 1856 1451 non
1873 1425 2021 1465 poterat
2038 1418 2100 1454 diu
2113 1428 2222 1457 stare.

1231 1478 1381 1523 Moyses
1396 1487 1547 1523 quoque
1565 1477 1572 1491 ¹
1584 1479 1609 1519 ²,
1630 1482 1666 1509 et
1681 1475 1862 1510 Jeremias
1887 1474 1914 1496 '3
1931 1477 2033 1524 quod
2051 1487 2225 1527 poterant

1230 1547 1299 1583 per
1316 1534 1490 1582 gratiam,
1516 1532 1745 1569 excusabant
1765 1546 1832 1582 per
1853 1536 2133 1574 verecundiam.
2154 1543 2225 1575 Tu-

1232 1594 1304 1630 tius
1317 1594 1415 1629 enim
1433 1602 1488 1629 est
1503 1593 1646 1629 discere
1662 1605 1774 1641 quam
1792 1593 1948 1639 docere,
1972 1603 2092 1633 tacere
2110 1612 2220 1647 quam

1230 1652 1346 1701 loqui.
1368 1652 1466 1700 Quid
1486 1660 1608 1688 autem
1631 1653 1746 1701 magis
1763 1661 1885 1702 potest
1902 1657 2139 1694 verecundiae
2154 1659 2223 1695 bo-

1232 1725 1320 1748 num
1334 1740 1344 1757 ,
1364 1725 1476 1761 quam
1495 1719 1537 1747 ut
1552 1710 1750 1759 juniorum
1772 1720 1858 1748 zetas
1877 1715 1991 1761 magis
2012 1714 2147 1753 debeat
2167 1718 2220 1754 di-

1233 1784 1336 1808 scere
1361 1783 1472 1820 quam
1504 1772 1648 1807 tacere?
1676 1771 1904 1820 Pythagoras
1924 1774 2066 1823 quippe
2099 1777 2216 1825 legem

174 1843 261 1867 vasa
280 1830 344 1867 irae
365 1831 392 1866 ⁴.
415 1834 508 1868 Sunt
528 1830 722 1866 novissimi
744 1830 876 1879 primi,
902 1838 939 1865 et
959 1829 1071 1878 primi
1093 1842 1165 1864 no·
1184 1830 1212 1866 C
1230 1830 1333 1866 dedit
1363 1830 1499 1866 silentii
1533 1830 1724 1879 discipulis
1756 1831 1853 1876 suis,
1886 1841 1927 1867 ut
1957 1841 2121 1871 tacentes
2157 1850 2225 1886 per

173 1890 328 1926 vissimi.
358 1892 453 1932 Sunt
473 1889 581 1926 multi
600 1890 745 1935 vocati,
767 1898 804 1925 et
823 1889 931 1938 pauci
954 1886 1102 1924 clecti5.
1123 1891 1170 1923 Et

174 1949 260 1986 ideo
298 1949 559 1999 unusquisque
594 1957 765 1985 nostrum
798 1948 955 1984 salutem
988 1955 1169 1997 operetur

176 2021 280 2045 suam
295 2037 305 2054 ‚
326 2009 422 2045 sicut
440 2009 490 2044 ait
510 2009 736 2058 Apostolus,
760 2021 844 2044 cum
875 2008 1008 2043 timore
1037 2015 1074 2043 et
1098 2015 1170 2042 tre-

179 2079 284 2103 more
313 2065 342 2102 ⁶.
376 2067 547 2103 Declinet
579 2080 600 2102 a
629 2066 792 2102 vanitate
821 2081 828 2102 :
858 2065 989 2102 mundi
1017 2073 1170 2114 spernat

177 2139 357 2163 amorem.
376 2127 633 2176 Amplectatur
647 2126 787 2162 luctum
806 2133 842 2161 et
859 2125 1022 2174 quietem
1036 2153 1045 2169 ‚
1065 2133 1170 2160 etse-

179 2193 301 2221 ctetur
315 2213 325 2230 ‚
344 2194 528 2233 quantum
546 2193 683 2234 potest,
696 2183 976 2226 verecundiam,
994 2183 1174 2232 tranquil-

181 2244 330 2292 lamque
347 2243 672 2280 mansuetudinem
693 2258 701 2278 :
724 2256 807 2291 quae
829 2242 913 2278 facit
930 2250 970 2277 ut
987 2241 1101 2277 homo
1119 2241 1173 2277 in-

181 2311 237 2339 ter
255 2302 426 2338 homines
446 2302 600 2352 pacifice
629 2303 754 2347 vivat,
787 2309 827 2337 ut
856 2300 901 2337 ad
933 2300 1061 2336 omnia
1089 2313 1173 2349 quae

180 2362 380 2398 inhonesta
398 2370 486 2398 sunt
502 2361 712 2398 erubescat.

542 2491 716 2531 CAPUT
744 2492 800 2531 IV
806 2520 815 2530 .

245 2607 499 2639 'l'aciturnitatem
523 2613 553 2637 et
578 2607 731 2638 silentium
760 2606 914 2648 praecipue
941 2605 1107 2636 convenire

548 2659 808 2690 adolescentibus.

244 2777 299 2813 12.
318 2776 522 2813 Laudanda
539 2785 661 2812 autem
680 2776 800 2812 virtus
816 2776 1056 2812 verecundiae
1070 2791 1077 2812 ;
1091 2777 1178 2825 quia

187 2850 349 2886 quorum
377 2837 526 2880 oculos,
558 2848 666 2872 aures
679 2863 690 2880 ‚
721 2835 962 2884 linguamque
997 2835 1177 2884 possidet,

189 2909 265 2932 non
287 2895 374 2931 sinit
393 2895 552 2944 turpiter
567 2894 696 2931 ludere
716 2907 757 2930 ac
776 2894 916 2940 ridere3
935 2894 1101 2930 efficiens
1116 2907 1180 2930 eos

189 2967 321 3003 graves
345 2963 381 2990 et
402 2954 522 2990 mites.
547 2957 575 2990 E
593 2962 724 2990 contra
740 2953 880 3001 grande
898 2954 1029 2990 vitium
1047 2963 1102 2990 est
1116 2953 1180 3002 ju—

192 3014 340 3050 niorum
365 3012 618 3061 impudentia,
639 3026 723 3061 quae
744 3012 916 3062 improbo
939 3026 1029 3048 ausu
1053 3022 1090 3049 et
1110 3013 1183 3048 dis-

1235 1889 1536 1938 quinquennium
1551 1916 1560 1932 ,
1587 1888 1690 1937 loqui
1711 1888 1896 1925 discerent
1922 1904 1929 1925 :
1948 1899 1984 1926 et
2007 1899 2045 1928 tu
2071 1906 2146 1929 non
2168 1897 2225 1931 vis

1236 1957 1356 1985 tacere
1369 1978 1378 1994 ‚
1395 1948 1453 1985 cui
1472 1948 1591 1984 virtus
1606 1947 1742 1983 silentii
1764 1949 1915 1997 propria
1929 1952 2006 1986 est?
2018 1952 2116 1999 Quid
2131 1967 2227 2003 opus

1235 2017 1308 2053 cst,
1328 2022 1350 2044 o
1375 2008 1612 2052 adolescens,
1640 2016 1682 2043 ut
1706 2020 1886 2056 properes
1910 2010 2119 2057 periculum
2146 2026 2228 2049 sus-

1236 2068 1360 2117 cipere
1392 2066 1596 2116 loquendo,
1616 2079 1699 2102 cum
1720 2066 1878 2103 tacendo
1907 2069 2026 2116 possis
2058 2082 2137 2107 esse
2165 2080 2227 2108 tu-

1240 2127 1337 2162 tior?
1352 2126 1602 2174 Quamplures
1626 2124 1703 2160 vidi
1725 2124 1916 2173 loquendo
1941 2126 2114 2164 incidisse
2140 2142 2231 2178 pec-

1239 2193 1361 2221 catum
1377 2198 1384 2219 :
1402 2184 1465 2220 vix
1482 2196 1709 2232 quemquam
1735 2183 1905 2219 tacendo.
1927 2185 2092 2234 Ideoque
2112 2196 2234 2225 tacere

1240 2257 1349 2281 nosse
1362 2271 1371 2288 ,
1391 2256 1504 2291 quam
1523 2242 1627 2291 loqui
1642 2242 1829 2278 difficilius
1846 2251 1912 2278 est.
1933 2244 2016 2280 Scio
2033 2246 2235 2295 plerosque

1241 2302 1361 2351 loqui,
1392 2314 1476 2337 cum
1510 2309 1632 2336 tacere
1662 2301 1843 2336 nesciant.
1865 2303 2007 2337 Rarum
2035 2312 2092 2339 est
2114 2313 2236 2343 tacere

1240 2373 1467 2409 quemquam
1481 2389 1490 2405 ,
1507 2372 1590 2395 cum
1605 2358 1676 2395 sibi
1693 2359 1796 2407 loqui
1816 2359 1908 2395 nibil
1926 2361 2056 2408 prosit.
2078 2365 2234 2412 Sapiens

1241 2433 1331 2469 ergo
1360 2427 1414 2456 est
1434 2419 1499 2467 qui
1525 2419 1630 2455 novit
1654 2427 1789 2454 tacere.
1814 2418 1952 2467 Alliga,
1977 2433 2136 2468 moneo,
2158 2437 2239 2461 ser-

1242 2492 1392 2515 monem
1419 2487 1546 2524 tuum,
1567 2490 1614 2513 ne
1646 2477 1834 2520 luxuriet,
1861 2489 1907 2513 ne
1928 2478 2116 2526 lasciviat,
2143 2491 2179 2518 et
2203 2484 2240 2519 in

1242 2537 1482 2587 multiloquio
1499 2544 1648 2586 peccata
1666 2535 1735 2572 sibi
1754 2536 1915 2584 colligat.
1944 2538 1996 2572 Sit
2017 2540 2238 2585 restrictior,

1196 2603 1283 2636 Det
1317 2598 1408 2647 ripis
1438 2597 1553 2645 ipsius
1583 2603 1814 2631 coerceatur.
1844 2595 1926 2631 Cito
1959 2596 2078 2632 lutum
2104 2600 2243 2648 colligit

1243 2658 1364 2693 amnis
1381 2655 1589 2692 exundans.

1298 2718 1359 2752 13.
1387 2715 1441 2751 Sit
1465 2713 1530 2749 tibi
1558 2713 1719 2762 gravitas
1741 2713 1777 2748 in
1805 2712 1975 2754 incessu,
2007 2715 2043 2750 in
2066 2728 2241 2755 sermone

1244 2775 1412 2825 pondus,
1438 2782 1550 2822 atque
1570 2773 1605 2808 in
1633 2771 1760 2808 verbis
1784 2771 1932 2809 modus.
1956 2776 2043 2809 Haec
2065 2784 2188 2812 autem
2211 2778 2240 2813 si

1246 2834 1467 2871 custodieris
1479 2862 1488 2877 ‚
1506 2833 1578 2867 cris
1596 2831 1695 2867 mitis
1708 2860 1716 2876 ‚
1734 2840 1964 2877 mansuetus,
1981 2841 2018 2868 et
2036 2834 2240 2872 modestus.

1247 2893 1403 2931 Custodi
1437 2905 1523 2936 cor,
1555 2900 1592 2926 et
1630 2891 1750 2926 retine
1785 2891 1963 2939 linguam.
1999 2895 2102 2929 Bona
2141 2895 2240 2931 cnim

1248 2952 1459 3002 possessio,
1486 2963 1591 2987 mens
1621 2950 1731 2986 bona.
1753 2951 1839 3000 Scpi
1866 2964 1955 3000 ergo
1973 2952 2068 2988 banc
2093 2967 2242 3002 posses—

1249 3013 1418 3055 sionem,
1443 3019 1479 3045 ct
1507 3009 1610 3045 muni
1639 3022 1720 3046 eam
1750 3009 1936 3058 undique3
1961 3024 2007 3046 ne
2035 3012 2179 3048 irruant
2208 3014 2244 3049 iu

243 3157 250 3172 ¹
275 3154 346 3181 Luc.
365 3162 395 3180 ιί
409 3174 417 3188 ,
435 3154 487 3180 212.
504 3168 546 3173 —
563 3150 637 3181 ²1d.
653 3161 711 3180 xix
726 3175 733 3186 ,
758 3153 812 3181 41.
830 3169 871 3173 —
888 3149 1139 3186 ³l‘sal.1.xv,.=3.
1156 3169 1198 3173 —
1214 3151 1227 3175 -ἱ
1246 3155 1338 3182 Rom.
1358 3162 1390 3180 rx
1407 3154 1552 3184 ,at-‘1:3.
1588 3169 1609 3172 -
1630 3148 1642 3170 ⁵
1659 3148 1771 3180 Manli.
1792 3161 1834 3179 xx
1849 3175 1856 3185 ,
1883 3154 1933 3180 lsi.
1951 3168 1991 3172 —-
2015 3150 2030 3171 ⁶
2051 3151 2183 3194 Philipp,
2205 3166 2227 3182 ιι
2242 3179 2248 3186 ,

200 3208 250 3235 12.
272 3222 306 3227 -
325 3209 338 3232 7
358 3207 431 3234 Luc.
457 3214 556 3239 xvm,
587 3207 616 3234 le.

202 3259 254 3287 12.
270 3274 290 3277 --
335 3254 475 3286 ''Exod.
495 3267 552 3292 ιιι,
578 3259 629 3291 11,
645 3262 672 3285 el
695 3268 738 3291 ιν,
765 3260 814 3285 10.
834 3274 872 3278 -—-
896 3255 924 3276 '³
941 3259 1054 3286 Jerrm.
1081 3268 1109 3290 ι,
1133 3261 1162 3284 (ἱ.

634 3221 675 3226 --
699 3203 712 3225 ⁸
732 3207 822 3234 l'rov.
846 3214 869 3232 ιι
886 3227 893 3240 ,
926 3206 976 3233 lsi.
1000 3221 1042 3225 ——
1065 3210 1081 3232 9
1101 3207 1216 3234 Jcrcm.
1238 3215 1274 3232 ιιι
1291 3228 1298 3237 .
1322 3207 1351 3234 3.
1382 3223 1388 3225 -

1443 3209 1471 3222 ⁸⁰
1495 3205 1573 3232 Dan.
1601 3214 1685 3239 xiii,
1711 3205 1771 3235 sis),
1798 3205 1852 3232 ⁴²03.
1955 3209 1979 3223 ¹¹
2010 3207 2090 3234 Gen.
2120 3215 2244 3238 xxxix,

245 3317 255 3328 ¹¹
280 3313 373 3342 Anu-1·
389 3312 453 3343 luec
467 3313 611 3354 periodus
628 3314 738 3352 legitur
759 3313 840 3354 apud
861 3313 1069 3351 Ambrosium,
1089 3314 1140 3344 scd
1160 3313 1279 3344 xidctur
1297 3313 1368 3344 binc
1384 3313 1492 3352 corrigi
1509 3323 1605 3353 posse.
