<?xml version="1.0" encoding="UTF-8"?>
<!DOCTYPE html PUBLIC "-//W3C//DTD XHTML 1.0 Transitional//EN"
    "http://www.w3.org/TR/xhtml1/DTD/xhtml1-transitional.dtd">
<html xmlns="http://www.w3.org/1999/xhtml" xml:lang="en" lang="en">
 <head>
  <title>
</title>
<meta http-equiv="Content-Type" content="text/html;charset=utf-8" />
  <meta name='ocr-system' content='tesseract 3.04.00' />
  <meta name='ocr-capabilities' content='ocr_page ocr_carea ocr_par ocr_line ocrx_word'/>
</head>
<body>
  <div class='ocr_page' id='page_1' title='image "./operaomniapostho05bern/operaomniapostho05bern_0190.png"; bbox 0 0 2504 3928; ppageno 0'>
   <div class='ocr_carea' id='block_1_1' title="bbox 1091 172 2367 211">
    <p class='ocr_par' dir='ltr' id='par_1_1' title="bbox 1091 172 2367 211">
     <span class='ocr_line' id='line_1_1' title="bbox 1091 172 2367 211; baseline -0.004 -1"><span class='ocrx_word' id='word_1_1' title='bbox 1091 175 1379 211; x_wconf 73' lang='lat' dir='ltr'>Gll.l.l⁴&#39;.Bl⁴2R&#39;l&#39;1</span> <span class='ocrx_word' id='word_1_2' title='bbox 1410 174 1606 209; x_wconf 71' lang='lat' dir='ltr'>AltssA&#39;rls</span> <span class='ocrx_word' id='word_1_3' title='bbox 2293 172 2367 205; x_wconf 70' lang='lat'><em>:3158</em></span> 
     </span>
    </p>
   </div>
   <div class='ocr_carea' id='block_1_2' title="bbox 323 180 1369 297">
    <p class='ocr_par' dir='ltr' id='par_1_2' title="bbox 323 180 1369 297">
     <span class='ocr_line' id='line_1_2' title="bbox 323 180 396 214; baseline 0 -1"><span class='ocrx_word' id='word_1_4' title='bbox 323 180 396 214; x_wconf 63' lang='lat'>,3157</span> 
     </span>
     <span class='ocr_line' id='line_1_3' title="bbox 323 250 1369 297; baseline -0.008 -4"><span class='ocrx_word' id='word_1_5' title='bbox 323 266 428 292; x_wconf 67' lang='lat' dir='ltr'>extra</span> <span class='ocrx_word' id='word_1_6' title='bbox 455 269 512 297; x_wconf 84' lang='lat' dir='ltr'>se,</span> <span class='ocrx_word' id='word_1_7' title='bbox 538 263 570 290; x_wconf 83' lang='lat' dir='ltr'>et</span> <span class='ocrx_word' id='word_1_8' title='bbox 600 254 732 289; x_wconf 75' lang='lat' dir='ltr'>subtus</span> <span class='ocrx_word' id='word_1_9' title='bbox 763 266 825 297; x_wconf 81' lang='lat' dir='ltr'>sc;</span> <span class='ocrx_word' id='word_1_10' title='bbox 863 264 930 288; x_wconf 88' lang='lat' dir='ltr'>nec</span> <span class='ocrx_word' id='word_1_11' title='bbox 966 251 1214 288; x_wconf 87' lang='lat' dir='ltr'>sollicitudine</span> <span class='ocrx_word' id='word_1_12' title='bbox 1251 250 1369 286; x_wconf 81' lang='lat' dir='ltr'>iic-&#39;⁸¹</span> 
     </span>
    </p>
   </div>
   <div class='ocr_carea' id='block_1_3' title="bbox 323 310 2371 355">
    <p class='ocr_par' dir='ltr' id='par_1_3' title="bbox 323 310 2371 355">
     <span class='ocr_line' id='line_1_4' title="bbox 323 310 2371 355; baseline -0.009 -4"><span class='ocrx_word' id='word_1_13' title='bbox 323 315 479 351; x_wconf 76' lang='lat' dir='ltr'>cessaria</span> <span class='ocrx_word' id='word_1_14' title='bbox 512 314 695 349; x_wconf 74' lang='lat' dir='ltr'>distentus</span> <span class='ocrx_word' id='word_1_15' title='bbox 731 312 827 347; x_wconf 84' lang='lat' dir='ltr'>eirca</span> <span class='ocrx_word' id='word_1_16' title='bbox 865 324 922 355; x_wconf 78' lang='lat' dir='ltr'>se,</span> <span class='ocrx_word' id='word_1_17' title='bbox 958 323 1026 347; x_wconf 75' lang='lat' dir='ltr'>nec</span> <span class='ocrx_word' id='word_1_18' title='bbox 1063 310 1316 346; x_wconf 57' lang='lat' dir='ltr'>oblectatione</span> <span class='ocrx_word' id='word_1_19' title='bbox 1337 311 1364 344; x_wconf 81' lang='grc' dir='ltr'>Α</span> <span class='ocrx_word' id='word_1_20' title='bbox 1384 324 2371 336; x_wconf 60' lang='grc'>.....................................................................</span> 
     </span>
    </p>
   </div>
   <div class='ocr_carea' id='block_1_4' title="bbox 323 369 1323 1016">
    <p class='ocr_par' dir='ltr' id='par_1_4' title="bbox 323 369 1320 720">
     <span class='ocr_line' id='line_1_5' title="bbox 324 369 1320 424; baseline -0.006 -13"><span class='ocrx_word' id='word_1_21' title='bbox 324 375 470 424; x_wconf 67' lang='lat' dir='ltr'>privata</span> <span class='ocrx_word' id='word_1_22' title='bbox 484 380 686 408; x_wconf 67' lang='lat' dir='ltr'>contentus·</span> <span class='ocrx_word' id='word_1_23' title='bbox 709 371 745 407; x_wconf 93' lang='lat' dir='ltr'>in</span> <span class='ocrx_word' id='word_1_24' title='bbox 762 385 814 406; x_wconf 76' lang='lat' dir='ltr'>se.</span> <span class='ocrx_word' id='word_1_25' title='bbox 829 370 974 406; x_wconf 77' lang='lat' dir='ltr'>Divinis</span> <span class='ocrx_word' id='word_1_26' title='bbox 993 383 1097 406; x_wconf 84' lang='lat' dir='ltr'>mens</span> <span class='ocrx_word' id='word_1_27' title='bbox 1117 369 1190 405; x_wconf 89' lang='lat' dir='ltr'>illie</span> <span class='ocrx_word' id='word_1_28' title='bbox 1208 382 1320 405; x_wconf 82' lang='lat' dir='ltr'>occu-</span> 
     </span>
     <span class='ocr_line' id='line_1_6' title="bbox 326 429 1319 483; baseline -0.005 -16"><span class='ocrx_word' id='word_1_29' title='bbox 326 443 411 483; x_wconf 85' lang='lat' dir='ltr'>pata</span> <span class='ocrx_word' id='word_1_30' title='bbox 433 441 469 468; x_wconf 86' lang='lat' dir='ltr'>et</span> <span class='ocrx_word' id='word_1_31' title='bbox 501 431 678 480; x_wconf 80' lang='lat' dir='ltr'>absorpta</span> <span class='ocrx_word' id='word_1_32' title='bbox 708 429 882 473; x_wconf 81' lang='lat' dir='ltr'>tlieoriis,</span> <span class='ocrx_word' id='word_1_33' title='bbox 915 429 1181 477; x_wconf 74' lang='lat' dir='ltr'>perfectissima</span> <span class='ocrx_word' id='word_1_34' title='bbox 1206 436 1242 462; x_wconf 83' lang='lat' dir='ltr'>et</span> <span class='ocrx_word' id='word_1_35' title='bbox 1262 440 1319 462; x_wconf 87' lang='lat' dir='ltr'>sc-</span> 
     </span>
     <span class='ocr_line' id='line_1_7' title="bbox 326 486 1318 538; baseline -0.007 -10"><span class='ocrx_word' id='word_1_36' title='bbox 326 493 485 528; x_wconf 80' lang='lat' dir='ltr'>curitatc</span> <span class='ocrx_word' id='word_1_37' title='bbox 517 490 802 538; x_wconf 74' lang='lat' dir='ltr'>tranquillatur,</span> <span class='ocrx_word' id='word_1_38' title='bbox 823 497 858 524; x_wconf 89' lang='lat' dir='ltr'>et</span> <span class='ocrx_word' id='word_1_39' title='bbox 880 488 1077 524; x_wconf 84' lang='lat' dir='ltr'>serenitate</span> <span class='ocrx_word' id='word_1_40' title='bbox 1098 486 1318 530; x_wconf 73' lang='lat' dir='ltr'>irradiatur,</span> 
     </span>
     <span class='ocr_line' id='line_1_8' title="bbox 326 545 1316 595; baseline -0.008 -7"><span class='ocrx_word' id='word_1_41' title='bbox 326 551 556 588; x_wconf 71' lang='lat' dir='ltr'>ctsuavitatc</span> <span class='ocrx_word' id='word_1_42' title='bbox 579 548 788 585; x_wconf 80' lang='lat' dir='ltr'>inebriatur</span> <span class='ocrx_word' id='word_1_43' title='bbox 813 562 818 583; x_wconf 91' lang='lat'>:</span> <span class='ocrx_word' id='word_1_44' title='bbox 842 547 1021 583; x_wconf 86' lang='lat' dir='ltr'>securitas</span> <span class='ocrx_word' id='word_1_45' title='bbox 1042 545 1316 595; x_wconf 85' lang='lat' dir='ltr'>sinepericulo,</span> 
     </span>
     <span class='ocr_line' id='line_1_9' title="bbox 327 604 1319 653; baseline -0.009 -4"><span class='ocrx_word' id='word_1_46' title='bbox 327 613 507 648; x_wconf 79' lang='lat' dir='ltr'>serenitas</span> <span class='ocrx_word' id='word_1_47' title='bbox 537 610 615 646; x_wconf 86' lang='lat' dir='ltr'>sine</span> <span class='ocrx_word' id='word_1_48' title='bbox 646 607 798 653; x_wconf 90' lang='lat' dir='ltr'>nubilo,</span> <span class='ocrx_word' id='word_1_49' title='bbox 827 607 988 644; x_wconf 77' lang='lat' dir='ltr'>suavitas</span> <span class='ocrx_word' id='word_1_50' title='bbox 1019 619 1103 642; x_wconf 92' lang='lat' dir='ltr'>cum</span> <span class='ocrx_word' id='word_1_51' title='bbox 1140 604 1319 642; x_wconf 78' lang='lat' dir='ltr'>ineflabili</span> 
     </span>
     <span class='ocr_line' id='line_1_10' title="bbox 323 671 460 720; baseline 0 -13"><span class='ocrx_word' id='word_1_52' title='bbox 323 671 460 720; x_wconf 85' lang='lat' dir='ltr'>jubilo.</span> 
     </span>
    </p>

    <p class='ocr_par' dir='ltr' id='par_1_5' title="bbox 329 723 1323 1016">
     <span class='ocr_line' id='line_1_11' title="bbox 380 723 1317 776; baseline -0.01 -8"><span class='ocrx_word' id='word_1_53' title='bbox 380 732 416 768; x_wconf 80' lang='lat'>9.</span> <span class='ocrx_word' id='word_1_54' title='bbox 449 730 521 768; x_wconf 86' lang='lat' dir='ltr'>Sed</span> <span class='ocrx_word' id='word_1_55' title='bbox 547 730 625 766; x_wconf 77' lang='lat' dir='ltr'>liaec</span> <span class='ocrx_word' id='word_1_56' title='bbox 653 729 801 765; x_wconf 91' lang='lat' dir='ltr'>illorum</span> <span class='ocrx_word' id='word_1_57' title='bbox 833 735 938 773; x_wconf 91' lang='lat' dir='ltr'>sunt,</span> <span class='ocrx_word' id='word_1_58' title='bbox 967 727 1030 776; x_wconf 89' lang='lat' dir='ltr'>qui</span> <span class='ocrx_word' id='word_1_59' title='bbox 1052 725 1129 775; x_wconf 89' lang='lat' dir='ltr'>jam</span> <span class='ocrx_word' id='word_1_60' title='bbox 1156 723 1274 761; x_wconf 81' lang='lat' dir='ltr'>avulsi</span> <span class='ocrx_word' id='word_1_61' title='bbox 1297 736 1317 760; x_wconf 89' lang='lat' dir='ltr'>a</span> 
     </span>
     <span class='ocr_line' id='line_1_12' title="bbox 329 784 1319 840; baseline -0.01 -12"><span class='ocrx_word' id='word_1_62' title='bbox 329 793 441 837; x_wconf 87' lang='lat' dir='ltr'>lacte,</span> <span class='ocrx_word' id='word_1_63' title='bbox 462 790 666 840; x_wconf 89' lang='lat' dir='ltr'>epulantur</span> <span class='ocrx_word' id='word_1_64' title='bbox 683 787 728 824; x_wconf 87' lang='lat' dir='ltr'>ab</span> <span class='ocrx_word' id='word_1_65' title='bbox 752 787 908 823; x_wconf 89' lang='lat' dir='ltr'>introitu</span> <span class='ocrx_word' id='word_1_66' title='bbox 929 786 1058 836; x_wconf 61' lang='lat' dir='ltr'>gloriae</span> <span class='ocrx_word' id='word_1_67' title='bbox 1082 800 1088 820; x_wconf 92' lang='lat'>:</span> <span class='ocrx_word' id='word_1_68' title='bbox 1108 784 1319 820; x_wconf 82' lang='lat' dir='ltr'>confortata</span> 
     </span>
     <span class='ocr_line' id='line_1_13' title="bbox 330 842 1318 898; baseline -0.009 -12"><span class='ocrx_word' id='word_1_69' title='bbox 330 859 416 886; x_wconf 91' lang='lat' dir='ltr'>sunt</span> <span class='ocrx_word' id='word_1_70' title='bbox 451 850 518 886; x_wconf 88' lang='lat' dir='ltr'>ista</span> <span class='ocrx_word' id='word_1_71' title='bbox 554 862 667 898; x_wconf 89' lang='lat' dir='ltr'>supra</span> <span class='ocrx_word' id='word_1_72' title='bbox 706 860 800 891; x_wconf 88' lang='lat' dir='ltr'>nos,</span> <span class='ocrx_word' id='word_1_73' title='bbox 836 859 912 882; x_wconf 90' lang='lat' dir='ltr'>non</span> <span class='ocrx_word' id='word_1_74' title='bbox 955 857 1154 894; x_wconf 90' lang='lat' dir='ltr'>possumus</span> <span class='ocrx_word' id='word_1_75' title='bbox 1187 842 1232 878; x_wconf 87' lang='lat' dir='ltr'>ad</span> <span class='ocrx_word' id='word_1_76' title='bbox 1263 855 1318 877; x_wconf 89' lang='lat' dir='ltr'>ea.</span> 
     </span>
     <span class='ocr_line' id='line_1_14' title="bbox 331 900 1320 959; baseline -0.01 -13"><span class='ocrx_word' id='word_1_77' title='bbox 331 914 531 959; x_wconf 71' lang='lat' dir='ltr'>Propterea</span> <span class='ocrx_word' id='word_1_78' title='bbox 557 907 602 944; x_wconf 87' lang='lat' dir='ltr'>ab</span> <span class='ocrx_word' id='word_1_79' title='bbox 623 907 679 943; x_wconf 83' lang='lat' dir='ltr'>his</span> <span class='ocrx_word' id='word_1_80' title='bbox 702 906 842 943; x_wconf 81' lang='lat' dir='ltr'>exclusi</span> <span class='ocrx_word' id='word_1_81' title='bbox 866 905 1003 955; x_wconf 91' lang='lat' dir='ltr'>epulis,</span> <span class='ocrx_word' id='word_1_82' title='bbox 1022 903 1066 940; x_wconf 85' lang='lat' dir='ltr'>ad</span> <span class='ocrx_word' id='word_1_83' title='bbox 1092 902 1206 939; x_wconf 85' lang='lat' dir='ltr'>ubera</span> <span class='ocrx_word' id='word_1_84' title='bbox 1234 900 1320 937; x_wconf 89' lang='lat' dir='ltr'>red-</span> 
     </span>
     <span class='ocr_line' id='line_1_15' title="bbox 329 960 1323 1016; baseline -0.007 -12"><span class='ocrx_word' id='word_1_85' title='bbox 329 982 458 1005; x_wconf 88' lang='lat' dir='ltr'>eamus</span> <span class='ocrx_word' id='word_1_86' title='bbox 478 997 487 1014; x_wconf 91' lang='lat'>‚</span> <span class='ocrx_word' id='word_1_87' title='bbox 526 968 572 1004; x_wconf 87' lang='lat' dir='ltr'>ab</span> <span class='ocrx_word' id='word_1_88' title='bbox 607 967 728 1016; x_wconf 83' lang='lat' dir='ltr'>epulis</span> <span class='ocrx_word' id='word_1_89' title='bbox 760 963 1091 1014; x_wconf 80' lang='lat' dir='ltr'>contemplationis</span> <span class='ocrx_word' id='word_1_90' title='bbox 1124 962 1170 999; x_wconf 91' lang='lat' dir='ltr'>ad</span> <span class='ocrx_word' id='word_1_91' title='bbox 1207 960 1323 998; x_wconf 87' lang='lat' dir='ltr'>ubera</span> 
     </span>
    </p>
   </div>
   <div class='ocr_carea' id='block_1_5' title="bbox 331 1020 1373 1071">
    <p class='ocr_par' dir='ltr' id='par_1_6' title="bbox 331 1020 1373 1071">
     <span class='ocr_line' id='line_1_16' title="bbox 331 1020 1373 1071; baseline -0.01 -6"><span class='ocrx_word' id='word_1_92' title='bbox 331 1027 619 1071; x_wconf 70' lang='lat' dir='ltr'>consolationis,</span> <span class='ocrx_word' id='word_1_93' title='bbox 643 1025 689 1062; x_wconf 88' lang='lat' dir='ltr'>ad</span> <span class='ocrx_word' id='word_1_94' title='bbox 717 1025 853 1069; x_wconf 87' lang='lat' dir='ltr'>ubera,</span> <span class='ocrx_word' id='word_1_95' title='bbox 880 1023 981 1060; x_wconf 88' lang='lat' dir='ltr'>etad</span> <span class='ocrx_word' id='word_1_96' title='bbox 1011 1022 1163 1067; x_wconf 81' lang='lat' dir='ltr'>botros3</span> <span class='ocrx_word' id='word_1_97' title='bbox 1195 1020 1241 1057; x_wconf 90' lang='lat' dir='ltr'>ab</span> <span class='ocrx_word' id='word_1_98' title='bbox 1265 1021 1326 1057; x_wconf 89' lang='lat' dir='ltr'>illa</span> <span class='ocrx_word' id='word_1_99' title='bbox 1347 1022 1373 1055; x_wconf 93' lang='lat' dir='ltr'>B</span> 
     </span>
    </p>
   </div>
   <div class='ocr_carea' id='block_1_6' title="bbox 333 1080 1334 1789">
    <p class='ocr_par' dir='ltr' id='par_1_7' title="bbox 333 1080 1334 1789">
     <span class='ocr_line' id='line_1_17' title="bbox 333 1080 1326 1136; baseline -0.009 -12"><span class='ocrx_word' id='word_1_100' title='bbox 333 1101 435 1124; x_wconf 87' lang='lat' dir='ltr'>mera</span> <span class='ocrx_word' id='word_1_101' title='bbox 452 1095 487 1123; x_wconf 88' lang='lat' dir='ltr'>ct</span> <span class='ocrx_word' id='word_1_102' title='bbox 502 1085 710 1136; x_wconf 89' lang='lat' dir='ltr'>epulatoria</span> <span class='ocrx_word' id='word_1_103' title='bbox 727 1084 982 1133; x_wconf 89' lang='lat' dir='ltr'>simplicitate,</span> <span class='ocrx_word' id='word_1_104' title='bbox 997 1081 1043 1118; x_wconf 91' lang='lat' dir='ltr'>ad</span> <span class='ocrx_word' id='word_1_105' title='bbox 1062 1081 1133 1117; x_wconf 82' lang='lat' dir='ltr'>lioc</span> <span class='ocrx_word' id='word_1_106' title='bbox 1148 1080 1326 1130; x_wconf 90' lang='lat' dir='ltr'>poculum</span> 
     </span>
     <span class='ocr_line' id='line_1_18' title="bbox 335 1139 1328 1196; baseline -0.009 -13"><span class='ocrx_word' id='word_1_107' title='bbox 335 1155 608 1196; x_wconf 88' lang='lat' dir='ltr'>temperatum,</span> <span class='ocrx_word' id='word_1_108' title='bbox 637 1143 740 1193; x_wconf 91' lang='lat' dir='ltr'>quod</span> <span class='ocrx_word' id='word_1_109' title='bbox 766 1142 914 1179; x_wconf 82' lang='lat' dir='ltr'>miscuit</span> <span class='ocrx_word' id='word_1_110' title='bbox 941 1140 1051 1177; x_wconf 89' lang='lat' dir='ltr'>nobis</span> <span class='ocrx_word' id='word_1_111' title='bbox 1077 1139 1265 1190; x_wconf 77' lang='lat' dir='ltr'>Sapientia</span> <span class='ocrx_word' id='word_1_112' title='bbox 1291 1139 1328 1174; x_wconf 92' lang='lat' dir='ltr'>in</span> 
     </span>
     <span class='ocr_line' id='line_1_19' title="bbox 334 1197 1329 1253; baseline -0.011 -10"><span class='ocrx_word' id='word_1_113' title='bbox 334 1215 476 1243; x_wconf 86' lang='lat' dir='ltr'>cratere</span> <span class='ocrx_word' id='word_1_114' title='bbox 495 1206 579 1249; x_wconf 93' lang='lat' dir='ltr'>illo,</span> <span class='ocrx_word' id='word_1_115' title='bbox 597 1205 633 1240; x_wconf 92' lang='lat' dir='ltr'>in</span> <span class='ocrx_word' id='word_1_116' title='bbox 654 1217 730 1253; x_wconf 93' lang='lat' dir='ltr'>quo</span> <span class='ocrx_word' id='word_1_117' title='bbox 751 1201 891 1238; x_wconf 83' lang='lat' dir='ltr'>habitat</span> <span class='ocrx_word' id='word_1_118' title='bbox 911 1200 1034 1237; x_wconf 90' lang='lat' dir='ltr'>omnis</span> <span class='ocrx_word' id='word_1_119' title='bbox 1054 1198 1252 1248; x_wconf 80' lang='lat' dir='ltr'>plenitudo</span> <span class='ocrx_word' id='word_1_120' title='bbox 1270 1197 1329 1233; x_wconf 93' lang='lat' dir='ltr'>di-</span> 
     </span>
     <span class='ocr_line' id='line_1_20' title="bbox 334 1258 1331 1312; baseline -0.011 -10"><span class='ocrx_word' id='word_1_121' title='bbox 334 1265 510 1302; x_wconf 68' lang='lat' dir='ltr'>vinitatis.</span> <span class='ocrx_word' id='word_1_122' title='bbox 547 1268 601 1301; x_wconf 86' lang='lat' dir='ltr'>De</span> <span class='ocrx_word' id='word_1_123' title='bbox 635 1276 711 1312; x_wconf 90' lang='lat' dir='ltr'>quo</span> <span class='ocrx_word' id='word_1_124' title='bbox 745 1270 781 1298; x_wconf 86' lang='lat' dir='ltr'>ct</span> <span class='ocrx_word' id='word_1_125' title='bbox 807 1261 944 1297; x_wconf 87' lang='lat' dir='ltr'>dicitur</span> <span class='ocrx_word' id='word_1_126' title='bbox 977 1273 983 1294; x_wconf 94' lang='lat'><strong>:</strong></span> <span class='ocrx_word' id='word_1_127' title='bbox 1025 1258 1221 1294; x_wconf 72' lang='lat' dir='ltr'>Umbilicus</span> <span class='ocrx_word' id='word_1_128' title='bbox 1251 1266 1331 1292; x_wconf 79' lang='lat' dir='ltr'>tuus</span> 
     </span>
     <span class='ocr_line' id='line_1_21' title="bbox 334 1316 1330 1368; baseline -0.01 -7"><span class='ocrx_word' id='word_1_129' title='bbox 334 1334 454 1361; x_wconf 75' lang='lat' dir='ltr'>crater</span> <span class='ocrx_word' id='word_1_130' title='bbox 468 1326 664 1366; x_wconf 74' lang='lat' dir='ltr'>tornatilis,</span> <span class='ocrx_word' id='word_1_131' title='bbox 682 1333 872 1368; x_wconf 75' lang='lat' dir='ltr'>nunquam</span> <span class='ocrx_word' id='word_1_132' title='bbox 891 1320 1060 1364; x_wconf 71' lang='lat' dir='ltr'>imIIgens</span> <span class='ocrx_word' id='word_1_133' title='bbox 1075 1319 1217 1364; x_wconf 75' lang='lat' dir='ltr'>poculis</span> <span class='ocrx_word' id='word_1_134' title='bbox 1233 1322 1255 1351; x_wconf 89' lang='lat'>¹.</span> <span class='ocrx_word' id='word_1_135' title='bbox 1275 1316 1330 1352; x_wconf 86' lang='lat' dir='ltr'>Sit</span> 
     </span>
     <span class='ocr_line' id='line_1_22' title="bbox 335 1376 1329 1434; baseline -0.012 -13"><span class='ocrx_word' id='word_1_136' title='bbox 335 1398 425 1434; x_wconf 79' lang='lat' dir='ltr'>crgo</span> <span class='ocrx_word' id='word_1_137' title='bbox 445 1392 480 1420; x_wconf 91' lang='lat' dir='ltr'>et</span> <span class='ocrx_word' id='word_1_138' title='bbox 501 1383 635 1419; x_wconf 80' lang='lat' dir='ltr'>animae</span> <span class='ocrx_word' id='word_1_139' title='bbox 658 1389 730 1416; x_wconf 82' lang='lat' dir='ltr'>tuae</span> <span class='ocrx_word' id='word_1_140' title='bbox 758 1377 957 1414; x_wconf 83' lang='lat' dir='ltr'>umbilicus</span> <span class='ocrx_word' id='word_1_141' title='bbox 986 1376 1078 1411; x_wconf 86' lang='lat' dir='ltr'>sicut</span> <span class='ocrx_word' id='word_1_142' title='bbox 1101 1382 1223 1410; x_wconf 77' lang='lat' dir='ltr'>crater</span> <span class='ocrx_word' id='word_1_143' title='bbox 1252 1382 1329 1409; x_wconf 89' lang='lat' dir='ltr'>tor-</span> 
     </span>
     <span class='ocr_line' id='line_1_23' title="bbox 335 1433 1329 1491; baseline -0.012 -11"><span class='ocrx_word' id='word_1_144' title='bbox 335 1444 479 1488; x_wconf 87' lang='lat' dir='ltr'>natilis,</span> <span class='ocrx_word' id='word_1_145' title='bbox 499 1440 663 1491; x_wconf 88' lang='lat' dir='ltr'>quodam</span> <span class='ocrx_word' id='word_1_146' title='bbox 681 1436 936 1487; x_wconf 77' lang='lat' dir='ltr'>castigationis</span> <span class='ocrx_word' id='word_1_147' title='bbox 949 1443 984 1472; x_wconf 86' lang='lat' dir='ltr'>et</span> <span class='ocrx_word' id='word_1_148' title='bbox 1001 1434 1209 1484; x_wconf 67' lang='lat' dir='ltr'>disciplinae</span> <span class='ocrx_word' id='word_1_149' title='bbox 1230 1433 1329 1469; x_wconf 86' lang='lat' dir='ltr'>ferro</span> 
     </span>
     <span class='ocr_line' id='line_1_24' title="bbox 335 1494 1329 1542; baseline -0.011 -3"><span class='ocrx_word' id='word_1_150' title='bbox 335 1510 550 1539; x_wconf 88' lang='lat' dir='ltr'>attenuatus</span> <span class='ocrx_word' id='word_1_151' title='bbox 579 1508 615 1536; x_wconf 90' lang='lat' dir='ltr'>et</span> <span class='ocrx_word' id='word_1_152' title='bbox 651 1507 796 1542; x_wconf 90' lang='lat' dir='ltr'>tersus,</span> <span class='ocrx_word' id='word_1_153' title='bbox 830 1503 868 1532; x_wconf 90' lang='lat' dir='ltr'>et</span> <span class='ocrx_word' id='word_1_154' title='bbox 899 1494 1045 1531; x_wconf 91' lang='lat' dir='ltr'>subtilis</span> <span class='ocrx_word' id='word_1_155' title='bbox 1080 1494 1257 1538; x_wconf 80' lang='lat' dir='ltr'>effectus,</span> <span class='ocrx_word' id='word_1_156' title='bbox 1292 1500 1329 1529; x_wconf 93' lang='lat' dir='ltr'>et</span> 
     </span>
     <span class='ocr_line' id='line_1_25' title="bbox 336 1552 1326 1611; baseline -0.01 -13"><span class='ocrx_word' id='word_1_157' title='bbox 336 1575 479 1611; x_wconf 82' lang='lat' dir='ltr'>capax,</span> <span class='ocrx_word' id='word_1_158' title='bbox 506 1568 548 1596; x_wconf 88' lang='lat' dir='ltr'>ut</span> <span class='ocrx_word' id='word_1_159' title='bbox 577 1559 729 1608; x_wconf 85' lang='lat' dir='ltr'>copiose</span> <span class='ocrx_word' id='word_1_160' title='bbox 763 1554 910 1593; x_wconf 82' lang='lat' dir='ltr'>infundi</span> <span class='ocrx_word' id='word_1_161' title='bbox 939 1553 1060 1604; x_wconf 88' lang='lat' dir='ltr'>possis</span> <span class='ocrx_word' id='word_1_162' title='bbox 1089 1562 1126 1589; x_wconf 89' lang='lat' dir='ltr'>et</span> <span class='ocrx_word' id='word_1_163' title='bbox 1159 1552 1326 1589; x_wconf 84' lang='lat' dir='ltr'>inebria-</span> 
     </span>
     <span class='ocr_line' id='line_1_26' title="bbox 337 1611 1329 1668; baseline -0.012 -10"><span class='ocrx_word' id='word_1_164' title='bbox 337 1622 389 1666; x_wconf 86' lang='lat' dir='ltr'>ri,</span> <span class='ocrx_word' id='word_1_165' title='bbox 413 1620 623 1668; x_wconf 87' lang='lat' dir='ltr'>meritoque</span> <span class='ocrx_word' id='word_1_166' title='bbox 655 1616 748 1655; x_wconf 92' lang='lat' dir='ltr'>illud</span> <span class='ocrx_word' id='word_1_167' title='bbox 781 1615 846 1652; x_wconf 91' lang='lat' dir='ltr'>tibi</span> <span class='ocrx_word' id='word_1_168' title='bbox 873 1613 1073 1650; x_wconf 88' lang='lat' dir='ltr'>conveniat</span> <span class='ocrx_word' id='word_1_169' title='bbox 1096 1627 1102 1648; x_wconf 91' lang='lat'>:</span> <span class='ocrx_word' id='word_1_170' title='bbox 1130 1611 1329 1647; x_wconf 71' lang='lat' dir='ltr'>Umbilicus</span> 
     </span>
     <span class='ocr_line' id='line_1_27' title="bbox 339 1670 1327 1723; baseline -0.01 -7"><span class='ocrx_word' id='word_1_171' title='bbox 339 1690 421 1716; x_wconf 79' lang='lat' dir='ltr'>tuns</span> <span class='ocrx_word' id='word_1_172' title='bbox 435 1689 556 1715; x_wconf 82' lang='lat' dir='ltr'>crater</span> <span class='ocrx_word' id='word_1_173' title='bbox 567 1679 763 1719; x_wconf 68' lang='lat' dir='ltr'>tornatilis,</span> <span class='ocrx_word' id='word_1_174' title='bbox 781 1687 973 1723; x_wconf 76' lang='lat' dir='ltr'>nunquam</span> <span class='ocrx_word' id='word_1_175' title='bbox 994 1674 1163 1721; x_wconf 79' lang='lat' dir='ltr'>indigens</span> <span class='ocrx_word' id='word_1_176' title='bbox 1173 1670 1327 1720; x_wconf 77' lang='lat' dir='ltr'>poculis.</span> 
     </span>
     <span class='ocr_line' id='line_1_28' title="bbox 339 1733 1334 1789; baseline -0.011 -12"><span class='ocrx_word' id='word_1_177' title='bbox 339 1740 511 1789; x_wconf 88' lang='lat' dir='ltr'>Denique</span> <span class='ocrx_word' id='word_1_178' title='bbox 535 1747 571 1775; x_wconf 85' lang='lat' dir='ltr'>et</span> <span class='ocrx_word' id='word_1_179' title='bbox 594 1737 742 1774; x_wconf 88' lang='lat' dir='ltr'>mulieri</span> <span class='ocrx_word' id='word_1_180' title='bbox 764 1733 964 1772; x_wconf 83' lang='lat' dir='ltr'>fornicanti</span> <span class='ocrx_word' id='word_1_181' title='bbox 990 1733 1128 1769; x_wconf 88' lang='lat' dir='ltr'>dicitur</span> <span class='ocrx_word' id='word_1_182' title='bbox 1147 1746 1154 1768; x_wconf 91' lang='lat'>:</span> <span class='ocrx_word' id='word_1_183' title='bbox 1178 1733 1259 1767; x_wconf 79' lang='lat' dir='ltr'>Non</span> <span class='ocrx_word' id='word_1_184' title='bbox 1281 1739 1334 1766; x_wconf 79' lang='lat' dir='ltr'>est</span> 
     </span>
    </p>
   </div>
   <div class='ocr_carea' id='block_1_7' title="bbox 1564 456 2198 514">
    <p class='ocr_par' dir='ltr' id='par_1_8' title="bbox 1564 456 2198 514">
     <span class='ocr_line' id='line_1_29' title="bbox 1564 456 2198 514; baseline -0.002 -2"><span class='ocrx_word' id='word_1_185' title='bbox 1564 456 2020 513; x_wconf 67' lang='lat' dir='ltr'>&#39;FRACTATUS</span> <span class='ocrx_word' id='word_1_186' title='bbox 2073 459 2198 514; x_wconf 83' lang='lat' dir='ltr'>Vll.</span> 
     </span>
    </p>
   </div>
   <div class='ocr_carea' id='block_1_8' title="bbox 1660 610 2102 632">
    <p class='ocr_par' dir='ltr' id='par_1_9' title="bbox 1660 610 2102 632">
     <span class='ocr_line' id='line_1_30' title="bbox 1660 610 2102 632; baseline 0.002 -1"><span class='ocrx_word' id='word_1_187' title='bbox 1660 611 1703 631; x_wconf 75' lang='lat' dir='ltr'>Al)</span> <span class='ocrx_word' id='word_1_188' title='bbox 1728 610 1902 632; x_wconf 72' lang='lat' dir='ltr'>nocERUM</span> <span class='ocrx_word' id='word_1_189' title='bbox 1927 610 2102 632; x_wconf 67' lang='lat' dir='ltr'><strong>ABBATEM.</strong></span> 
     </span>
    </p>
   </div>
   <div class='ocr_carea' id='block_1_9' title="bbox 1384 721 2379 925">
    <p class='ocr_par' dir='ltr' id='par_1_10' title="bbox 1384 721 2379 925">
     <span class='ocr_line' id='line_1_31' title="bbox 1384 721 2377 765; baseline -0.002 -11"><span class='ocrx_word' id='word_1_190' title='bbox 1384 727 1460 755; x_wconf 72' lang='lat' dir='ltr'>Dum</span> <span class='ocrx_word' id='word_1_191' title='bbox 1479 729 1549 754; x_wconf 87' lang='lat' dir='ltr'>sunt</span> <span class='ocrx_word' id='word_1_192' title='bbox 1569 729 1671 765; x_wconf 89' lang='lat' dir='ltr'>partes</span> <span class='ocrx_word' id='word_1_193' title='bbox 1692 721 1784 764; x_wconf 81' lang='lat' dir='ltr'>hujus</span> <span class='ocrx_word' id='word_1_194' title='bbox 1806 728 1964 753; x_wconf 87' lang='lat' dir='ltr'>tractatus.</span> <span class='ocrx_word' id='word_1_195' title='bbox 1981 722 2089 754; x_wconf 81' lang='lat' dir='ltr'>Priore</span> <span class='ocrx_word' id='word_1_196' title='bbox 2103 721 2259 763; x_wconf 85' lang='lat' dir='ltr'>redarguit</span> <span class='ocrx_word' id='word_1_197' title='bbox 2279 721 2377 753; x_wconf 84' lang='lat' dir='ltr'>anibi-</span> 
     </span>
     <span class='ocr_line' id='line_1_32' title="bbox 1431 777 2377 819; baseline -0.002 -11"><span class='ocrx_word' id='word_1_198' title='bbox 1431 778 1541 814; x_wconf 76' lang='lat' dir='ltr'>tiosos,</span> <span class='ocrx_word' id='word_1_199' title='bbox 1561 783 1589 807; x_wconf 78' lang='lat' dir='ltr'>et</span> <span class='ocrx_word' id='word_1_200' title='bbox 1610 783 1896 819; x_wconf 82' lang='lat' dir='ltr'>pra·su¹nptuosos;</span> <span class='ocrx_word' id='word_1_201' title='bbox 1921 777 2016 807; x_wconf 84' lang='lat' dir='ltr'>altera</span> <span class='ocrx_word' id='word_1_202' title='bbox 2041 779 2197 817; x_wconf 85' lang='lat' dir='ltr'>Rogerum</span> <span class='ocrx_word' id='word_1_203' title='bbox 2221 786 2377 806; x_wconf 88' lang='lat' dir='ltr'>commen-</span> 
     </span>
     <span class='ocr_line' id='line_1_33' title="bbox 1432 829 2379 872; baseline -0.002 -11"><span class='ocrx_word' id='word_1_204' title='bbox 1432 831 1481 862; x_wconf 88' lang='lat' dir='ltr'>dat</span> <span class='ocrx_word' id='word_1_205' title='bbox 1500 842 1517 862; x_wconf 90' lang='lat' dir='ltr'>a</span> <span class='ocrx_word' id='word_1_206' title='bbox 1540 831 1663 862; x_wconf 87' lang='lat' dir='ltr'>dotibus</span> <span class='ocrx_word' id='word_1_207' title='bbox 1686 830 1724 861; x_wconf 89' lang='lat' dir='ltr'>ad</span> <span class='ocrx_word' id='word_1_208' title='bbox 1744 831 1941 872; x_wconf 69' lang='lat' dir='ltr'>praelaturam</span> <span class='ocrx_word' id='word_1_209' title='bbox 1965 831 2099 869; x_wconf 85' lang='lat' dir='ltr'>idoneis,</span> <span class='ocrx_word' id='word_1_210' title='bbox 2128 836 2157 860; x_wconf 85' lang='lat' dir='ltr'>et</span> <span class='ocrx_word' id='word_1_211' title='bbox 2183 829 2324 860; x_wconf 86' lang='lat' dir='ltr'>hortatur</span> <span class='ocrx_word' id='word_1_212' title='bbox 2346 835 2379 859; x_wconf 81' lang='lat' dir='ltr'>ut</span> 
     </span>
     <span class='ocr_line' id='line_1_34' title="bbox 1435 890 1619 925; baseline 0.005 -12"><span class='ocrx_word' id='word_1_213' title='bbox 1435 890 1619 925; x_wconf 73' lang='lat' dir='ltr'>perseveret.</span> 
     </span>
    </p>
   </div>
   <div class='ocr_carea' id='block_1_10' title="bbox 1782 952 1986 966">
    <p class='ocr_par' dir='ltr' id='par_1_11' title="bbox 1782 952 1986 966">
     <span class='ocr_line' id='line_1_35' title="bbox 1782 952 1986 966; baseline 0 -2"><span class='ocrx_word' id='word_1_214' title='bbox 1782 952 1958 966; x_wconf 38' lang='lat' dir='ltr'>rr—-Ruob-</span> <span class='ocrx_word' id='word_1_215' title='bbox 1984 958 1986 960; x_wconf 97' lang='lat'>-</span> 
     </span>
    </p>
   </div>
   <div class='ocr_carea' id='block_1_11' title="bbox 1739 1067 2050 1102">
    <p class='ocr_par' dir='ltr' id='par_1_12' title="bbox 1739 1067 2050 1102">
     <span class='ocr_line' id='line_1_36' title="bbox 1739 1067 2050 1102; baseline 0 -2"><span class='ocrx_word' id='word_1_216' title='bbox 1739 1067 1856 1101; x_wconf 75' lang='lat' dir='ltr'><strong>PARS</strong></span> <span class='ocrx_word' id='word_1_217' title='bbox 1885 1067 2050 1102; x_wconf 73' lang='lat' dir='ltr'><strong>PRIMA.</strong></span> 
     </span>
    </p>
   </div>
   <div class='ocr_carea' id='block_1_12' title="bbox 1393 1195 2392 1779">
    <p class='ocr_par' dir='ltr' id='par_1_13' title="bbox 1393 1195 2392 1779">
     <span class='ocr_line' id='line_1_37' title="bbox 1454 1195 2385 1246; baseline 0 -13"><span class='ocrx_word' id='word_1_218' title='bbox 1454 1198 1483 1233; x_wconf 94' lang='lat' dir='ltr'>l.</span> <span class='ocrx_word' id='word_1_219' title='bbox 1515 1196 1733 1234; x_wconf 84' lang='lat' dir='ltr'>Persuaderi</span> <span class='ocrx_word' id='word_1_220' title='bbox 1759 1195 1824 1232; x_wconf 90' lang='lat' dir='ltr'>tibi</span> <span class='ocrx_word' id='word_1_221' title='bbox 1846 1196 2029 1246; x_wconf 83' lang='lat' dir='ltr'>postulas,</span> <span class='ocrx_word' id='word_1_222' title='bbox 2056 1197 2106 1232; x_wconf 88' lang='lat' dir='ltr'>mi</span> <span class='ocrx_word' id='word_1_223' title='bbox 2126 1199 2295 1246; x_wconf 81' lang='lat' dir='ltr'>Rogere,</span> <span class='ocrx_word' id='word_1_224' title='bbox 2331 1204 2385 1233; x_wconf 86' lang='lat' dir='ltr'>te-</span> 
     </span>
     <span class='ocr_line' id='line_1_38' title="bbox 1397 1256 2386 1306; baseline 0 -14"><span class='ocrx_word' id='word_1_225' title='bbox 1397 1256 1563 1293; x_wconf 87' lang='lat' dir='ltr'>nendum</span> <span class='ocrx_word' id='word_1_226' title='bbox 1587 1269 1666 1293; x_wconf 88' lang='lat' dir='ltr'>esse</span> <span class='ocrx_word' id='word_1_227' title='bbox 1686 1256 1788 1305; x_wconf 88' lang='lat' dir='ltr'>quod</span> <span class='ocrx_word' id='word_1_228' title='bbox 1821 1264 1945 1302; x_wconf 89' lang='lat' dir='ltr'>tenes,</span> <span class='ocrx_word' id='word_1_229' title='bbox 1973 1264 2010 1292; x_wconf 88' lang='lat' dir='ltr'>et</span> <span class='ocrx_word' id='word_1_230' title='bbox 2031 1256 2252 1305; x_wconf 86' lang='lat' dir='ltr'>periculosae</span> <span class='ocrx_word' id='word_1_231' title='bbox 2277 1264 2386 1306; x_wconf 88' lang='lat' dir='ltr'>potc-</span> 
     </span>
     <span class='ocr_line' id='line_1_39' title="bbox 1395 1315 2384 1365; baseline -0.001 -13"><span class='ocrx_word' id='word_1_232' title='bbox 1395 1316 1500 1352; x_wconf 88' lang='lat' dir='ltr'>statis</span> <span class='ocrx_word' id='word_1_233' title='bbox 1530 1324 1670 1352; x_wconf 88' lang='lat' dir='ltr'>metum</span> <span class='ocrx_word' id='word_1_234' title='bbox 1700 1316 1838 1352; x_wconf 88' lang='lat' dir='ltr'>nostris</span> <span class='ocrx_word' id='word_1_235' title='bbox 1870 1315 2157 1365; x_wconf 81' lang='lat' dir='ltr'>allegationibus</span> <span class='ocrx_word' id='word_1_236' title='bbox 2187 1316 2384 1352; x_wconf 89' lang='lat' dir='ltr'>attenuari.</span> 
     </span>
     <span class='ocr_line' id='line_1_40' title="bbox 1394 1373 2388 1423; baseline -0.001 -12"><span class='ocrx_word' id='word_1_237' title='bbox 1394 1375 1528 1411; x_wconf 87' lang='lat' dir='ltr'>Oleum</span> <span class='ocrx_word' id='word_1_238' title='bbox 1549 1382 1649 1410; x_wconf 88' lang='lat' dir='ltr'>certe</span> <span class='ocrx_word' id='word_1_239' title='bbox 1675 1387 1734 1410; x_wconf 91' lang='lat' dir='ltr'>me</span> <span class='ocrx_word' id='word_1_240' title='bbox 1759 1373 1871 1423; x_wconf 82' lang='lat' dir='ltr'>jubes</span> <span class='ocrx_word' id='word_1_241' title='bbox 1891 1375 2052 1423; x_wconf 86' lang='lat' dir='ltr'>adjicere</span> <span class='ocrx_word' id='word_1_242' title='bbox 2082 1376 2230 1412; x_wconf 86' lang='lat' dir='ltr'>camino</span> <span class='ocrx_word' id='word_1_243' title='bbox 2244 1404 2253 1420; x_wconf 95' lang='lat'>,</span> <span class='ocrx_word' id='word_1_244' title='bbox 2277 1383 2314 1411; x_wconf 92' lang='lat' dir='ltr'>et</span> <span class='ocrx_word' id='word_1_245' title='bbox 2335 1375 2388 1410; x_wconf 86' lang='lat' dir='ltr'>tui</span> 
     </span>
     <span class='ocr_line' id='line_1_41' title="bbox 1394 1432 2391 1483; baseline 0.001 -14"><span class='ocrx_word' id='word_1_246' title='bbox 1394 1433 1506 1469; x_wconf 91' lang='lat' dir='ltr'>unius</span> <span class='ocrx_word' id='word_1_247' title='bbox 1531 1432 1726 1468; x_wconf 87' lang='lat' dir='ltr'>occasione</span> <span class='ocrx_word' id='word_1_248' title='bbox 1763 1433 1968 1469; x_wconf 89' lang='lat' dir='ltr'>multorum</span> <span class='ocrx_word' id='word_1_249' title='bbox 1996 1433 2222 1483; x_wconf 87' lang='lat' dir='ltr'>cupiditates</span> <span class='ocrx_word' id='word_1_250' title='bbox 2253 1446 2321 1483; x_wconf 85' lang='lat' dir='ltr'>per</span> <span class='ocrx_word' id='word_1_251' title='bbox 2351 1446 2391 1470; x_wconf 87' lang='lat' dir='ltr'>se</span> 
     </span>
     <span class='ocr_line' id='line_1_42' title="bbox 1394 1490 2389 1529; baseline 0.001 -1"><span class='ocrx_word' id='word_1_252' title='bbox 1394 1504 1589 1528; x_wconf 88' lang='lat' dir='ltr'>succensas</span> <span class='ocrx_word' id='word_1_253' title='bbox 1609 1490 1698 1527; x_wconf 88' lang='lat' dir='ltr'>flatu</span> <span class='ocrx_word' id='word_1_254' title='bbox 1716 1491 1835 1527; x_wconf 87' lang='lat' dir='ltr'>nostri</span> <span class='ocrx_word' id='word_1_255' title='bbox 1855 1491 2088 1528; x_wconf 85' lang='lat' dir='ltr'>inflammare</span> <span class='ocrx_word' id='word_1_256' title='bbox 2106 1492 2301 1529; x_wconf 88' lang='lat' dir='ltr'>sermonis.</span> <span class='ocrx_word' id='word_1_257' title='bbox 2318 1491 2389 1529; x_wconf 87' lang='lat' dir='ltr'>Sed</span> 
     </span>
     <span class='ocr_line' id='line_1_43' title="bbox 1393 1550 2390 1600; baseline -0.001 -13"><span class='ocrx_word' id='word_1_258' title='bbox 1393 1551 1484 1600; x_wconf 89' lang='lat' dir='ltr'>quid</span> <span class='ocrx_word' id='word_1_259' title='bbox 1505 1551 1593 1587; x_wconf 87' lang='lat' dir='ltr'>flatu</span> <span class='ocrx_word' id='word_1_260' title='bbox 1618 1550 1730 1586; x_wconf 83' lang='lat' dir='ltr'>dico?</span> <span class='ocrx_word' id='word_1_261' title='bbox 1755 1552 1912 1596; x_wconf 77' lang='lat' dir='ltr'>Tenuis,</span> <span class='ocrx_word' id='word_1_262' title='bbox 1941 1551 2037 1588; x_wconf 84' lang='lat' dir='ltr'>sicut</span> <span class='ocrx_word' id='word_1_263' title='bbox 2068 1551 2264 1597; x_wconf 82' lang='lat' dir='ltr'>scribitur,</span> <span class='ocrx_word' id='word_1_264' title='bbox 2290 1551 2390 1587; x_wconf 79' lang='lat' dir='ltr'>hali-</span> 
     </span>
     <span class='ocr_line' id='line_1_44' title="bbox 1394 1607 2391 1659; baseline 0 -12"><span class='ocrx_word' id='word_1_265' title='bbox 1394 1620 1451 1647; x_wconf 78' lang='lat' dir='ltr'>tus</span> <span class='ocrx_word' id='word_1_266' title='bbox 1457 1623 1602 1659; x_wconf 79' lang='lat' dir='ltr'>prunas</span> <span class='ocrx_word' id='word_1_267' title='bbox 1616 1609 1833 1658; x_wconf 88' lang='lat' dir='ltr'>hujusmodi</span> <span class='ocrx_word' id='word_1_268' title='bbox 1851 1612 1983 1647; x_wconf 82' lang='lat' dir='ltr'>ardere</span> <span class='ocrx_word' id='word_1_269' title='bbox 1991 1607 2148 1658; x_wconf 78' lang='lat' dir='ltr'>faciet3.</span> <span class='ocrx_word' id='word_1_270' title='bbox 2163 1614 2391 1659; x_wconf 87' lang='lat' dir='ltr'>Quemcum-</span> 
     </span>
     <span class='ocr_line' id='line_1_45' title="bbox 1395 1669 2392 1719; baseline 0 -13"><span class='ocrx_word' id='word_1_271' title='bbox 1395 1683 1469 1719; x_wconf 87' lang='lat' dir='ltr'>que</span> <span class='ocrx_word' id='word_1_272' title='bbox 1489 1670 1558 1706; x_wconf 89' lang='lat' dir='ltr'>hac</span> <span class='ocrx_word' id='word_1_273' title='bbox 1578 1670 1616 1706; x_wconf 91' lang='lat' dir='ltr'>in</span> <span class='ocrx_word' id='word_1_274' title='bbox 1634 1682 1743 1706; x_wconf 85' lang='lat' dir='ltr'>causa</span> <span class='ocrx_word' id='word_1_275' title='bbox 1776 1669 1922 1707; x_wconf 87' lang='lat' dir='ltr'>dederis</span> <span class='ocrx_word' id='word_1_276' title='bbox 1936 1699 1945 1716; x_wconf 97' lang='lat'>,</span> <span class='ocrx_word' id='word_1_277' title='bbox 1967 1671 2054 1707; x_wconf 91' lang='lat' dir='ltr'>satis</span> <span class='ocrx_word' id='word_1_278' title='bbox 2077 1671 2240 1708; x_wconf 87' lang='lat' dir='ltr'>disertus</span> <span class='ocrx_word' id='word_1_279' title='bbox 2263 1678 2392 1708; x_wconf 85' lang='lat' dir='ltr'>orator</span> 
     </span>
     <span class='ocr_line' id='line_1_46' title="bbox 1397 1729 2389 1779; baseline 0.001 -14"><span class='ocrx_word' id='word_1_280' title='bbox 1397 1729 1612 1779; x_wconf 89' lang='lat' dir='ltr'>putabitur,</span> <span class='ocrx_word' id='word_1_281' title='bbox 1630 1737 1665 1765; x_wconf 89' lang='lat' dir='ltr'>et</span> <span class='ocrx_word' id='word_1_282' title='bbox 1682 1729 1924 1778; x_wconf 87' lang='lat' dir='ltr'>persuadebit</span> <span class='ocrx_word' id='word_1_283' title='bbox 1945 1730 2050 1766; x_wconf 82' lang='lat' dir='ltr'>facile</span> <span class='ocrx_word' id='word_1_284' title='bbox 2075 1744 2082 1765; x_wconf 90' lang='lat'>:</span> <span class='ocrx_word' id='word_1_285' title='bbox 2104 1729 2150 1766; x_wconf 91' lang='lat' dir='ltr'>ad</span> <span class='ocrx_word' id='word_1_286' title='bbox 2168 1729 2271 1779; x_wconf 89' lang='lat' dir='ltr'>quod</span> <span class='ocrx_word' id='word_1_287' title='bbox 2291 1730 2389 1766; x_wconf 91' lang='lat' dir='ltr'>irre-</span> 
     </span>
    </p>
   </div>
   <div class='ocr_carea' id='block_1_13' title="bbox 334 1788 2390 1848">
    <p class='ocr_par' dir='ltr' id='par_1_14' title="bbox 334 1788 2390 1848">
     <span class='ocr_line' id='line_1_47' title="bbox 334 1788 2390 1848; baseline -0.004 -13"><span class='ocrx_word' id='word_1_288' title='bbox 334 1803 514 1848; x_wconf 70' lang='lat' dir='ltr'>praecims</span> <span class='ocrx_word' id='word_1_289' title='bbox 532 1797 722 1833; x_wconf 71' lang='lat' dir='ltr'>umbilicus</span> <span class='ocrx_word' id='word_1_290' title='bbox 744 1804 826 1831; x_wconf 70' lang='lat' dir='ltr'>emes</span> <span class='ocrx_word' id='word_1_291' title='bbox 847 1799 885 1830; x_wconf 80' lang='lat' dir='ltr'>in</span> <span class='ocrx_word' id='word_1_292' title='bbox 912 1794 971 1828; x_wconf 77' lang='lat' dir='ltr'>(lie</span> <span class='ocrx_word' id='word_1_293' title='bbox 991 1795 1192 1828; x_wconf 72' lang='lat' dir='ltr'>nativitatis</span> <span class='ocrx_word' id='word_1_294' title='bbox 1212 1800 1288 1826; x_wconf 80' lang='lat' dir='ltr'>tuae</span> <span class='ocrx_word' id='word_1_295' title='bbox 1306 1796 1333 1826; x_wconf 85' lang='lat'>².</span> <span class='ocrx_word' id='word_1_296' title='bbox 1355 1790 1381 1827; x_wconf 93' lang='lat' dir='ltr'>C</span> <span class='ocrx_word' id='word_1_297' title='bbox 1398 1788 1618 1826; x_wconf 83' lang='lat' dir='ltr'>vocabiliter</span> <span class='ocrx_word' id='word_1_298' title='bbox 1647 1789 1723 1825; x_wconf 82' lang='lat' dir='ltr'>sere</span> <span class='ocrx_word' id='word_1_299' title='bbox 1748 1790 1917 1826; x_wconf 88' lang='lat' dir='ltr'>omnium</span> <span class='ocrx_word' id='word_1_300' title='bbox 1945 1790 2117 1839; x_wconf 88' lang='lat' dir='ltr'>apposita</span> <span class='ocrx_word' id='word_1_301' title='bbox 2140 1798 2226 1826; x_wconf 91' lang='lat' dir='ltr'>sunt</span> <span class='ocrx_word' id='word_1_302' title='bbox 2254 1789 2390 1836; x_wconf 88' lang='lat' dir='ltr'>corda,</span> 
     </span>
    </p>
   </div>
   <div class='ocr_carea' id='block_1_14' title="bbox 340 1850 1335 2431">
    <p class='ocr_par' dir='ltr' id='par_1_15' title="bbox 340 1850 1335 2431">
     <span class='ocr_line' id='line_1_48' title="bbox 340 1850 1331 1907; baseline -0.01 -12"><span class='ocrx_word' id='word_1_303' title='bbox 340 1863 460 1907; x_wconf 89' lang='lat' dir='ltr'>Quam</span> <span class='ocrx_word' id='word_1_304' title='bbox 489 1857 594 1893; x_wconf 88' lang='lat' dir='ltr'>multi</span> <span class='ocrx_word' id='word_1_305' title='bbox 620 1855 732 1892; x_wconf 85' lang='lat' dir='ltr'>hodie</span> <span class='ocrx_word' id='word_1_306' title='bbox 770 1855 808 1891; x_wconf 86' lang='lat' dir='ltr'>in</span> <span class='ocrx_word' id='word_1_307' title='bbox 839 1852 1043 1890; x_wconf 79' lang='lat' dir='ltr'>nativitatis</span> <span class='ocrx_word' id='word_1_308' title='bbox 1077 1864 1152 1888; x_wconf 85' lang='lat' dir='ltr'>suae</span> <span class='ocrx_word' id='word_1_309' title='bbox 1185 1850 1263 1895; x_wconf 88' lang='lat' dir='ltr'>die,</span> <span class='ocrx_word' id='word_1_310' title='bbox 1293 1857 1331 1885; x_wconf 92' lang='lat' dir='ltr'>et</span> 
     </span>
     <span class='ocr_line' id='line_1_49' title="bbox 340 1908 1331 1967; baseline -0.011 -13"><span class='ocrx_word' id='word_1_311' title='bbox 340 1918 464 1967; x_wconf 86' lang='lat' dir='ltr'>primo</span> <span class='ocrx_word' id='word_1_312' title='bbox 492 1914 750 1953; x_wconf 81' lang='lat' dir='ltr'>conversionis</span> <span class='ocrx_word' id='word_1_313' title='bbox 771 1922 941 1963; x_wconf 80' lang='lat' dir='ltr'>ternpore</span> <span class='ocrx_word' id='word_1_314' title='bbox 961 1910 1180 1948; x_wconf 82' lang='lat' dir='ltr'>umbilicum</span> <span class='ocrx_word' id='word_1_315' title='bbox 1199 1908 1331 1958; x_wconf 86' lang='lat' dir='ltr'>praeci-</span> 
     </span>
     <span class='ocr_line' id='line_1_50' title="bbox 342 1969 1333 2026; baseline -0.011 -12"><span class='ocrx_word' id='word_1_316' title='bbox 342 1978 460 2022; x_wconf 90' lang='lat' dir='ltr'>dunt,</span> <span class='ocrx_word' id='word_1_317' title='bbox 505 1973 783 2026; x_wconf 84' lang='lat' dir='ltr'>posterioribus</span> <span class='ocrx_word' id='word_1_318' title='bbox 815 1972 1046 2009; x_wconf 82' lang='lat' dir='ltr'>adducentes</span> <span class='ocrx_word' id='word_1_319' title='bbox 1086 1969 1333 2020; x_wconf 81' lang='lat' dir='ltr'>p1·aeputium;</span> 
     </span>
     <span class='ocr_line' id='line_1_51' title="bbox 340 2028 1335 2086; baseline -0.009 -13"><span class='ocrx_word' id='word_1_320' title='bbox 340 2037 473 2086; x_wconf 91' lang='lat' dir='ltr'>spiritu</span> <span class='ocrx_word' id='word_1_321' title='bbox 494 2036 735 2085; x_wconf 68' lang='lat' dir='ltr'>incipientes,</span> <span class='ocrx_word' id='word_1_322' title='bbox 759 2033 824 2070; x_wconf 85' lang='lat' dir='ltr'>scd</span> <span class='ocrx_word' id='word_1_323' title='bbox 841 2045 953 2069; x_wconf 81' lang='lat' dir='ltr'>carne</span> <span class='ocrx_word' id='word_1_324' title='bbox 983 2028 1257 2067; x_wconf 86' lang='lat' dir='ltr'>consummati!</span> <span class='ocrx_word' id='word_1_325' title='bbox 1282 2028 1335 2066; x_wconf 86' lang='lat' dir='ltr'>Sit</span> 
     </span>
     <span class='ocr_line' id='line_1_52' title="bbox 342 2088 1335 2145; baseline -0.009 -12"><span class='ocrx_word' id='word_1_326' title='bbox 342 2109 432 2145; x_wconf 83' lang='lat' dir='ltr'>ergo</span> <span class='ocrx_word' id='word_1_327' title='bbox 457 2094 657 2132; x_wconf 86' lang='lat' dir='ltr'>umbilicus</span> <span class='ocrx_word' id='word_1_328' title='bbox 688 2102 774 2130; x_wconf 88' lang='lat' dir='ltr'>tuus</span> <span class='ocrx_word' id='word_1_329' title='bbox 799 2105 875 2128; x_wconf 92' lang='lat' dir='ltr'>non</span> <span class='ocrx_word' id='word_1_330' title='bbox 899 2090 1012 2127; x_wconf 89' lang='lat' dir='ltr'>modo</span> <span class='ocrx_word' id='word_1_331' title='bbox 1041 2089 1238 2139; x_wconf 82' lang='lat' dir='ltr'>praecisus,</span> <span class='ocrx_word' id='word_1_332' title='bbox 1269 2088 1335 2124; x_wconf 89' lang='lat' dir='ltr'>sed</span> 
     </span>
     <span class='ocr_line' id='line_1_53' title="bbox 343 2148 1333 2201; baseline -0.007 -12"><span class='ocrx_word' id='word_1_333' title='bbox 343 2163 380 2190; x_wconf 81' lang='lat' dir='ltr'>et</span> <span class='ocrx_word' id='word_1_334' title='bbox 403 2153 666 2198; x_wconf 81' lang='lat' dir='ltr'>circumcisus,</span> <span class='ocrx_word' id='word_1_335' title='bbox 689 2159 948 2201; x_wconf 83' lang='lat' dir='ltr'>perpetuaque</span> <span class='ocrx_word' id='word_1_336' title='bbox 971 2148 1180 2198; x_wconf 73' lang='lat' dir='ltr'>aequalitate</span> <span class='ocrx_word' id='word_1_337' title='bbox 1202 2156 1333 2183; x_wconf 88' lang='lat' dir='ltr'>torna-</span> 
     </span>
     <span class='ocr_line' id='line_1_54' title="bbox 345 2206 1334 2258; baseline -0.008 -9"><span class='ocrx_word' id='word_1_338' title='bbox 345 2223 403 2250; x_wconf 90' lang='lat' dir='ltr'>tus</span> <span class='ocrx_word' id='word_1_339' title='bbox 428 2227 434 2247; x_wconf 75' lang='grc' dir='ltr'>ε</span> <span class='ocrx_word' id='word_1_340' title='bbox 455 2221 497 2248; x_wconf 87' lang='lat' dir='ltr'>ut</span> <span class='ocrx_word' id='word_1_341' title='bbox 514 2224 618 2248; x_wconf 87' lang='lat' dir='ltr'>erasa</span> <span class='ocrx_word' id='word_1_342' title='bbox 641 2211 744 2247; x_wconf 91' lang='lat' dir='ltr'>omni</span> <span class='ocrx_word' id='word_1_343' title='bbox 766 2208 1001 2258; x_wconf 86' lang='lat' dir='ltr'>corruptela,</span> <span class='ocrx_word' id='word_1_344' title='bbox 1029 2207 1105 2243; x_wconf 87' lang='lat' dir='ltr'>imo</span> <span class='ocrx_word' id='word_1_345' title='bbox 1127 2206 1334 2255; x_wconf 86' lang='lat' dir='ltr'>corpulen-</span> 
     </span>
     <span class='ocr_line' id='line_1_55' title="bbox 344 2264 1335 2321; baseline -0.009 -12"><span class='ocrx_word' id='word_1_346' title='bbox 344 2274 414 2320; x_wconf 90' lang='lat' dir='ltr'>tia,</span> <span class='ocrx_word' id='word_1_347' title='bbox 449 2271 652 2321; x_wconf 88' lang='lat' dir='ltr'>spiritualis</span> <span class='ocrx_word' id='word_1_348' title='bbox 680 2269 807 2319; x_wconf 89' lang='lat' dir='ltr'>poculi</span> <span class='ocrx_word' id='word_1_349' title='bbox 829 2268 988 2317; x_wconf 75' lang='lat' dir='ltr'>jugitate</span> <span class='ocrx_word' id='word_1_350' title='bbox 1015 2265 1201 2303; x_wconf 84' lang='lat' dir='ltr'>redundet</span> <span class='ocrx_word' id='word_1_351' title='bbox 1231 2264 1335 2314; x_wconf 89' lang='lat' dir='ltr'>quasi</span> 
     </span>
     <span class='ocr_line' id='line_1_56' title="bbox 343 2325 1331 2382; baseline -0.009 -13"><span class='ocrx_word' id='word_1_352' title='bbox 343 2345 525 2382; x_wconf 85' lang='lat' dir='ltr'>aquarum</span> <span class='ocrx_word' id='word_1_353' title='bbox 555 2329 762 2366; x_wconf 80' lang='lat' dir='ltr'>viventium</span> <span class='ocrx_word' id='word_1_354' title='bbox 786 2336 942 2378; x_wconf 85' lang='lat' dir='ltr'>puteus,</span> <span class='ocrx_word' id='word_1_355' title='bbox 965 2335 1002 2363; x_wconf 90' lang='lat' dir='ltr'>et</span> <span class='ocrx_word' id='word_1_356' title='bbox 1024 2325 1070 2361; x_wconf 87' lang='lat' dir='ltr'>de</span> <span class='ocrx_word' id='word_1_357' title='bbox 1098 2333 1231 2362; x_wconf 86' lang='lat' dir='ltr'>caetero</span> <span class='ocrx_word' id='word_1_358' title='bbox 1255 2337 1331 2362; x_wconf 95' lang='lat' dir='ltr'>non</span> 
     </span>
     <span class='ocr_line' id='line_1_57' title="bbox 343 2388 762 2431; baseline -0.017 -1"><span class='ocrx_word' id='word_1_359' title='bbox 343 2393 472 2431; x_wconf 72' lang='lat' dir='ltr'>venias</span> <span class='ocrx_word' id='word_1_360' title='bbox 497 2391 570 2427; x_wconf 84' lang='lat' dir='ltr'>hue</span> <span class='ocrx_word' id='word_1_361' title='bbox 599 2388 762 2425; x_wconf 86' lang='lat' dir='ltr'>haurire.</span> 
     </span>
    </p>
   </div>
   <div class='ocr_carea' id='block_1_15' title="bbox 398 3278 1044 3316">
    <p class='ocr_par' dir='ltr' id='par_1_16' title="bbox 398 3278 1044 3316">
     <span class='ocr_line' id='line_1_58' title="bbox 398 3278 1044 3316; baseline -0.011 -3"><span class='ocrx_word' id='word_1_362' title='bbox 398 3290 540 3313; x_wconf 41' lang='lat' dir='ltr'>&#39;lardum</span> <span class='ocrx_word' id='word_1_363' title='bbox 564 3294 632 3316; x_wconf 75' lang='lat' dir='ltr'>xii,</span> <span class='ocrx_word' id='word_1_364' title='bbox 657 3286 684 3311; x_wconf 71' lang='lat'>[2.</span> <span class='ocrx_word' id='word_1_365' title='bbox 708 3298 734 3301; x_wconf 88' lang='lat'><em>-</em></span> <span class='ocrx_word' id='word_1_366' title='bbox 761 3286 770 3300; x_wconf 68' lang='lat'><strong>³</strong></span> <span class='ocrx_word' id='word_1_367' title='bbox 793 3278 900 3310; x_wconf 60' lang='lat' dir='ltr'>lim-cli.</span> <span class='ocrx_word' id='word_1_368' title='bbox 920 3288 970 3307; x_wconf 61' lang='lat' dir='ltr'>&gt;At</span> <span class='ocrx_word' id='word_1_369' title='bbox 988 3302 994 3313; x_wconf 70' lang='grc'>,</span> <span class='ocrx_word' id='word_1_370' title='bbox 1025 3291 1044 3307; x_wconf 86' lang='grc' dir='ltr'>ι.</span> 
     </span>
    </p>
   </div>
   <div class='ocr_carea' id='block_1_16' title="bbox 1395 1848 2397 2551">
    <p class='ocr_par' dir='ltr' id='par_1_17' title="bbox 1395 1848 2397 2551">
     <span class='ocr_line' id='line_1_59' title="bbox 1395 1848 2391 1899; baseline 0.001 -14"><span class='ocrx_word' id='word_1_371' title='bbox 1395 1862 1527 1885; x_wconf 87' lang='lat' dir='ltr'>omnes</span> <span class='ocrx_word' id='word_1_372' title='bbox 1555 1849 1727 1898; x_wconf 87' lang='lat' dir='ltr'>apposite</span> <span class='ocrx_word' id='word_1_373' title='bbox 1755 1848 1952 1898; x_wconf 87' lang='lat' dir='ltr'>quodlibet</span> <span class='ocrx_word' id='word_1_374' title='bbox 1979 1849 2278 1899; x_wconf 81' lang='lat' dir='ltr'>persuademus3</span> <span class='ocrx_word' id='word_1_375' title='bbox 2305 1863 2391 1886; x_wconf 87' lang='lat' dir='ltr'>cum</span> 
     </span>
     <span class='ocr_line' id='line_1_60' title="bbox 1398 1908 2392 1957; baseline 0 -12"><span class='ocrx_word' id='word_1_376' title='bbox 1398 1917 1521 1945; x_wconf 81' lang='lat' dir='ltr'>autem</span> <span class='ocrx_word' id='word_1_377' title='bbox 1551 1908 1597 1944; x_wconf 85' lang='lat' dir='ltr'>ad</span> <span class='ocrx_word' id='word_1_378' title='bbox 1630 1908 1667 1944; x_wconf 93' lang='lat' dir='ltr'>id</span> <span class='ocrx_word' id='word_1_379' title='bbox 1697 1908 1801 1957; x_wconf 86' lang='lat' dir='ltr'>quod</span> <span class='ocrx_word' id='word_1_380' title='bbox 1826 1908 1954 1953; x_wconf 85' lang='lat' dir='ltr'>dccet,</span> <span class='ocrx_word' id='word_1_381' title='bbox 1983 1917 2141 1944; x_wconf 88' lang='lat' dir='ltr'>ventum</span> <span class='ocrx_word' id='word_1_382' title='bbox 2177 1909 2310 1954; x_wconf 87' lang='lat' dir='ltr'>suerit,</span> <span class='ocrx_word' id='word_1_383' title='bbox 2341 1908 2392 1945; x_wconf 90' lang='lat' dir='ltr'>ibi</span> 
     </span>
     <span class='ocr_line' id='line_1_61' title="bbox 1400 1967 2390 2012; baseline 0.002 -9"><span class='ocrx_word' id='word_1_384' title='bbox 1400 1967 1648 2004; x_wconf 88' lang='lat' dir='ltr'>laborandum</span> <span class='ocrx_word' id='word_1_385' title='bbox 1670 1976 1745 2012; x_wconf 90' lang='lat' dir='ltr'>est,</span> <span class='ocrx_word' id='word_1_386' title='bbox 1766 1975 1803 2004; x_wconf 88' lang='lat' dir='ltr'>et</span> <span class='ocrx_word' id='word_1_387' title='bbox 1823 1967 1861 2003; x_wconf 93' lang='lat' dir='ltr'>in</span> <span class='ocrx_word' id='word_1_388' title='bbox 1883 1980 2022 2004; x_wconf 89' lang='lat' dir='ltr'>vanum</span> <span class='ocrx_word' id='word_1_389' title='bbox 2043 1967 2159 2005; x_wconf 87' lang='lat' dir='ltr'>verba</span> <span class='ocrx_word' id='word_1_390' title='bbox 2185 1968 2390 2005; x_wconf 85' lang='lat' dir='ltr'>fundenda.</span> 
     </span>
     <span class='ocr_line' id='line_1_62' title="bbox 1398 2026 2393 2077; baseline 0.001 -14"><span class='ocrx_word' id='word_1_391' title='bbox 1398 2027 1568 2076; x_wconf 90' lang='lat' dir='ltr'>Denique</span> <span class='ocrx_word' id='word_1_392' title='bbox 1583 2035 1619 2063; x_wconf 88' lang='lat' dir='ltr'>et</span> <span class='ocrx_word' id='word_1_393' title='bbox 1638 2026 1710 2063; x_wconf 83' lang='lat' dir='ltr'>lioe</span> <span class='ocrx_word' id='word_1_394' title='bbox 1726 2027 1847 2076; x_wconf 88' lang='lat' dir='ltr'>ipsum</span> <span class='ocrx_word' id='word_1_395' title='bbox 1865 2027 2048 2077; x_wconf 87' lang='lat' dir='ltr'>propheta</span> <span class='ocrx_word' id='word_1_396' title='bbox 2063 2040 2101 2064; x_wconf 90' lang='lat' dir='ltr'>se</span> <span class='ocrx_word' id='word_1_397' title='bbox 2118 2027 2393 2077; x_wconf 83' lang='lat' dir='ltr'>exprobrando</span> 
     </span>
     <span class='ocr_line' id='line_1_63' title="bbox 1399 2086 2396 2135; baseline -0.001 -11"><span class='ocrx_word' id='word_1_398' title='bbox 1399 2086 1606 2124; x_wconf 88' lang='lat' dir='ltr'>subsannat</span> <span class='ocrx_word' id='word_1_399' title='bbox 1638 2100 1645 2122; x_wconf 91' lang='lat'>:</span> <span class='ocrx_word' id='word_1_400' title='bbox 1680 2089 1890 2134; x_wconf 77' lang='lat' dir='ltr'>anuimitzi</span> <span class='ocrx_word' id='word_1_401' title='bbox 1909 2086 2013 2123; x_wconf 76' lang='lat' dir='ltr'>nobis</span> <span class='ocrx_word' id='word_1_402' title='bbox 2027 2090 2246 2135; x_wconf 77' lang='lat' dir='ltr'>placentia,</span> <span class='ocrx_word' id='word_1_403' title='bbox 2269 2090 2396 2124; x_wconf 78' lang='lat' dir='ltr'>videte</span> 
     </span>
     <span class='ocr_line' id='line_1_64' title="bbox 1401 2147 2394 2195; baseline 0 -13"><span class='ocrx_word' id='word_1_404' title='bbox 1401 2147 1504 2183; x_wconf 77' lang='lat' dir='ltr'>nobis</span> <span class='ocrx_word' id='word_1_405' title='bbox 1525 2159 1684 2189; x_wconf 80' lang='lat' dir='ltr'>errores,</span> <span class='ocrx_word' id='word_1_406' title='bbox 1707 2150 1818 2182; x_wconf 78' lang='lat' dir='ltr'>nolite</span> <span class='ocrx_word' id='word_1_407' title='bbox 1839 2160 1882 2181; x_wconf 83' lang='lat' dir='ltr'>eu</span> <span class='ocrx_word' id='word_1_408' title='bbox 1908 2160 1996 2194; x_wconf 76' lang='lat' dir='ltr'>qnoe</span> <span class='ocrx_word' id='word_1_409' title='bbox 2015 2155 2113 2182; x_wconf 83' lang='lat' dir='ltr'>recta</span> <span class='ocrx_word' id='word_1_410' title='bbox 2135 2156 2219 2182; x_wconf 76' lang='lat' dir='ltr'>sunt</span> <span class='ocrx_word' id='word_1_411' title='bbox 2252 2149 2351 2195; x_wconf 73' lang='lat' dir='ltr'>loqui</span> <span class='ocrx_word' id='word_1_412' title='bbox 2367 2147 2394 2182; x_wconf 74' lang='lat'>4.</span> 
     </span>
     <span class='ocr_line' id='line_1_65' title="bbox 1400 2207 2393 2255; baseline 0 -13"><span class='ocrx_word' id='word_1_413' title='bbox 1400 2209 1503 2243; x_wconf 89' lang='lat' dir='ltr'>Bona</span> <span class='ocrx_word' id='word_1_414' title='bbox 1520 2218 1651 2251; x_wconf 89' lang='lat' dir='ltr'>causa,</span> <span class='ocrx_word' id='word_1_415' title='bbox 1678 2219 1762 2254; x_wconf 82' lang='lat' dir='ltr'>quae</span> <span class='ocrx_word' id='word_1_416' title='bbox 1794 2219 1863 2255; x_wconf 87' lang='lat' dir='ltr'>per</span> <span class='ocrx_word' id='word_1_417' title='bbox 1894 2219 1932 2242; x_wconf 90' lang='lat' dir='ltr'>se</span> <span class='ocrx_word' id='word_1_418' title='bbox 1954 2214 2081 2255; x_wconf 86' lang='lat' dir='ltr'>partes</span> <span class='ocrx_word' id='word_1_419' title='bbox 2112 2207 2272 2243; x_wconf 90' lang='lat' dir='ltr'>oratoris</span> <span class='ocrx_word' id='word_1_420' title='bbox 2291 2219 2393 2243; x_wconf 78' lang='lat' dir='ltr'>exse-</span> 
     </span>
     <span class='ocr_line' id='line_1_66' title="bbox 1401 2265 2395 2314; baseline 0.001 -14"><span class='ocrx_word' id='word_1_421' title='bbox 1401 2265 1550 2314; x_wconf 87' lang='lat' dir='ltr'>quitur,</span> <span class='ocrx_word' id='word_1_422' title='bbox 1583 2273 1620 2301; x_wconf 88' lang='lat' dir='ltr'>et</span> <span class='ocrx_word' id='word_1_423' title='bbox 1640 2265 1720 2301; x_wconf 90' lang='lat' dir='ltr'>sine</span> <span class='ocrx_word' id='word_1_424' title='bbox 1742 2265 1830 2301; x_wconf 90' lang='lat' dir='ltr'>artis</span> <span class='ocrx_word' id='word_1_425' title='bbox 1862 2278 1977 2314; x_wconf 89' lang='lat' dir='ltr'>opera</span> <span class='ocrx_word' id='word_1_426' title='bbox 2006 2265 2221 2301; x_wconf 90' lang='lat' dir='ltr'>auditorum</span> <span class='ocrx_word' id='word_1_427' title='bbox 2248 2265 2395 2301; x_wconf 89' lang='lat' dir='ltr'>animos</span> 
     </span>
     <span class='ocr_line' id='line_1_67' title="bbox 1401 2324 2395 2374; baseline 0 -14"><span class='ocrx_word' id='word_1_428' title='bbox 1401 2324 1514 2361; x_wconf 86' lang='lat' dir='ltr'>allicit</span> <span class='ocrx_word' id='word_1_429' title='bbox 1533 2332 1570 2360; x_wconf 90' lang='lat' dir='ltr'>et</span> <span class='ocrx_word' id='word_1_430' title='bbox 1589 2324 1744 2360; x_wconf 85' lang='lat' dir='ltr'>emollit.</span> <span class='ocrx_word' id='word_1_431' title='bbox 1775 2326 2014 2373; x_wconf 81' lang='lat' dir='ltr'>Supervacua</span> <span class='ocrx_word' id='word_1_432' title='bbox 2038 2324 2109 2360; x_wconf 89' lang='lat' dir='ltr'>erit</span> <span class='ocrx_word' id='word_1_433' title='bbox 2136 2324 2214 2360; x_wconf 69' lang='lat' dir='ltr'>hrec</span> <span class='ocrx_word' id='word_1_434' title='bbox 2236 2336 2395 2374; x_wconf 86' lang='lat' dir='ltr'>persua-</span> 
     </span>
     <span class='ocr_line' id='line_1_68' title="bbox 1403 2383 2397 2433; baseline -0.002 -12"><span class='ocrx_word' id='word_1_435' title='bbox 1403 2384 1476 2430; x_wconf 90' lang='lat' dir='ltr'>sio,</span> <span class='ocrx_word' id='word_1_436' title='bbox 1497 2391 1534 2419; x_wconf 91' lang='lat' dir='ltr'>et</span> <span class='ocrx_word' id='word_1_437' title='bbox 1553 2383 1643 2419; x_wconf 82' lang='lat' dir='ltr'>nihil</span> <span class='ocrx_word' id='word_1_438' title='bbox 1664 2383 1764 2420; x_wconf 88' lang='lat' dir='ltr'>aliud</span> <span class='ocrx_word' id='word_1_439' title='bbox 1786 2391 2009 2429; x_wconf 84' lang='lat' dir='ltr'>assectatur,</span> <span class='ocrx_word' id='word_1_440' title='bbox 2031 2383 2102 2420; x_wconf 91' lang='lat' dir='ltr'>nisi</span> <span class='ocrx_word' id='word_1_441' title='bbox 2124 2392 2163 2420; x_wconf 89' lang='lat' dir='ltr'>ut</span> <span class='ocrx_word' id='word_1_442' title='bbox 2186 2383 2232 2420; x_wconf 82' lang='lat' dir='ltr'>dc</span> <span class='ocrx_word' id='word_1_443' title='bbox 2251 2383 2397 2433; x_wconf 91' lang='lat' dir='ltr'>cupidis</span> 
     </span>
     <span class='ocr_line' id='line_1_69' title="bbox 1406 2440 2396 2492; baseline -0.001 -13"><span class='ocrx_word' id='word_1_444' title='bbox 1406 2441 1603 2492; x_wconf 88' lang='lat' dir='ltr'>improbos</span> <span class='ocrx_word' id='word_1_445' title='bbox 1624 2442 1752 2489; x_wconf 87' lang='lat' dir='ltr'>saciat,</span> <span class='ocrx_word' id='word_1_446' title='bbox 1771 2451 1808 2479; x_wconf 85' lang='lat' dir='ltr'>et</span> <span class='ocrx_word' id='word_1_447' title='bbox 1830 2451 1980 2479; x_wconf 87' lang='lat' dir='ltr'>tenuem</span> <span class='ocrx_word' id='word_1_448' title='bbox 2011 2443 2115 2479; x_wconf 88' lang='lat' dir='ltr'>tollat</span> <span class='ocrx_word' id='word_1_449' title='bbox 2134 2442 2290 2492; x_wconf 87' lang='lat' dir='ltr'>pudoris</span> <span class='ocrx_word' id='word_1_450' title='bbox 2310 2440 2396 2478; x_wconf 89' lang='lat' dir='ltr'>obi-</span> 
     </span>
     <span class='ocr_line' id='line_1_70' title="bbox 1406 2501 2397 2551; baseline -0.001 -13"><span class='ocrx_word' id='word_1_451' title='bbox 1406 2515 1510 2547; x_wconf 90' lang='lat' dir='ltr'>cem,</span> <span class='ocrx_word' id='word_1_452' title='bbox 1538 2502 1603 2551; x_wconf 92' lang='lat' dir='ltr'>qui</span> <span class='ocrx_word' id='word_1_453' title='bbox 1633 2502 1734 2538; x_wconf 91' lang='lat' dir='ltr'>solus</span> <span class='ocrx_word' id='word_1_454' title='bbox 1761 2501 1956 2539; x_wconf 89' lang='lat' dir='ltr'>ambitioni</span> <span class='ocrx_word' id='word_1_455' title='bbox 1989 2502 2138 2539; x_wconf 87' lang='lat' dir='ltr'>obstare</span> <span class='ocrx_word' id='word_1_456' title='bbox 2164 2501 2336 2545; x_wconf 83' lang='lat' dir='ltr'>videtur,</span> <span class='ocrx_word' id='word_1_457' title='bbox 2360 2509 2397 2537; x_wconf 90' lang='lat' dir='ltr'>et</span> 
     </span>
    </p>
   </div>
   <div class='ocr_carea' id='block_1_17' title="bbox 1358 2559 2398 2611">
    <p class='ocr_par' dir='ltr' id='par_1_18' title="bbox 1358 2559 2398 2611">
     <span class='ocr_line' id='line_1_71' title="bbox 1358 2559 2398 2611; baseline -0.004 -11"><span class='ocrx_word' id='word_1_458' title='bbox 1358 2568 1604 2600; x_wconf 87' lang='lat' dir='ltr'>Daestuantes</span> <span class='ocrx_word' id='word_1_459' title='bbox 1635 2569 1758 2598; x_wconf 89' lang='lat' dir='ltr'>motus</span> <span class='ocrx_word' id='word_1_460' title='bbox 1785 2562 1890 2610; x_wconf 85' lang='lat' dir='ltr'>quasi</span> <span class='ocrx_word' id='word_1_461' title='bbox 1929 2562 2039 2598; x_wconf 87' lang='lat' dir='ltr'>maris</span> <span class='ocrx_word' id='word_1_462' title='bbox 2071 2574 2185 2611; x_wconf 89' lang='lat' dir='ltr'>aquas</span> <span class='ocrx_word' id='word_1_463' title='bbox 2208 2561 2246 2597; x_wconf 92' lang='lat' dir='ltr'>in</span> <span class='ocrx_word' id='word_1_464' title='bbox 2275 2559 2398 2597; x_wconf 88' lang='lat' dir='ltr'>cordis</span> 
     </span>
    </p>
   </div>
   <div class='ocr_carea' id='block_1_18' title="bbox 1405 2618 2398 3204">
    <p class='ocr_par' dir='ltr' id='par_1_19' title="bbox 1405 2618 2398 2906">
     <span class='ocr_line' id='line_1_72' title="bbox 1406 2618 2396 2665; baseline -0.003 -8"><span class='ocrx_word' id='word_1_465' title='bbox 1406 2629 1487 2657; x_wconf 89' lang='lat' dir='ltr'>utre</span> <span class='ocrx_word' id='word_1_466' title='bbox 1514 2620 1716 2657; x_wconf 87' lang='lat' dir='ltr'>concludit.</span> <span class='ocrx_word' id='word_1_467' title='bbox 1752 2624 1831 2657; x_wconf 86' lang='lat' dir='ltr'>Hoc</span> <span class='ocrx_word' id='word_1_468' title='bbox 1860 2621 1930 2657; x_wconf 88' lang='lat' dir='ltr'>erit</span> <span class='ocrx_word' id='word_1_469' title='bbox 1959 2634 2034 2658; x_wconf 92' lang='lat' dir='ltr'>non</span> <span class='ocrx_word' id='word_1_470' title='bbox 2069 2621 2296 2665; x_wconf 77' lang='lat' dir='ltr'>fenestram,</span> <span class='ocrx_word' id='word_1_471' title='bbox 2329 2618 2396 2655; x_wconf 91' lang='lat' dir='ltr'>sed</span> 
     </span>
     <span class='ocr_line' id='line_1_73' title="bbox 1405 2679 2396 2729; baseline -0.003 -12"><span class='ocrx_word' id='word_1_472' title='bbox 1405 2681 1541 2717; x_wconf 85' lang='lat' dir='ltr'>ostium</span> <span class='ocrx_word' id='word_1_473' title='bbox 1573 2681 1742 2729; x_wconf 85' lang='lat' dir='ltr'>aperire,</span> <span class='ocrx_word' id='word_1_474' title='bbox 1777 2689 1814 2716; x_wconf 91' lang='lat' dir='ltr'>et</span> <span class='ocrx_word' id='word_1_475' title='bbox 1846 2693 2035 2717; x_wconf 81' lang='lat' dir='ltr'>succensae</span> <span class='ocrx_word' id='word_1_476' title='bbox 2066 2680 2207 2716; x_wconf 83' lang='lat' dir='ltr'>fornaci</span> <span class='ocrx_word' id='word_1_477' title='bbox 2252 2679 2396 2715; x_wconf 86' lang='lat' dir='ltr'>sollium</span> 
     </span>
     <span class='ocr_line' id='line_1_74' title="bbox 1405 2739 2396 2789; baseline -0.002 -13"><span class='ocrx_word' id='word_1_478' title='bbox 1405 2740 1608 2776; x_wconf 80' lang='lat' dir='ltr'>admovere</span> <span class='ocrx_word' id='word_1_479' title='bbox 1631 2739 1845 2789; x_wconf 86' lang='lat' dir='ltr'>spiramina.</span> <span class='ocrx_word' id='word_1_480' title='bbox 1867 2740 2046 2777; x_wconf 83' lang='lat' dir='ltr'>Lascivus</span> <span class='ocrx_word' id='word_1_481' title='bbox 2063 2740 2149 2776; x_wconf 89' lang='lat' dir='ltr'>satis</span> <span class='ocrx_word' id='word_1_482' title='bbox 2169 2739 2293 2775; x_wconf 85' lang='lat' dir='ltr'>frutex</span> <span class='ocrx_word' id='word_1_483' title='bbox 2313 2751 2396 2775; x_wconf 91' lang='lat' dir='ltr'>am-</span> 
     </span>
     <span class='ocr_line' id='line_1_75' title="bbox 1406 2797 2398 2848; baseline -0.002 -13"><span class='ocrx_word' id='word_1_484' title='bbox 1406 2799 1582 2843; x_wconf 88' lang='lat' dir='ltr'>bitionis,</span> <span class='ocrx_word' id='word_1_485' title='bbox 1614 2807 1651 2835; x_wconf 89' lang='lat' dir='ltr'>et</span> <span class='ocrx_word' id='word_1_486' title='bbox 1678 2807 1854 2848; x_wconf 86' lang='lat' dir='ltr'>tanquam</span> <span class='ocrx_word' id='word_1_487' title='bbox 1883 2800 1919 2835; x_wconf 93' lang='lat' dir='ltr'>in</span> <span class='ocrx_word' id='word_1_488' title='bbox 1943 2800 2025 2836; x_wconf 87' lang='lat' dir='ltr'>laeta</span> <span class='ocrx_word' id='word_1_489' title='bbox 2055 2812 2130 2835; x_wconf 93' lang='lat' dir='ltr'>non</span> <span class='ocrx_word' id='word_1_490' title='bbox 2163 2807 2236 2835; x_wconf 88' lang='lat' dir='ltr'>tam</span> <span class='ocrx_word' id='word_1_491' title='bbox 2264 2797 2398 2834; x_wconf 88' lang='lat' dir='ltr'>fructi·-</span> 
     </span>
     <span class='ocr_line' id='line_1_76' title="bbox 1409 2858 1986 2906; baseline 0 -12"><span class='ocrx_word' id='word_1_492' title='bbox 1409 2860 1515 2903; x_wconf 82' lang='lat' dir='ltr'>licat,</span> <span class='ocrx_word' id='word_1_493' title='bbox 1535 2871 1647 2906; x_wconf 88' lang='lat' dir='ltr'>quam</span> <span class='ocrx_word' id='word_1_494' title='bbox 1671 2858 1838 2894; x_wconf 86' lang='lat' dir='ltr'>luxuriat</span> <span class='ocrx_word' id='word_1_495' title='bbox 1858 2858 1986 2895; x_wconf 88' lang='lat' dir='ltr'>homo.</span> 
     </span>
    </p>

    <p class='ocr_par' dir='ltr' id='par_1_20' title="bbox 1408 2916 2398 3204">
     <span class='ocr_line' id='line_1_77' title="bbox 1461 2916 2396 2965; baseline -0.002 -12"><span class='ocrx_word' id='word_1_496' title='bbox 1461 2917 1496 2953; x_wconf 80' lang='lat'>2.</span> <span class='ocrx_word' id='word_1_497' title='bbox 1515 2920 1601 2952; x_wconf 84' lang='lat' dir='ltr'>Haec</span> <span class='ocrx_word' id='word_1_498' title='bbox 1621 2925 1677 2953; x_wconf 89' lang='lat' dir='ltr'>est</span> <span class='ocrx_word' id='word_1_499' title='bbox 1700 2917 1805 2952; x_wconf 79' lang='lat' dir='ltr'>radix</span> <span class='ocrx_word' id='word_1_500' title='bbox 1832 2916 2092 2954; x_wconf 89' lang='lat' dir='ltr'>amaritudinis</span> <span class='ocrx_word' id='word_1_501' title='bbox 2107 2945 2116 2962; x_wconf 92' lang='lat'>,</span> <span class='ocrx_word' id='word_1_502' title='bbox 2145 2929 2229 2965; x_wconf 84' lang='lat' dir='ltr'>quae</span> <span class='ocrx_word' id='word_1_503' title='bbox 2249 2927 2396 2952; x_wconf 88' lang='lat' dir='ltr'>sursum</span> 
     </span>
     <span class='ocr_line' id='line_1_78' title="bbox 1408 2974 2398 3025; baseline -0.001 -14"><span class='ocrx_word' id='word_1_504' title='bbox 1408 2975 1621 3023; x_wconf 59' lang='lat' dir='ltr'>germinans</span> <span class='ocrx_word' id='word_1_505' title='bbox 1644 2975 1822 3025; x_wconf 89' lang='lat' dir='ltr'>impedit,</span> <span class='ocrx_word' id='word_1_506' title='bbox 1856 2984 1892 3012; x_wconf 88' lang='lat' dir='ltr'>et</span> <span class='ocrx_word' id='word_1_507' title='bbox 1915 2989 1983 3025; x_wconf 86' lang='lat' dir='ltr'>per</span> <span class='ocrx_word' id='word_1_508' title='bbox 2017 2976 2116 3012; x_wconf 90' lang='lat' dir='ltr'>illam</span> <span class='ocrx_word' id='word_1_509' title='bbox 2153 2974 2398 3024; x_wconf 87' lang='lat' dir='ltr'>inquinantur</span> 
     </span>
     <span class='ocr_line' id='line_1_79' title="bbox 1410 3034 2396 3085; baseline -0.002 -13"><span class='ocrx_word' id='word_1_510' title='bbox 1410 3036 1540 3081; x_wconf 89' lang='lat' dir='ltr'>multi,</span> <span class='ocrx_word' id='word_1_511' title='bbox 1564 3044 1601 3072; x_wconf 88' lang='lat' dir='ltr'>et</span> <span class='ocrx_word' id='word_1_512' title='bbox 1628 3036 1827 3085; x_wconf 81' lang='lat' dir='ltr'>exstirpari</span> <span class='ocrx_word' id='word_1_513' title='bbox 1853 3048 1926 3071; x_wconf 95' lang='lat' dir='ltr'>non</span> <span class='ocrx_word' id='word_1_514' title='bbox 1949 3044 2072 3084; x_wconf 88' lang='lat' dir='ltr'>potest</span> <span class='ocrx_word' id='word_1_515' title='bbox 2092 3050 2098 3071; x_wconf 93' lang='lat'>:</span> <span class='ocrx_word' id='word_1_516' title='bbox 2121 3043 2157 3071; x_wconf 90' lang='lat' dir='ltr'>et</span> <span class='ocrx_word' id='word_1_517' title='bbox 2185 3034 2275 3084; x_wconf 87' lang='lat' dir='ltr'>quid</span> <span class='ocrx_word' id='word_1_518' title='bbox 2298 3035 2396 3070; x_wconf 87' lang='lat' dir='ltr'>illam</span> 
     </span>
     <span class='ocr_line' id='line_1_80' title="bbox 1412 3094 2395 3144; baseline -0.001 -14"><span class='ocrx_word' id='word_1_519' title='bbox 1412 3095 1552 3144; x_wconf 81' lang='lat' dir='ltr'>irrigari</span> <span class='ocrx_word' id='word_1_520' title='bbox 1577 3095 1770 3143; x_wconf 78' lang='lat' dir='ltr'>postulas?</span> <span class='ocrx_word' id='word_1_521' title='bbox 1789 3098 1890 3130; x_wconf 86' lang='lat' dir='ltr'>Inter</span> <span class='ocrx_word' id='word_1_522' title='bbox 1914 3108 2045 3130; x_wconf 84' lang='lat' dir='ltr'>manus</span> <span class='ocrx_word' id='word_1_523' title='bbox 2068 3095 2284 3130; x_wconf 80' lang='lat' dir='ltr'>vellentium</span> <span class='ocrx_word' id='word_1_524' title='bbox 2309 3094 2395 3142; x_wconf 92' lang='lat' dir='ltr'>pul-</span> 
     </span>
     <span class='ocr_line' id='line_1_81' title="bbox 1413 3153 2396 3204; baseline -0.003 -13"><span class='ocrx_word' id='word_1_525' title='bbox 1413 3155 1501 3191; x_wconf 88' lang='lat' dir='ltr'>lulat</span> <span class='ocrx_word' id='word_1_526' title='bbox 1532 3154 1697 3191; x_wconf 63' lang='lat' dir='ltr'>rediviva</span> <span class='ocrx_word' id='word_1_527' title='bbox 1733 3155 1934 3204; x_wconf 77' lang='lat' dir='ltr'>plantatio,</span> <span class='ocrx_word' id='word_1_528' title='bbox 1965 3163 2000 3190; x_wconf 81' lang='lat' dir='ltr'>et</span> <span class='ocrx_word' id='word_1_529' title='bbox 2034 3163 2069 3190; x_wconf 89' lang='lat' dir='ltr'>tu</span> <span class='ocrx_word' id='word_1_530' title='bbox 2104 3154 2202 3190; x_wconf 86' lang='lat' dir='ltr'>illam</span> <span class='ocrx_word' id='word_1_531' title='bbox 2237 3153 2396 3201; x_wconf 77' lang='lat' dir='ltr'>‹ptadam</span> 
     </span>
    </p>
   </div>
   <div class='ocr_carea' id='block_1_19' title="bbox 1128 3275 1719 3312">
    <p class='ocr_par' dir='ltr' id='par_1_21' title="bbox 1128 3275 1719 3312">
     <span class='ocr_line' id='line_1_82' title="bbox 1128 3275 1719 3312; baseline -0.007 -5"><span class='ocrx_word' id='word_1_532' title='bbox 1128 3277 1209 3307; x_wconf 63' lang='lat' dir='ltr'>‘job</span> <span class='ocrx_word' id='word_1_533' title='bbox 1229 3289 1292 3312; x_wconf 57' lang='lat' dir='ltr'>ari,</span> <span class='ocrx_word' id='word_1_534' title='bbox 1317 3281 1366 3306; x_wconf 70' lang='lat'>1¹2.</span> <span class='ocrx_word' id='word_1_535' title='bbox 1386 3295 1417 3298; x_wconf 40' lang='lat' dir='ltr'>m</span> <span class='ocrx_word' id='word_1_536' title='bbox 1450 3275 1542 3306; x_wconf 61' lang='grc' dir='ltr'>ΙΙειιί,</span> <span class='ocrx_word' id='word_1_537' title='bbox 1562 3286 1643 3310; x_wconf 71' lang='lat' dir='ltr'>xxx,</span> <span class='ocrx_word' id='word_1_538' title='bbox 1671 3278 1719 3305; x_wconf 82' lang='lat' dir='ltr'>lo.</span> 
     </span>
    </p>
   </div>
  </div>
 </body>
</html>
