2504 3928
349 159 420 194 uu?

1139 159 1374 196 GAUFRIDI
1407 162 1603 196 ABBA'I'IS

2318 164 2392 198 (ios

348 235 396 271 illi
420 235 475 270 rel
504 235 555 270 illi
585 232 771 268 trademus
791 232 990 281 episcopo,
1012 232 1113 282 apud
1134 247 1245 282 quem
1268 236 1335 272 lia-
1348 236 1426 272 '¹⁰¹'a
1456 241 1532 273 Deo
1559 245 1594 272 et
1623 236 1791 272 oninium
1820 236 1924 272 radix
1947 236 2152 282 malorum,
2182 237 2367 287 cupiditas
2384 245 2394 258 ²

351 293 483 329 bemus
503 292 628 340 gratia·
651 292 798 333 locum,
819 298 881 326 aut
900 291 958 326 cui
987 291 1081 327 sorte
1103 294 1341 339 seiwiriiiiiis,
1364 298 1390 329 Α
1418 295 1634 331 introducit.
1666 295 1764 342 Quid
1801 295 1898 331 istud
1933 296 2170 342 temeritatis;
2200 296 2275 333 imo
2307 297 2397 347 quid

352 361 390 388 ut
409 352 547 387 ditetur
568 350 613 385 de
631 349 741 385 bonis
770 350 945 393 Domini,
970 363 1037 385 nec.
1060 351 1095 386 in
1121 360 1175 387 tot
1204 353 1341 389 liberos

350 419 475 445 nostra
490 409 677 445 dividatur
693 409 900 445 limi-editas.
920 410 1027 445 Illum
1047 413 1342 459 prmpositusaut

349 469 513 504 decanus
534 477 572 503 ut
594 468 662 503 sibi
681 468 918 510 succederet,
942 469 1154 518 plusquam
1173 480 1342 507 materno

349 527 521 563 edlu-avit
542 527 674 562 at‘t'eetu
693 555 701 571 ,
726 527 760 562 in
783 527 923 563 deliciis
953 529 1165 573 ‹futuru-ns,
1191 539 1226 566 et
1243 530 1337 566 dcli-

349 587 427 622 ctis.
459 587 523 622 llle
556 586 689 634 dignus
724 586 1046 632 arcliidiaconatu‚
1081 597 1210 638 utpote
1242 591 1337 626 lilius

348 645 550 694 principis;
587 646 700 693 magis
731 654 853 681 autem
876 646 903 682 si
932 647 975 682 sit
1007 647 1173 697 episcopi
1200 663 1336 684 conso-

349 705 479 741 brinus
497 733 505 749 ‚
543 705 579 740 in
606 719 682 754 quo
713 705 888 741 nimirum
923 715 997 742 tota
1032 715 1086 742 est
1123 709 1338 758 episcopata

347 765 558 815 progenies.
585 765 686 800 Alius
702 764 867 813 undique
888 766 1018 802 circuit
1039 766 1190 802 sedulus
1211 769 1338 817 explo-

348 834 463 869 rator,
485 824 689 869 blanditur,
713 824 947 873 obsequitur,
970 826 1140 869 simulat,
1165 835 1199 862 et
1231 827 1337 862 ‹lissi-

349 885 485 928 mulat‚
507 883 715 931 miseraque
737 882 806 919 sibi
834 884 1008 932 suffragia
1031 883 1242 921 mendicare
1263 898 1338 920 non

349 943 555 987 crubescit,
577 942 750 978 manibus
773 951 809 978 et
841 942 1001 992 pedibus
1028 957 1184 992 repens,
1218 945 1245 980 si
1265 958 1341 993 qno

350 1002 464 1039 niodo
495 1002 643 1038 tandem
677 1001 880 1050 aliquando
917 1015 995 1037 sese
1029 1002 1199 1050 ingerere
1227 1013 1339 1052 queat
1360 1003 1386 1037 Β

348 1062 385 1097 in
404 1061 671 1111 patrimonium
688 1062 862 1097 Crucilixi
884 1069 919 1097 et
945 1060 1044 1098 bona
1067 1063 1236 1107 Domini,
1258 1077 1341 1112 qua:

349 1121 428 1156 sola
455 1133 499 1155 ex
529 1119 705 1155 omnibus
740 1119 851 1155 bodie
886 1120 1131 1155 inveniuntur
1159 1122 1340 1170 exposita.

351 1180 533 1216 Nimirum
550 1192 706 1228 peregre
727 1180 917 1228 profectus
940 1188 1013 1224 est,
1035 1178 1100 1216 sed
1124 1180 1158 1215 in
1180 1181 1343 1229 plenilu-

354 1240 417 1276 nio
439 1240 554 1283 sorte,
579 1247 619 1274 ut
638 1252 703 1274 sua
727 1238 894 1275 districte
912 1247 1081 1288 repetat,
1112 1239 1312 1276 rediturus.

407 1300 466 1335 15.
501 1298 592 1345 Quis
624 1311 666 1333 ea
692 1297 901 1333 intentione
935 1297 1072 1346 gradus
1094 1299 1342 1334 ecclesiaticos

350 1366 387 1394 et
409 1357 612 1393 ministeria
642 1357 840 1392 sanctuarii
874 1357 1032 1405 (puerit,
1059 1357 1135 1393 imo
1161 1357 1343 1405 quaeritur

352 1416 497 1467 (quteri
520 1429 675 1464 nempe,
697 1429 808 1464 quam
831 1429 1001 1464 qua‘rere
1022 1416 1100 1465 ipse
1121 1415 1337 1466 debuerat),

351 1485 391 1512 ut
417 1476 496 1511 sine
523 1475 622 1511 curis
655 1475 798 1518 saeculi,
824 1475 860 1510 in
882 1475 1131 1511 sanctimonia
1156 1475 1280 1511 cordis
1305 1483 1342 1512 et

351 1534 522 1584 corporis
554 1533 823 1570 illuminandus
850 1533 1002 1570 accedat
1031 1534 1077 1570 ad
1114 1534 1340 1580 Dominum,

351 1602 388 1630 et
408 1607 511 1630 suam
531 1593 672 1643 pariter
691 1606 732 1629 ac
749 1593 1011 1642 proximorum
1035 1602 1215 1642 operetur
1241 1594 1342 1630 salu-

353 1661 425 1689 tem
439 1681 448 1698 ,
472 1652 654 1688 orationis
674 1651 799 1688 studio
826 1652 992 1698 deditus,
1012 1661 1048 1689 et
1065 1651 1182 1689 verbo
1207 1653 1344 1702 praedi-

353 1712 538 1748 cationis?
567 1715 659 1747 Nam
688 1711 717 1747 si
748 1724 790 1747 ea
823 1711 1045 1760 quaeritant
1077 1720 1176 1748 tenet
1195 1712 1343 1758 animo,

352 1783 472 1819 eoque
493 1770 651 1814 intuitu,
669 1778 709 1805 ut
737 1769 823 1805 huic
852 1770 934 1805 vitze
955 1769 1089 1806 babeat
1119 1772 1344 1817 necessaria;

351 1830 581 1878 evangelizat
621 1837 663 1865 ut
692 1829 915 1873 manducet,
949 1838 985 1865 et
1026 1843 1205 1879 perverso
1238 1830 1346 1866 nimis

351 1888 504 1933 ordine,
546 1887 758 1924 coelestibus
804 1896 952 1924 terrena
990 1897 1189 1924 mereatur.
1226 1892 1346 1937 Quam

350 1955 450 1984 certe
481 1946 652 1999 dignius,
687 1947 922 1996 ampliusque
956 1956 1248 1984 consentaneum
1283 1961 1346 1984 ra-

352 2007 445 2043 tioni
460 2035 469 2051 ,
492 2015 533 2042 ut
552 2020 622 2056 pro
641 2008 780 2043 carnali
800 2008 902 2043 victu
932 2008 1093 2044 carnalia
1120 2009 1235 2056 magis
1253 2021 1347 2057 ope-

351 2080 390 2103 ra
410 2075 447 2103 et
460 2067 608 2115 negotia
625 2075 838 2113 exerceret,
854 2080 922 2103 nec
955 2069 1059 2103 lieret
1081 2068 1254 2104 inversor
1285 2081 1346 2103 re—

352 2141 434 2163 rum
453 2156 462 2172 ‚
486 2135 549 2162 aut
581 2127 825 2168 inhonoraret
857 2128 1104 2164 ministerium
1128 2128 1347 2178 spirituale?

353 2187 423 2224 Sed
446 2186 595 2222 modico
616 2195 670 2222 cst
692 2195 824 2223 natura
841 2195 1037 2232 contenta,
1058 2200 1125 2223 nec
1141 2188 1248 2223 multi
1269 2188 1347 2224 sola

354 2245 391 2281 in
416 2246 471 2281 his
495 2246 703 2281 necessaria
725 2254 901 2294 quaerunt
917 2275 926 2291 ,
947 2247 1089 2295 quippe
1124 2247 1260 2282 minori
1290 2248 1346 2282 fa-

355 2305 423 2341 cile
445 2305 531 2341 satis
548 2304 751 2340 obtinenda
771 2305 951 2353 periculo.
974 2306 1157 2341 Honorati
1173 2306 1346 2342 incedere

354 2365 507 2407 volunt,
532 2365 676 2413 placere
708 2363 859 2399 student
890 2363 1128 2408 bominibus,
1169 2364 1345 2400 delectari

354 2431 391 2459 et
421 2422 636 2472 superbire,
659 2430 695 2457 et
720 2422 805 2457 liuic
838 2423 974 2458 sreculo
1006 2435 1073 2471 per
1107 2423 1231 2458 omnia
1253 2436 1344 2458 eon-

357 2483 522 2519 formari.
555 2482 651 2519 Audi
694 2483 866 2530 querelas
898 2482 1068 2525 Domini,
1109 2482 1198 2530 quid
1233 2496 1346 2532 super

1410 355 1561 390 insania·
1583 355 1659 388 est?
1680 352 1754 390 Ubi
1781 353 1892 389 timor
1908 354 1995 396 Dei,
2021 353 2085 389 ubi
2107 355 2236 391 mortis
2253 368 2398 391 memo-

1409 414 1484 455 ria,
1509 412 1570 447 ubi
1593 412 1771 458 gelufnnxe
1794 420 1935 456 nictus,
1956 420 1991 447 ct
2011 411 2186 448 terribilis
2203 422 2396 462 exspecta·

1410 473 1459 507 tio
1478 472 1535 506 illa
1549 470 1703 518 judicii?
1725 473 1868 518 Sponsa
1891 483 1957 506 nee
1977 470 2210 516 cubiculum,
2233 484 2301 507 nec
2317 473 2394 508 ccl-

1410 533 1479 567 lam
1502 530 1643 579 ingredi
1675 530 1742 565 nisi
1777 543 1862 577 rege
1894 529 2156 565 introducente
2177 531 2396 579 praesumit:

1405 599 1441 625 tu
1467 590 1714 624 irreverenter
1739 587 1849 623 irruis
1880 600 1947 623 nec
1975 596 2150 633 vocatus,
2177 601 2245 624 nec
2274 588 2397 625 intro-

1404 649 1560 684 ‹tm-tus?
1584 648 1701 682 Tralie
1727 660 1783 681 me
1797 655 1883 694 pose
1906 655 1953 690 te,
1975 647 2024 682 ait
2045 648 2126 692 illa,
2150 652 2186 682 su
2206 650 2316 683 miore
2333 661 2400 683 un-

1402 717 1616 756 gueueolum
1636 716 1775 741 turnum
1794 719 1974 740 curremus
1985 705 2010 741 3⁴¹.
2023 709 2128 743 'Nunc
2149 715 2272 742 autem
2289 706 2401 742 trahit

1405 780 1470 802 sua
1496 778 1685 814 quemque
1716 765 1909 813 voluptas;
1941 773 1978 800 et
2003 764 2158 800 odorem
2190 765 2310 814 turpis
2336 765 2400 801 lu-

1407 826 1459 862 cri
1492 833 1696 869 sectantes,
1731 832 1914 872 quaestum
1950 825 2134 860 aestimant
2162 824 2397 874 pietatem⁴z

1407 897 1567 934 quorum
1591 892 1690 920 certa
1708 892 1762 919 est
1782 883 1984 920 damnatio.

1664 1014 1753 1042 XIV.
1779 1030 1821 1033 —-
1844 1014 1890 1041 Dc,
1916 1012 2022 1042 loculis
2044 1011 2142 1043 Judae.

1464 1123 1522 1159 16.
1544 1126 1682 1159 Verum
1708 1123 1775 1158 etsi
1798 1122 2134 1172 irreprehensibilis
2152 1122 2322 1159 videatur
2342 1124 2399 1160 in-

1408 1194 1569 1229 gressus,
1592 1190 1628 1217 et
1646 1181 1804 1217 intentio
1831 1191 1948 1227 easta,
1975 1181 2115 1217 niliilne
2136 1181 2234 1216 ultra
2265 1181 2401 1217 timen-

1408 1240 1496 1275 dum
1509 1243 1585 1276 est?
1601 1241 1823 1277 'finiendum
1842 1241 2008 1290 quidem,
2027 1249 2062 1276 et
2079 1241 2248 1276 maxime.
2271 1244 2401 1289 Neque

1407 1300 1505 1334 enim
1523 1301 1752 1348 quicumque
1769 1301 1901 1349 spiritu
1918 1300 2120 1350 coeperint,
2139 1300 2248 1336 etiam
2265 1301 2401 1349 spiritu

1407 1367 1732 1404 consummantur,
1759 1359 1824 1395 sed
1845 1373 1956 1396 carne
1987 1360 2158 1395 nonnulli
2178 1358 2204 1395 ⁵.
2230 1359 2400 1408 Denique

1407 1424 1443 1452 et
1463 1417 1549 1453 Saul
1571 1417 1746 1466 princeps
1763 1418 1987 1454 constitutus
2007 1432 2026 1454 a
2048 1419 2213 1454 Domino
2227 1416 2255 1464 ⁶,
2277 1426 2313 1454 et
2332 1422 2401 1454 Ju-

1407 1475 1471 1511 das
1494 1489 1570 1511 non
1599 1475 1645 1511 ab
1672 1477 1745 1512 alio
1772 1477 1912 1513 electus
1937 1478 1974 1513 in
2005 1478 2218 1526 apostolum
2257 1489 2401 1513 memo-

1408 1542 1524 1570 ratur.
1547 1536 1677 1570 Nonne
1706 1549 1790 1584 ega,
1820 1535 1961 1584 inquit,
1987 1549 2052 1571 vos
2074 1537 2264 1571 duodecim
2287 1538 2401 1583 elegi;

1409 1602 1444 1628 et
1477 1606 1571 1629 umis
1610 1607 1659 1629 ex
1694 1593 1795 1629 vobis
1830 1594 2001 1630 diabolus
2032 1604 2082 1629 ese
2104 1597 2146 1630 7?
2179 1594 2333 1631 Utinam
2363 1595 2402 1630 iu

1410 1651 1609 1688 duodecim
1630 1666 1726 1688 unus
1743 1653 1854 1689 hodie
1874 1657 2022 1698 Petrus3
2043 1666 2139 1689 unus
2156 1653 2221 1702 qui
2238 1654 2402 1703 relique-

1410 1711 1459 1747 rit
1479 1711 1626 1757 omnia;
1655 1725 1750 1748 unus
1769 1712 1833 1760 qui
1854 1712 1986 1748 loculis
2005 1721 2144 1758 careat,
2168 1713 2397 1748 inveniatur.

1367 1772 1394 1807 C
1416 1773 1535 1815 Unus,
1564 1771 1707 1820 inquit,
1729 1785 1778 1806 ex
1802 1771 1906 1806 vobis
1925 1771 2096 1806 diabolas
2114 1779 2177 1806 est.
2201 1775 2232 1808 A
2252 1770 2402 1807 duobus

1413 1830 1541 1878 utique
1564 1829 1659 1866 bolis
1679 1829 1850 1866 diabolus
1872 1830 2027 1875 dicitur;
2053 1838 2089 1866 et
2109 1829 2223 1866 Judas
2244 1843 2318 1866 non
2340 1830 2400 1866 lo-

1413 1891 1538 1926 culum
1559 1897 1589 1935 ⁴¹,
1623 1889 1687 1926 sed
1719 1890 1862 1926 loculos
1891 1889 2013 1926 habet.
2042 1891 2193 1926 Utinam
2225 1902 2399 1938 saperes,

1413 1949 1539 1994 miser,
1579 1957 1615 1984 et
1645 1949 1871 1997 intelligeres
1909 1962 1993 1985 cum
2023 1949 2197 1984 thesauro
2232 1948 2400 1997 pecuniae

1415 2007 1629 2043 thesaurum
1659 2008 1723 2043 irae
1754 2007 1894 2058 pariter
1922 2007 2106 2043 cumulari
2129 2007 2299 2043 :utinam
2328 2019 2400 2043 no—

1413 2067 1565 2103 vissima
1595 2067 1825 2116 providens,
1853 2067 2171 2103 animadverteres
2202 2066 2306 2103 facile
2335 2079 2403 2116 per

1414 2126 1584 2162 foramen
1620 2139 1707 2162 acus
1736 2126 1959 2162 transituros
1990 2139 2066 2162 non
2097 2125 2311 2161 divitiarum
2337 2138 2403 2161 cu—

1414 2185 1558 2231 mulos,
1585 2185 1648 2221 sed
1681 2185 1918 2221 delictorum.
1949 2187 2017 2221 Nil
2034 2190 2131 2220 enim
2155 2187 2345 2220 intulimus
2363 2189 2401 2218 iu

1412 2245 1506 2279 liuuc
1529 2246 1705 2280 nuendum
1727 2259 1738 2278 :
1759 2246 1864 2280 lzuucl
1882 2244 2031 2279 dubium
2050 2249 2140 2292 quia
2158 2257 2224 2279 nec
2251 2242 2401 2290 auferre

1406 2309 1613 2351 poterimus
1629 2308 1831 2351 quidquam
1847 2303 1873 2340 ⁸.
1893 2307 1987 2340 Sane
2005 2312 2198 2352 argentum
2215 2311 2250 2338 ct
2266 2315 2399 2338 aurum

1413 2376 1488 2398 non
1512 2363 1602 2398 nihil
1621 2371 1701 2398 est:
1728 2363 1797 2398 sibi
1828 2371 2029 2411 utrumque
2061 2363 2196 2398 retinet
2225 2361 2399 2397 mundus.

1412 2421 1683 2457 Inmorabilcm
1700 2422 1891 2457 constituit
1906 2421 2108 2469 janitorem
2127 2435 2134 2456 ε
2155 2421 2321 2456 foramen
2338 2433 2402 2455 an-

1411 2490 1559 2529 gustum
1582 2490 1658 2525 est,
1685 2482 1774 2516 nihil
1792 2495 1837 2517 ex
1851 2481 2026 2517 omnibus
2046 2489 2238 2529 asportare
2261 2478 2396 2515 licebit.

354 2542 423 2578 hac
443 2550 544 2578 tanta
569 2541 762 2577 hominum
787 2542 992 2577 temeritate
1016 2542 1190 2589 loquatur
1206 2542 1347 2591 patiens
1365 2542 1395 2575 D
1415 2545 1504 2578 [Nam
1529 2549 1720 2590 peccatum
1738 2569 1746 2584 ‚
1766 2542 1943 2590 quoniam
1963 2541 2051 2576 nihil
2069 2548 2142 2585 est,
2163 2540 2262 2575 nulla
2280 2546 2402 2588 potest

356 2602 542 2646 redditor,
578 2601 834 2650 poenitentiam
865 2601 1041 2650 cupiens,
1073 2614 1184 2649 quam
1224 2601 1347 2637 vindi-

354 2669 470 2696 ctam:
492 2662 566 2708 Ipsi
582 2687 590 2701 ,
613 2659 756 2708 inquit,
780 2669 1033 2707 regnaverunt,
1059 2669 1094 2694 et
1109 2673 1180 2694 ηωιι
1195 2674 1244 2695 ex
1264 2674 1320 2695 me
1337 2674 1348 2694 .·

347 2724 539 2768 principes
566 2724 796 2763 exstiterunt,
825 2728 858 2754 cl
884 2733 948 2765 ego
985 2733 1057 2753 mm
1096 2724 1225 2754 vocavi
1245 2734 1305 2753 eos
1323 2727 1346 2756 ¹.

353 2780 560 2816 Universos
583 2778 766 2826 siquidem
791 2778 827 2814 in
859 2777 1056 2813 ordinibus
1092 2779 1348 2815 ecclesiasticis

352 2839 570 2886 creterisque
584 2837 629 2873 ad
648 2838 899 2873 sanctuarium
922 2837 1199 2886 pertinentibus
1217 2838 1346 2875 liono—

353 2912 430 2934 rcm
447 2905 658 2946 qurerentcs
676 2897 890 2946 proprium,
911 2906 973 2932 aut
992 2897 1161 2942 divitias,
1182 2911 1244 2934 scu
1260 2912 1343 2935 cor—

353 2957 457 3006 poris
477 2957 708 3005 voluptatem
722 2985 731 3001 ‚
757 2966 949 3005 postremo
968 2970 1052 3005 quae
1067 2966 1248 3000 suasunt,
1270 2971 1344 2994 non

353 3029 437 3065 quse
454 3020 539 3051 Jesu
565 3016 717 3060 Cliristi3
740 3017 933 3051 manili-ste
958 3029 1110 3064 prorsus
1130 3025 1166 3052 ct
1193 3017 1345 3053 indubi—

355 3083 489 3120 tanter,
509 3088 584 3110 non
603 3088 645 3110 ea
666 3088 748 3123 quse
769 3078 931 3111 Deusest
947 3076 1106 3112 ebaritas
1121 3091 1130 3121 ;
1144 3076 1208 3112 sed
1225 3077 1344 3114 aliena

1415 2601 1606 2636 foraminis
1632 2601 1800 2649 angustia
1828 2601 1995 2636 retineri.
2029 2600 2155 2636 Solum
2178 2599 2248 2634 lioe
2278 2606 2312 2634 te
2340 2611 2400 2634 se·-

1413 2661 1542 2708 quitur
1572 2673 1812 2708 quocumque
1839 2660 1950 2695 ieris:
1978 2671 2214 2708 quacumque
2235 2658 2397 2693 intrave-

1414 2720 1486 2763 ris,
1508 2720 1641 2767 pellem
1660 2720 1753 2754 lianc
1772 2732 1846 2754 non
1869 2718 2046 2767 depones.
2068 2721 2158 2764 Quae
2186 2714 2308 2753 autem
2333 2729 2401 2765 pa-

1413 2779 1501 2814 rasti
1523 2779 1721 2827 insipiens,
1743 2779 1849 2827 eujus
1869 2780 2005 2814 erunt?
2026 2781 2104 2814 Vae!
2127 2780 2201 2813 vae!
2227 2777 2264 2812 in
2286 2776 2400 2812 domo

1412 2839 1481 2874 Dei
1520 2838 1747 2874 horrendum
1788 2839 1970 2874 ridemus.
2012 2837 2152 2885 Quidni
2184 2835 2401 2872 idololatras

1414 2899 1687 2934 ministrantes?
1706 2899 1868 2935 Mentior
1888 2898 1916 2933 si
1939 2911 2012 2933 non
2038 2897 2224 2932 idolorum
2242 2896 2400 2932 servitus

1412 2958 1565 2993 avaritia
1582 2967 1636 2993 est
1650 2967 1684 2988 ⁰·

1679 2988 1687 3003 ,
1718 2959 1745 2993 si
1776 2971 1850 2993 non
1873 2957 2097 3006 quibusdam
2128 2956 2236 2991 etiam
2270 2963 2402 2991 venter

1412 3030 1500 3053 suus
1520 3018 1635 3053 lactus
1652 3027 1705 3053 cst
1724 3018 1815 3053 (leus
1831 3031 1918 3053 suus
1940 3024 1978 3052 ¹⁰.
1999 3016 2107 3063 Quod
2123 3016 2220 3051 enim
2243 3015 2401 3063 quisque

1413 3091 1489 3126 prae
1505 3078 1647 3114 ca¹teris
1664 3079 1765 3123 colit,
1788 3078 1822 3113 id
1839 3077 1907 3112 sibi
1927 3077 2036 3113 deum
2057 3075 2292 3112 constituisse
2311 3087 2401 3124 pro—

402 3213 408 3226 ¹
431 3209 510 3235 Osce
530 3217 604 3242 viii,
623 3208 651 3235 fi.
671 3224 708 3229 —-
728 3212 738 3225 z
762 3210 806 3236 1'1
820 3206 870 3236 un.
888 3218 933 3242 vi,
959 3210 1061 3237 11).μ
1090 3206 1103 3227 3
1120 3209 1237 3238 slantic.
1255 3221 1277 3243 ι,
1299 3214 1330 3240 3.
1346 3228 1387 3233 —
1412 3210 1546 3241 ΔὃΙΤίιη.
1565 3221 1609 3246 vi,
1628 3214 1714 3238 51.—-
1738 3207 1750 3229 5
1768 3209 1868 3240 Galat.
1885 3219 1938 3246 ιιι,
1961 3210 1991 3239 3.
2006 3225 2047 3229 —--
2070 3204 2085 3225 ὁ
2110 3209 2210 3245 lneg.
2227 3216 2272 3241 ix,
2295 3208 2343 3236 16.
2359 3222 2401 3227 —-

355 3263 479 3289 TJeau.
498 3270 541 3292 νι,
561 3260 612 3288 71.
634 3277 666 3281 -·
689 3258 890 3291 31'1'i1n.v1,
907 3262 935 3289 7.
1015 3266 1030 3288 9
1045 3260 1160 3290 (Tolosa.
1181 3272 1231 3298 ni,
1255 3266 1283 3292 ἰ).

1362 3268 1388 3282 ¹0
1409 3262 1540 3304 l'liilipp.
1564 3274 1612 3294 ιιι,
1635 3263 1683 3292 19.

2048 3265 2059 3279 ²
2083 3258 2176 3295 Alias,
2196 3256 2307 3287 locum,
