2418 3949
116 253 214 291 1225

758 255 821 289 DE
852 255 1019 290 VERBIS
1049 253 1225 290 DOMINI
1253 255 1302 290 IN
1334 256 1500 292 COENA.

2050 256 2149 293 1226

107 339 264 367 amator.
286 332 502 367 Amatorem
518 328 646 365 mundi
665 328 745 365 odit
764 329 923 379 Spiritus
942 329 1088 367 Christi.
1101 328 1252 366 ⁶¹⁹Nam
1277 339 1436 379 pereunt
1454 331 1641 381 cupidinis
1660 344 1786 377 arcus,
1805 345 1890 369 cum
1911 333 2059 382 corpori
2074 345 2147 369 no-

108 389 167 426 Ab
192 390 258 426 illo
283 389 398 438 fugit,
421 401 533 437 quem
556 388 655 424 aliud
677 389 746 425 nisi
768 402 806 425 se
828 388 950 437 ipsum
970 401 1093 424 amare
1110 389 1140 421 A
1160 397 1238 424 stro
1263 388 1496 426 subtrahitur
1525 389 1629 426 cibus
1652 399 1688 427 et
1709 399 1821 440 potus
1847 406 1854 427 :

108 449 310 499 cognoscit.
332 452 388 486 Ita
406 449 488 484 vult
504 448 633 492 amari,
655 456 695 483 ut
712 448 803 484 nihil
822 448 922 484 aliud
939 455 1096 497 propter

108 510 231 558 ipsum
248 517 404 545 ametur.
418 507 583 544 Perfecte
600 507 680 543 vult
692 508 806 543 amari
821 509 884 557 qui
900 508 1001 544 solus
1015 507 1095 544 vult

107 567 222 617 diligi.
237 572 319 605 Non
336 567 415 603 vult
431 574 643 602 consortem
660 565 798 602 habere
812 567 849 602 in
870 579 1011 611 amore,
1028 566 1093 615 qui

108 640 237 676 parem
262 639 338 663 non
365 624 478 662 habet
504 625 543 661 in
573 624 783 661 dilectionis
811 625 1058 662 retributione
1082 639 1089 660 :

107 694 145 721 et
171 694 294 722 tamen
324 684 375 721 sic
399 684 478 720 vult
503 683 641 729 amari,
666 691 708 719 ut
735 693 876 720 cunctae
902 697 960 720 res
983 684 1092 720 simul

107 753 280 782 amentur
308 757 391 781 cum
422 744 528 792 ipso;
552 751 589 779 et
609 743 660 779 sic
680 744 761 779 vult
784 744 920 789 amari,
943 752 983 780 ut
1000 744 1091 780 nibil

106 812 245 854 praeter
259 804 381 853 ipsum
397 810 554 839 ametur.
569 802 698 840 Omnis
714 803 812 839 enim
827 801 1092 851 creaturajure

107 862 306 899 creationis
329 861 376 898 ab
397 861 463 898 illo
491 870 568 907 est,
590 869 627 897 et
649 861 771 897 omnis
793 869 961 897 creatura
987 861 1026 897 in
1048 874 1093 897 eo

106 921 209 970 quod
228 929 284 958 est
299 929 483 966 creatura,
506 920 606 957 bona
625 928 692 957 est.
708 919 831 957 Debet
847 933 936 969 ergo
957 919 1003 956 ad
1021 919 1093 956 hoc

106 980 208 1030 diligi
227 989 415 1026 creatura,
437 989 478 1016 ut
496 980 533 1016 in
555 980 636 1029 ipsa
656 982 810 1017 Creator
832 988 996 1025 ametur3
1015 991 1091 1015 non

104 1039 185 1089 ipsa
206 1053 275 1089 per
296 1053 353 1085 se,
373 1040 437 1077 sed
458 1053 526 1090 per
539 1052 623 1076 eum
641 1040 706 1089 qui
725 1040 826 1075 illam
843 1039 996 1075 creavit.
1018 1038 1090 1086 Qui

1879 391 1944 427 sed
1970 391 2059 427 dum
2080 404 2148 440 per

1159 446 1323 484 obnoxia
1347 457 1478 484 venter
1500 449 1746 497 distenditur,
1766 464 1891 496 mens,
1909 464 1996 488 caro
2019 460 2055 487 et
2081 464 2146 487 ca·

1158 506 1262 543 stitas
1275 507 1553 544 incontinentiae
1568 522 1715 546 necesse
1730 518 1784 546 est
1801 511 2040 546 famulentur.
2052 513 2146 547 Nam

1159 564 1247 601 dum
1267 565 1449 615 voluptati
1476 580 1514 602 se
1541 568 1625 616 gula
1652 568 1825 615 inclinat,
1849 577 1885 605 et
1912 581 2044 604 manus
2070 568 2146 604 oris

1161 624 1278 660 amica
1299 624 1396 660 ultra
1415 638 1527 673 quam
1548 634 1679 662 natura
1699 628 1884 676 requirat,
1908 627 1944 663 id
1965 635 2043 673 est,
2060 628 2145 675 gula

1157 682 1298 718 arvinae
1327 683 1532 730 ministrat3
1560 686 1729 735 corporis
1751 687 1881 723 arvina
1899 686 2085 730 nutritur,
2108 695 2145 722 et

1157 741 1238 790 ipsa
1256 741 1404 778 luxuria
1428 742 1640 781 roboratur.
1669 749 1720 783 Ut
1741 759 1829 795 ergo
1854 747 2000 782 castitas
2024 746 2146 793 vigeat

1158 799 1196 834 in
1214 809 1360 845 mente,
1381 814 1467 838 caro
1485 811 1664 839 mactetur
1683 803 1915 840 abstinentiae
1935 805 2038 840 falce.
2061 807 2144 840 Non

1159 858 1258 894 enim
1280 868 1335 896 est
1352 860 1404 896 illi
1425 862 1653 910 parcendum
1668 892 1677 908 ,
1696 863 1723 899 si
1746 864 1905 913 Spiritus
1929 863 2045 899 sancti
2066 862 2145 898 lieri

1158 918 1333 956 volumus
1361 921 1553 970 templum.
1576 925 1660 970 Ipse
1686 935 1754 959 nos
1778 922 1824 959 ab
1846 922 1948 958 omni
1972 922 2145 969 inquina-

1158 986 1285 1014 mento
1317 980 1436 1016 earnis
1471 988 1508 1016 et
1538 981 1691 1029 spiritus
1722 982 1772 1017 sic
1804 980 1984 1017 mundare
2015 980 2146 1027 digne-

1160 1045 1242 1083 tur,
1261 1046 1303 1074 ut
1318 1037 1472 1087 dignum
1496 1039 1593 1075 illius
1611 1052 1822 1075 mereamur
1842 1039 1936 1075 eflici
1963 1039 2144 1087 templum

105 1099 205 1135 enim
235 1099 286 1135 sic
318 1099 436 1148 diligit
463 1112 616 1145 aurum,
643 1107 862 1148 argentum,
886 1097 1091 1148 possessio·
1108 1095 1136 1129 B
1155 1096 1214 1132 hic
1241 1105 1278 1133 et
1300 1097 1337 1133 in
1368 1106 1615 1147 perpetuum,
1640 1099 1677 1134 in
1704 1100 1846 1135 unitate
1865 1097 1971 1146 cujus
1997 1098 2089 1133 vivit
2109 1105 2146 1132 et

105 1171 211 1204 nem,
230 1159 371 1195 variam
391 1159 656 1208 supellectilem
674 1187 683 1203 ,
708 1159 758 1195 ita
779 1158 882 1207 quod
901 1159 980 1195 haee
1005 1166 1093 1195 sunt

104 1217 175 1254 sibi
191 1230 301 1254 causa
321 1217 483 1262 amoris3
508 1217 678 1266 profecto
695 1230 770 1253 non
791 1225 846 1253 est
865 1217 903 1253 in
923 1217 987 1253 illo
1006 1217 1093 1253 clia—

103 1276 192 1312 ritas
211 1276 338 1313 Patris.
360 1275 579 1324 Diligendus
599 1283 654 1312 est
669 1288 757 1324 ergo
773 1278 928 1313 Creator
945 1276 981 1312 in
1002 1289 1094 1312 eun-

103 1335 170 1372 ctis
186 1335 377 1379 creaturis,
394 1342 431 1372 et
448 1343 592 1371 cunctae
607 1339 676 1385 'per
692 1336 816 1385 ipsum
834 1343 1013 1372 creaturae
1031 1350 1039 1372 :
1056 1345 1093 1372 et

102 1395 155 1431 sic
174 1403 309 1433 cuncta
331 1394 541 1444 diliguntur
557 1408 641 1431 cum
663 1395 771 1444 ipso;
799 1403 836 1430 et
863 1402 987 1431 tamen
1013 1394 1092 1444 ipse

103 1454 205 1490 solus
222 1453 399 1503 diligitur.
421 1457 532 1490 Hunc
559 1466 691 1503 capere
716 1466 792 1489 non
814 1461 1001 1499 meretur,
1027 1448 1095 1502 qui

103 1511 265 1549 scabiem
285 1513 492 1550 ulcerosam
511 1512 625 1549 habet
646 1513 683 1549 in
699 1512 796 1561 pelle
818 1526 825 1548 :
844 1525 913 1548 nec
934 1525 1019 1548 eum
1036 1512 1092 1549 vi-

103 1571 192 1609 dere
209 1572 288 1621 jam
316 1573 437 1618 valet,
459 1573 524 1621 qui
543 1572 582 1608 in
605 1572 754 1609 occulto
781 1571 916 1607 mentis
940 1570 1090 1622 albugi-

102 1643 188 1668 nem
219 1631 603 1668 habet.Mundandus
629 1639 684 1667 est
705 1644 795 1679 ergo
823 1631 956 1667 oculus
986 1643 1093 1666 men-

104 1691 173 1736 tis,
193 1699 234 1727 ut
254 1704 466 1728 mereamur
491 1690 618 1727 videre
642 1690 821 1740 Spiritum
847 1690 1033 1735 veritatis3
1057 1697 1094 1725 et

104 1758 197 1788 testa
224 1751 310 1801 igne
341 1751 570 1797 examinata,
600 1750 741 1787 diutius
761 1749 808 1786 ab
838 1749 942 1786 omni
970 1749 1094 1786 scabie

103 1809 311 1846 radendum
328 1818 384 1847 est
401 1823 558 1860 corpus,
579 1818 620 1846 ut
639 1810 742 1846 omni
760 1817 838 1845 arte
855 1809 1092 1858 exsculptum

1157 1164 1288 1205 regnat
1312 1157 1478 1194 Christus
1505 1171 1590 1194 cum
1621 1161 1726 1194 l‘atre
1755 1162 1834 1195 Deo
1859 1156 2077 1193 benedictus
2106 1156 2145 1191 in

1157 1216 1291 1252 saecula
1308 1216 1544 1253 saeculorum.
1568 1219 1699 1252 Amen.

1509 1347 1692 1386 SERMO
1723 1346 1794 1384 IX.

1368 1464 1403 1492 In
1420 1472 1498 1492 vers.
1523 1465 1619 1494 18-26
1637 1472 1704 1502 cap.
1719 1471 1775 1490 x1v
1792 1459 1936 1491 Joanuis.

1214 1573 1245 1608 l.
1280 1573 1455 1622 Sequitur
1485 1587 1492 1608 ε
1526 1574 1609 1608 Non
1632 1586 1696 1608 vos
1728 1573 1927 1618 relinquam
1949 1569 2145 1616 orphanos.

1158 1631 1289 1668 Omnis
1318 1633 1416 1668 enim
1443 1632 1508 1681 qui
1535 1630 1647 1680 hujus
1672 1631 1814 1667 miserae
1838 1627 2148 1678 peregrinationis

1158 1691 1237 1727 vias
1259 1704 1489 1728 aerumnosas
1515 1691 1639 1728 adbuc
1665 1689 1857 1726 ambulare
1881 1687 2143 1736 compellitur,

1160 1762 1271 1798 quem
1295 1763 1402 1786 amor
1421 1759 1457 1787 et
1478 1750 1704 1787 desiderium
1730 1748 1886 1791 Christi,
1903 1746 1958 1783 sui
1979 1744 2097 1781 exsilii
2113 1751 2150 1779 ct

1159 1809 1245 1845 vitae
1263 1808 1380 1846 beatae
1397 1810 1656 1847 immemorem
1675 1822 1754 1845 esse
1773 1820 1849 1843 non
1864 1807 1951 1843 sinit
1974 1820 1981 1840 :
2002 1804 2149 1853 capitu-

103 1878 140 1906 et
163 1869 260 1907 bene
284 1870 443 1920 politum
459 1898 468 1916 ‚
490 1870 648 1919 Spiritus
677 1869 791 1905 sancti
822 1877 1009 1916 mereatur
1031 1868 1088 1904 ef-
1110 1868 1136 1904 C
1156 1868 1234 1904 lum
1252 1868 1351 1904 istud
1375 1870 1453 1905 sine
1469 1869 1609 1918 gemitu
1630 1876 1666 1904 et
1685 1867 1853 1917 suspiriis
1870 1867 1990 1914 legere
2004 1893 2012 1908 ,
2027 1872 2067 1899 ut
2084 1876 2146 1898 ar-

102 1929 163 1966 fici
186 1930 380 1979 templum.
402 1930 460 1966 Sic
481 1929 661 1966 debemus
680 1942 809 1978 agere,
833 1928 884 1964 sic
909 1927 1091 1964 debemus

103 1989 243 2035 facere,
264 1989 295 2026 si
317 1988 362 2025 ad
385 1988 585 2026 videndam
607 1990 770 2038 speciem
798 1988 975 2025 claritatis
992 1989 1091 2025 illius

102 2048 278 2084 volumus
308 2048 519 2097 pervenire.
544 2049 580 2085 Si
610 2049 661 2084 sic
693 2048 911 2093 fecerimus;
941 2056 978 2084 et
1006 2061 1089 2083 eum

102 2108 293 2156 Apostolis
330 2112 417 2144 Jesu
452 2108 556 2144 illum
592 2121 886 2157 cognoscemus,
921 2116 958 2143 et
990 2107 1090 2157 apud

104 2179 173 2203 nos
199 2166 365 2203 manebit
385 2167 420 2203 in
441 2167 508 2203 hac
527 2167 701 2217 praesenti
724 2167 817 2212 vita,
836 2175 873 2203 et
898 2166 1091 2203 nobiscum

104 2226 175 2262 erit
204 2226 242 2262 in
273 2226 348 2263 vita
373 2227 542 2277 perenni.
576 2230 606 2264 O
629 2240 741 2276 quam
772 2227 859 2263 felix
884 2239 1046 2276 sponsa,
1069 2239 1092 2262 o

104 2298 215 2334 quam
250 2285 359 2322 beata
394 2286 542 2331 anima,
583 2300 665 2335 quae
700 2286 752 2323 sic
786 2286 909 2322 studet
945 2285 1091 2322 assidue

104 2345 240 2380 mentis
265 2345 391 2381 lavare
411 2345 541 2382 sordes
555 2373 564 2390 ,
590 2354 631 2382 ut
652 2359 734 2382 cum
762 2346 824 2382 illa
844 2345 1011 2382 babitare
1032 2345 1091 2381 di-

103 2412 240 2452 gnetur
259 2412 368 2441 tantae
386 2404 630 2441 beatitudinis
647 2405 801 2454 hospes!

156 2462 191 2498 4.
207 2463 319 2508 Sciat,
333 2476 609 2513 quemcumque
619 2464 780 2500 litteram
794 2472 959 2500 nostram
971 2463 1093 2512 legere

105 2522 282 2567 delectat,
310 2523 411 2571 quod
438 2524 472 2559 in
504 2524 627 2560 anima
656 2522 804 2560 subdita
829 2523 988 2573 peccatis
1017 2536 1094 2559 non

104 2579 249 2616 habitat
268 2581 329 2617 ille
346 2582 538 2630 speciosus
555 2582 715 2631 Spiritus
731 2581 910 2618 veritatis.
932 2582 1018 2618 Sola
1034 2581 1095 2617 illa

1156 1927 1299 1975 bitror,
1329 1941 1404 1965 non
1439 1927 1588 1965 valebit.
1622 1927 1763 1972 Credo,
1797 1933 1951 1975 propter
1981 1923 2081 1972 quod
2113 1930 2150 1958 et

1157 1988 1304 2036 loquor.
1327 1988 1528 2036 Quomodo
1549 1987 1725 2025 Crucilixi
1744 1994 1906 2031 amator,
1924 1983 2022 2020 istud
2043 1982 2148 2031 eapi-

1158 2047 1278 2083 tulum
1300 2047 1471 2097 legendo,
1488 2048 1668 2098 lacrymas
1681 2046 1819 2100 poterit
1831 2044 2022 2081 continere
2035 2057 2044 2087 ;
2059 2042 2147 2077 dum

1158 2108 1282 2155 ipsum
1303 2115 1559 2156 resurgentem
1579 2115 1697 2143 totum
1714 2105 1939 2142 desiderium
1959 2116 2066 2138 sunm
2084 2129 2091 2145 ,
2111 2101 2148 2135 in

1159 2166 1313 2203 dextera
1342 2167 1462 2204 Patris
1491 2166 1683 2203 sedentem
1713 2165 1834 2201 adbuc
1867 2176 1940 2199 non
1974 2162 2071 2197 valet
2094 2160 2150 2195 xi-

1158 2226 1270 2263 dere?
1284 2230 1314 2264 O
1332 2227 1492 2263 Domine
1505 2230 1593 2263 Jesu
1607 2255 1616 2272 ,
1632 2226 1701 2262 nisi
1719 2238 1825 2261 amor
1843 2233 1928 2259 tuus
1946 2221 2034 2258 mibi
2055 2220 2150 2256 {idu-

1158 2286 1249 2322 ciam
1274 2286 1401 2330 daret,
1431 2300 1490 2322 me
1510 2286 1720 2335 orphanum
1749 2298 1768 2320 a
1795 2292 1828 2319 te
1855 2281 2044 2319 crederem
2071 2292 2150 2314 esse

1161 2344 1401 2390 derelictum,
1424 2345 1512 2394 quia
1533 2353 1589 2390 te,
1609 2345 1704 2380 sicut
1727 2356 1788 2388 es,
1804 2341 1931 2377 videro
1962 2352 2037 2375 non
2062 2351 2152 2388 pos-

1161 2416 1254 2440 sum.
1280 2404 1415 2440 Dixisti
1441 2404 1542 2440 enim
1572 2403 1763 2453 Apostolis
1783 2401 1854 2437 tuis
1873 2415 1880 2436 ;
1903 2402 1986 2435 Non
2009 2411 2075 2433 vos
2097 2410 2151 2431 re-

1161 2465 1328 2511 linquam
1346 2463 1551 2511 oiplmnos;
1568 2467 1719 2498 veniam
1740 2462 1794 2495 ml
1811 2473 1888 2495 vos.
1908 2458 1980 2495 Sed
2000 2469 2069 2505 ego
2087 2456 2152 2491 nii-

1161 2535 1220 2558 ser
1235 2522 1356 2559 adbuc
1368 2535 1443 2558 non
1459 2522 1578 2558 merui
1593 2536 1612 2558 a
1626 2521 1791 2557 Domino
1809 2532 1893 2555 meo
1910 2517 2055 2554 audire:
2071 2519 2151 2552 Non

1157 2581 1234 2631 jam
1256 2591 1290 2618 te
1311 2583 1408 2619 ultra
1428 2583 1635 2631 relinquam
1656 2580 1889 2629 orplianum;
1909 2578 1984 2613 cito
2005 2575 2150 2611 veniam

105 2639 228 2676 anima
260 2640 420 2690 peccatis
446 2654 525 2677 esse
555 2640 722 2690 subjecta
753 2641 890 2677 dicitur
905 2669 914 2686 ,
933 2654 1017 2689 quae
1044 2641 1095 2676 sic
1114 2645 1146 2678 D
1163 2642 1208 2677 ad
1228 2650 1261 2677 te
1275 2671 1283 2687 ‚
1305 2650 1341 2678 et
1360 2640 1538 2689 gaudebit
1559 2655 1625 2677 cor
1645 2649 1762 2675 tuum.
1785 2638 1916 2674 Omnis
1940 2651 1959 2672 a
1981 2649 2038 2672 me
2056 2636 2152 2671 inte-

107 2698 197 2734 loris
230 2712 305 2734 suae
342 2699 537 2748 pravitatis
565 2700 675 2748 ligata
708 2708 879 2745 tenetur,
910 2713 993 2747 quae
1028 2712 1094 2734 nee

109 2758 211 2802 vult,
239 2771 308 2795 nec
328 2759 461 2807 quserit
488 2773 555 2809 per
577 2759 807 2810 poenitentiae
829 2759 990 2794 lamenta
1019 2771 1095 2794 suae

107 2817 313 2866 iniquitatis
343 2818 493 2854 vincula
528 2819 726 2868 dissipare,
762 2832 828 2854 nec
866 2816 1095 2854 Liberatoris

108 2878 317 2914 animarum
341 2878 520 2914 auxilium
544 2879 769 2928 implorare·,
789 2878 876 2922 sed,
905 2877 1009 2926 quasi
1032 2878 1096 2912 im·

108 2937 245 2986 pudica
281 2938 478 2984 meretrix,
514 2939 613 2974 ultro
647 2946 683 2974 et
711 2938 927 2987 importune
959 2949 1095 2972 corru-

109 2996 280 3046 ptoribus
307 2997 382 3033 suis
412 3009 450 3033 se
480 2998 648 3033 revoluta
676 2997 879 3046 prostituit.
911 2996 977 3033 Illa
1006 3009 1096 3032 vero

109 3055 179 3092 sub
198 3056 358 3106 peccatis
379 3069 455 3092 non
478 3056 632 3102 dieitur,
653 3070 735 3106 qua„¹
757 3070 826 3106 pro
843 3054 986 3092 viribus
1004 3068 1099 3091 eon—

113 3124 167 3151 tra
180 3124 313 3152 cuneta
331 3116 452 3152 earnis
466 3116 654 3152 incentiva
667 3116 901 3153 abstinentiae
918 3129 1098 3151 mucrone

111 3175 288 3220 luctatur,
306 3175 385 3211 sine
401 3189 477 3224 quo
495 3176 606 3211 stulte
624 3175 669 3211 de
690 3175 783 3212 ssore
803 3175 978 3211 eastitatis
992 3174 1101 3223 seja-

112 3242 208 3278 etat,
231 3235 293 3282 qui
319 3244 448 3272 contra
469 3236 531 3272 illa
555 3249 638 3284 qum
662 3235 707 3271 dc
728 3248 839 3271 earne
863 3243 898 3270 et
921 3234 1100 3282 sanguine

112 3301 317 3328 naseuntur
347 3303 520 3342 peccata,
554 3308 620 3344 per
649 3295 890 3330 afflictionem
917 3293 1038 3328 earnis
1066 3301 1097 3326 et

114 3365 180 3400 per
212 3352 478 3402 pinguedinem
516 3354 650 3390 mentis
685 3367 758 3390 nou
794 3353 938 3389 sortiter
973 3352 1097 3388 instat.

1162 2701 1230 2736 rim
1262 2700 1410 2736 recedat
1437 2700 1583 2743 laetitia,
1605 2711 1803 2747 quousque
1832 2695 1976 2731 veniam
2005 2695 2151 2729 visurus

1161 2770 1272 2805 quem
1295 2756 1481 2793 desiderat
1507 2757 1629 2792 auiina
1657 2768 1748 2790 inea.
1776 2758 1975 2789 erorem
2005 2764 2152 2800 semper

1162 2816 1309 2852 habebo
1339 2817 1522 2862 amicum,
1549 2828 1747 2865 quousque
1768 2812 1904 2849 xidvlm
1927 2816 2045 2848 Deum
2067 2813 2150 2848 Sal—

1162 2885 1329 2912 vatorem
1361 2889 1484 2912 meum
1515 2891 1521 2911 :
1555 2888 1623 2911 nee
1654 2874 1741 2910 milii
1769 2872 1945 2921 gaudium
1965 2871 2042 2920 jam
2073 2885 2152 2906 esse

1162 2936 1325 2985 poterit,
1356 2935 1443 2971 dum
1473 2943 1663 2971 auctorem
1690 2933 1815 2981 gaudii
1837 2945 1857 2968 a
1883 2945 1940 2968 me
1968 2932 2075 2980 longe
2102 2932 2151 2967 sie

1163 2995 1265 3032 abire
1287 2994 1495 3043 contigerit.
1514 2994 1629 3039 Felix,
1650 2993 1824 3041 inquam,
1842 2991 1904 3027 illa
1919 2991 2054 3035 anima,
2069 3004 2153 3038 qua¹

1164 3053 1332 3103 quotidie
1346 3054 1459 3102 gemit
1474 3062 1508 3089 et
1525 3054 1638 3102 luget,
1655 3052 1741 3101 quia
1757 3059 1948 3086 auctorem
1965 3050 2150 3093 omnium,

1165 3113 1294 3150 mundi
1327 3114 1556 3151 Salvatorein
1590 3113 1779 3150 Christum
1814 3124 1889 3147 non
1921 3110 2031 3146 videt.
2071 3114 2152 3158 Ipsa

1165 3173 1336 3222 profecto
1365 3172 1501 3208 ridebit
1529 3173 1564 3207 in
1593 3171 1652 3207 die
1679 3171 1906 3211 novissimo,
1928 3178 1962 3205 et
1989 3170 2155 3217 gaudens

1166 3231 1343 3281 gaudebit
1376 3232 1412 3267 in
1445 3239 1627 3267 :eternum
1661 3242 1745 3267 cum
1779 3230 1936 3265 Christo.
1969 3229 2031 3264 llla
2065 3241 2155 3262 wrm

1167 3304 1249 3340 qua·
1282 3304 1356 3326 uon
1384 3291 1497 3339 gemit
1526 3290 1571 3326 de
1592 3290 1726 3326 (lin-isti
1747 3287 1938 3331 abscessu,
1963 3286 2082 3321 xideat
2110 3300 2153 3320 ιιι·

1168 3349 1471 3398 irrefiagabiliter
1503 3350 1624 3399 ploret
1654 3349 1688 3384 iu
1723 3346 1890 3395 ejusdem
1920 3345 2053 3383 christi
2087 3344 2154 3379 ad-
