2418 3949
115 203 189 240 269

113 289 168 318 est
185 292 334 330 semper
350 278 537 317 violentus
557 294 564 316 ε
584 279 647 316 sed
666 287 864 329 postquam
886 280 1100 329 gyravimus

786 205 834 239 IN
864 204 1093 248 CANTICA,
1124 205 1286 239 sumto
1317 206 1496 240 XXXIX.

2087 203 2162 238 270

1170 279 1325 329 adjuves
1343 293 1421 316 eam
1436 309 1445 325 ,
1468 278 1650 316 habitabit
1669 279 1706 316 in
1730 279 1906 328 aquilone
1922 278 2047 316 anima
2067 278 2160 328 ejus.

113 352 180 388 per
195 340 410 388 aquilonem
423 367 433 385 ,
448 351 545 388 saepe
562 339 788 375 reflectimus
805 352 872 388 per
893 339 1098 376 meridiem.
1117 342 1145 374 A
1168 340 1259 386 Quis
1276 339 1376 375 enim
1393 347 1597 387 consurget
1620 339 1800 376 adversus
1819 338 2035 388 aquilonem
2050 367 2060 383 ,
2086 338 2158 375 nisi

111 398 230 435 Etiam
252 411 338 435 cum
367 398 570 448 impulsum
591 411 668 434 non
691 399 805 435 sentis
819 426 828 444 ,
852 397 947 434 habe
970 410 1102 448 suspe-

112 466 208 494 ctam
232 458 407 494 viciniam
431 456 524 506 ejus.

163 518 200 553 6.
224 516 383 564 Quando
405 524 528 552 tamen
553 514 635 564 ejus
660 514 828 552 turbines
844 515 1001 561 evades,
1029 515 1099 551 nisi

110 575 204 612 lenis
230 583 356 612 auster
384 583 537 611 vocatus
556 574 754 619 adveniat3
775 581 812 610 et
835 574 886 610 sic
906 574 1098 623 expandas

111 635 156 671 ad
177 643 344 671 austrum
361 635 437 671 alas
455 642 555 678 tuas,
573 642 614 669 ut
632 633 670 669 in
686 634 872 669 coelestem
890 634 1097 682 plumescas

108 694 303 730 volatum?
320 693 355 731 Si
377 702 499 730 tamen
518 706 557 728 se
577 692 831 729 intermiscere
848 693 979 728 nititur
997 693 1098 742 aqui-

109 753 164 798 lo,
185 761 222 789 et
249 760 448 789 nascentes
468 752 505 787 in
529 751 698 787 novitate
719 764 861 800 pennas
887 751 1010 800 gelido
1036 763 1098 788 re-

107 811 289 860 stringere
315 810 470 859 spiritu,
493 822 636 859 pennas
655 823 676 845 a
704 810 853 855 volatu,
875 819 911 846 et
931 818 1098 847 aromata

109 869 299 918 restringit
314 882 333 905 a
355 869 471 905 fluxu.
493 868 669 917 Stringit,
693 869 870 917 inquam,
894 883 970 905 non
989 869 1097 906 tollit.

107 928 316 965 Vehemens
345 928 445 964 enim
476 927 627 963 taedium
660 936 696 964 et
728 928 941 964 amaritudo
975 927 1098 964 cordis

107 987 265 1024 virtutes
288 985 388 1035 ipsas
415 994 585 1031 exercet,
614 998 691 1021 non
712 986 856 1022 evertit.
890 986 959 1022 nic
984 985 1096 1022 turbo

107 1046 344 1096 propositum
359 1052 526 1081 sanctum
541 1044 700 1093 impellit
711 1044 861 1094 quidem
873 1073 882 1090 ,
897 1058 973 1081 non
988 1046 1095 1083 tollit.
1121 1047 1148 1081 B

108 1104 261 1154 Stringit
279 1103 445 1141 laetitiam
457 1130 467 1149 ,
486 1116 563 1139 non
580 1103 678 1140 tollit
694 1104 951 1140 constantiam.
971 1104 1098 1141 Taedio

107 1164 270 1200 aflicitur
286 1163 455 1208 animus,
480 1162 543 1199 sed
567 1175 642 1199 non
664 1164 875 1200 coniicitur.
900 1163 1096 1212 Tristatur‚

109 1223 172 1259 sed
194 1222 407 1259 obluctatur
425 1222 581 1258 tristitiae
600 1235 686 1259 suae.
710 1225 793 1259 Non
812 1230 867 1259 est
886 1223 1009 1260 minus
1026 1224 1099 1260 sor-

110 1274 155 1319 tis
183 1283 234 1319 sic
254 1282 386 1319 affecta
407 1282 544 1327 virtus,
566 1281 631 1318 sed
657 1282 780 1318 minus
802 1282 902 1318 felix.
924 1283 1023 1331 Quid
1044 1284 1097 1320 illi

109 1355 193 1379 cum
212 1342 321 1387 vitio,
337 1355 420 1378 eum
440 1354 516 1390 quo
534 1341 696 1386 rixatur,
711 1341 770 1378 eui
787 1341 926 1378 bellum
945 1342 1100 1379 indicit?

109 1401 222 1448 Quasi
243 1414 351 1437 suum
371 1413 446 1436 non
466 1408 522 1438 est
544 1401 757 1448 fastidium,
776 1414 860 1437 cum
882 1415 958 1450 quo
980 1401 1100 1438 soedus

110 1473 187 1496 non
208 1460 407 1496 contrahit.
426 1461 622 1497 Molestum
645 1460 799 1510 patitur,
822 1474 896 1497 non
919 1462 1101 1511 propitia-

111 1527 172 1555 tur
189 1519 251 1556 illi.
278 1519 447 1568 Denique
463 1532 540 1556 non
557 1520 636 1568 ipse
653 1520 800 1556 animus
819 1520 890 1556 hoc
908 1529 1100 1570 operatur,

111 1578 176 1614 sed
191 1579 305 1627 magis
317 1579 461 1627 aquilo,
478 1580 513 1615 in
529 1578 637 1627 cnjus
651 1578 828 1615 lateribus
843 1578 996 1616 habitat.
1011 1579 1102 1616 Ideo

111 1638 317 1674 detestatur
332 1636 441 1683 illud,
456 1651 501 1674 eo
516 1638 619 1687 quod
635 1635 814 1674 adversus
828 1638 1002 1675 virtutem
1020 1637 1101 1687 ejus

112 1697 304 1732 molimina
332 1697 456 1732 sentit.
491 1697 563 1743 Qui
592 1697 723 1742 sentit,
757 1697 837 1746 ipse
865 1698 934 1733 scit
958 1707 1100 1747 quanto

111 1768 196 1792 eum
228 1755 338 1792 taedio
368 1755 457 1791 illud
490 1754 599 1792 bonae
625 1756 920 1792 conversationis
949 1756 1102 1792 taedium

1168 406 1207 434 tu
1221 426 1231 444 ,
1256 402 1376 445 Deus,
1398 397 1463 447 qui
1483 397 1590 434 venis
1607 397 1654 434 ab
1671 399 1823 435 austro?
1845 401 1992 435 Bonum
2011 411 2155 442 aroma,

1166 457 1404 506 propositum
1433 465 1602 493 sanctum
1631 464 1669 492 et
1690 456 1918 493 conscientia
1941 470 2036 507 pura
2059 471 2068 493 :
2090 457 2155 492 sed

1165 528 1241 552 non
1263 516 1345 552 fluit
1362 517 1436 561 illi,
1460 516 1525 565 qui
1545 515 1635 551 boni
1656 515 1762 552 istius
1791 515 1932 552 deliciis
1952 529 2030 552 non
2059 516 2154 552 frui-

1165 583 1238 612 tur.
1252 576 1365 621 Veni,
1378 579 1466 613 Jesu
1480 574 1597 619 bone,
1611 575 1697 610 veni
1710 589 1719 620 ;
1734 574 1851 623 perfla
1864 575 2017 611 hortum
2033 583 2153 619 tuum,

1164 641 1204 669 ut
1224 633 1343 669 fluant
1362 641 1529 670 aromata
1557 631 1637 681 ejus
1662 633 1758 669 sicut
1785 642 1932 669 torrens
1952 634 1990 670 in
2009 642 2152 670 austro.

1163 695 1249 741 Ipsa
1265 700 1320 728 est
1340 692 1489 738 hortus,
1507 699 1587 727 esto
1606 699 1644 727 tu
1663 700 1799 727 auster.
1819 695 1870 727 Te
1891 692 2068 741 irrigante
2088 692 2160 728 erit

1164 750 1289 786 anima
1312 749 1394 798 ejus
1424 750 1519 786 sicut
1547 750 1678 785 hortus
1699 749 1882 799 irriguus,
1916 758 1952 786 et
1983 758 2016 786 te
2044 750 2158 786 flante

1164 821 1241 845 non
1262 808 1439 844 deficient
1454 807 1535 856 ejus
1555 815 1745 853 aromata,
1767 807 1833 856 qui
1853 807 1949 844 vivis
1966 816 2003 845 et
2023 821 2158 857 regnas

1163 866 1200 903 in
1219 866 1351 904 saecula
1369 866 1605 903 saeculorum.
1626 870 1760 903 Amen.

1162 992 2161 1005 ====================================================================

1365 1105 1619 1163 SERMO
1676 1104 1961 1162 XXXIX.

1165 1240 1281 1282 Surge,
1303 1237 1432 1283 aquil0;
1455 1244 1484 1269 et
1504 1238 1578 1269 veni
1591 1261 1600 1275 ‚
1629 1244 1756 1273 mistav,-
1773 1240 1873 1281 persla
1893 1237 2018 1268 hortum
2038 1248 2134 1268 meam
2150 1261 2157 1273 ,

1246 1294 1393 1333 etfluaut
1406 1298 1553 1324 aromata
1566 1290 1662 1324 illius.
1679 1291 1797 1324 Cautio.
1815 1302 1884 1335 cap.
1903 1302 1947 1329 n,
1968 1289 1984 1327 ,ἦ
1999 1315 2007 1324 .
2029 1295 2081 1323 16.

1560 1412 1564 1414 Ἴ
1587 1405 1773 1420 *cue-&ff-

1224 1520 1255 1556 1.
1277 1519 1415 1568 Exple,
1446 1522 1534 1555 Jesu
1565 1517 1685 1563 bone,
1717 1517 1820 1567 quod
1842 1515 1976 1566 jubes,
2002 1517 2162 1554 transfer

1169 1587 1337 1615 austrum
1370 1579 1416 1615 de
1443 1579 1561 1624 coelo,
1592 1586 1629 1614 et
1659 1577 1772 1614 induc
1802 1576 1906 1613 illum
1939 1576 1978 1612 in
2009 1575 2160 1613 hortum

1168 1646 1297 1683 tuum,
1320 1637 1358 1673 in
1382 1638 1544 1674 animam
1572 1649 1721 1686 sponsae
1743 1644 1827 1672 tuae.
1858 1639 1939 1673 Hoc
1966 1635 2058 1671 flatu
2087 1635 2162 1672 leni

1167 1698 1271 1734 solve
1302 1697 1474 1741 taedium,
1496 1697 1601 1732 solve
1627 1696 1814 1732 tristitiam
1835 1691 1990 1743 ab'ejus
2010 1695 2160 1731 affeetu.

1168 1760 1259 1794 Nam
1279 1764 1480 1805 utrumque
1501 1756 1539 1792 in
1561 1756 1653 1792 vitio
1671 1763 1747 1800 est,
1771 1763 1807 1790 et
1827 1754 1980 1803 praefert
2000 1755 2162 1803 speeiem

111 1814 260 1860 tolerat,
273 1814 466 1862 quomodo
481 1813 620 1851 fastidit
634 1813 820 1850 fastidium
834 1814 946 1859 illud,
959 1823 1099 1863 quanta
1117 1820 1144 1856 C
1165 1815 1351 1864 aquilonis
1368 1830 1375 1852 :
1394 1823 1598 1864 utrumque
1616 1817 1780 1850 mentem
1798 1814 1906 1862 ligat,
1923 1822 1960 1849 et
1979 1814 2163 1863 praepedit

111 1886 195 1908 eum
225 1872 474 1909 amaritudine
504 1873 720 1910 obluctatur
749 1873 990 1910 amaritudini
1023 1874 1094 1919 illi,

110 1931 351 1967 amaritudini
370 1932 545 1968 violenta,-
559 1961 568 1978 ,
591 1945 674 1981 quae
692 1931 737 1968 de
756 1932 914 1980 jugitate
930 1932 1098 1968 exercitii

111 1988 359 2038 disciplinaris
379 1991 497 2026 invito
518 2004 556 2026 se
577 1991 725 2039 ingerit.
751 1991 806 2026 Ad
825 1998 992 2026 austrum
1015 1990 1099 2026 ani-

112 2060 193 2083 mus
214 2061 260 2083 ex
281 2056 371 2084 voto
400 2062 437 2085 se
460 2050 580 2098 vergit
607 2057 671 2085 :et
696 2063 781 2085 eeee
811 2049 936 2098 aquilo
963 2048 1100 2085 adver·

111 2107 226 2152 santi,
248 2115 280 2142 et
303 2108 421 2144 invito
439 2122 477 2144 sc
496 2109 713 2158 importune
734 2109 931 2156 immergit.
955 2112 1099 2144 Durum

111 2174 166 2201 est
189 2166 372 2201 sustinere
401 2181 419 2202 a
454 2167 545 2203 facie
566 2167 713 2216 frigoris
736 2167 872 2215 liujus,
906 2175 943 2202 et
973 2168 1100 2215 sugere

111 2237 185 2260 non
208 2224 334 2261 subest
353 2225 398 2260 ad
422 2234 563 2262 votum.
587 2225 750 2263 Laborat
770 2227 916 2262 animus
937 2234 973 2261 et
993 2226 1099 2262 disci-

111 2283 221 2332 plinae
249 2282 381 2327 taediO,
410 2292 447 2319 et
477 2283 590 2332 liujus
613 2284 711 2320 taedii
737 2284 837 2320 odio.
868 2285 1023 2321 Molesta
1044 2294 1099 2321 est

111 2350 266 2391 utraque
285 2341 454 2386 affectio,
484 2351 520 2378 et
547 2356 623 2378 non
646 2342 861 2379 dulcescere
893 2342 995 2391 quod
1019 2343 1097 2379 elc-

109 2401 205 2449 geris
219 2428 228 2445 ,
250 2409 287 2436 et
307 2401 444 2436 sentire
461 2401 563 2450 quod
581 2401 717 2438 oderis.
736 2402 934 2438 Molestum
955 2410 1098 2438 utrum-

108 2472 203 2508 que,
223 2468 259 2495 et
282 2472 520 2510 propugnare
545 2460 798 2510 disciplinam,
819 2469 856 2497 et
877 2461 1098 2510 propulsare

110 2518 301 2554 desidiam.

1164 1888 1184 1912 a
1206 1888 1309 1924 purae
1329 1875 1520 1924 profluvio
1540 1874 1706 1923 quodam
1727 1873 1876 1909 laetitiae.
1899 1873 1999 1920 Quid
2027 1873 2164 1909 timor?

1165 1947 1292 1970 nonne
1307 1942 1344 1970 et
1362 1934 1439 1982 ipse
1459 1934 1581 1982 rigore
1599 1932 1723 1981 gelido
1741 1931 1965 1981 constringit
1982 1932 2136 1968 at'l'eetus
2148 1935 2162 1967 ὲ)

1167 1991 1223 2029 ΑΙ)
1248 1992 1379 2028 alienis
1399 2005 1531 2041 parce,
1563 1991 1748 2035 Domine,
1778 2003 1926 2039 sponsae
1957 1998 2040 2026 tuae.
2063 1991 2162 2038 Quid

1169 2051 1282 2100 magis
1309 2051 1472 2087 alienum
1493 2050 1539 2086 ab
1559 2064 1621 2095 ea,
1641 2063 1752 2098 quam
1780 2051 1893 2085 timor
1914 2050 1978 2097 qui
2005 2062 2080 2085 non
2109 2059 2163 2086 est

1166 2111 1204 2145 in
1225 2110 1422 2156 charitate,
1442 2122 1526 2146 eum
1546 2110 1625 2159 ipsa
1648 2117 1726 2145 tota
1749 2108 1795 2144 sit
1817 2108 1853 2144 in
1875 2108 2078 2144 charitate?
2096 2110 2162 2146 llle

1166 2168 1311 2204 servilis
1331 2177 1406 2213 est,
1435 2168 1496 2203 illa
1521 2168 1558 2203 in
1590 2167 1799 2203 libertatem
1824 2174 1968 2202 vocata.
1988 2166 2162 2211 Yidistis,

1166 2227 1315 2272 fratres,
1339 2227 1514 2263 hesterno
1533 2238 1708 2262 sermone
1730 2225 1850 2260 virum
1869 2224 2087 2261 meticulose
2104 2226 2163 2261 in—

1164 2284 1298 2321 cedere
1310 2314 1319 2331 ,
1338 2293 1377 2321 ut
1393 2284 1640 2320 institutionis
1658 2283 1780 2332 prima
1796 2281 1940 2319 subiret
1957 2283 2162 2330 clementa,

1164 2357 1276 2392 quam
1316 2352 1507 2386 morante,
1542 2352 1580 2379 et
1616 2355 1729 2391 quani
1763 2349 1920 2378 nutante
1964 2344 2162 2392 proposito

1163 2403 1369 2452 disciplinae
1389 2402 1614 2438 rudimentis
1631 2416 1668 2438 se
1688 2414 1819 2451 passus
1836 2410 1890 2438 est
1910 2401 2096 2450 insigniri!
2117 2407 2160 2440 lit

1164 2462 1260 2500 bene
1283 2463 1399 2500 nostis
1414 2491 1423 2507 ,
1445 2463 1534 2498 dum
1557 2462 1679 2498 adhuc
1703 2461 1890 2498 saecularis
1917 2470 2018 2506 erat,
2046 2476 2158 2512 quam

1165 2523 1287 2572 largos
1307 2523 1633 2570 eleemosynarnm
1657 2521 1798 2557 rivulos
1817 2533 1950 2557 manns
1970 2521 2050 2570 ejus
2071 2523 2158 2558 l'un-

164 2578 197 2613 7.
215 2577 434 2623 Quomodo,
451 2582 539 2614 Jesu
560 2577 682 2624 bone,
705 2587 843 2615 tantam
867 2579 1007 2615 tamdiu
1037 2588 1096 2615 to-
1116 2589 1147 2623 D
1165 2582 1316 2618 «lebant.
1354 2581 1453 2629 Quid
1483 2589 1563 2618 erat
1594 2594 1733 2625 eausae,
1763 2581 1832 2616 nisi
1861 2580 1966 2629 quod
1995 2590 2159 2618 mentem

111 2636 204 2671 leras
218 2636 451 2673 vexationem
471 2637 614 2673 dilectae
631 2651 777 2687 sponsae
795 2640 888 2674 tuce?
910 2638 1095 2675 Desidiam

111 2693 226 2730 invita
256 2695 419 2743 patitur,
445 2703 481 2730 et
511 2696 615 2744 quasi
641 2696 891 2732 voluntariam
923 2697 959 2732 in
987 2710 1025 2732 se
1045 2698 1096 2733 sie

110 2753 303 2801 puniendo
329 2755 579 2803 [wi-sequitur.
610 2755 819 2803 .³Egerrime
841 2756 974 2791 tolerat
993 2756 1096 2804 quod

113 2824 186 2847 non
204 2812 248 2847 ad
270 2821 397 2848 votum
418 2812 453 2848 in
475 2821 509 2848 te
524 2841 533 2857 ‚
554 2814 617 2862 qui
636 2813 776 2850 bonum
799 2813 880 2862 ejus
895 2827 933 2850 es
947 2842 956 2858 ,
975 2816 1096 2851 solum

111 2870 274 2906 deliciari
296 2872 405 2907 valet.
425 2871 500 2907 Sibi
521 2873 676 2922 imputat
693 2873 794 2922 quod
815 2874 947 2910 suffert
964 2874 1092 2910 inx'ita.

111 2928 329 2965 stimulatur
350 2929 396 2966 ab
416 2932 592 2979 aquilone
617 2933 718 2968 venit
738 2933 815 2979 illi,
836 2933 900 2969 sed
922 2933 1096 2969 stimulus

112 2987 178 3025 iste
198 2989 243 3024 ad
273 3002 403 3038 preces
432 3003 607 3039 sponsam
639 2991 799 3041 instigat.
834 2997 914 3030 lloc
943 2993 1095 3028 stimulo

111 3048 305 3096 castigata,
330 3049 375 3084 ad
397 3050 687 3099 supplicationes
706 3066 744 3087 se
768 3053 932 3097 conlert,
952 3065 1036 3099 quae
1059 3066 1097 3088 se

112 3107 216 3156 prius
247 3107 282 3143 in
314 3109 507 3157 :unpleaus
540 3119 748 3158 paraxerat.
788 3111 911 3159 Mitiga
950 3124 1096 3159 sponssc

114 3173 201 3209 tuae,
234 3169 320 3203 Jesu
343 3166 463 3213 bone,
485 3183 504 3204 a
528 3168 660 3206 diebus
684 3169 738 3206 his
760 3170 876 3206 malis.
902 3171 975 3206 ,Nisi
997 3170 1094 3205 enim

161 3297 166 3310 ¹
188 3292 297 3322 Manli.
317 3305 388 3326 xix.
415 3299 524 3325 itt-U..

1165 2640 1244 2689 ejus
1266 2641 1302 2676 in
1323 2641 1390 2676 hae
1413 2648 1518 2690 parte
1541 2639 1688 2675 timoris
1714 2640 1985 2687 perstrinxerat
2005 2642 2161 2690 aquilo?

1164 2707 1300 2737 Auster
1321 2700 1457 2735 seilicet
1480 2699 1579 2735 illam
1603 2712 1649 2735 ex
1671 2707 1776 2747 parte
1805 2699 1944 2734 astlavit
1961 2727 1971 2744 ‚
1993 2700 2058 2736 sed
2082 2714 2156 2737 non

1166 2759 1359 2808 perflavit3
1380 2758 1466 2794 ideo
1483 2759 1809 2805 eleemosynariim
1832 2768 2007 2807 prompte
2025 2762 2155 2808 prol'u-

1163 2818 1215 2854 dit
1231 2825 1410 2853 aromata.
1426 2816 1497 2853 Sed
1514 2816 1853 2852 abrenuntiationis
1868 2818 2157 2865 pretiosissimus

1162 2877 1223 2912 ille
1250 2877 1551 2924 aromaticusque
1573 2877 1697 2924 liquor
1722 2884 1806 2925 post
1836 2877 1974 2912 multos
1999 2887 2158 2916 conatus

1162 2935 1225 2971 vix
1244 2934 1394 2971 tandem
1413 2933 1459 2969 ab
1479 2933 1560 2981 ejus
1580 2934 1706 2970 animo
1725 2934 1886 2970 tenuiter
1904 2936 2065 2984 exprimi
2087 2950 2157 2986 po-

1163 2993 1244 3029 tnit.
1269 2993 1381 3029 Plane
1410 2992 1540 3028 similis
1570 3001 1650 3028 ‹si-at
1676 2993 2064 3041 evangelieojuveni,
2093 2997 2155 3044 qui

1162 3051 1261 3100 apud
1283 3051 1487 3088 Dominum
1507 3051 1553 3086 de
1572 3051 1661 3099 legis
1677 3051 1804 3088 obserx
1815 3052 1940 3088 atione
1960 3054 2156 3103 gloriatus,

1162 3124 1199 3145 ex
1212 3110 1387 3158 angelicae
1410 3110 1650 3158 perfeetionis
1670 3112 1923 3147 coaretatnnie
1940 3116 2155 3162 proposita,

1166 3170 1276 3206 tristis
1297 3169 1474 3206 abscessit
1492 3177 1520 3218 *3
1544 3170 1613 3208 nisi
1631 3172 1733 3220 quod
1752 3171 1812 3207 ille
1834 3172 1945 3209 tristis
1963 3172 2154 3216 abscessu,
