2418 3949
180 259 278 294 1109
818 262 883 295 DE
913 261 1133 296 UNDECIM
1161 262 1404 299 ONERIBL'S
1432 266 1586 300 ISAIAE.
2134 267 2233 303 1110

175 336 246 372 illis
265 335 401 371 scilieet
418 335 485 384 qui
504 338 687 384 AEgyptus
715 343 803 371 sunt
824 344 860 372 et
884 335 1069 381 tenebrae,
1094 336 1216 372 filii⁵³⁸
1229 337 1416 375 describit.
1444 342 1565 376 Duma
1590 340 1858 389 interpretatur
1877 340 2086 377 Silentium.
2108 343 2230 387 Scitis,

176 394 430 430 tenebrarum.
449 397 505 430 De
525 394 662 443 qulbus
682 395 868 431 Dominus
890 395 927 430 in
948 395 1165 444 EvangeliO,
1187 401 1219 434 A
1239 398 1373 434 fratres
1389 426 1398 443 ,
1420 398 1522 447 quod
1543 400 1680 435 multos
1701 400 1890 436 silentium
1913 409 2068 445 onerat,
2092 410 2129 437 et
2150 414 2234 450 gra-

181 458 311 490 Omne's
324 457 387 503 qui
397 457 496 491 male
508 459 600 504 agit,
618 456 695 490 odic
709 456 826 489 lucem
846 461 854 474 ¹
873 468 880 490 :
899 462 936 490 et
948 454 1167 503 Apostolus,

181 514 256 558 Qui
277 515 465 549 dormiunt
479 542 488 558 ,
517 513 661 562 inquit,
692 522 795 548 nocte
813 516 998 548 dormiunt
1023 527 1034 547 :
1054 523 1090 549 et
1112 518 1176 561 qui

176 571 266 607 ebrii
284 583 379 617 sunt,
397 582 503 611 nocte
520 573 610 608 ebrii
623 581 707 607 sum
720 577 745 607 ².
766 572 812 608 Hi
829 572 1006 608 nimirum
1023 585 1069 608 eo
1083 585 1178 622 pon-

176 631 264 668 dere
281 645 401 681 poenae
416 640 652 681 premuntur,
667 644 743 680 quo
761 634 969 680 AEgyptum
989 632 1177 680 Propheta

176 689 286 727 docet
307 704 386 728 esse
402 690 644 740 puniendam.

232 750 289 787 lO.
313 750 562 799 Subjungitur
582 763 672 785 onus
692 751 826 784 deserti
845 752 970 784 maris.
988 752 1091 785 Mare
1108 749 1174 785 de—

175 818 314 846 sertum
329 818 384 847 est
409 809 611 846 multitudo
626 808 899 858 reproborum,
919 809 982 857 qui
1005 808 1174 844 derelicti

175 883 196 905 a
217 873 320 914 Deo,
343 878 379 906 et
400 882 421 905 a
445 876 661 906 sanctorum
685 880 843 904 numero
864 868 1050 917 separati,
1072 881 1173 917 pon-

175 929 263 966 dere
275 929 580 978 persecutionum
593 936 757 964 sanctam
771 928 1173 977 premuntEcclesiani,

173 989 244 1038 ipsi
260 1001 457 1038 poenarum
474 988 657 1037 pondere,
675 1001 758 1036 quae
775 988 813 1024 in
827 987 899 1024 hoc
913 1000 1029 1024 onere
1047 1001 1068 1024 a
1080 991 1174 1024 Pro-

172 1048 286 1097 pheta
305 1055 499 1093 notantur,
516 1046 761 1096 postmodum
777 1046 973 1096 puniendi.
989 1050 1174 1083 Praeterea

1242 466 1305 494 vat
1329 458 1435 506 quies
1461 472 1468 493 z
1502 458 1552 494 ita
1578 467 1619 494 ut
1648 458 1858 495 tacentibus
1886 467 1924 495 et
1954 460 2234 508 quiescentibus

1241 517 1367 552 omnia
1387 517 1493 553 oneri
1514 518 1613 562 sint,
1635 526 1747 567 caput
1768 518 1912 563 doleat,
1936 528 2068 555 venter
2089 520 2231 569 rugiat,

1242 576 1402 624 caligent
1427 577 1549 621 oculi,
1581 585 1617 612 et
1648 590 1756 613 renes
1783 590 1879 626 pene
1908 578 2104 615 solvantur
2131 594 2138 615 :
2163 592 2231 615 ex-

1242 634 1421 671 euntibus
1447 644 1570 672 autem
1601 636 1672 671 huc
1692 636 1856 684 illucque
1880 637 2101 684 vagantibus
2119 647 2155 674 et
2173 639 2231 674 lo-

1242 694 1460 743 quentibus,
1474 695 1643 743 jucunda
1662 695 1735 731 sint
1755 696 1901 739 omnia,
1926 696 2123 733 tradantur
2137 696 2233 733 obli-

1241 754 1345 790 vioni
1365 755 1538 798 dolores,
1559 755 1714 803 singuiis
1733 754 1912 791 membris
1941 768 2006 792 sua
2028 757 2234 794 reddantur

1240 812 1374 849 officia.
1396 815 1426 850 O
1445 821 1584 861 quanta
1600 823 1656 849 est
1673 814 1791 849 virtus
1824 815 1958 863 linguae
1972 843 1981 860 ,
2003 829 2086 864 quae
2103 818 2232 853 oculos

1239 880 1410 917 serenat,
1441 881 1555 921 caput
1578 873 1752 917 alleviat,
1785 886 1893 909 renes
1915 875 2144 919 consolidat,
2165 889 2232 923 ge-

1240 943 1315 967 nua
1353 931 1533 968 dissoluta
1570 931 1792 968 corroborat
1809 935 1816 968 !
1849 936 1936 969 Haec
1968 934 2156 969 infirmum
2193 935 2231 970 in

1240 990 1433 1027 laboribus
1454 990 1721 1039 infatigabilem
1742 991 1878 1035 reddit,
1898 993 2103 1040 patientem
2121 993 2157 1028 in
2177 994 2231 1029 in-

1235 1048 1361 1098 juriis,
1382 1058 1554 1099 paratum
1575 1049 1621 1085 ad
1641 1050 1725 1094 iter,
1742 1058 1962 1098 promptum
1982 1051 2026 1086 ad
2047 1051 2232 1088 obedien-

173 1120 274 1144 mare
291 1115 379 1143 sunt
403 1107 477 1151 illi,
500 1107 564 1155 qui
581 1106 738 1142 diversis
760 1107 976 1155 passionum
997 1119 1040 1142 ac
1057 1106 1172 1142 vitio-
1193 1103 1220 1137 B
1243 1108 1346 1144 tiam.
1379 1112 1511 1157 Itaque
1540 1108 1570 1143 si
1590 1108 1729 1144 videris
1753 1109 1978 1144 monachum
2007 1111 2044 1145 in
2067 1110 2232 1147 claustro

173 1180 256 1203 rum
273 1165 494 1203 tumultibus
506 1165 740 1214 quatiuntur.
758 1165 831 1213 Qui
847 1178 998 1214 semper
1017 1166 1052 1201 in
1068 1173 1173 1202 motu

173 1234 276 1271 sunt,
308 1238 530 1274 semperque
548 1224 645 1273 vagi,
671 1236 864 1273 nunquam
892 1223 1057 1270 stabiles,
1075 1237 1176 1261 nun·

171 1298 282 1334 quam
300 1285 337 1321 in
353 1284 484 1321 eodem
502 1291 598 1319 statu
613 1292 879 1332 permanentes
897 1298 905 1319 ε
924 1297 1026 1320 nunc
1042 1297 1175 1334 super--

171 1343 232 1380 bia
248 1345 516 1388 intumescunt,
538 1343 703 1378 nuncira
722 1343 959 1389 fervescunt3
978 1357 1078 1379 nunc
1105 1344 1172 1379 tri-

171 1412 260 1449 stes,
282 1417 382 1441 nunc
399 1404 513 1448 leves,
538 1415 638 1438 nunc
657 1402 773 1451 pressi
794 1403 957 1447 silentio,
976 1416 1078 1438 nunc
1092 1403 1170 1438 risu

172 1464 364 1511 dissoluti,
388 1461 715 1511 transgrediuntur
738 1470 924 1511 praeeepta
954 1463 1166 1507 seniorum,

172 1531 209 1559 et
233 1522 386 1558 fratrum
411 1534 540 1570 pacem
565 1519 730 1555 turbant.
762 1520 949 1567 Quamdiu
976 1528 1098 1556 tamen
1124 1521 1171 1556 ti-

173 1591 289 1627 ment,
309 1581 489 1631 quamdiu
505 1580 647 1626 dolent,
668 1580 848 1628 quamdiu
871 1580 1075 1628 admittunt
1090 1594 1171 1617 eor-

173 1643 384 1692 reptionem
403 1654 472 1677 nec
489 1641 636 1688 fugiunt
655 1640 958 1685 satisfactionem5
981 1639 1170 1676 desertum

173 1715 275 1738 mare
303 1714 380 1737 non
408 1708 509 1736 sunt.
536 1704 584 1737 At
610 1700 639 1734 si
659 1699 853 1735 venientes
878 1699 915 1734 in
938 1698 1170 1747 profundum

172 1761 358 1797 malorum
376 1759 688 1807 contempserint,
711 1759 741 1793 si
763 1758 930 1807 correpti
947 1758 1172 1794 reclamave-

172 1820 268 1864 rint,
289 1818 382 1855 nihil
406 1818 624 1861 honestum,
649 1816 739 1853 nihil
767 1816 960 1866 quietum,
991 1817 1084 1853 nihil
1106 1817 1167 1853 in-

172 1891 287 1928 super
305 1878 517 1914 ordinatum
539 1876 822 1926 responderint,
840 1876 905 1913 sed
928 1876 1080 1922 tumidi,
1103 1876 1168 1913 sed
1189 1875 1215 1910 C

171 1937 291 1974 inflati
312 1936 423 1973 etiam
443 1936 481 1971 in
503 1936 624 1984 ipsum
641 1948 662 1971 a
685 1948 761 1984 quo
783 1935 1060 1985 corripiuntur,
1080 1949 1168 1971 ver—

171 1995 229 2032 bis
257 1995 526 2044 indignationis
552 1995 847 2040 insurrexerint,
875 1995 924 2031 ita
950 2003 993 2031 ut
1019 2008 1169 2032 necesse

173 2056 219 2092 sit
240 2055 452 2103 relinquere
475 2066 539 2089 eos
557 2053 626 2089 sibi
642 2068 651 2098 3
670 2053 859 2090 desertum
878 2067 980 2090 mare
1001 2067 1075 2090 non
1094 2053 1167 2090 du-

174 2113 269 2150 bites
291 2126 356 2150 eos
378 2113 584 2150 nominare.
603 2115 666 2149 Vae
686 2112 756 2149 illis
777 2113 841 2162 qui
862 2126 882 2148 a
905 2116 980 2149 Deo
1001 2113 1168 2149 derelicti

174 2182 211 2210 et
228 2172 446 2210 hominibus
461 2200 471 2218 ‚
495 2172 737 2208 dimittuntur
758 2172 964 2208 secundum
985 2172 1169 2208 desideria

174 2234 299 2270 cordis
316 2246 462 2277 eorum,
485 2240 526 2267 ut
542 2240 629 2267 eant
648 2231 685 2267 in
699 2230 1034 2267 adinventionibus
1050 2231 1126 2267 suis
1139 2229 1166 2266 3.

174 2292 319 2340 Quibus
347 2293 457 2328 etiam
487 2291 673 2328 Dominus
707 2303 774 2339 per
794 2291 1019 2340 prophetam
1049 2290 1168 2326 dicit:

175 2351 355 2399 Auferam
378 2354 492 2386 zelum
512 2364 630 2385 meum
649 2364 672 2385 (ι
694 2350 797 2385 vobis
809 2378 818 2393 ,
836 2360 870 2385 et
886 2353 983 2386 ultra
1002 2364 1074 2385 mm
1092 2352 1168 2384 ira-

173 2425 260 2447 sear
284 2412 310 2447 4.
341 2411 473 2455 Scitis,
502 2409 632 2445 fratres
661 2409 886 2454 charissimi,
916 2423 1026 2458 quam
1057 2422 1170 2457 grave

175 2484 271 2507 onus
296 2471 332 2507 in
350 2470 527 2506 humeros
543 2477 759 2505 sanctorum
780 2469 977 2518 imponant
997 2469 1060 2517 qui
1081 2469 1170 2504 tales

175 2538 273 2566 sunt.
304 2527 381 2566 Sub
399 2528 470 2564 hoc
489 2540 605 2563 onere
631 2527 819 2577 propheta
838 2526 1009 2575 gemebat
1029 2527 1093 2576 qui
1110 2526 1170 2563 di-

175 2588 281 2625 cebat
306 2602 313 2623 :
337 2590 457 2635 Supra
476 2589 621 2621 ‹lorwm
645 2600 764 2621 uacum
779 2585 1063 2634 fitbricavermn
1077 2599 1169 2633 pec·

1239 1167 1465 1204 residentem
1485 1168 1558 1203 huc
1575 1168 1738 1216 illucque
1755 1168 1955 1216 respicere,
1978 1170 2136 1205 oscitare
2153 1182 2231 1205 ere-

1240 1226 1363 1271 brius,
1387 1239 1520 1262 manus
1541 1233 1577 1262 et
1598 1225 1713 1275 pedes
1729 1225 1953 1270 extendere,
1974 1239 2075 1262 nune
2094 1227 2230 1263 librum

1240 1298 1409 1334 ponere,
1437 1298 1538 1321 nunc
1563 1297 1773 1328 resumere3
1804 1293 1995 1333 postremo
2021 1285 2126 1334 quasi
2148 1286 2234 1334 qui—

1238 1343 1396 1380 busdam
1413 1344 1574 1380 stimulis
1590 1344 1769 1392 agitatum
1791 1343 1837 1379 de
1858 1344 1942 1379 loco
1960 1344 1998 1379 in
2018 1344 2162 1388 locum,
2187 1344 2233 1381 de

1237 1404 1426 1441 auditorio
1457 1405 1492 1439 in
1520 1403 1747 1440 auditorium
1775 1404 1956 1439 cursitare
1983 1418 1990 1438 :
2024 1403 2094 1440 sul)
2118 1417 2232 1440 onere

1235 1467 1358 1500 Duma
1379 1476 1462 1499 eum
1482 1463 1670 1512 suspirare
1695 1475 1770 1498 nou
1790 1461 1948 1498 dubites.
1972 1465 2035 1498 Est
2053 1471 2234 1511 praeterea

1235 1522 1335 1558 aliud
1355 1522 1545 1570 quoddam
1571 1522 1759 1557 silentium
1778 1550 1787 1566 ,
1811 1521 1913 1569 quod
1937 1530 2086 1557 aeternae
2108 1535 2231 1571 ptrnae

1235 1581 1385 1630 pondus
1414 1581 1540 1617 multis
1566 1581 1748 1630 imponat.
1779 1584 1908 1630 Ipsum
1935 1589 1989 1616 est
2016 1581 2203 1617 silentium
2222 1610 2232 1625 ,

1236 1640 1339 1689 quod
1361 1654 1405 1676 ex
1429 1640 1575 1689 pudore
1593 1648 1629 1676 et
1645 1640 1866 1676 confusione
1885 1639 2094 1689 procedens
2109 1669 2118 1685 ,
2138 1654 2232 1676 eon-

1238 1700 1436 1736 sessionem
1469 1699 1630 1735 obstruit
1666 1707 1938 1748 peccatorum,
1974 1699 2031 1734 vel
2065 1699 2233 1734 excludit

1238 1759 1495 1795 remissionem
1523 1772 1530 1793 :
1554 1757 1657 1806 quod
1681 1770 1778 1793 onus
1799 1770 1920 1806 poenae
1951 1758 2021 1792 tale
2041 1757 2231 1793 silentium

1234 1826 1442 1863 mereatur,
1462 1817 1707 1866 propheticus
1725 1829 1849 1852 sermo
1869 1828 1943 1851 non
1967 1824 2072 1851 tacet.

1296 1876 1353 1914 12.
1371 1881 1452 1914 Jam
1475 1890 1566 1911 culus
1589 1881 1626 1912 in
1649 1876 1792 1911 Arabia
1812 1875 2004 1924 Propheta
2023 1875 2230 1924 subjungit.

1236 1935 1374 1973 Arabia
1403 1938 1570 1983 Vespera
1608 1936 1898 1984 interpretatur,
1929 1947 2012 1982 quae
2045 1934 2117 1970 diei
2150 1935 2233 1971 finis

1235 2003 1312 2039 est,
1342 1995 1538 2043 noctisque
1557 1995 1785 2044 principium
1812 2009 1820 2030 ε
1844 1994 1973 2030 horam
1996 1994 2126 2029 mortis
2156 2007 2232 2030 non

1235 2054 1462 2102 incongrue,
1488 2062 1532 2090 ut
1557 2062 1650 2102 puto
1665 2081 1675 2096 ,
1697 2054 1866 2102 signans,
1889 2066 1973 2102 quae
1994 2053 2138 2089 cunctis
2156 2054 2233 2091 fere

1239 2113 1460 2150 mortalibus
1489 2114 1634 2150 timoris
1662 2127 1738 2150 non
1766 2114 1847 2149 leve
1876 2113 2027 2163 pondus
2055 2114 2230 2163 imponit.

1235 2174 1327 2220 Quis
1354 2174 1454 2210 enim
1488 2174 1682 2209 hominum
1714 2173 1784 2209 hoc
1811 2186 1908 2209 onus
1939 2174 2075 2218 evitet,
2109 2175 2168 2210 cui
2193 2189 2232 2210 se

1236 2234 1408 2269 Salvator
1447 2233 1611 2281 exempli
1647 2246 1757 2269 eausa
1791 2241 1999 2282 spontanea
2039 2234 2234 2270 voluntate

1236 2291 1439 2328 submisit?
1456 2292 1684 2328 Imminente
1702 2293 1801 2328 enim
1821 2301 1942 2328 morte
1955 2321 1964 2336 ,
1982 2298 2110 2340 coepit,
2129 2303 2169 2329 ut
2185 2295 2235 2330 ait

1236 2352 1484 2400 evangelista,
1500 2365 1638 2398 pavere
1655 2362 1690 2387 et
1704 2353 1843 2387 toedere’
1860 2353 1886 2388 ⁶.
1906 2351 1982 2389 Sub
2003 2353 2073 2389 hoe
2091 2354 2235 2389 timoris

1237 2424 1352 2446 onere
1373 2419 1491 2447 totum
1518 2411 1610 2446 vivit
1637 2424 1754 2459 genus
1779 2411 1975 2447 hominum
2004 2427 2011 2447 :
2041 2413 2110 2448 nisi
2138 2413 2234 2448 sorte

1237 2470 1370 2518 aliquis
1403 2470 1484 2506 talis
1515 2470 1579 2514 sit,
1611 2470 1668 2506 eui
1703 2478 1803 2506 certa
1831 2470 1876 2506 sit
1907 2470 2012 2506 beata
2043 2471 2118 2507 vita
2149 2481 2235 2520 post

1237 2538 1420 2574 mortem,
1452 2529 1558 2578 cujus
1592 2529 1779 2565 desiderio
1802 2529 1913 2566 etiam
1943 2530 2234 2569 amaritudinem

1239 2590 1369 2626 mortis
1390 2602 1465 2625 non
1488 2590 1636 2625 sentiat.
1659 2593 1843 2626 Pia-terea
1864 2603 2041 2638 vespera,
2062 2603 2146 2638 quae
2162 2619 2170 2634 ‚
2195 2599 2236 2626 ut

175 2657 316 2683 calores
333 2646 358 2682 ⁵.
375 2649 471 2683 Vere
485 2658 598 2694 supra
614 2645 767 2681 dorsum
784 2654 953 2681 nostrum
973 2645 1167 2690 fabricant,
1187 2651 1218 2684 D
1237 2648 1400 2685 diximus
1414 2677 1423 2693 ‚
1456 2648 1529 2684 (liei
1559 2649 1642 2684 finis
1671 2657 1726 2685 est
1754 2649 1951 2697 noctisque
1978 2649 2205 2698 principium
2225 2678 2234 2692 ‚

176 2706 240 2755 qui
262 2705 475 2754 hujusmodi
497 2713 604 2748 sunt,
625 2704 854 2752 quotidianis
877 2717 946 2740 nos
967 2704 1042 2740 suis
1063 2717 1171 2739 exor-

178 2763 426 2802 bitationibus
460 2772 660 2799 onerantes
696 2777 703 2798 z
738 2764 802 2811 qui
839 2763 984 2799 addunt
1017 2771 1172 2812 peccata

176 2825 351 2874 peccatis,
367 2831 625 2872 contemptum
639 2821 804 2870 jungunt
820 2822 1068 2869 contemptui,
1085 2835 1171 2858 con-

178 2883 384 2926 tumeliosi,
407 2882 517 2926 elati,
540 2881 792 2925 detractoreS,
817 2885 894 2918 Deo
916 2880 1098 2924 odibiles,
1117 2894 1172 2917 se-

177 2942 348 2980 nioribus
369 2955 442 2977 non
461 2941 682 2976 obedientes
698 2968 706 2984 ,
724 2941 834 2976 sociis
854 2954 928 2976 non
947 2949 1170 2990 contempe-

179 3011 316 3040 rantes.
337 3002 442 3037 'l'ales
462 3013 662 3036 arenarum
687 3000 859 3048 pondus,
877 2999 979 3048 quod
1001 3000 1037 3035 in
1056 3014 1171 3037 onere

178 3061 313 3098 deserti
344 3061 456 3097 maris
486 3061 727 3104 continetur,
757 3072 795 3095 se
832 3059 1011 3095 noverint
1043 3059 1170 3095 incur-

178 3134 297 3159 suros.

235 3181 292 3216 ll.
313 3183 369 3216 Ex
394 3179 482 3215 hinc
509 3193 600 3214 omas
629 3182 750 3213 Dama
777 3191 900 3214 sermo
924 3178 1171 3227 propheticus

230 3319 237 3334 ¹
258 3316 349 3343 Joan.
369 3323 429 3348 ιιι,
451 3316 503 3343 ἹΟ.
520 3330 563 3335 ⁴—
585 3318 595 3332 ²
617 3312 749 3343 l'l'bess.
769 3323 798 3348 r,
820 3313 850 3341 7.
868 3329 907 3333 —-
928 3310 1029 3342 31‘sal.
1050 3323 1136 3341 [xxx
1152 3336 1160 3350 ‚
1185 3316 1234 3344 13,

182 3379 250 3404 λιν,
269 3370 321 3397 33.

1236 2707 1315 2755 ejus
1344 2708 1523 2756 exprimit
1544 2720 1669 2743 casum
1688 2737 1696 2752 ‚
1717 2709 1780 2756 qui
1804 2716 1887 2756 post
1907 2721 2024 2756 opera
2053 2709 2144 2744 lueis
2159 2738 2166 2749 ,
2191 2722 2235 2744 ea

1236 2767 1386 2803 inchoat
1406 2780 1489 2815 quse
1514 2776 1600 2803 sunt
1621 2766 1886 2811 tenebrarum,
1914 2767 2021 2815 eujus
2046 2768 2139 2803 liunt
2159 2781 2232 2803 no—

1238 2826 1389 2861 vissima
1408 2825 1538 2874 pejora
1560 2825 1772 2873 prioribus,
1800 2826 1864 2874 qui
1887 2827 2057 2874 profecto
2075 2840 2119 2861 eo
2138 2840 2234 2875 pon-

1239 2883 1327 2920 dere
1353 2884 1612 2933 opprimetur,
1646 2884 1748 2933 quod
1779 2885 1814 2920 in
1845 2885 1916 2920 hoe
1948 2883 2091 2921 Arabim
2121 2899 2235 2922 onere

1239 2944 1467 2981 continetur.

1296 3003 1352 3038 13.
1376 3001 1558 3037 Subditur
1576 3015 1665 3036 arms
1685 3005 1797 3038 vallts
1820 3004 2101 3039 vist'‹›ui.=·.Visio
2120 3004 2235 3040 reser—

1240 3070 1300 3098 tur
1314 3061 1359 3097 ad
1377 3062 1735 3110 contemplationem
1752 3077 1761 3105 ;
1781 3064 1901 3106 vallis,
1922 3063 1966 3099 ad
1987 3063 2233 3099 humilitatem

1240 3120 1296 3155 vel
1330 3119 1596 3167 dejectionem.
1634 3124 1695 3157 Est
1723 3122 1822 3157 enim
1855 3123 2107 3171 quorumdam
2138 3137 2232 3158 eon-

1239 3180 1431 3228 templatio
1449 3180 1612 3225 humilis,
1629 3181 1880 3229 quorumdam
1903 3180 2058 3229 dejecta.
2077 3183 2237 3217 Humilis

1318 3313 1456 3344 ⁴Flevit.
1472 3325 1524 3343 xVi
1541 3338 1548 3346 .
1573 3316 1623 3345 ἰ’ὶ.
1642 3332 1682 3336 -—
1702 3312 1714 3334 ⁵
1732 3314 1809 3344 l‘=al.
1829 3327 1837 3343 ‹
1852 3326 1971 3346 xxxiii.
1995 3318 2022 3342 sl.
2099 3313 2112 3333 (-
2129 3318 2227 3346 wau-2.
