2418 3949
4 228 74 265 545

1 303 168 340 dinatum
199 303 370 353 imaginis
402 311 438 339 et
471 302 722 339 similitudinis
748 301 829 350 ejus
846 301 988 351 appeti-

486 227 629 262 LIBER
659 227 721 260 DE
751 225 948 261 NATURA
980 225 1038 259 ET
1068 225 1329 260 DIGNITATE
1360 227 1552 263 AMORIS.

999 298 1047 317 2157

1973 228 2047 263 540

1110 301 1174 337 36.
1198 304 1279 337 Hoc
1314 302 1426 349 igitur
1464 302 1576 338 modo
1608 304 1653 338 ad
1684 307 1829 339 Patrem
1862 303 2048 340 mediator

2 370 79 399 tum
110 363 250 412 perisse
272 378 279 399 :
302 365 401 399 Heu!
432 363 555 411 inquit
571 390 580 408 ,
609 362 686 398 sola
710 361 856 397 miseria
892 367 992 396 caret
1008 363 1037 397 A
1060 367 1188 395 noster
1206 359 1523 397 habuittimorem
1546 362 1651 409 quasi
1674 374 1846 408 sursum3
1871 362 1917 398 ad
1936 363 2046 399 mise—

0 422 159 468 invidia;
173 422 236 459 sed
257 421 555 459 subveniendum
571 429 626 457 est
641 420 695 466 ei,
710 420 770 456 cui
786 418 987 456 subvenire

1 494 76 517 non
89 480 436 531 prohibetjustitia.
452 479 622 517 Exhibeo
639 492 697 515 me
712 479 824 527 igitur
843 477 986 514 bonum

0 538 189 575 hominem
218 538 435 587 despectum
461 545 499 574 et
532 536 778 573 novissimum
801 535 985 579 virorum,

0 598 122 634 virum
147 598 320 633 dolorum
340 606 377 633 et
405 597 582 633 scientem
615 595 871 631 infirmitatem
894 599 919 638 ¹,
945 600 986 629 ut

0 658 94 694 zelet
113 661 150 693 et
183 658 348 694 imitetur
367 657 403 693 in
426 669 484 693 me
500 655 762 699 humilitatem,
783 666 851 704 per
872 664 985 701 quam

0 717 194 766 perveniat
209 716 256 753 ad
275 716 446 765 gloriam,
469 715 514 752 ad
539 727 651 764 quam
677 724 920 762 praepropere
936 710 987 746 fe—

0 775 129 820 stinat,
152 783 195 812 ut
211 775 327 825 possit
345 774 474 811 audire
490 788 511 810 a
534 786 593 810 me
610 787 618 809 :
640 775 881 808 Disciteame
899 770 986 818 quia

0 838 99 868 mitis
123 846 200 869 sam
231 842 268 869 et
297 833 448 868 humilis
476 834 609 875 corde,
639 840 674 867 ee
703 833 894 866 invenietis
927 842 986 864 re-

0 895 120 938 quiem
147 890 343 926 animabus
362 894 494 927 vestris
510 895 539 926 ².

335 1021 510 1060 CAPUT
545 1013 641 1059 xit.

1052 431 1135 454 rum
1162 431 1255 454 vero
1283 419 1600 456 reconciliandum
1631 420 1827 470 pietatem,
1848 421 1954 470 quasi
1976 421 2044 458 de-

1051 490 1202 523 orsum3
1235 478 1282 513 ad
1314 486 1518 527 utrumque
1547 492 1639 515 vero
1673 480 1889 526 scientiam,
1924 481 2044 517 sciens

1051 536 1143 585 quid
1161 536 1297 586 cuique
1313 545 1410 573 essct
1436 537 1705 574 exhibendum.
1727 538 1799 575 Sed
1819 538 1865 574 ad
1884 539 2044 589 implen-

1051 595 1141 631 dum
1170 595 1419 632 ministerium
1453 596 1690 632 mediationis
1721 610 1798 633 suae
1817 595 1903 633 euni
1926 598 2044 635 Patris

1053 652 1190 690 bonam
1209 653 1365 690 haberet
1383 654 1613 690 voluntatem
1636 654 1833 691 desursum
1846 684 1856 701 ,
1873 669 1894 692 a
1908 656 2046 693 misero

1051 721 1176 750 autem
1202 713 1359 750 inferius
1374 712 1525 761 jacente
1541 713 1698 749 haberet
1717 714 1830 760 nihil3
1851 723 1889 751 et
1905 714 2043 752 habere

1051 771 1192 821 aliquid
1222 771 1317 808 ratio
1346 779 1384 807 et
1414 771 1510 808 ordo
1544 771 1781 808 mediationis
1815 774 2041 822 requireret,

1051 830 1175 880 exegit
1194 829 1241 866 ab
1259 842 1305 866 eo
1329 829 1454 866 fidem.
1472 830 1605 879 Exegit
1636 838 1762 866 autem
1787 831 1918 878 fidem,
1947 847 2045 883 prae-

1052 889 1221 940 rogando
1241 889 1432 939 pietatem.
1453 892 1534 936 Qua
1551 889 1748 925 exactione
1773 890 1875 926 nulla
1897 900 2046 940 poterat

1050 961 1131 985 esse
1163 948 1344 994 validior;
1367 948 1456 997 quia
1477 960 1553 984 non
1577 948 1698 984 suerat
1715 947 1869 985 difficile
1900 950 2044 987 homini

1051 1008 1188 1044 misero
1205 1008 1237 1044 ei
1255 1020 1294 1044 se
1310 1007 1479 1053 credere,
1498 1021 1519 1044 a
1534 1021 1610 1057 quo
1627 1020 1666 1044 se
1683 1017 1921 1057 praeventum
1937 1010 2044 1046 vide—

1004 1064 1031 1098 Β
1051 1066 1115 1103 bat
1130 1069 1279 1117 pietate.
1298 1066 1370 1103 Sed
1387 1075 1424 1103 et
1437 1079 1523 1103 cum
1539 1079 1578 1102 se
1591 1066 1624 1102 ei
1642 1066 1795 1103 credere
1812 1080 1889 1104 non
1906 1077 2046 1118 posset,

0 1129 160 1161 Consilium
173 1136 203 1161 et
217 1139 395 1172 progressus
408 1128 550 1160 humana:
565 1126 791 1168 redemptionis
809 1125 986 1173 exponitur.

51 1250 112 1286 35.
126 1248 296 1297 Accingit
307 1259 397 1296 ergo
414 1259 452 1283 se
469 1245 633 1295 ‘quodam
651 1244 766 1282 modo
776 1243 845 1281 Dei
858 1243 985 1289 Filius,

0 1315 34 1344 et
60 1319 253 1357 aggressus
291 1315 346 1344 est
381 1319 450 1355 per
480 1304 729 1342 humilitatem
763 1316 986 1353 recuperare

0 1377 81 1402 eum
101 1393 110 1411 ‚
138 1366 203 1415 qui
227 1365 442 1414 recuperari
469 1372 619 1413 poterat
634 1392 644 1410 ,
670 1362 734 1412 qui
761 1375 830 1412 per
852 1375 987 1412 super-

0 1424 94 1461 biam
119 1425 296 1475 perierat.
318 1428 450 1473 Itaque
471 1424 568 1460 inter
587 1426 710 1459 Deum
737 1430 775 1458 et
792 1422 984 1458 hominem

0 1485 159 1522 medium
180 1498 218 1522 se
240 1485 390 1530 faciens,
412 1484 478 1533 qui
500 1483 697 1528 recedens,
721 1495 741 1518 a
756 1485 837 1519 Deo
856 1490 988 1532 captus

0 1551 34 1579 et
53 1544 186 1594 ligatus
209 1557 230 1580 a
258 1543 408 1581 diabolo
433 1551 532 1589 crat,
554 1543 627 1578 hoc
653 1541 766 1578 modo
791 1541 882 1577 boni
911 1554 987 1577 me-
1023 1581 1026 1583 ,

0 1601 150 1640 diatoris
179 1611 216 1640 et
251 1615 451 1653 personam
478 1601 600 1638 induit
626 1609 663 1637 et
694 1608 830 1637 actum.
856 1603 989 1638 Factus

0 1670 53 1698 est
67 1661 182 1698 homo
200 1676 208 1698 :
229 1663 390 1711 Egressu
407 1670 459 1696 ιπςι
474 1665 583 1709 virga
603 1663 649 1695 de
674 1661 799 1694 radice
816 1661 933 1703 lesse,
954 1666 990 1693 et

0 1722 65 1759 Hos
85 1723 131 1756 (le
147 1723 270 1756 radice
287 1725 367 1766 ejus
384 1721 551 1755 ascendit
576 1733 587 1753 .-
616 1729 653 1754 et
679 1722 855 1766 requievit
878 1730 991 1766 super

0 1793 80 1815 eum
104 1783 260 1827 Spiritus
282 1782 458 1822 Domini,
484 1782 634 1826 spiritus
658 1781 854 1825 saplentioe
870 1785 909 1812 ec
920 1782 983 1812 itz-

1052 1125 1090 1162 in
1111 1139 1188 1175 quo
1206 1138 1310 1176 spem
1331 1138 1408 1162 non
1425 1124 1603 1171 haberet,
1621 1124 1722 1175 (quis
1738 1125 1839 1162 enim
1856 1139 1895 1163 se
1914 1127 1948 1162 ei
1967 1139 2045 1163 cre-

1051 1185 1178 1230 deret,
1217 1185 1255 1221 in
1289 1198 1366 1234 quo
1397 1198 1502 1234 spem
1525 1198 1602 1220 non
1641 1184 1838 1234 habereffl)
1857 1198 1943 1222 cum
1975 1186 2048 1222 lide

1051 1246 1162 1282 etiam
1191 1257 1296 1294 spem
1317 1243 1475 1290 obtulit,
1495 1258 1580 1280 cum
1614 1257 1681 1293 spe
1700 1244 1812 1280 etiam
1834 1244 1977 1282 addens
2001 1245 2050 1281 ti-

1053 1317 1197 1340 morem
1214 1331 1223 1348 ,
1254 1303 1335 1340 sine
1363 1316 1440 1353 quo
1471 1316 1556 1353 spes
1583 1316 1663 1340 esse
1691 1315 1769 1339 non
1799 1312 1968 1353 poterat;
2000 1317 2048 1341 ne

1053 1363 1194 1400 scilicet
1212 1362 1450 1399 desereretur
1480 1376 1502 1399 a
1528 1371 1601 1399 tam
1632 1362 1697 1412 pio
1724 1363 1943 1400 mediatore.
1972 1368 2047 1401 Ac-

1054 1431 1165 1472 cepto
1190 1422 1316 1471 itaque
1345 1422 1530 1458 mediator
1549 1436 1570 1458 a
1590 1435 1655 1458 reo
1691 1435 1759 1458 suo
1793 1430 1895 1459 tanto
1917 1423 2048 1459 salutis

1054 1483 1227 1532 pignore,
1249 1481 1295 1517 ad
1315 1484 1462 1518 Patrem
1481 1481 1693 1531 regreditur
1708 1509 1718 1527 ,
1740 1482 1882 1518 scilicet
1901 1495 1988 1519 cum
2006 1482 2046 1518 in

1055 1548 1221 1577 montem
1251 1540 1354 1577 solus
1386 1541 1553 1577 ascendit
1581 1554 1716 1586 orare,
1733 1542 1792 1577 vel
1816 1555 1900 1578 cum
1927 1542 2046 1578 factus

1056 1599 1093 1635 in
1113 1599 1249 1649 agonia
1270 1599 1455 1648 prolixius
1474 1598 1606 1636 orabat
1627 1612 1712 1636 cuin
1744 1600 1952 1649 sanguineo
1986 1614 2046 1637 su-

1053 1659 1147 1696 dore
1173 1660 1327 1703 :Palen
1352 1658 1492 1707 inquit,
1523 1660 1689 1705 clarifica
1709 1662 1850 1695 Filium
1876 1670 1991 1704 tuum,
2008 1669 2047 1696 ut

1051 1721 1174 1754 Filius
1198 1727 1278 1753 tuus
1294 1719 1520 1763 clarificate
1537 1726 1563 1754 7.
1587 1722 1642 1755 En
1667 1718 1759 1767 quid
1783 1719 1862 1766 tibi,
1885 1733 1932 1756 en
1949 1720 2041 1769 quid

1051 1776 1246 1814 exhibeam
1264 1776 1329 1813 illi.
1352 1780 1407 1813 En
1438 1779 1528 1827 quid
1557 1792 1578 1815 a
1605 1787 1640 1814 te
1660 1777 1802 1824 habeo,
1818 1792 1864 1815 en
1885 1779 1976 1828 quid
1998 1778 2046 1815 ab

0 1841 172 1884 tellenas,
191 1843 339 1887 spiritus
358 1840 506 1873 consilii
528 1835 818 1885 etsttrticmlitzis,
835 1841 988 1884 spiritus
1007 1834 1033 1868 C
1053 1837 1129 1873 illo.
1151 1836 1337 1874 Mediator
1361 1837 1504 1887 quippe
1526 1851 1630 1884 sum,
1651 1846 1687 1874 et
1716 1838 1755 1874 in
1773 1839 1931 1875 salutem
1963 1839 2046 1888 ejus

0 1899 159 1934 §elamite
191 1907 224 1934 et
246 1901 412 1946 pietatis,
432 1905 467 1932 et
484 1898 630 1943 replevit
663 1909 742 1930 eum
770 1899 921 1943 spiritus
937 1899 987 1930 ei-

0 1960 107 1993 moris
126 1959 280 1993 Domini
300 1955 328 1991 ³.
350 1955 550 2004 Intelligite
572 1954 630 1990 hic
652 1954 896 1990 fortissimum
915 1954 988 1990 sei-

0 2015 81 2052 licet
92 2016 355 2065 agonothetam
370 2022 553 2058 nostrum‚
570 2013 674 2062 quasi
686 2026 859 2062 campum
874 2026 987 2049 mun-

0 2075 33 2111 di
57 2075 263 2124 ingressum
281 2075 410 2123 inungi
427 2073 472 2110 ad
489 2074 696 2123 palaestram
719 2073 804 2109 oleo
829 2073 989 2122 Spiritus

0 2136 113 2172 sancti
130 2151 138 2172 :
159 2145 195 2172 et
214 2135 461 2172 exsultantem
480 2135 665 2183 gigantem
687 2133 733 2170 ad
759 2133 982 2170 currendam

0 2195 93 2231 viam
117 2194 405 2244 dispensationis
424 2194 595 2230 humanae
616 2194 642 2229 ⁴'.
663 2196 758 2230 Nota
783 2206 872 2229 vero
899 2205 984 2242 pro-

0 2255 147 2304 phetam
172 2268 193 2290 a
209 2254 394 2304 superiori
427 2253 582 2302 coepisse
597 2281 606 2297 ,
625 2261 661 2288 et
682 2252 919 2288 descendisse
938 2252 983 2288 ad

0 2314 172 2350 inferiora
187 2343 197 2361 ,
216 2314 304 2363 quia
326 2313 540 2349 mediatoris
558 2311 805 2349 annuntiabat
827 2311 984 2348 descen·

0 2385 89 2409 sum.
102 2376 177 2410 Nos
190 2386 281 2409 vero
292 2386 359 2422 per
371 2371 518 2408 easdem
531 2371 692 2420 Spiritus
707 2371 823 2407 sancti
834 2371 983 2420 gratias,

0 2430 161 2479 ejusdem
194 2431 410 2468 mediatoris
437 2431 505 2468 Dei
527 2439 564 2467 et
589 2443 805 2480 processum
835 2431 981 2479 operis,

0 2498 31 2526 ct
47 2490 94 2527 ad
117 2491 310 2541 superiora
328 2491 593 2540 investigantes
613 2503 840 2539 regressum,
862 2489 908 2526 ab
926 2490 981 2525 in-

0 2549 193 2586 ferioribus
208 2580 217 2596 ,
240 2550 276 2586 id
297 2559 351 2587 est
367 2564 387 2586 a
412 2550 564 2595 timore,
583 2549 794 2598 incipimus.
812 2549 979 2586 Christus

1048 1896 1126 1945 jam
1152 1896 1329 1933 videntur
1358 1910 1583 1935 concurrere
1615 1898 1851 1935 mediationis
1870 1912 1962 1936 meae
1982 1913 2046 1936 ra-

1055 1957 1187 1992 tiones.
1208 1954 1279 1993 Sed
1299 1964 1430 2005 captus
1455 1966 1510 1993 est
1533 1965 1569 1993 et
1587 1957 1732 2006 ligatus.
1759 1958 1937 2007 Alligavit
1960 1972 2045 1995 eum

1055 2016 1160 2052 sortis
1178 2030 1186 2052 :
1209 2023 1246 2051 et
1267 2014 1336 2050 nisi
1359 2014 1492 2052 sortior
1514 2030 1560 2052 eo
1582 2017 1872 2065 supervenerit,
1889 2030 1966 2054 non
1987 2018 2045 2055 di-

1058 2076 1168 2124 ripiet
1183 2089 1268 2113 vasa
1284 2074 1378 2127 ejiis.
1397 2076 1468 2112 Sed
1487 2076 1593 2112 mitte
1610 2088 1761 2112 manum
1779 2084 1879 2112 tuam
1897 2076 1942 2113 de
1954 2078 2045 2123 alto,

1050 2144 1086 2171 et
1106 2137 1261 2185 eripiam
1287 2150 1372 2174 emn
1392 2136 1438 2172 de
1460 2136 1619 2172 inimicis
1638 2134 1720 2184 ejus
1747 2136 1980 2182 fortissimis,
2005 2138 2043 2173 in

1050 2195 1183 2244 spiritu
1203 2196 1446 2241 fortitudinis,
1466 2194 1648 2231 fortitudo
1669 2203 1751 2239 tua,
1773 2204 1809 2231 et
1827 2196 1946 2233 virtus
1966 2205 2040 2233 tua.

1050 2254 1135 2290 Scio
1149 2255 1247 2291 enim
1263 2256 1353 2305 quid
1368 2255 1512 2291 faciam.
1533 2254 1868 2291 Moriarinnocens
1888 2268 1959 2304 pro
1978 2269 2042 2292 no-

1050 2322 1158 2350 cente
1172 2342 1182 2359 ,
1209 2323 1246 2351 et
1268 2316 1353 2364 plus
1369 2314 1510 2364 poterit
1531 2313 1876 2362 incomparabiliter
1895 2314 2045 2352 bonitas

1052 2385 1152 2417 mea,
1181 2386 1292 2422 quam
1321 2373 1466 2409 hostilis
1496 2373 1654 2418 malitia3
1675 2386 1788 2422 poena
1818 2373 2045 2411 innocentiae

1050 2443 1163 2476 meae,
1186 2445 1299 2481 quam
1318 2445 1429 2482 poena
1450 2431 1716 2468 inobedientia:
1741 2433 1925 2469 humanae.

1101 2492 1162 2528 37.
1184 2493 1236 2527 Ec
1254 2494 1479 2539 clarificavi,
1504 2492 1625 2540 inquit
1645 2495 1768 2537 Pater,
1789 2502 1825 2528 ct
1851 2494 2043 2539 clarifica—

1047 2550 1089 2585 bo
1105 2550 1131 2586 ⁸.
1149 2554 1230 2587 Jam
1255 2552 1457 2589 fortissimo
1475 2552 1682 2588 mediatore
1700 2565 1796 2601 opus
1814 2561 1869 2589 est
1890 2554 2044 2603 spiritus

0 2621 85 2658 ergo
103 2609 147 2645 ad
174 2613 319 2646 Patrem
342 2610 513 2646 timorem
546 2609 697 2655 habuit,
721 2609 783 2645 sed
815 2608 980 2658 justum,
1002 2608 1034 2641 D
1052 2610 1220 2656 consilii;
1249 2612 1335 2660 quia
1367 2612 1396 2647 si
1431 2611 1607 2660 princeps
1636 2611 1766 2647 mundi
1796 2612 2042 2662 intelligeret,

0 2666 60 2703 sed
80 2668 245 2714 filialem,
266 2682 334 2718 per
351 2683 462 2718 quem
492 2670 527 2705 in
555 2668 730 2705 omnibus
751 2669 885 2705 honori
907 2669 988 2718 ejus

0 2726 129 2763 ‹lt-tulit
142 2755 151 2771 ,
169 2727 316 2773 dicens,
336 2730 443 2763 [Heus
473 2728 573 2763 cibus
600 2738 653 2764 cst
664 2756 675 2771 ‚
697 2737 736 2763 uc
752 2727 897 2774 faciam
917 2742 987 2764 vo-

0 2787 176 2820 luntatem
206 2786 329 2821 Patris
359 2791 431 2821 zuei
457 2791 519 2834 qui
548 2788 584 2822 in
614 2789 713 2822 coelis
745 2786 824 2822 (¹³1⁵
849 2801 856 2822 z
884 2796 921 2823 et
950 2788 986 2823 in

2 2843 165 2889 Psalmo,
196 2847 359 2880 La‘eetur
384 2858 446 2880 cor
469 2859 585 2880 meum
599 2873 609 2888 ,
630 2855 667 2880 ut
699 2850 827 2881 liment
854 2860 986 2882 nomen

119 2901 147 2947 (ἱ,
168 2911 205 2939 et
223 2912 355 2940 caetera
377 2905 493 2939 multa
523 2904 558 2940 in
588 2904 687 2940 hunc
721 2905 887 2941 modum.
919 2909 988 2942 Per

0 2974 110 3009 quem
131 2962 241 2998 etiam
259 2971 297 2999 et
315 2977 352 2999 se
373 2963 493 3012 ipsum
513 2963 711 3000 videbatur
727 2963 900 3013 abjicere,
922 2964 986 3000 Ιιιι-

1 3020 142 3056 miliare
156 3048 164 3061 ,
182 3022 391 3071 negligere,
415 3032 454 3057 ut
470 3036 567 3072 opus
581 3023 682 3072 quod
703 3037 769 3073 per
788 3037 872 3059 eum
896 3025 986 3059 sere-

2 3088 55 3115 rat
72 3083 194 3126 Pater,
207 3080 269 3116 sed
289 3081 462 3131 perierat,
487 3091 698 3132 reparatum
713 3092 747 3119 et
764 3092 984 3120 renovatum

0 3138 31 3174 ei
54 3147 178 3187 posset
201 3141 472 3189 reconsignare.

2 2913 60 2937 Ilm
64 2916 98 2937 m

51 3271 143 3302 ¹1sai.
162 3284 235 3309 ι.ιιι,
253 3277 283 3303 3.
299 3291 343 3295 -
369 3280 379 3294 ²
399 3274 511 3306 Mallh.
529 3287 573 3308 xi.
595 3279 648 3306 22).
670 3294 710 3298 —
739 3276 750 3297 -3
767 3276 833 3306 lsai.
852 3287 898 3313 xi,
921 3280 981 3306 1-3,

8 3327 75 3352 11,>
127 3330 138 3352 7
155 3327 243 3354 ,ΙυειιιΙ
263 3336 344 3360 xvii,
370 3330 395 3356 1.
472 3327 702 3363 ⁵1tl.x1=,·›.s.
734 3347 743 3349 μ
774 3334 789 3355 ἱ»
805 3332 812 3358 Ι
829 3330 898 3358 (lor.
919 3340 953 3360 ιι,
977 3334 1006 3358 S.

159 3395 247 3417 Tum.
280 3396 312 3417 Υ.

1055 2682 1248 2718 nunquam
1278 2670 1483 2707 Dominum
1511 2670 1637 2718 gloria!
1668 2671 1943 2720 crucifigente».
1974 2675 2044 2708 Per

1054 2730 1180 2765 onmia
1194 2742 1284 2779 ergo
1299 2730 1476 2765 virtutem
1497 2729 1530 2765 ei
1547 2729 1750 2764 divinitatis
1771 2730 1986 2776 occultans,
2009 2739 2045 2767 et

1054 2789 1170 2824 solam
1192 2789 1224 2825 ei
1247 2789 1369 2825 carnis
1388 2787 1644 2824 infirmitatem
1669 2788 1884 2836 prael'ereus,
1907 2789 2047 2838 perju-

1054 2848 1190 2884 stitiam
1211 2849 1297 2884 vitae
1315 2861 1391 2883 sure
1413 2847 1589 2883 invidiam
1608 2847 1798 2883 suscitavit
1816 2847 1960 2884 hostilis
1983 2862 2046 2885 ne-

1054 2907 1181 2955 quitia:
1204 2922 1210 2942 :
1234 2920 1302 2956 per
1329 2907 1585 2942 infirmitatem
1619 2919 1694 2941 sua·
1721 2906 1842 2941 earnis
1862 2919 1966 2955 spem
1991 2907 2042 2943 illi

1054 2967 1211 3002 eontulit
1241 2966 1428 3010 rit-toriae,
1458 2965 1504 3001 ad
1537 2965 1741 3001 taciendam
1773 2965 1950 3002 iuvidiam
1980 2981 2044 3003 ae-

1053 3025 1274 3061 eedentibus
1306 3026 1513 3069 miraculis,
1533 3024 1672 3073 quibus
1698 3025 1963 3061 reconciliandi
1988 3027 2045 3062 sui

1054 3085 1163 3120 iidem
1181 3086 1217 3121 in
1235 3099 1273 3120 se
1293 3084 1509 3121 roborabat.
1536 3088 1720 3134 Deceptus
1737 3086 1913 3134 :uniquus
1933 3086 2046 3121 dere-

1053 3152 1153 3192 ptor,
1172 3157 1320 3193 'iu-uani
1343 3144 1497 3193 peceati,
1520 3152 1677 3180 mortem
1697 3144 1833 3179 seilicet
1857 3145 2047 3181 atrocissi-

1789 3280 1803 3296 ‘'
1824 3277 1901 3307 l'sssl.
1921 3290 2041 3310 lxxxx,

1075 3276 1088 3301 -3
1114 3277 1190 3307 l'sal.
1214 3288 1307 3313 xviii,
1338 3282 1366 3305 (ἲΔ
1450 3276 1568 3307 'ninam
1585 3289 1627 3310 iv.
1652 3280 1704 3307 Lt'i.
1745 3296 1749 3297 ν

1824 3391 1829 3422 Ι
1843 3393 1862 3417 b
