2418 3949
175 251 222 287 25

913 253 962 287 IN
994 251 1218 293 CANTJCA,
1247 251 1408 287 SERMO
1438 254 1485 286 ΙΙ.

2179 252 2229 288 96

1193 324 1205 341 “
1231 327 1380 363 nonnisi
1407 327 1511 363 illum
1533 326 1723 376 suscipere
1744 325 1852 362 novit
1873 341 1880 363 ε
1903 334 1940 362 et
1963 335 2018 362 est
2040 326 2223 373 brevitas,

170 404 1168 417 ..................................................................
1186 388 1215 421 Α
1234 398 1317 434 quae
1337 385 1441 422 illua]
1463 387 1573 436 plene
1593 386 1782 435 suscipere
1798 386 1940 435 nequit,
1955 386 2024 422 Illa
2040 386 2228 424 charitatis

486 533 734 591 SERMO
778 534 850 587 II.

207 684 244 712 ln
261 681 372 714 lectulo
386 692 452 712 meo
461 692 518 726 per
535 686 641 711 noctes
654 680 780 725 quoesivc'
797 690 885 724 quem
903 677 1007 722 diligit
1021 677 1126 708 anima

421 746 501 766 mea.
519 733 638 766 Cantic.
657 745 725 776 cap.
743 746 802 772 111,
823 732 862 771 js.
884 736 912 766 1.

559 857 771 871 ᾉὮσοον*

224 979 255 1015 l.
275 980 396 1028 Super
415 978 593 1014 hesterno
616 976 783 1027 capitulo
803 976 1030 1013 hodiernum
1053 975 1162 1013 vobis

166 1037 417 1075 instauramus
447 1037 678 1074 convivium.
711 1040 788 1073 Nec
815 1036 914 1072 enim
944 1034 996 1071 ibi
1026 1044 1160 1072 cuncta

165 1096 266 1134 dicta
291 1105 379 1134 sunt
408 1110 492 1146 quae
521 1096 680 1133 dicenda
709 1103 915 1132 occurrunt
946 1108 953 1130 :

162 1169 255 1193 vero
280 1169 350 1193 nec
375 1164 470 1192 tacta
495 1155 646 1205 quidem
674 1163 773 1191 sunt.
794 1155 862 1191 Illa
888 1154 960 1190 hoe
987 1166 1161 1190 sermone

163 1213 398 1251 discutienda
418 1214 642 1264 suscipimus
673 1229 681 1250 ι
709 1213 747 1249 id
774 1221 847 1260 est,
871 1226 940 1250 cur
968 1211 1085 1259 dicat,
1112 1215 1159 1248 In

163 1277 316 1319 lectul05
331 1282 369 1311 et
385 1287 481 1320 non,
498 1277 542 1310 In
562 1273 659 1310 lecto
675 1287 682 1310 :
701 1281 738 1309 et
756 1286 834 1319 cur,
853 1276 898 1309 In
916 1275 1048 1309 lectulo
1066 1287 1156 1309 mee.

161 1337 254 1371 Nam
275 1332 363 1370 alibi
382 1333 562 1372 lectulum
581 1341 751 1369 nostrum
773 1333 897 1370 dicere
917 1332 1113 1369 consuevit
1130 1339 1153 1368 ¹.

161 1396 250 1430 Haec
270 1401 441 1443 reputate
469 1392 579 1429 vobis
605 1393 643 1429 in
671 1401 822 1429 sortem.
844 1392 882 1429 Si
909 1391 1000 1441 quid
1028 1400 1153 1429 autem

159 1464 268 1488 novae
288 1451 554 1502 disputationis
575 1464 689 1502 super
709 1451 754 1488 iis
779 1464 863 1501 quae
886 1451 965 1500 jam
992 1450 1154 1488 discussa

158 1520 247 1548 sunt
267 1511 453 1561 adjecerO,
472 1512 624 1565 intlucri
651 1512 835 1548 rationem
864 1511 920 1562 (ut
945 1511 997 1548 sic
1018 1510 1154 1561 dicam)

157 1571 306 1608 referte.
327 1570 426 1619 Quid
447 1570 587 1620 putatis
608 1571 775 1619 mysterii
798 1570 919 1620 signat
942 1570 1014 1606 hoc
1029 1570 1153 1620 ipsum

154 1630 257 1679 quod
275 1630 380 1675 dicit,
402 1632 446 1665 ln
466 1632 626 1666 lectulo?
642 1629 810 1666 laudisne
828 1629 981 1679 aliquod
999 1630 1155 1666 occultae

151 1690 344 1737 continet,
364 1689 730 1739 anssuggillatioiiisi'
752 1690 831 1726 Etsi
855 1698 1061 1738 utrumque
1080 1702 1153 1739 po-

154 1757 243 1796 test,
273 1748 452 1785 libentius
480 1756 604 1784 tamen
635 1748 695 1785 hic
722 1748 871 1785 laudem
901 1749 1045 1799 accipio
1074 1764 1082 1786 :
1112 1757 1148 1785 et

152 1807 238 1845 ideo
257 1808 430 1858 primitus
448 1808 487 1844 in
506 1807 607 1844 hunc
631 1820 782 1844 sensum
802 1807 1039 1845 inflectamus
1063 1821 1145 1844 ser-

986 1094 1157 1144 quaedam
1180 1093 1206 1127 Β

1227 453 1284 482 est
1303 454 1344 482 et
1368 445 1573 495 disciplinae
1591 461 1599 482 :
1617 446 1697 482 haec
1718 458 1824 491 vero,
1844 446 2071 483 infirmitatis
2097 456 2134 484 et
2159 462 2228 484 na-

1230 512 1334 541 turae.
1348 508 1517 553 Utraque
1530 503 1695 540 brevitas
1710 504 1865 553 intelligi
1878 513 2003 554 potest
2017 506 2054 541 in
2072 506 2224 551 lectulo,

1227 564 1286 599 vel
1315 577 1388 613 qua
1415 577 1500 600 cum
1532 564 1662 613 plures
1694 576 1770 599 non
1794 563 1931 600 dilecto
1960 565 2134 614 suscipit,
2166 567 2224 602 vel

1228 635 1302 672 qua
1321 635 1391 659 nec
1410 623 1516 658 illum
1539 623 1662 672 plene.
1683 626 1818 672 Magna
1844 631 1944 660 certe
1973 624 2148 674 voluptas
2169 625 2225 661 le-

1228 681 1339 728 ctuli,
1355 681 1419 718 sed
1437 695 1571 730 magna
1585 681 1751 718 brevitas
1771 697 1779 718 z
1796 691 1834 718 et
1850 682 1935 719 ideo
1950 682 2047 720 bene
2066 685 2226 721 lectulus

1229 741 1344 789 magis
1367 754 1479 790 quam
1499 742 1617 777 lectus
1637 741 1786 777 dicitur.

1280 800 1316 837 2.
1347 799 1587 837 Delectabilis
1614 800 1774 836 lectulus
1802 809 1858 837 est
1888 801 1933 837 de
1963 815 2038 851 quo
2066 803 2156 852 legis
2187 805 2222 840 in

1227 859 1441 896 Proverbiis
1456 874 1464 896 :
1487 861 1623 895 Secura
1641 873 1743 894 mens
1759 861 1969 908 quasijuge
1985 866 2182 898 convivium
2195 864 2222 899 ⁴.

1227 920 1334 956 Foris
1360 932 1456 966 nox,
1477 919 1566 956 foris
1597 918 1778 964 turbatio,
1807 919 1871 955 sed
1893 921 2141 969 tranquillitas
2166 923 2224 958 in-

1228 985 1286 1014 tus
1312 979 1419 1028 quasi
1446 978 1582 1028 quietis
1604 978 1763 1014 lectulus
1783 978 1948 1026 quidam.
1967 982 2050 1015 Non
2081 988 2136 1016 est
2166 981 2224 1016 hic

1225 1036 1319 1073 illud
1335 1036 1576 1073 lamentabile
1590 1036 1713 1073 dicere
1730 1051 1737 1072 ε
1752 1039 1859 1072 Foris
1876 1039 2048 1084 interficit
2057 1041 2220 1086 gladius,

1225 1106 1261 1132 et
1278 1099 1378 1132 (lomi
1397 1110 1494 1132 mors
1517 1100 1650 1132 similis
1673 1105 1725 1131 est
1739 1095 1765 1131 ⁵.
1788 1099 1870 1132 Imo
1899 1097 1929 1133 si
1961 1097 2051 1133 soris
2078 1099 2222 1147 gladius

1226 1163 1304 1200 est,
1324 1156 1425 1192 intus
1449 1155 1640 1205 gaudium.
1660 1157 1753 1203 Spe,
1774 1156 1915 1204 inquit,
1934 1159 2157 1205 gaudentes,
2184 1162 2220 1192 in

1225 1213 1460 1250 tribulatione
1494 1213 1725 1263 patientes-⁶.
1753 1214 1811 1252 Ad
1849 1223 1999 1251 noctem
2032 1215 2222 1253 tribulatio

1225 1273 1400 1320 refertur,
1426 1273 1472 1310 ad
1501 1275 1677 1310 lectulum
1710 1286 1794 1323 spes
1823 1282 1860 1310 et
1890 1274 2079 1323 gaudium.
2112 1279 2223 1312 Forte

1223 1339 1381 1380 propter
1410 1332 1482 1368 hoc
1513 1345 1590 1368 non
1617 1332 1775 1377 lectum,
1796 1331 1861 1368 sed
1893 1332 2070 1368 lectulum
2092 1334 2224 1382 appel-

1222 1389 1290 1435 lat,
1311 1396 1449 1439 parcoa
1476 1390 1683 1436 vocabulo;
1706 1391 1884 1440 quoniam
1905 1399 2024 1427 totum
2044 1392 2220 1440 gaudium

1220 1458 1391 1487 nostrum
1411 1451 1488 1487 fere
1509 1451 1547 1487 in
1568 1464 1634 1501 spe
1655 1459 1710 1487 est
1732 1451 1853 1488 adhuc
1874 1459 1910 1487 et
1929 1464 1976 1487 ex
2002 1460 2124 1501 parte.
2146 1456 2219 1488 1³0—

1220 1522 1291 1545 nus
1305 1522 1393 1559 crgo
1407 1510 1567 1546 lectulus
1581 1511 1818 1546 conscientia*
1828 1540 1837 1555 ‚
1851 1511 1957 1560 quies
1971 1520 2007 1547 et
2023 1512 2217 1549 munditia.

1220 1570 1295 1605 Cor
1315 1568 1421 1618 impii
1447 1569 1553 1618 quasi
1581 1582 1684 1605 mare
1706 1570 1874 1614 fervens,
1897 1570 2000 1619 quod
2027 1571 2218 1619 quiescere

1221 1641 1296 1664 non
1319 1636 1461 1677 potest,
1488 1628 1552 1665 sed
1576 1629 1790 1666 redundant
1808 1630 1944 1666 fluctus
1962 1630 2000 1666 in
2021 1632 2220 1667 conculca-

1220 1688 1361 1724 tionem
1383 1696 1420 1724 et
1448 1689 1581 1724 lutum.
1604 1691 1669 1724 Est
1688 1701 1777 1737 ergo
1798 1702 1863 1724 cor
1885 1689 1991 1738 impii
2018 1689 2217 1726 turbulen-

1220 1755 1317 1793 tum,
1339 1756 1375 1783 et
1395 1746 1584 1792 tabidum,
1607 1756 1644 1783 et
1659 1748 1844 1793 lutosum,
1867 1756 1903 1783 et
1919 1761 2044 1785 secum
2067 1762 2217 1798 semper

1213 1807 1431 1843 colluctans.
1453 1807 1645 1856 Siquidem
1669 1820 1746 1843 nou
1769 1816 1825 1843 est
1849 1820 1922 1856 pax
1948 1808 2071 1857 impiis
2086 1815 2098 1838 7
2119 1823 2126 1844 ;
2155 1822 2214 1845 re-

152 1880 317 1904 monem.
335 1871 413 1917 Ego
434 1867 546 1916 plane
565 1867 603 1903 in
624 1867 697 1903 hoc
717 1866 837 1904 verbo
854 1867 1147 1904 coarctationem
1167 1865 1194 1901 C
1216 1879 1331 1916 gnum
1359 1881 1450 1903 vero
1479 1868 1547 1904 Dei
1576 1867 1721 1916 justitia
1746 1876 1802 1904 est
1828 1876 1864 1903 et
1885 1881 1957 1917 pax
1974 1866 2001 1904 8.
2024 1871 2069 1903 In
2092 1882 2210 1916 pace,

150 1926 352 1976 quamdam
378 1926 559 1976 intelligo,
585 1934 627 1962 ut
646 1926 716 1963 soli
735 1939 862 1963 secum
882 1926 1020 1962 dilecto
1041 1927 1148 1962 suffi-

149 1985 232 2022 ciat.
249 1987 325 2022 Cur
340 1985 439 2022 enim
456 1998 533 2021 non
551 1985 587 2021 in
610 1984 712 2021 bono
729 1986 933 2022 coarctatio
953 1985 1148 2034 accipitur,

150 2045 180 2081 si
193 2045 298 2081 strati
312 2045 480 2081 dilatatio
495 2045 533 2081 in
554 2043 737 2094 probrum
754 2045 940 2081 vertitur?
956 2046 1146 2088 Dilatasti,

151 2104 273 2154 inquit
296 2104 481 2141 Dominus
501 2117 569 2153 per
588 2104 832 2153 prophetam,
851 2113 1003 2140 stratum
1024 2114 1146 2148 mum,

144 2169 264 2210 juxta
283 2176 341 2199 me
358 2167 551 2211 suscepisti
568 2164 771 2199 adulterum
788 2167 813 2198 ².
828 2162 941 2199 Vides
956 2161 1149 2210 quomodo

151 2220 389 2270 objurgando
409 2228 446 2256 et
474 2219 740 2270 exprobrando
762 2220 867 2256 strati
891 2219 1057 2256 dilatatio
1078 2219 1150 2256 ob-

147 2278 279 2327 jicitur
306 2278 439 2314 animae
463 2277 654 2314 adulterae.
687 2280 833 2315 Bonum
867 2285 924 2314 est
948 2290 1038 2327 ergo
1071 2291 1150 2314 non

151 2336 329 2383 dilatare,
355 2336 421 2374 sed
442 2336 557 2385 magis
578 2336 802 2373 contrahere
823 2344 982 2373 stratum
1006 2337 1149 2387 cogita—

153 2395 284 2442 tionis,
301 2404 338 2432 et
357 2395 481 2432 cordis
499 2393 692 2432 lectulum.
711 2395 802 2432 Ideo
821 2408 959 2446 sponsa
971 2395 1059 2445 jure
1077 2397 1148 2434 sibi

153 2455 351 2505 applaudit
375 2454 421 2491 de
446 2455 597 2491 lectulo.
622 2455 908 2504 Coangustatum
933 2465 1003 2500 est,
1027 2456 1150 2506 inquit

152 2515 354 2564 propheta,
374 2523 549 2559 stratum,
569 2518 623 2549 ita
646 2523 684 2550 ut
700 2518 796 2550 alter
814 2517 966 2551 decidat
982 2530 994 2551 :
1011 2525 1045 2552 et
1059 2520 1149 2564 pal-

154 2576 242 2610 Il'llm
259 2574 361 2610 breve
374 2582 567 2622 uerumque
581 2578 725 2622 operire
740 2588 814 2610 non
825 2583 948 2622 POCPSl
960 2573 986 2612 3.
1008 2578 1151 2612 ζῙὶῙῚΙΠΙ·

1215 1927 1354 1975 inquit,
1372 1931 1410 1962 ιή
1426 1929 1469 1962 id
1482 1932 1600 1975 ipsum
1617 1929 1800 1963 dormiam
1819 1937 1854 1962 et
1866 1932 2106 1975 requiescam,
2128 1942 2215 1975 qno-

1215 1990 1320 2022 m'am
1337 1995 1393 2030 tu,
1413 1991 1589 2032 Domine,
1608 1990 1848 2033 singulariter
1862 1992 1899 2022 ιή
1917 2001 1981 2036 spe
1995 1992 2216 2023 constituisti

1216 2059 1273 2081 me
1286 2052 1312 2081 9.
1343 2049 1558 2095 Utrumque
1587 2046 1851 2096 complectitur
1875 2047 1955 2095 spei
1987 2060 2145 2090 nomen,
2178 2056 2214 2082 et

1215 2103 1395 2139 lectulum
1414 2112 1451 2139 et
1469 2103 1646 2152 gaudium
1667 2119 1674 2140 :
1697 2103 1785 2152 quia
1803 2105 1839 2139 in
1857 2118 1923 2153 spe
1939 2104 2158 2153 gaudemus,
2177 2114 2214 2141 et

1215 2162 1255 2198 in
1275 2175 1340 2211 spe
1358 2163 1639 2211 requiescimus.
1658 2162 1729 2198 Sed
1746 2163 1846 2199 unde
1864 2177 1948 2213 spes
1963 2164 2033 2200 nisi
2050 2164 2095 2200 dc
2111 2177 2213 2201 secu-

1217 2222 1325 2258 ritate
1342 2222 1606 2258 conscientiae?
1624 2225 1713 2258 Jure
1733 2223 1911 2259 lectulum
1930 2223 2087 2260 dixerim
2109 2237 2214 2260 men—

1216 2289 1289 2316 tem
1306 2294 1474 2317 securam
1493 2289 1530 2317 ct
1550 2280 1704 2318 liberam
1729 2296 1737 2318 :
1759 2295 1927 2319 securam
1946 2292 2103 2332 propter
2123 2297 2215 2320 con—

1216 2340 1379 2376 scientiae
1401 2339 1566 2386 bonum3
1595 2340 1752 2377 liberam
1777 2350 1902 2378 autem
1932 2355 1951 2378 a
1981 2344 2186 2380 tentatione
2203 2373 2212 2388 ‚

1216 2396 1371 2435 liberam
1406 2398 1453 2435 ab
1488 2400 1677 2435 exteriore
1708 2401 1976 2450 occupatione,
2009 2401 2163 2438 liberam
2195 2418 2215 2439 a

1215 2457 1288 2493 levi
1318 2458 1556 2507 cogitatione.
1584 2462 1734 2506 Quanta
1763 2467 1887 2495 tamen
1916 2472 1996 2496 esse
2025 2469 2147 2510 potest
2176 2463 2212 2498 in

1216 2517 1288 2553 lioc
1307 2530 1469 2567 corpore
1489 2518 1596 2567 quies
1615 2526 1653 2554 et
1677 2517 1830 2555 libertas
1851 2520 2012 2556 mentis?
2032 2522 2159 2557 Brevis
2179 2530 2214 2557 et

1217 2575 1370 2625 exigua,
1388 2585 1426 2612 et
1448 2576 1586 2613 lectulo
1607 2577 1738 2614 similis
1759 2587 1930 2627 angusto.
1952 2580 2111 2616 Multum
2131 2581 2216 2616 inde

153 2646 243 2681 que,
265 2632 304 2669 id
331 2640 406 2677 est,
436 2632 559 2669 virum
588 2641 625 2669 et
649 2632 873 2670 adulterum.
901 2637 1020 2671 Breve
1047 2636 1147 2672 enim
1167 2638 1200 2672 D
1217 2636 1387 2686 decerpit
1412 2637 1604 2673 reficiendi
1627 2638 1827 2675 necessitas
1844 2640 2033 2688 corporis,
2058 2641 2216 2676 multum

154 2700 192 2729 et
217 2699 416 2741 angustum
437 2700 493 2728 est
520 2705 585 2728 cor
615 2691 779 2728 hominis
805 2693 851 2728 ad
881 2694 1149 2743 concipiendas

153 2751 223 2788 Dei
243 2750 349 2787 verbi
372 2750 541 2795 delicias,
559 2751 670 2788 etiam
690 2764 774 2787 cum
797 2752 834 2787 in
857 2751 919 2788 illa
941 2760 1059 2790 totum
1080 2767 1148 2790 cx-

156 2809 334 2847 tenditur.
354 2809 554 2858 Quomodo
572 2823 648 2846 non
668 2811 787 2847 multo
804 2810 974 2858 brevius,
991 2813 1021 2850 si
1039 2813 1150 2850 suerit

155 2868 202 2905 ad
221 2869 293 2905 alia
311 2868 542 2905 distentum?
564 2869 732 2906 Sufficiat
747 2869 884 2907 dilecto
903 2880 968 2907 tuo
989 2873 1046 2908 vel
1069 2872 1149 2909 bre-

156 2928 250 2965 vitas
269 2928 350 2965 ista.
371 2928 457 2965 Noli
485 2929 587 2965 illam
615 2929 731 2979 magis
756 2929 945 2976 breviare,
968 2931 1148 2969 lectulum

155 2988 471 3025 communicando
488 2989 606 3025 alteri.
628 2993 732 3026 Bona
749 2990 901 3039 quidem
921 2990 1000 3027 liaec
1021 2990 1148 3028 brevi·

158 3054 211 3086 tas
236 3047 381 3093 lectuli,
407 3061 491 3097 quae
512 3048 629 3084 nescit
654 3048 724 3085 nisi
755 3048 931 3086 dilectum
960 3063 1088 3095 suum,
1113 3051 1148 3087 id

156 3114 211 3142 est
226 3105 412 3144 Christum
424 3136 434 3154 ‚
452 3108 652 3158 suscipere.
672 3112 737 3145 Est
751 3109 851 3145 enim
867 3108 1047 3157 brevitas,
1065 3124 1150 3160 qum

208 3244 215 3258 ¹
235 3239 352 3270 Cantic.
370 3251 380 3269 ι
396 3264 404 3278 ,
429 3244 540 3272 istu,

163 3294 211 3322 12.
233 3309 265 3313 v·
289 3292 488 3327 7lsai.1.vu‚
510 3297 551 3322 20
566 3317 573 3326 ,
598 3298 651 3324 21.
668 3313 677 3316 ,

203 3353 215 3366 “
235 3350 269 3381 ld
285 3355 327 3380 est
343 3374 350 3386 ,
382 3348 575 3382 diminutivo.

568 3247 579 3262 ²
595 3241 666 3272 lsai.
684 3253 746 3272 [vti
762 3267 769 3277 ,
795 3247 825 3274 8.
844 3261 886 3264 ⁷--
904 3241 977 3273 31d.
998 3255 1101 3273 xxvii!
1117 3268 1123 3279 ,
1146 3248 1198 3274 20.
1216 3264 1252 3267 ——
1278 3243 1290 3267 4
1312 3242 1404 3274 Prov.
1427 3255 1480 3278 xv.
1504 3248 1553 3274 15).

733 3296 745 3316 δ’
766 3298 851 3324 Rom.
871 3306 938 3328 xtv.
969 3298 1016 3325 17.
1034 3315 1075 3318 ἢν
1091 3303 1106 3319 ⁰
1124 3296 1199 3326 l‘sal.
1217 3308 1261 3332 tv,
1282 3301 1299 3326 ⁸)
1317 3321 1324 3333 ,
1348 3301 1396 3326 10.

1213 2696 1463 2745 conquirendi
1480 2710 1564 2745 quae
1590 2698 1797 2734 necessaria
1819 2707 1907 2734 sunt
1923 2712 2031 2744 cura,
2053 2700 2213 2735 multum

1214 2754 1461 2791 consumendi
1482 2755 1595 2800 hora,
1618 2757 1777 2793 multum
1800 2757 1933 2793 anim-”e
1960 2771 2065 2794 casus
2086 2758 2211 2794 inuni-

1215 2827 1327 2858 nens,
1351 2815 1511 2850 multum
1533 2828 1642 2852 causa
1664 2816 1792 2852 latens.
1821 2820 1951 2852 Gloria
1981 2827 2105 2852 nostra
2135 2819 2214 2852 lnvc

1217 2883 1292 2917 est,
1332 2874 1455 2922 iuquit
1490 2875 1628 2911 Paulus
1647 2904 1656 2919 ‚
1695 2881 1943 2911 testinmteinm
1982 2883 2215 2913 conss-(entim

1216 2940 1410 2969 nostrcem.
1434 2935 1545 2970 Suari
1576 2944 1676 2971 certe
1703 2949 1742 2972 se
1773 2936 1975 2972 collocarat
1997 2937 2032 2972 in
2060 2937 2211 2973 lectulo.

1217 2993 1336 3035 Nihil,
1363 2993 1433 3038 ait,
1454 2994 1546 3028 milti
1566 2999 1733 3030 conscias
1754 3008 1847 3030 sum.
1866 2995 1937 3031 Sed
1964 3003 2145 3043 quantum
2170 2996 2214 3031 il-

1216 3052 1293 3087 lum
1325 3050 1455 3088 dilatat
1485 3061 1522 3088 ct
1554 3053 1744 3099 extendit3
1773 3054 1888 3103 magis
1909 3054 2020 3089 istum
2041 3063 2157 3090 arctat
2179 3063 2213 3089 ct

1216 3110 1403 3148 contrahit
1423 3127 1429 3147 :
1449 3113 1523 3147 Sed
1549 3117 1586 3148 in
1616 3114 1701 3155 lenc,
1731 3113 1869 3162 inquit,
1892 3115 2119 3161 justficatus
2143 3128 2213 3148 rwn

1863 3250 1916 3275 zio.

1612 3265 1615 3266 ν
1638 3244 1650 3265 5
1666 3245 1782 3275 'itu-on.
1808 3258 1836 3277 ι,
1976 3264 1983 3267 —
2003 3247 2017 3266 (-
2036 3249 2121 3274 Ιὶυιιι.
2143 3256 2188 3275 >11
2206 3270 2211 3279 ,

1480 3303 1507 3316 '⁰
1525 3300 1549 3327 ll
1566 3300 1636 3327 (for.
1656 3309 1662 3327 ι
1679 3321 1685 3332 ,
1716 3301 1765 3327 12.
