2504 3928
327 348 339 352 -
382 305 542 348 aspicia!
575 305 778 338 nuditatem
803 308 880 347 (jas
906 317 916 337 .·

384 110 448 143 73⁸1
1141 112 1428 147 (ulli-tlttitt't't
1463 111 1668 144 Atttm'sls.

2349 104 2422 139 :38⁸

383 199 442 226 ιιι,
466 197 656 235 lusumque
680 188 967 222 ulnmam1lulc·.
996 189 1059 222 l'w
1079 193 1142 235 qui
1161 197 1286 235 potum
1308 184 1650 234 da!'¹''despcratio
1673 182 1856 232 quaedam.
1879 185 1981 216 Nunc
1998 189 2121 216 autem
2144 180 2254 215 solito
2273 180 2424 215 uberius

381 246 496 278 amico
522 259 608 288 sm),
637 250 780 280 'niuem-
806 244 866 290 ⁸lb!
891 258 994 280 seeum
1028 254 1063 279 et
1091 246 1276 281 inebrians
1293 272 1301 287 ,
1332 254 1370 280 ut
1390 247 1415 279 Α
1437 243 1620 288 exerevit,
1650 250 1686 277 ct
1715 241 1901 277 increbuit
1928 239 2152 276 desiderium
2169 267 2178 284 ,
2213 239 2424 287 exarsitque

942 303 1142 351 replebitur
1173 308 1376 352 ignominia

378 372 447 405 pro
467 363 584 406 gloria
601 368 624 396 ¹.

438 418 471 452 3.
507 422 695 465 Quorsum
732 419 824 463 ista,
858 419 989 463 frater,
1022 420 1091 456 nisi
1122 429 1161 455 ut
1187 420 1376 457 lenitatem

387 484 485 510 tuam
509 478 790 521 commendem,
815 478 1061 514 condemnem
1084 487 1207 515 autem
1239 479 1375 527 iniqui-

387 542 496 570 tatem
532 540 681 572 meam?
712 537 781 573 Sed
821 538 998 586 quoniam
1034 539 1185 586 longum
1224 546 1275 574 est
1311 551 1378 586 per

386 594 528 641 singula
549 608 700 631 currere
721 597 880 645 capitula
895 625 903 641 ‚
923 596 1078 632 verbum
1099 596 1163 632 tibi
1185 596 1377 632 abbrevia-

389 659 465 687 tum
490 661 526 687 et
552 667 816 690 consummans
844 655 949 690 facio.
984 655 1208 704 Insipienter
1232 656 1377 690 locutus

387 723 488 754 suni,
509 720 545 747 ct
562 713 664 760 quasi
685 726 757 749 una
779 713 824 748 de
850 714 972 750 stultis
991 713 1219 749 mulieribus.
1251 717 1377 761 Agno-

385 782 448 805 sco
469 770 646 807 delictum
666 787 673 808 ε
694 773 855 821 ignosce,
874 782 924 808 tu.
947 776 1110 821 Rogatus
1133 785 1209 808 non
1227 771 1378 820 negabis

389 830 559 874 veniam,
583 844 693 879 quam
716 831 828 879 gratis
849 831 972 867 offers.
998 835 1145 867 Possem
1165 830 1376 866 excusatio—

389 900 454 924 nes
468 890 699 937 praetcndere
713 918 722 934 ,
741 898 936 926 attenuare
951 890 1219 925 immanitatem
1238 898 1375 933 reatus,

1443 304 1478 338 in
1500 299 1835 350 concupiscentiam
1857 298 2113 335 conversionis
2134 306 2225 343 tuze,
2245 306 2426 346 concepta

1439 361 1516 409 jam
1535 373 1621 410 spe,
1643 358 1706 394 scd
1732 358 1818 393 satis
1848 357 1949 393 tenui
1963 385 1973 401 ,
1995 356 2041 392 de
2061 355 2184 391 verbis
2205 356 2275 392 tuis
2296 371 2303 392 :
2326 355 2426 391 veri-

1447 429 1504 456 tus
1522 427 1532 468 (
1547 418 1648 467 quod
1669 430 1758 466 pace
1776 424 1836 452 tua
1859 414 2045 464 dixerim)
2068 428 2114 451 ne
2135 414 2247 451 von-ba
2268 415 2328 450 illa
2354 414 2427 450 levi

1445 477 1507 513 tibi
1525 476 1687 525 quodam
1708 474 1915 510 exciderint
1935 474 2069 509 mentis
2086 473 2245 522 impulsu
2264 485 2430 509 momen-

1444 545 1565 573 taneo.
1589 535 1661 572 Sed
1687 534 1825 569 dixeris
1856 546 1898 569 ea
1930 541 1967 568 ut
1996 532 2106 577 libet,
2137 540 2174 567 ct
2205 531 2341 568 suerint
2370 531 2428 567 vel

1445 596 1552 631 nimis
1581 593 1799 643 promptulo
1825 591 2095 640 subitaneoque
2121 592 2245 640 elapsa
2273 591 2428 633 affectu,

1444 655 1499 688 vel
1521 652 1678 702 provida
1699 650 1968 687 deliberatione
1997 651 2165 699 prolata,
2187 650 2342 686 omnino
2363 649 2430 685 nisi

1443 713 1538 749 benc
1572 713 1617 747 dc
1649 720 1683 747 te
1721 724 1870 760 sperare
1903 723 1978 746 non
2014 723 2190 759 possum,
2227 709 2431 745 domestico

1443 771 1695 807 commonitus
1718 770 1904 818 exemplo.
1930 773 2050 817 Atque
2075 768 2216 804 utinam
2244 767 2364 816 ipsum
2397 775 2431 802 te

1445 840 1570 867 nostra
1596 837 1884 873 commoveant,
1912 829 1987 863 imo
2012 835 2275 863 commoneant
2300 838 2430 861 exem-

1444 892 1502 940 pla
1517 906 1526 935 3
1544 898 1579 925 ct
1599 889 1755 938 arreptis
1772 888 1906 937 pennis
1921 886 2104 923 columba*
2123 887 2159 922 in
2187 886 2309 921 locum
2327 885 2433 933 quie—

390 947 530 993 peccati
559 947 707 996 pondus
737 948 796 983 alii
827 948 1052 996 impingere3
1083 956 1118 983 et
1146 947 1184 983 in
1216 947 1423 984 ferientisB
1445 949 1488 984 tis
1513 948 1607 984 felici
1637 961 1694 983 me
1724 945 1950 995 compendio
1980 945 2179 994 praevoles‚
2207 943 2269 993 qui
2294 942 2434 979 tardius

389 1014 522 1053 caput,
541 1019 618 1055 quo
644 1007 861 1043 vulneratus
889 1020 988 1052 sum,
1019 1007 1158 1042 ferrum
1189 1006 1338 1042 vibrare
1367 1019 1373 1040 :

388 1064 453 1099 sed
473 1078 587 1113 parco
603 1093 611 1109 ,
640 1065 685 1101 ad
706 1079 856 1114 precem
876 1066 990 1114 magis
1013 1066 1380 1115 supplicationesque

389 1136 607 1160 conversus.
641 1125 737 1160 Nolo
771 1125 890 1168 enim,
924 1125 1013 1160 dum
1052 1125 1161 1161 scissa
1198 1125 1379 1169 resarcio,

389 1191 593 1232 utcumque
622 1192 718 1220 sarta
749 1184 979 1229 rescindo-03
1008 1192 1044 1220 et
1073 1193 1113 1220 ut
1138 1185 1235 1220 latus
1256 1196 1379 1219 meum

390 1251 606 1291 protegam,
635 1243 786 1279 alterius
807 1244 1017 1279 vulnerare.
1040 1246 1120 1279 Hoc
1151 1251 1274 1278 tamen
1305 1255 1380 1277 non

390 1300 495 1337 sileo.
522 1305 666 1337 Domus
695 1309 818 1337 vestra
847 1314 923 1336 non
952 1300 1048 1336 bene
1080 1309 1272 1349 compacta
1299 1309 1379 1344 est;

392 1361 556 1408 squamis
573 1373 612 1396 se
633 1359 912 1409 prementibus,
931 1372 1004 1395 una
1024 1360 1089 1395 uni
1121 1373 1196 1395 non
1227 1360 1383 1395 firmiter

391 1420 551 1455 coba-’ret
574 1434 580 1454 :
603 1427 641 1455 et
658 1419 766 1454 nimis
788 1419 893 1454 facile
914 1431 988 1454 non
1008 1419 1130 1467 pacis,
1151 1418 1215 1455 sed
1237 1419 1381 1454 dissen-

391 1478 505 1514 sionis
522 1478 674 1527 spiritus
692 1477 832 1513 incedit
853 1490 919 1526 per
935 1490 996 1513 eas
1011 1475 1035 1513 3.
1057 1480 1112 1513 De
1131 1485 1266 1513 caetero
1281 1476 1384 1525 quod

392 1535 489 1571 diem
518 1536 793 1585 protraxerim,
817 1535 919 1584 quod
949 1535 1012 1571 diu
1043 1536 1251 1581 noluerim,
1282 1535 1385 1584 quod

394 1596 498 1632 tarde
521 1595 637 1639 facio,
661 1594 763 1643 quod
784 1595 890 1630 oneri
920 1603 953 1630 te
977 1594 1066 1630 mihi
1090 1595 1256 1630 futurum
1278 1594 1385 1630 dixe-

392 1655 484 1700 rim,
519 1655 675 1691 strictim
705 1654 928 1703 respondeo.
955 1654 1071 1689 Multa
1100 1654 1197 1689 inter
1225 1654 1385 1702 loquen-

1443 1008 1623 1056 coeperis!
1650 1010 1768 1053 Quam
1791 1006 1901 1041 latam
1922 1012 1958 1039 ct
1980 1011 2168 1053 patentem
2190 1002 2234 1039 ad
2256 1003 2435 1039 aemulan-

1444 1064 1533 1100 dum
1577 1064 1774 1100 fenestram
1822 1062 1990 1107 dederis,
2036 1075 2123 1097 mox
2167 1061 2248 1097 aliis
2287 1060 2435 1096 futurus

1444 1122 1641 1171 exemplo,
1672 1130 1708 1158 et
1734 1130 1774 1157 ut
1799 1121 1845 1157 de
1874 1121 2012 1157 nostris
2041 1121 2278 1165 interseram,
2305 1120 2436 1168 ingens

1446 1182 1580 1219 ostium
1597 1181 1643 1217 ad
1662 1182 1810 1217 virtutis
1834 1181 1959 1217 viam!
1991 1180 2162 1229 Denique
2191 1178 2319 1215 audire
2346 1178 2436 1214 mihi

1445 1241 1579 1277 videor
1606 1241 1652 1276 de
1681 1240 1840 1278 Canticis
1870 1239 1961 1276 illud
1993 1239 2058 1275 tibi
2088 1239 2324 1275 decantatum
2356 1237 2400 1273 iri
2426 1251 2432 1271 :

1452 1300 1568 1335 Trahe
1598 1313 1662 1334 nos
1674 1308 1761 1347 post
1778 1308 1811 1334 te
1825 1326 1835 1342 ,
1857 1303 1892 1334 in
1913 1300 2025 1333 odore
2056 1306 2323 1347 unguentorum
2352 1305 2436 1331 tuo-

1448 1371 1527 1394 rum
1557 1372 1740 1394 curremus
1754 1358 1782 1393 4.

1502 1417 1538 1454 2.
1558 1417 1659 1455 Felix
1681 1417 1810 1466 plane,
1829 1425 1864 1452 et
1881 1416 1937 1452 bis
1959 1416 2043 1452 felix
2058 1443 2067 1460 ‚
2095 1415 2124 1451 si
2149 1414 2437 1451 conversionem

1451 1485 1549 1512 tuam
1582 1476 1710 1513 salutis
1741 1475 1974 1512 occasionem
2003 1475 2084 1511 aliis
2118 1473 2309 1511 effeceris:
2332 1473 2362 1510 si
2394 1472 2439 1509 ad

1450 1536 1564 1571 vitam
1585 1535 1854 1583 veritatemque
1874 1533 2052 1579 traxeris,
2085 1532 2150 1582 qui
2172 1540 2256 1581 post
2285 1540 2320 1568 te
2353 1543 2441 1567 cur-

1451 1603 1539 1630 runt
1562 1594 1693 1639 modo3
1719 1592 1890 1630 volebam
1916 1592 2065 1637 dicere,
2091 1595 2133 1628 In
2158 1591 2345 1635 vanitate,
2377 1589 2441 1626 sed

1450 1653 1592 1690 veritus
1622 1665 1723 1697 sum,
1755 1664 1802 1688 ne
1836 1652 1929 1687 forte
1957 1659 2126 1687 tenerum
2162 1658 2198 1685 et
2230 1657 2441 1686 nascentem

393 1715 481 1750 dum
507 1714 756 1763 proferimus,
775 1713 936 1749 alienum
963 1713 1078 1761 magis
1101 1713 1267 1748 animum
1291 1725 1384 1761 prae-
1403 1714 1430 1748 C
1450 1712 1570 1748 adhuc
1607 1712 1645 1748 in
1684 1711 1832 1747 Christo
1870 1711 2042 1746 affectum
2090 1709 2320 1745 contristem.
2359 1712 2440 1744 Non

393 1773 573 1810 tentando
586 1802 595 1818 ,
616 1785 726 1821 quam
749 1771 1020 1821 praecipitando
1038 1780 1222 1807 nostrum.
1240 1774 1331 1807 Nam
1348 1779 1386 1806 et

392 1833 494 1869 nude
513 1841 633 1869 tecum
656 1833 808 1880 loquar,
825 1840 861 1866 et
880 1844 924 1867 ex
943 1830 1068 1867 cordis
1083 1831 1155 1866 mei
1175 1830 1382 1866 sententia:

394 1893 606 1929 societatem
631 1899 729 1926 tuam
748 1891 877 1939 optavi
896 1898 932 1926 et
949 1898 1059 1939 opto,
1077 1889 1141 1925 sed
1166 1889 1316 1933 distuli,
1346 1896 1385 1924 ut

394 1950 630 1987 commodius
651 1950 773 1993 fieret,
795 1949 927 1985 solatio
946 1957 979 1985 te
998 1949 1133 1997 magis,
1152 1960 1263 1996 quam
1281 1947 1386 1983 oneri

396 2009 486 2046 mihi
505 2009 672 2044 futurum
697 2020 928 2056 praesumens
941 2035 950 2052 ,
974 2016 1131 2056 propter
1146 2018 1294 2042 morum
1312 2006 1387 2041 for-

394 2070 488 2106 sitan
505 2068 793 2116 studiorumque
807 2067 1105 2104 similitudinem.
1119 2067 1272 2103 Utinam
1287 2074 1389 2102 aeter-

396 2141 484 2164 num
514 2136 548 2163 te
571 2128 709 2175 magis,
736 2140 848 2175 quam
872 2126 919 2162 ad
942 2135 1090 2175 tempus
1111 2126 1286 2174 recipiam
1301 2154 1310 2171 ,
1342 2124 1388 2161 ad

396 2185 644 2229 manendum,
668 2198 744 2221 non
765 2185 810 2221 ad
833 2185 1092 2221 remeandum.
1117 2185 1218 2220 Vale.

398 2324 1379 2336 =====================================================================

659 2450 1031 2507 EPISTOLA
1076 2452 1147 2505 ΙΙ.

690 2612 734 2633 M)
754 2610 935 2640 Qut-:MDAM
959 2609 1121 2632 ΔΚΒΑΜΙᾸΜ.

405 2731 551 2758 Hortatur
592 2724 766 2761 Adamum,
798 2730 829 2755 ut
859 2723 1026 2765 aliquando
1068 2734 1185 2754 memor
1222 2724 1392 2766 propositi,

625 2778 800 2819 religiosum
822 2784 933 2808 statum
956 2778 1168 2820 amplectatur.

461 2898 491 2930 1.
513 2898 700 2941 Quantum
731 2902 765 2929 te
797 2895 944 2943 cupiam
972 2895 1009 2931 in
1030 2893 1236 2931 visceribus
1260 2894 1394 2932 Christi

402 2958 511 2997 Jesu,
546 2953 593 2988 mi
631 2952 774 2997 Adam,
806 2953 946 2988 utinam
985 2954 1064 3002 ipse
1100 2966 1249 2998 nosses,
1293 2953 1395 3001 quod

402 3021 530 3048 noster
552 3011 617 3046 tibi
646 3024 768 3046 sermo
797 3012 983 3060 explicare
1011 3025 1086 3047 non
1114 3011 1260 3047 sufficit.
1292 3016 1396 3048 Jam-

404 3070 547 3119 pridcm
570 3069 605 3105 id
633 3077 875 3117 optaveram,
907 3069 970 3106 sed
1005 3069 1237 3119 temperabat
1266 3078 1396 3106 votum

454 3196 459 3208 ¹
484 3192 573 3219 Prov.
595 3200 635 3217 xx
653 3212 659 3222 ,
682 3192 734 3218 23.
759 3207 792 3210 ——
813 3194 824 3209 ²
846 3188 963 3218 Habac.
982 3200 1019 3221 ιι,
1049 3192 1107 3223 15.
1134 3193 1185 3219 16.
1217 3208 1243 3211 -«

1450 1771 1551 1819 quod
1573 1784 1641 1819 ego
1661 1770 1795 1806 artium
1817 1769 2019 1805 eruditioni
2040 1768 2198 1817 derogO,
2233 1776 2269 1803 et
2302 1767 2441 1803 libera-

1451 1829 1540 1865 lium
1561 1829 1817 1865 doctrinarum
1841 1836 2022 1877 promptae
2043 1826 2232 1864 memoriae
2247 1855 2256 1871 ‚
2290 1834 2324 1862 et
2353 1839 2441 1875 per-

1452 1888 1586 1937 spicuae
1606 1887 1874 1937 intelligentiae,
1889 1887 1925 1922 in
1943 1886 2081 1935 quibus
2098 1886 2262 1923 scientiae
2277 1885 2445 1922 consistit

1452 1947 1657 1997 integritas.
1689 1950 1792 1983 Bona
1821 1947 1919 1982 cnim
1950 1946 2084 1982 artium
2119 1945 2275 1990 notitia,
2310 1944 2374 1981 sed
2415 1944 2444 1981 si

1454 2007 1537 2055 quis
1554 2007 1606 2041 eis
1626 2006 1788 2054 legitime
1808 2013 1955 2050 utatur,
1976 2004 2011 2040 id
2030 2012 2108 2050 est,
2132 2012 2306 2052 tanquam
2328 2002 2444 2052 gradu

1455 2066 1618 2115 quodam
1638 2074 1675 2102 et
1694 2065 1873 2114 vestigio,
1900 2077 1974 2100 non
2006 2077 2083 2113 quo
2112 2071 2231 2100 stetur
2261 2071 2298 2099 et
2328 2063 2440 2099 inhae-

1455 2134 1598 2171 reatur,
1620 2125 1684 2161 scd
1705 2138 1780 2173 quo
1800 2124 1981 2160 utendum
2003 2124 2048 2159 sit
2068 2123 2114 2159 ad
2134 2122 2328 2172 superiora
2347 2135 2448 2171 quae-

1454 2182 1538 2218 dam
1572 2191 1609 2217 et
1637 2183 1841 2227 sanctiora,
1873 2189 1909 2217 et
1937 2181 2052 2229 magis
2080 2181 2209 2216 intima
2236 2193 2368 2216 arcana
2388 2192 2446 2216 sa-

1457 2241 1633 2290 pientiae;
1660 2241 1696 2276 in
1718 2239 1934 2275 reconditos
1961 2247 1998 2275 et
2030 2251 2160 2275 suaves
2192 2250 2380 2282 recessus,
2411 2245 2447 2274 et

1458 2301 1496 2336 in
1519 2300 1634 2349 ipsam
1653 2300 1772 2335 lucem
1793 2297 2083 2334 inaccessibilem
2100 2327 2109 2343 ,
2131 2310 2243 2346 quam
2264 2295 2449 2332 inhabitat

1458 2363 1569 2395 Deus.
1592 2364 1710 2407 Quam
1732 2359 1866 2395 artium
1882 2358 2051 2394 omnium
2073 2365 2189 2393 artem
2208 2357 2365 2393 dixerim
2382 2383 2392 2401 ,
2412 2363 2449 2393 et

1459 2420 1601 2468 legem,
1625 2427 1661 2454 ct
1681 2419 1858 2463 formam,
1891 2426 1928 2453 et
1950 2429 2140 2461 normam,
2173 2424 2209 2451 et
2241 2415 2447 2461 rationem,

1412 2483 1444 2515 D
1463 2487 1499 2514 et
1517 2478 1708 2527 exemplar
1724 2477 1955 2522 universale,
1974 2475 2159 2511 uniforme
2173 2503 2183 2520 ,
2204 2472 2422 2510 invariabile
2440 2487 2448 2509 ε

1461 2538 1557 2573 ultra
1576 2550 1689 2585 quam
1710 2537 1804 2572 sicut
1830 2548 1898 2571 nec
1933 2533 2108 2584 progredi
2141 2545 2363 2582 possumus,
2399 2532 2450 2568 sic

1460 2610 1528 2633 nec
1556 2597 1647 2632 citra
1679 2595 1880 2632 subsistere
1911 2593 2120 2631 debemus:
2145 2592 2252 2642 cujus
2281 2600 2449 2643 respectu

1459 2656 1582 2692 omnis
1599 2656 1668 2691 alia
1683 2667 1929 2704 quaecumque
1947 2662 1984 2689 et
2003 2661 2308 2702 quantacumque
2339 2651 2451 2687 suerit

1461 2715 1664 2764 sapientia,
1694 2726 1770 2749 non
1803 2713 1917 2749 modo
1939 2725 2035 2748 vana
2065 2719 2138 2756 est,
2174 2711 2202 2747 si
2236 2710 2341 2748 istam
2375 2722 2451 2746 non

1462 2782 1602 2822 aequat,
1624 2773 1687 2809 sed
1709 2772 1819 2808 etiam
1837 2772 1965 2820 iniqua
1979 2800 1988 2817 ,
2010 2771 2038 2807 si
2056 2771 2102 2807 ad
2123 2770 2216 2806 hanc
2233 2782 2271 2805 se
2296 2781 2371 2805 non
2394 2768 2452 2804 di-

1463 2833 1574 2881 rigat3
1601 2832 1629 2867 si
1660 2832 1709 2867 ita
1741 2831 1906 2866 studium
1934 2838 2102 2866 nostrum
2124 2829 2298 2865 sollicitet
2316 2835 2352 2863 et
2371 2827 2453 2862 alli-

1462 2892 1532 2928 ciat
1553 2891 1596 2927 ad
1620 2903 1657 2926 se
1673 2919 1682 2935 ‚
1705 2898 1743 2925 ut
1768 2890 2054 2926 delectationem
2091 2895 2256 2924 nostram
2289 2886 2454 2922 detineat

1461 2959 1497 2986 et
1529 2949 1681 2985 deludat
1707 2949 1743 2984 in
1775 2962 1835 2992 se,
1867 2949 2014 2996 hocque
2041 2948 2114 2983 line
2142 2946 2327 2982 contritus
2359 2958 2452 2981 con-

1461 3009 1627 3059 quiescat
1646 3007 1793 3043 animus
1807 3035 1816 3052 ,
1837 3007 2023 3055 repulsam
2047 3018 2176 3054 passus
2196 3018 2241 3041 ne
2261 3013 2390 3054 pergat
2407 3003 2452 3039 ad

1462 3067 1684 3112 secretiora3
1706 3074 1833 3115 pastus
1851 3065 2027 3101 inanitate
2048 3072 2084 3100 ct
2102 3063 2205 3112 quasi
2227 3063 2335 3112 pictis
2357 3075 2452 3111 epu-

1272 3187 1284 3210 3
1305 3189 1366 3220 sot·
1384 3200 1437 3218 xm
1451 3213 1457 3223 ,
1477 3193 1494 3217 f»
1511 3211 1518 3223 ,
1541 3190 1572 3218 7.
1586 3207 1620 3210 —
1648 3186 1839 3219 ·iCa1ui‹·.1,
1858 3188 1888 3215 3.
