2504 3928
337 160 410 192 30⁴.)
871 162 1133 196 &trutml'l‘lti
1164 162 1210 195 lx
1241 158 1528 205 SEQUENJEM
1563 159 1843 193 EPISTULAM.
2306 158 2375 194 ‘100

391 250 428 283 ἰ).
452 247 506 283 Ex
523 247 583 284 liis
603 246 793 284 refellitur
813 248 1030 296 conjectura
1045 277 1054 292 ,
1075 247 1169 284 alias
1189 246 1297 283 haud
1321 243 1604 295 improbabilis,
1625 242 1727 280 docti
1743 242 1917 292 ejusdem
1935 243 2103 293 epistolae
2124 244 2376 291 translatoris,

341 311 408 360 qni
435 325 521 347 eam
552 311 666 347 Petro
700 310 860 348 Cellensi
888 310 1008 348 tribui
1041 325 1150 361 posse
1179 310 1425 348 existimavit.
1463 307 1564 345 Nam
1591 316 1850 357 praeterquam
1877 307 1983 357 quod
2016 306 2203 345 willelmi
2237 321 2378 346 nomen

341 373 508 424 epistola*
526 375 725 424 pra-lixum
742 404 750 419 ‚
771 384 808 412 ct
825 376 1069 412 enumeratio
1093 374 1278 411 Willelmi
1307 387 1470 424 operum
1490 373 1525 409 in
1556 371 1778 422 praesatione
1795 400 1803 416 ‚
1828 370 1983 421 stilique,
2004 371 2205 409 diversitas
2228 381 2381 409 contra-

346 440 449 474 rium
473 439 680 481 evincunt3
713 448 812 476 certe
841 449 975 476 auctor
1007 440 1085 489 ipse
1117 440 1155 475 in
1175 438 1309 476 eadem
1333 437 1558 488 pra-satione
1578 455 1593 468 «ι
1615 450 1743 474 senem
1769 454 1784 468 »
1812 450 1850 474 se
1870 454 1885 469 «ι
1912 446 1950 474 et
1970 436 2213 474 deficientem
2235 456 2248 470 »
2273 436 2378 474 dicit.

345 500 461 548 Quod
492 501 651 551 quidem
689 502 887 540 willelmo
911 502 1042 540 abbati
1080 505 1281 549 convenit,
1307 516 1380 540 non
1417 502 1534 539 Petro
1563 501 1725 539 Cellensi
1743 531 1752 547 ,
1789 502 1857 551 qui
1880 501 2031 539 virilem
2061 511 2212 539 aetatem
2244 501 2381 552 agebat

350 566 537 603 llaimone
563 566 695 604 Priore
713 597 722 612 ,
747 567 806 604 cui
830 567 991 618 epistola
1012 568 1193 617 inscripta
1214 577 1269 605 est
1289 597 1297 611 ,
1328 568 1467 615 vixque
1501 575 1584 602 tum
1606 579 1727 602 annos
1762 566 1916 616 triginta
1935 566 2138 616 attigerat,
2157 574 2201 603 ut
2219 565 2383 616 probare.

345 639 444 666 esset
468 631 506 666 in
537 640 748 681 promptu,
771 632 800 668 si
823 645 879 668 res
898 632 948 668 ita
968 632 1149 681 exiget-tt.

396 695 434 731 (ἶ,
457 693 622 731 Nullum
647 709 739 746 ergo
756 694 925 732 dubium
952 694 1199 746 relinquitur,
1221 697 1316 746 quin
1339 695 1418 732 lia-c
1445 694 1606 744 epistola
1625 693 1824 732 willelmo
1850 694 1982 732 abbati
2007 704 2192 745 tanquam
2217 695 2386 745 genuino

343 758 488 795 auctori
524 758 758 796 restituenda
786 761 847 796 sit.
875 759 925 796 Et
955 760 1114 809 quidem
1148 761 1184 796 in
1224 761 1340 797 veteri
1371 759 1500 796 codice
1521 758 1908 797 Sancti-Theoderici
1938 773 2058 809 prope
2083 760 2226 796 Remos
2260 759 2385 808 prima

346 821 514 859 liabetur
530 823 566 859 in
586 824 803 861 recensione
826 823 1009 860 willelmi
1025 837 1206 874 operum,
1225 823 1330 873 apud
1346 822 1562 861 Marlotum
1579 823 1616 859 in
1632 831 1738 859 tomo
1758 824 1780 860 2
1798 821 1967 872 Metrop.
1987 822 2168 859 Remens.
2186 836 2274 872 pag.
2293 824 2383 863 287,

346 888 383 922 in
404 885 481 923 liaec
501 885 618 923 verba
638 904 645 923 :
665 906 677 917 «ι
704 887 953 924 tlt-verendus
969 897 1077 938 pater
1093 886 1330 925 Guillelmus
1348 887 1466 924 abbas
1482 886 1859 924 Sancti-'l'lteoderici
1875 887 2093 936 composuit
2111 885 2233 923 multa
2249 885 2386 922 devota

348 967 362 981 ··
387 950 589 1001 opuscula,
607 965 693 1001 qua·
715 953 818 990 misit
835 951 1021 989 fratribus
1034 951 1081 989 (le
1102 952 1332 990 Monte-Dei
1349 982 1358 998 ‚
1375 951 1536 998 scilicet,
1556 951 1604 989 de
1623 951 1802 988 solitaria
1816 951 1910 997 vita,
1928 949 2137 1001 Speculum
2156 959 2194 987 et
2210 950 2387 1001 AEnigma

347 1033 362 1045 u
391 1014 477 1053 fidei
495 1046 503 1057 ,
521 1015 568 1053 de
594 1015 904 1066 Contemplando
929 1016 1025 1061 Deo,
1045 1016 1093 1053 dv
1117 1017 1311 1067 Dignitate
1337 1017 1498 1062 amoris,
1524 1034 1539 1048 n
1563 1025 1633 1053 etc.

398 1081 435 1116 ’7.
456 1079 634 1129 Denique
655 1081 693 1117 in
709 1080 814 1118 brevi
832 1082 914 1129 ejus
935 1082 1020 1117 vitae
1039 1081 1267 1131 compendio
1281 1111 1290 1127 ‚
1308 1094 1426 1131 quam
1446 1094 1489 1118 ex
1509 1082 1628 1117 veteri
1651 1080 1878 1117 membrana
1894 1079 2136 1118 Radoliensis
2166 1080 2389 1117 monasterii

349 1143 560 1183 habemus.
587 1144 722 1181 eadem
752 1145 912 1195 epistola
932 1159 1021 1182 cum
1041 1146 1124 1182 aliis
1151 1144 1277 1182 eidem
1297 1145 1444 1182 auctori
1476 1144 1706 1181 vindicatur.
1730 1143 1972 1181 Membrana·
2002 1144 2119 1182 verba
2143 1143 2220 1181 huc
2247 1143 2390 1182 referre

348 1223 424 1246 non
454 1208 611 1259 pigebit.
638 1229 649 1240 «ι
678 1209 798 1246 Porro
826 1211 967 1260 ingenii
997 1211 1053 1247 sui
1080 1224 1121 1246 ac
1151 1209 1268 1247 studii
1297 1218 1554 1246 monumenta
1584 1222 1660 1245 non
1679 1208 1965 1245 contemnenda
1984 1208 2161 1258 reliquit,
2180 1221 2224 1245 ex
2246 1206 2391 1257 quibus

350 1292 365 1303 n
388 1288 432 1310 ea
449 1273 575 1310 solum
593 1273 757 1313 notabo,
787 1287 872 1323 quae
902 1275 987 1310 visu
1010 1283 1048 1310 et
1075 1273 1235 1310 lectione
1267 1274 1440 1324 probavi.
1474 1273 1606 1311 Vitam
1633 1274 1752 1310 sancti
1775 1272 1959 1310 Bernardi
1988 1271 2150 1309 scribere
2170 1285 2389 1323 aggressus,

354 1360 358 1366 ·
388 1351 486 1388 opus
512 1351 784 1374 consummare
805 1351 881 1374 non
905 1338 1034 1387 potuit
1064 1354 1071 1373 :
1094 1337 1241 1375 librum
1275 1348 1405 1375 tamen
1437 1352 1590 1383 unum,
1621 1346 1659 1374 et
1688 1338 1816 1387 ipsum
1838 1337 2010 1387 primum
2029 1366 2037 1382 ,
2069 1346 2107 1374 et
2136 1350 2213 1373 non
2234 1335 2392 1373 modica·

351 1421 365 1432 υ
386 1402 637 1452 quantitatis,
667 1400 845 1438 absolvit.
870 1400 1012 1437 Contra
1032 1402 1260 1450 magistrum
1287 1401 1449 1438 Petrum
1478 1399 1741 1438 Abaelardum
1758 1430 1766 1446 ,
1788 1401 1856 1449 qui
1883 1400 2062 1450 quaedam
2085 1399 2171 1437 fidei
2201 1413 2277 1437 non
2305 1413 2393 1437 con-

352 1483 366 1495 ›·
387 1479 480 1503 sona
512 1466 591 1503 suis
614 1464 797 1515 operibus
829 1466 1065 1511 inseruerat,
1097 1464 1246 1502 librum
1276 1479 1403 1503 unuin
1437 1464 1559 1502 edidit
1587 1464 1743 1514 eloquio
1773 1473 1981 1501 venustum
2001 1494 2010 1510 ‚
2033 1463 2108 1501 fide
2134 1462 2366 1503 catholicum
2384 1493 2392 1509 ,

355 1550 367 1560 ν»
394 1530 540 1567 ratione
560 1543 779 1567 nervosum.
815 1529 922 1566 Fecit
951 1543 1109 1580 quoque
1139 1529 1237 1567 duos
1265 1529 1439 1575 libellos;
1464 1543 1636 1580 quorum
1663 1543 1810 1575 unum,
1846 1529 2024 1579 AEnigma
2050 1527 2164 1574 fidei3
2199 1527 2364 1565 alterum
2383 1560 2392 1575 ,

351 1614 365 1626 »ι
392 1594 605 1646 Speculum
626 1594 712 1632 fidei
730 1595 947 1632 nominavit
966 1611 973 1631 :
999 1595 1037 1631 in
1057 1594 1203 1644 quibus
1222 1594 1392 1632 breviter
1408 1604 1446 1632 et
1465 1604 1596 1645 aperte
1611 1593 1708 1643 quid
1724 1594 1771 1631 sit
1796 1593 2035 1631 credendum
2061 1592 2243 1630 ostendit.
2271 1592 2395 1643 Super

351 1679 366 1691 v·
391 1660 547 1697 Cantica
563 1660 800 1697 canticorum
818 1658 1006 1697 moralem
1027 1660 1306 1709 expositionem
1327 1660 1545 1710 composuit
1571 1676 1579 1696 :
1599 1659 1710 1707 cujus
1736 1658 1864 1708 operis
1892 1658 2073 1695 meminit
2091 1658 2130 1694 in
2162 1657 2254 1695 Vita
2273 1658 2393 1693 sancti

353 1743 367 1755 υ
395 1722 594 1761 Bernardi.
626 1723 695 1760 Est
724 1722 822 1759 alius
849 1722 1025 1771 ejusdem
1054 1722 1153 1760 liber
1174 1722 1222 1760 de
1252 1723 1404 1761 Natura
1429 1732 1466 1760 et
1485 1723 1672 1774 dignitate
1699 1723 1842 1760 amoris
1860 1751 1869 1768 ‚
1889 1736 2007 1772 quem
2039 1721 2253 1760 secundum
2276 1722 2395 1771 ipsius

353 1807 367 1820 ι»
391 1789 596 1825 materiam
612 1787 925 1824 Anti-Nasonem
946 1800 1154 1837 possumus
1169 1788 1377 1838 appellare.
1403 1788 1447 1824 In
1466 1801 1511 1824 eo
1529 1788 1635 1824 enim
1662 1800 1798 1824 verum
1817 1787 1972 1823 instruit
1987 1785 2268 1835 philosophum
2285 1815 2293 1832 ‚
2310 1788 2396 1836 qui-

353 1871 369 1883 n
390 1851 465 1888 bus
479 1851 663 1902 gradibus
686 1860 723 1888 et
748 1851 873 1887 modis
894 1851 1013 1900 possit
1041 1861 1078 1888 et
1106 1851 1244 1889 debeat
1272 1853 1309 1888 in
1340 1851 1409 1888 Dei
1439 1850 1644 1888 dilectione
1673 1851 1872 1900 proficere.
1907 1850 2102 1887 Libellum
2131 1851 2247 1888 etiam
2271 1864 2394 1888 unum

354 1934 369 1946 υ
390 1915 531 1952 direxit
552 1915 753 1953 Fratribus
776 1915 960 1953 Cartusiae
982 1914 1252 1953 habitantibus
1273 1917 1310 1952 in
1343 1915 1576 1952 Monte-Dei
1600 1931 1608 1952 z
1637 1915 1704 1965 qui
1737 1914 1821 1952 licet
1854 1915 1906 1952 eis
1938 1914 2124 1965 loquatur
2159 1913 2395 1964 specialiter,

359 2000 373 2012 »ι
394 1981 541 2017 cunctis
572 1989 700 2017 tamen
733 1989 787 2017 est
819 1978 1049 2017 commodus
1078 1980 1116 2016 in
1138 1979 1340 2030 Religione
1367 1980 1497 2029 perfici
1525 1979 1788 2028 cupientibus.
1822 1979 1879 2017 De
1907 1979 2093 2030 Physica,
2122 1978 2161 2016 id
2185 1988 2241 2017 est
2259 1988 2398 2016 natura

362 2062 376 2075 υ
397 2045 568 2094 corporis
592 2053 629 2081 et
657 2045 794 2081 anima·
809 2074 818 2089 ,
837 2043 997 2081 brevem
1018 2044 1329 2094 compilationem
1347 2045 1530 2082 formavit
1558 2059 1564 2080 :
1594 2054 1638 2081 ut
1665 2046 1757 2095 quia
1790 2059 1828 2081 se
1849 2046 1976 2094 ipsum
2005 2057 2228 2095 cognoscere
2250 2043 2400 2080 fructus

358 2128 371 2137 ι·
396 2117 451 2145 cst
469 2107 638 2145 discendi
663 2109 880 2158 praecipuus
900 2110 1010 2156 juxta
1031 2107 1154 2155 illud,
1177 2108 1284 2158 quod
1303 2108 1350 2146 de
1373 2108 1467 2145 coelo
1494 2108 1694 2146 descendit
1725 2112 1818 2141 Γνῶθι
1843 2110 1988 2146 σεαυτόν,
2020 2107 2213 2158 simplices
2239 2106 2400 2145 lectores

361 2190 376 2203 υ
397 2171 445 2208 ad
465 2171 638 2221 aliquam
662 2171 722 2209 vel
740 2172 1001 2209 inchoativam
1023 2173 1081 2209 sui
1100 2173 1361 2223 cognitionem
1378 2174 1602 2210 instrueret.
1623 2172 1691 2209 Est
1711 2182 1748 2210 et
1765 2172 1920 2209 libellus
1938 2173 2057 2222 ipsius
2075 2201 2084 2217 ,
2106 2172 2169 2208 cui
2190 2170 2327 2208 titulus
2345 2180 2401 2207 est

362 2256 376 2268 »ι
402 2236 450 2273 ‹le
471 2236 782 2286 Contemplando
804 2237 884 2273 Deo
903 2253 910 2272 :
932 2238 1064 2286 inquo
1079 2238 1161 2273 sine
1184 2236 1307 2273 dubio
1325 2247 1483 2286 propter
1510 2236 1805 2274 aedificationem
1826 2237 2041 2287 legentium
2059 2237 2107 2273 de
2131 2249 2201 2273 sua
2225 2235 2401 2286 loquitur

365 2322 368 2328 ·
401 2301 730 2351 contemplatione
748 2301 806 2337 liis
832 2301 957 2337 verbis
979 2318 986 2337 :
1012 2320 1027 2333 α
1058 2301 1105 2338 Et
1126 2314 1412 2351 nonnunquam
1432 2331 1441 2346 ‚
1474 2301 1640 2338 Domine
1656 2331 1665 2347 ,
1690 2303 1799 2352 quasi
1818 2300 1956 2338 clausis
1975 2301 2095 2338 oculis
2110 2300 2157 2338 ad
2180 2309 2216 2338 te
2249 2299 2398 2344 hianti,

365 2385 380 2396 u
406 2366 528 2402 mittis
546 2364 643 2401 mibi
662 2365 698 2401 in
715 2379 756 2401 os
775 2364 898 2401 cordis
911 2394 919 2402 ,
946 2364 1052 2414 quod
1071 2379 1149 2402 non
1166 2364 1254 2401 licet
1271 2364 1368 2401 milii
1389 2366 1483 2402 scire
1501 2365 1595 2413 quid
1615 2367 1675 2403 sit.
1705 2366 1892 2416 Saporem
1912 2367 2056 2416 quippe
2076 2367 2200 2403 sentio
2218 2363 2371 2402 dulcem
2392 2393 2401 2410 ,

366 2450 378 2461 »ι
404 2429 501 2466 adeo
523 2429 806 2466 confortantem
823 2458 831 2474 ,
856 2438 897 2465 nt
914 2430 940 2465 si
960 2430 1212 2478 pei-liceretur
1234 2429 1271 2465 in
1289 2443 1371 2473 ine,
1391 2429 1489 2466 nibil
1514 2429 1617 2466 ultra
1634 2443 1863 2480 quaercrem.
1892 2448 1908 2462 η
1941 2430 2172 2480 Composuit
2199 2438 2237 2467 et
2265 2437 2402 2466 tracta·

364 2514 379 2526 υ
407 2505 490 2532 tum
508 2509 585 2531 non
610 2508 774 2544 parvum
794 2524 802 2539 ‚
825 2495 934 2542 cujus
956 2503 1012 2531 est
1035 2495 1274 2543 epigramma
1291 2524 1299 2537 ,
1330 2493 1568 2531 Meditativae
1585 2496 1798 2541 orationes,
1822 2496 1860 2532 iu
1877 2509 1957 2545 quo
1976 2510 2052 2533 non
2081 2508 2159 2532 una
2181 2495 2305 2532 utitur
2322 2508 2403 2531 nia-

370 2580 379 2588 r*
405 2559 522 2603 teria,
545 2557 612 2595 sed
643 2557 795 2594 diversa
816 2557 967 2594 disserit
993 2558 1180 2606 capitula;
1202 2568 1239 2595 et
1270 2559 1308 2595 in
1339 2558 1533 2609 plerisque
1562 2558 1690 2596 Deum
1721 2559 1942 2610 alloquens,
1966 2560 2184 2610 propriam,
2207 2558 2405 2596 multifor—

368 2642 382 2655 υ
406 2637 507 2659 mem
530 2622 687 2659 discutit
711 2623 995 2658 conscientiam.
1020 2622 1064 2658 In
1084 2622 1156 2659 boc
1179 2637 1295 2673 opere
1315 2633 1477 2674 apparet
1507 2625 1695 2674 prawipue
1716 2625 1788 2661 viri
1809 2625 1918 2661 istius
1949 2625 1985 2661 in
2023 2623 2151 2661 Deum
2178 2637 2254 2661 non
2271 2636 2402 2669 amor,

404 2687 470 2724 sed
487 2686 616 2724 ardor.
640 2687 690 2725 Et
716 2701 848 2724 revera
863 2717 871 2732 ,
898 2696 941 2724 ut
964 2700 1070 2732 reor,
1093 2689 1270 2737 quisquis
1289 2687 1361 2725 lioc
1380 2689 1440 2737 pie
1458 2698 1495 2725 et
1516 2688 1641 2725 sobrie
1672 2687 1791 2739 leget,
1821 2687 2115 2738 quantumlibet
2136 2686 2337 2738 religiosus
2366 2697 2404 2724 et

412 2750 552 2787 sciolus
571 2782 580 2796 ,
603 2753 639 2788 in
664 2752 803 2788 timore
827 2761 956 2788 tamen
976 2752 1162 2799 Domini,
1186 2754 1222 2789 in
1245 2754 1302 2790 sui
1323 2753 1458 2801 majori
1484 2754 1702 2803 cognitione
1729 2762 1765 2789 et
1783 2753 1923 2789 minori
1948 2752 2199 2793 aestimatione
2215 2751 2401 2801 proficiet.

408 2817 494 2854 Non
515 2817 656 2855 dubito
681 2819 775 2867 quin
804 2817 877 2854 alia
893 2817 1045 2855 cuderit
1067 2817 1254 2867 opuscula
1274 2833 1281 2852 :
1304 2816 1368 2853 sed
1390 2826 1528 2866 prwter
1549 2816 1627 2853 hwc
1652 2816 1840 2853 hactenus
1867 2815 1977 2852 nulla
1998 2817 2106 2865 potui
2123 2816 2308 2865 reperire.
2336 2834 2349 2847 υ

420 2887 455 2920 8.
490 2885 683 2921 llactenus
704 2894 815 2921 vetus
837 2884 1065 2921 membrana
1084 2915 1093 2929 ‚
1118 2885 1156 2920 in
1178 2883 1288 2930 cujus
1308 2881 1498 2931 principio
1520 2899 1533 2910 «ι
1554 2878 1793 2917 Guillelmus
1807 2879 1912 2929 apud
1933 2878 2123 2916 Leoditnn
2144 2878 2247 2916 claro
2266 2892 2405 2930 genere

375 2971 378 2977 ·
421 2958 554 2992 natus,
591 2968 595 2976 ›
631 2948 789 2984 fratrem
812 2948 993 2985 babuisse
1024 2947 1256 2998 perhibetur
1275 2946 1478 2982 Simonem
1515 2961 1522 2980 :
1546 2957 1636 2980 cum
1669 2956 1748 2993 (μιο
1769 2943 1914 2980 Remos
1944 2943 2141 2993 profectus
2159 2973 2168 2989 ,
2191 2944 2228 2980 in
2253 2942 2406 2980 abbatia

369 3010 683 3049 Sancti-Nicasii.
709 3013 744 3047 in
780 3026 856 3060 qna
906 3032 916 3040 ,.
949 3012 1044 3048 odor
1073 3012 1181 3048 bonae
1213 3010 1407 3059 opinionis
1440 3030 1453 3041 v
1482 3018 1572 3045 tunc
1606 3017 1710 3053 erat,
1742 3026 1756 3038 u
1794 3020 1905 3043 sacra!
1938 3006 2132 3057 religionis
2168 3006 2348 3044 habitum
2388 3026 2401 3038 ι»

372 3075 547 3124 sutnpsit
570 3074 753 3111 Processu
774 3077 958 3124 temporis
976 3076 1109 3112 Simon
1135 3076 1256 3111 factus
1277 3084 1329 3111 est
1348 3073 1464 3110 abbas
1484 3071 1783 3109 Sancti-Nicolai
1803 3071 1850 3108 de
1868 3071 2005 3112 Bosco,
2024 3071 2088 3107 ubi
2108 3084 2197 3107 cum
2224 3070 2407 3108 fratribus

375 3159 378 3163 ,
407 3139 474 3175 ‹lnt
505 3148 542 3174 et
561 3137 734 3186 religios«-
756 3140 991 3187 pra-luisset,
1021 3138 1160 3188 plenus
1188 3138 1341 3175 dierum
1368 3147 1405 3174 et
1439 3138 1583 3174 virtute
1614 3145 1906 3173 consummatus
1930 3135 2043 3171 beato
2070 3135 2145 3171 line
2172 3135 2336 3184 quievit.
2360 3135 2406 3172 At

372 3228 384 3235 .,
412 3202 686 3240 verodonmus
705 3202 925 3239 Willelmus
956 3204 992 3238 in
1017 3203 1195 3240 abbatcm
1220 3203 1306 3239 Sam
1323 3201 1632 3240 ti—'l'lwoderici.
1665 3202 1730 3250 qui
1756 3199 1860 3237 locus
1889 3199 1974 3236 urbi
2005 3199 2183 3236 [lennensi
2212 3199 2403 3245 imminet,
