2418 3949
78 121 151 160 457

610 126 841 162 EPISTOLA
868 126 934 161 AD
964 125 1181 161 FRATRES
1210 127 1274 160 DE
1303 127 1586 164 MONTE-DEI.

2058 127 2127 163 558

77 208 149 236 tem
171 200 288 249 gratia
307 201 489 251 praevenit
511 216 519 238 ε
543 210 579 238 et
601 210 776 251 tanquam
797 215 914 253 genus
933 214 1063 238 servo·
1075 199 1120 217 ²²¹
1135 200 1341 247 durantur3
1362 210 1398 238 et
1422 204 1535 249 fiunt,
1561 203 1609 240 de
1632 202 1770 253 quibus
1796 202 1988 241 Psalmista
2016 202 2126 247 dicit,

75 270 169 295 rum‘
186 260 367 309 recipitur
396 261 433 297 in
468 274 596 297 mensa
628 261 812 308 filiorum,
845 274 929 297 cum
964 260 1065 296 rudis
1084 261 1282 296 AIm'micz·
1305 263 1455 297 Domini
1481 268 1623 298 mentiti
1648 273 1732 299 ,cunt
1757 268 1806 308 ei,
1830 273 1866 300 et
1893 267 1962 299 erit
1982 271 2125 311 tempus

74 318 196 355 adhuc
218 328 254 356 et
271 320 456 370 incipiens
475 321 620 357 animus
640 321 677 356 in
698 334 783 357 cum
806 319 939 356 orandi
959 332 1065 356 assu-

74 378 190 414 mitur
205 379 399 425 affectum,
417 381 480 429 qui
499 393 569 430 pro
590 381 746 430 praemio
764 379 968 416 sanctitatis
985 378 1066 414 red-

73 436 111 472 di
125 438 220 474 solet
236 439 377 475 meritis
394 439 660 488 perfectorum.
677 438 786 487 Quod
803 451 886 474 cum
907 438 965 482 fit,
985 436 1064 485 agi-

74 503 135 533 tur
159 505 202 534 ut
232 499 289 534 vel
321 499 358 535 in
379 498 566 547 judicium
599 512 707 535 suum
733 511 810 535 non
836 498 944 534 liceat
971 496 1065 532 scire

72 557 272 606 negligenti
288 558 379 607 quid
394 559 593 607 negligat³‚
609 559 669 594 vel
684 566 725 595 ut
742 557 962 607 provocatio
977 556 1065 592 cha-

72 615 192 652 ritatis
213 630 378 653 amorem
400 617 436 653 in
458 630 503 653 eo
528 618 628 653 ultro
654 630 692 654 se
715 616 908 653 offerentis
932 627 1065 651 accen-

72 672 147 710 dat.
164 678 207 712 In
225 688 318 724 quo,
335 676 431 724 proh
450 676 578 712 dolor!
595 677 747 725 plurimi
764 676 958 720 falluntur,
978 674 1065 723 quia

71 745 155 769 cum
174 742 381 782 pascuntur
401 747 498 783 pane
519 735 702 780 filiorum,
716 735 794 783 jam
815 748 853 771 se
873 747 952 771 esse
970 734 1064 770 filios

71 791 302 830 arbitrantur
317 809 324 831 :
342 802 379 830 et
395 794 609 831 deficientes
626 794 728 831 unde
748 795 931 844 proficere
948 792 1063 830 debe-

69 849 179 897 bant,
196 865 241 888 ex
258 853 433 890 visitante
449 854 566 903 gratia
581 861 813 890 evanescunt
828 866 849 889 a
864 852 1064 889 conscien-

72 911 121 947 tia
149 924 235 958 sua,
260 911 485 950 arbitrantes
508 926 546 950 se
573 913 714 963 aliquid
740 926 839 958 esse,
862 926 947 949 cum
973 911 1065 948 nihil

73 970 167 1017 sint,
189 979 227 1008 et
246 971 293 1008 de
311 971 421 1010 bonis
444 973 509 1010 Dei
528 986 605 1010 non
628 972 892 1018 emendantur,
915 971 981 1008 sed
1002 971 1068 1007 in·-

1132 333 1256 355 eorum
1278 325 1316 356 iu
1336 324 1487 356 soecula.
1510 325 1559 357 Ec
1576 322 1707 359 cibavit
1728 326 1809 359 illos
1831 337 1880 358 ex
1908 325 2023 371 adipe
2039 322 2126 369 sru-

1132 383 1266 421 menti,
1289 389 1325 415 et
1345 382 1392 414 de
1407 390 1519 427 petra
1537 384 1643 417 melle
1658 386 1836 418 saturavit
1851 396 1910 417 eos
1924 389 1947 418 ¹.
1963 385 2127 418 Pascun-

1134 446 1194 473 tur
1212 438 1310 474 enim
1330 452 1350 475 a
1370 442 1476 475 Patre
1489 443 1569 476 Deo
1583 468 1592 484 ‚
1616 441 1818 490 aliquando
1836 441 1881 477 de
1902 441 2126 491 pretiosiore

1131 497 1258 545 gratiae
1285 497 1492 534 substantia
1515 500 1633 545 servi,
1660 508 1701 536 ut
1730 501 1906 536 affectent
1925 513 2004 537 esse
2030 500 2123 536 filii:

1130 556 1201 604 ipsi
1232 569 1324 592 vero
1351 557 1466 605 gratia
1494 558 1560 593 Dei
1591 557 1788 595 abutentes
1812 560 2028 596 efficiuntur
2054 560 2126 595 ini-

1130 614 1228 650 mici.
1249 618 1301 652 Ut
1326 616 1424 651 enim
1451 614 1656 652 abutantur
1676 617 1785 652 etiam
1811 618 2014 667 Scripturis
2040 631 2127 654 san-

1130 673 1197 709 ctis
1212 673 1251 709 in
1268 674 1448 722 peccatis,
1465 673 1523 709 vel
1539 673 1577 709 in
1596 675 1911 723 concupiscentiis
1927 676 2001 711 suis
2013 704 2021 719 ‚
2040 676 2126 712 red-

1130 740 1261 769 euntes
1285 731 1332 768 ad
1358 744 1419 768 eas
1439 745 1508 781 per
1532 733 1745 779 orationes,
1771 733 1903 770 dicunt
1934 733 2003 769 sibi
2033 734 2125 770 illud

1129 792 1258 829 uxoris
1282 795 1431 829 Manuae
1452 806 1460 828 :
1485 793 1524 828 Si
1543 795 1724 828 Dominus
1745 796 1920 828 voluisset
1940 807 2006 828 nos
2029 798 2129 828 occe·-

1130 854 1242 896 dere,
1274 865 1348 888 uon
1379 857 1597 901 suscepisset
1623 853 1846 899 sacrficium
1881 855 1927 888 cle
1957 852 2130 888 manibus

1133 916 1267 948 nostris
1280 918 1304 950 ².

1308 1164 1590 1175 nxxzxtvxvvvswsu====
1595 1163 1847 1175 xxzxs=1=xx=x==z===
1854 1163 1906 1172 ====
1914 1163 1937 1172 ιι
1943 1163 1994 1172 xxxx
2000 1163 2022 1172 xx
2028 1163 2105 1172 ======
2111 1163 2136 1173 xx

579 1336 917 1424 LIBER
985 1333 1595 1428 SECUNDUS.

448 1807 624 1846 CAPUT
654 1808 685 1846 Ι.

142 1919 234 1951 Cellae
253 1925 403 1951 secretum
424 1920 578 1951 tironibus
594 1927 624 1952 et
637 1920 780 1963 perfectis
797 1932 889 1963 quam
909 1922 994 1953 utile.

134 2040 165 2075 l.
195 2042 315 2086 Quam
350 2039 484 2076 dilecta
514 2039 752 2077 tabernacula
785 2049 847 2077 tua
860 2069 868 2085 ,
902 2041 1063 2078 Domine

70 2098 273 2145 virtutum,
292 2099 328 2135 in
344 2099 481 2148 quibus
499 2113 625 2150 passer
642 2101 787 2137 invenit
799 2101 869 2138 sibi
884 2102 1039 2138 domum
1052 2130 1061 2148 ‚

68 2165 106 2194 et
123 2166 248 2195 turtur
268 2159 396 2195 nidum
419 2159 482 2196 ubi
505 2169 664 2209 reponat
682 2161 804 2210 pullos
824 2161 954 2198 suos3!
976 2166 1066 2199 Pas-

69 2229 140 2262 ser,
165 2218 338 2266 inquam,
358 2220 580 2256 naturaliter
600 2220 737 2256 animal
762 2221 959 2266 vitiosum,
981 2235 1066 2258 mo-

68 2275 165 2318 bile,
184 2277 285 2324 leve,
303 2279 587 2328 importunum,
606 2280 797 2328 garrulum
810 2308 819 2325 ‚
839 2294 881 2317 ae
901 2294 1066 2330 pronum

67 2335 106 2372 in
129 2335 335 2373 libidinem.
352 2341 398 2374 Et
414 2347 538 2375 turtur
555 2339 675 2375 luctus
696 2340 832 2386 amica,
854 2354 981 2390 opacae
1001 2354 1066 2377 so·-

66 2395 236 2433 litudinis
262 2397 452 2435 familiaris
480 2399 625 2443 incola,
653 2400 772 2436 forma
793 2400 1064 2449 simplicitatis,

67 2456 281 2506 exemplum
306 2458 497 2495 castitatis.
521 2459 587 2495 Ille
608 2458 677 2495 sibi
698 2459 843 2496 invenit
860 2460 896 2495 in
923 2460 975 2496 eis
995 2460 1065 2496 do-

67 2527 170 2551 mum
193 2511 331 2564 quietis
347 2524 383 2552 et
403 2517 613 2553 securitatis
632 2532 639 2554 ε
657 2518 718 2554 illa
739 2518 867 2554 nidum
889 2517 958 2554 sibi
972 2547 981 2563 ‚
1000 2517 1065 2554 ubi

1088 1809 1115 1843 Β
1137 1817 1222 1841 nem
1243 1804 1478 1842 securitatis:
1496 1805 1655 1841 alterum
1675 1815 1787 1849 vero,
1805 1803 1842 1838 in
1863 1809 2009 1839 secreto
2030 1802 2133 1838 cellae

1133 1863 1371 1900 secretiorem
1398 1875 1585 1899 recessum
1606 1861 1864 1907 conscientiae,
1889 1859 1955 1896 ubi
1976 1869 2136 1909 reponat

1132 1930 1170 1958 et
1191 1922 1332 1958 nutriat
1361 1930 1574 1958 sanctarum
1600 1921 1844 1957 affectionum
1867 1932 2019 1955 suarum
2050 1920 2130 1956 fru-

1133 1988 1233 2026 ctus,
1254 1989 1291 2016 et
1311 1980 1515 2030 spiritualis
1534 1992 1666 2016 sensus
1685 1978 2026 2027 contemplationis.
2046 1981 2134 2014 Pas-

1133 2053 1192 2076 ser
1211 2040 1400 2076 solitarius
1416 2040 1454 2076 in
1475 2048 1592 2084 tecto,
1610 2040 1681 2076 hoc
1697 2047 1752 2075 est
1768 2039 1804 2074 iu
1827 2038 2024 2074 altitudine
2040 2051 2133 2074 con-

1131 2101 1402 2150 templationis,
1417 2101 1559 2136 calcare
1572 2108 1671 2136 amat
1685 2098 1957 2135 habitationem
1972 2098 2132 2134 carnalis

1131 2160 1444 2196 conversationis.
1473 2163 1614 2196 Turtur
1631 2160 1667 2195 in
1692 2156 1936 2195 inferioribus
1958 2157 2134 2202 fecunda-

1133 2226 1211 2264 tur,
1230 2227 1267 2255 et
1291 2219 1431 2267 gaudet
1451 2219 1488 2255 in
1511 2218 1694 2255 fructibus
1720 2217 1952 2254 humilitatis.
1974 2216 2132 2252 Perfccti

1131 2278 1230 2314 enim
1251 2279 1392 2327 quique
1410 2286 1448 2314 et
1465 2279 1678 2328 spirituales
1690 2306 1699 2322 ,
1719 2277 1784 2326 qui
1801 2276 1956 2312 turturis
1977 2276 2131 2312 nomine

1131 2337 1388 2386 designantur,
1407 2351 1493 2374 cum
1510 2337 1556 2374 ad
1574 2338 1852 2373 firmamentum
1871 2343 1908 2371 ct
1926 2334 2043 2371 robur
2059 2335 2133 2370 vir—

1132 2397 1222 2433 tutis
1242 2410 1319 2434 suae
1340 2410 1409 2446 per
1429 2397 1608 2433 virtutem
1629 2396 1854 2433 obedientiae
1871 2403 1908 2431 ct
1925 2394 2132 2443 subjectio-

1130 2457 1186 2493 nis
1203 2456 1442 2506 perveniunt‚
1463 2465 1644 2506 premunt
1658 2469 1697 2493 se
1717 2468 1868 2505 semper
1885 2468 1927 2491 ac
1948 2454 2132 2503 dejiciunt

1131 2516 1168 2552 in
1190 2515 1226 2552 id
1246 2516 1349 2565 quod
1377 2516 1640 2565 incipientium
1667 2523 1722 2552 est
1745 2530 1752 2551 :
1775 2523 1811 2551 ct
1842 2514 1943 2550 uude
1967 2514 2063 2550 infra
2093 2527 2131 2551 sc

67 2583 225 2623 reponat
251 2575 375 2624 pullos
396 2589 493 2613 suos.
513 2580 605 2624 Qua}
632 2586 721 2613 sunt
740 2577 836 2624 haec,
859 2578 928 2614 nisi
950 2577 1064 2626 juvc-
1086 2583 1113 2619 C
1132 2575 1384 2619 descendunt,
1408 2575 1496 2611 inde
1518 2575 1728 2611 ascendunt
1747 2587 1862 2623 supra
1882 2586 1920 2609 sc
1936 2588 1942 2609 ε
1957 2582 1992 2609 et
2011 2573 2131 2610 lnnni-

67 2645 157 2670 num
192 2636 413 2671 naturaliter
448 2636 591 2673 calidus
621 2638 790 2686 sangnis,
827 2645 864 2673 et
897 2637 1063 2674 fervidus

66 2693 235 2740 animus,
255 2703 344 2731 aetas
365 2694 505 2740 labilis,
525 2696 721 2733 curiositas
741 2696 928 2745 inquicta;
946 2704 983 2733 et
1003 2696 1061 2733 vi-

67 2754 144 2791 rilis
166 2755 380 2799 maturitas,
400 2757 519 2793 scrius
539 2757 706 2803 animus,
727 2765 869 2802 castus,
892 2757 1060 2803 sobrius,

66 2822 247 2862 pertaesus
275 2815 506 2851 exteriorum
532 2824 714 2864 quantum
742 2824 882 2865 potest,
906 2824 943 2852 et
964 2816 1062 2852 intra

67 2874 307 2923 semetipsum
325 2875 535 2911 recondens
547 2876 788 2925 semetipsum
800 2877 814 2911 Ρ
825 2879 994 2923 Quorum
1008 2876 1063 2911 al—

67 2939 186 2968 terum
209 2933 246 2969 in
271 2933 521 2970 tabernaculis
542 2935 694 2971 Domini
716 2935 919 2979 virtutum,
944 2935 980 2970 in
1005 2934 1063 2970 ‹li-

66 2990 220 3040 sciplina
245 2994 422 3030 cellarum
448 2995 591 3030 invenit
610 2994 679 3031 sibi
700 2994 747 3031 ab
768 2994 945 3031 omnibus
967 2995 1066 3030 vitiis

67 3051 252 3098 quietem,
273 3054 553 3090 firmamentum
578 3053 811 3098 stabilitatis,
839 3062 875 3088 vt
898 3053 1065 3089 mansio-

1129 2635 1256 2671 liando
1272 2648 1310 2671 sc
1326 2635 1442 2684 magis
1462 2635 1685 2684 proliciunt,
1705 2641 1864 2683 propter
1883 2633 2023 2668 fructus
2039 2633 2131 2668 soli-

1130 2694 1288 2738 tudinis,
1303 2694 1367 2743 qui
1380 2701 1466 2730 sunt
1480 2693 1695 2742 frequentes
1711 2701 1747 2728 et
1761 2690 1941 2728 sublimes
1957 2704 2130 2728 excessus

1128 2752 1476 2802 contemplationis,
1495 2765 1572 2787 non
1591 2750 1816 2787 arbitrantes
1838 2763 1916 2786 csse
1935 2750 2129 2799 negligen-

1129 2812 1213 2849 dam
1227 2811 1494 2848 conscientiam
1511 2811 1732 2846 voluntaria}
1744 2808 2001 2858 subjectionis,
2018 2822 2128 2845 usum

1129 2873 1274 2909 socialis
1294 2871 1399 2916 vitae,
1417 2879 1453 2907 ct
1475 2869 1713 2906 dulcedinem
1736 2870 1908 2905 fraterna:
1927 2868 2128 2905 charitatis.

1183 2932 1217 2968 2.
1236 2931 1326 2968 Ideo
1343 2931 1401 2966 vir
1418 2929 1621 2979 spiritualis
1638 2938 1674 2965 ct
1692 2941 1853 2978 corpore
1871 2941 1938 2964 suo
1958 2928 2131 2977 spiritua-

1133 2993 1216 3027 liter
1234 3000 1362 3036 utens,
1382 2990 1601 3026 servitutem
1619 2988 1720 3037 ejus,
1736 3001 1847 3037 quam
1866 2987 1977 3023 babet
1993 2988 2132 3023 anima-

1134 3051 1176 3086 lis
1195 3051 1310 3086 liomo
1338 3064 1406 3099 per
1427 3050 1502 3085 vim
1533 3057 1721 3093 coactam,
1739 3047 1930 3084 rationalis
1948 3060 2015 3096 per
2037 3058 2130 3082 con-

115 3182 123 3196 ¹
143 3177 224 3207 l‘sal.
248 3189 333 3208 Lxxx
348 3202 356 3215 ,
380 3181 438 3216 10.
462 3182 512 3210 17.
530 3198 571 3201 Δ-
591 3184 603 3200 ²
621 3179 723 3211 Jndic.
744 3191 819 3216 xxti,
843 3182 895 3211 23.
917 3197 948 3202 -—-
971 3177 984 3201 3
999 3179 1078 3211 Psal.
1095 3189 1240 3215 mxxxiii,
1265 3182 1280 3208 2
1296 3202 1303 3215 ‚
1325 3181 1354 3209 fo.

113 3241 125 3256 ·¹
148 3235 234 3266 Alias
248 3260 254 3272 ,
277 3236 497 3281 Quodcumque
514 3240 550 3269 si!
564 3261 571 3273 ,
595 3239 702 3281 agitur
717 3246 746 3268 nl
771 3237 817 3269 vel
831 3238 861 3269 iu
872 3237 1029 3281 judicium
1050 3250 1136 3269 suum
1154 3249 1215 3268 uon
1235 3236 1327 3267 liccat
1346 3237 1462 3267 nescir(-
1480 3234 1653 3277 negligenti
1670 3232 1746 3277 quid
1761 3230 1911 3273 negltgnl.
