2504 3928
319 199 328 232 l
346 199 386 233 15
1078 201 1366 236 GlLLEBER'l'l
1398 204 1595 237 ABBATIS
2290 207 2299 240 l
2317 208 2359 242 1ss

313 286 380 321 per
402 282 612 318 mortuum,
629 275 695 310 iste
715 273 936 310 incurvavit.
957 277 1064 312 Unus
1081 276 1117 312 in
1137 285 1299 326 utroque
1315 277 1346 294 “⁰
1366 285 1536 314 nostrum
1564 277 1610 313 de
1645 278 1771 314 matris
1803 278 1959 326 gremio.
1991 279 2184 328 Regularis
2212 280 2289 317 liaec
2323 290 2360 318 et

311 334 488 369 Clu-istus.
523 334 588 370 Ille
617 333 824 369 exinanivit
856 346 914 378 se,
948 343 988 370 ut
1016 335 1171 373 formam
1199 337 1296 373 servi
1318 334 1347 367 Α
1367 337 1532 372 exterior
1571 335 1808 373 observantia
1845 337 2032 374 neminem
2069 338 2114 374 ad
2152 338 2360 387 perfectum

309 393 535 440 susciperet,
557 401 593 427 et
613 392 830 428 aeternitatis
850 406 926 429 suae
946 393 1217 443 longitudinem
1242 397 1301 432 in-

313 460 366 487 tra
384 452 598 500 temporalis
611 450 831 487 brevitatem
847 461 989 489 naturae
1003 455 1200 492 contraxit.
1218 458 1302 504 lpse

312 510 491 558 expandit
505 524 563 553 se,
586 524 669 547 eum
693 511 872 560 Spiritum
892 521 1059 549 sanctum
1090 513 1240 550 abunde
1265 515 1302 550 in

312 568 419 604 nobis
440 569 583 605 infudit.
607 570 715 606 Sinus
735 570 795 607 ille
819 571 947 607 matris
969 571 1188 609 defunctum
1212 586 1301 623 prc-

310 641 411 663 mere
432 636 597 677 poterat,
619 642 695 665 non
717 630 919 666 vivificare.
942 631 1081 668 Littera
1101 632 1200 668 enim
1235 646 1299 669 oc-

308 687 420 733 eidit,
441 688 596 736 spiritus
617 697 742 725 antem
772 690 945 726 vivificat.
967 690 1038 726 Sed
1066 704 1177 727 verus
1203 691 1299 728 Elias

309 746 411 782 illum
432 746 468 782 in
494 747 728 783 ccx-naculum
750 748 852 792 tulit,
874 748 919 784 ad
951 749 1181 798 spiritualem
1210 763 1300 799 pro-

312 805 413 841 vexit
442 806 685 843 intellectum.
720 807 889 855 Frigidus
915 817 994 844 erat
1020 809 1152 844 littora»
1173 810 1297 854 sinus,

313 877 381 899 nec
415 872 563 912 poterat
589 864 671 913 ejus
703 866 946 914 intelligentia
975 867 1125 903 vitalem
1158 868 1299 917 spirare

311 923 488 959 calorem.
511 927 635 960 Bonus
655 925 741 961 Elia».
757 925 934 970 lectulus,
947 926 1009 974 qui
1022 926 1199 962 defuncto
1216 927 1302 963 vitae

311 983 472 1019 calorem
496 984 642 1021 infudit.
664 989 791 1021 Justns
812 999 857 1021 ex
887 986 957 1021 lide
978 987 1069 1021 vivit
1088 993 1110 1021 ¹.
1130 986 1218 1022 Ideo
1238 987 1304 1022 tri-

1368 395 1530 432 addueit.
1560 395 1741 431 Introduc
1768 395 1871 432 illum
1905 396 1950 432 ad
1984 397 2194 433 molliorem
2220 399 2357 435 lectum

1369 455 1532 490 melioris
1550 455 1649 504 spei,
1672 468 1739 504 per
1752 468 1863 504 quam
1878 456 2115 505 approximet
2130 460 2221 493 Deo.
2235 460 2360 506 Expe-

1370 513 1488 549 riatur
1508 514 1610 562 quod
1632 522 1846 563 exspectat,
1869 515 2047 563 quoniam
2076 513 2199 551 bonus
2230 516 2361 552 Domi—

1369 585 1437 609 nus
1456 573 1759 622 exspectantibus
1777 586 1838 618 se,
1860 573 1993 609 animae
2009 575 2191 623 quaerenti
2209 575 2314 611 illum
2332 581 2359 612 7.

1368 632 1487 669 Unius
1507 632 1608 668 lior-‘e
1629 632 1881 681 experientia,
1914 634 2118 669 multorum
2147 642 2360 684 temporum

1366 689 1512 726 labores
1542 691 1734 727 exhilarat.
1769 694 1873 727 Tunc
1906 691 2076 728 redditur
2109 693 2216 729 matri
2247 706 2360 742 quem

1367 749 1428 785 illa
1450 750 1553 797 prins
1574 751 1772 795 amiserat,
1792 751 1881 787 dum
1905 764 1981 788 non
2011 760 2153 788 teneret
2170 751 2252 801 ejus
2271 752 2362 789 affe-

1366 816 1466 843 ctum
1481 837 1490 853 ‚
1506 809 1570 845 sed
1586 818 1770 846 mortuam
1790 810 2031 847 devotionem
2050 810 2216 847 defleret.
2235 815 2363 848 Novus

1368 868 1464 904 redit
1485 869 1531 905 ad
1553 883 1620 905 nos
1635 898 1644 915 ‚
1667 878 1865 919 postquam
1889 879 1926 907 tu
1951 871 2055 907 illuni
2078 879 2113 907 te
2144 872 2225 920 ipso
2246 871 2361 907 vesti-

1368 930 1425 966 sti.
1449 928 1539 965 Ideo
1558 937 1591 965 te
1612 942 1726 978 super
1748 929 1869 978 ipsum
1891 930 2095 979 expandi5‚
2117 939 2158 966 ut
2177 930 2279 979 quod
2304 939 2361 967 est

1370 989 1405 1023 in
1432 1001 1476 1023 eo
1498 987 1657 1031 sti-dnm,
1689 988 1860 1037 operias;
1882 989 1983 1037 quod
2014 989 2156 1025 nudum
2174 1018 2183 1034 ‚
2213 989 2360 1026 vestias.

314 1042 383 1079 bus
398 1043 551 1080 metitur
575 1044 742 1090 vicibus,
770 1053 809 1080 ut
829 1045 1020 1081 Trinitatis
1050 1046 1302 1093 cognitionem
1322 1044 1349 1077 B
1375 1050 1500 1082 Bonus
1533 1045 1646 1094 liujus
1674 1046 1799 1081 lectuli
1831 1060 1938 1092 usus,
1968 1048 2031 1096 qni
2061 1046 2167 1084 brevi
2200 1048 2291 1084 hora
2323 1048 2362 1084 in

312 1103 500 1145 conferat,
523 1112 559 1139 et
574 1103 716 1140 dividat
733 1118 944 1141 mensnram
966 1105 1061 1141 lidei.
1082 1106 1224 1154 Plangit
1244 1106 1302 1141 lex

312 1161 442 1197 litterae
465 1175 612 1198 sensum
633 1164 858 1199 exstinctum
876 1193 884 1208 ‚
908 1177 1056 1199 sensum
1076 1165 1262 1200 carnalem
1294 1179 1301 1200 :

312 1219 375 1255 sed
395 1221 564 1257 Clu-istus
587 1222 686 1258 lmnc
703 1235 851 1258 sensum
869 1223 974 1266 tulit,
997 1223 1227 1271 spiritualem
1247 1237 1304 1259 re—

317 1279 448 1315 stituit.
474 1283 620 1316 Novum
644 1290 679 1316 et
709 1282 857 1317 vitalem
887 1282 1114 1317 intellectum
1142 1282 1304 1318 reddidit

318 1338 472 1383 litterae,
497 1353 608 1388 quem
633 1354 741 1376 suum
767 1354 854 1376 vere
879 1349 1055 1390 agnoscat
1081 1342 1159 1390 ipse
1187 1342 1300 1386 Elias,

311 1397 374 1446 qui
396 1399 555 1435 restitnit
578 1400 723 1444 omnia,
752 1408 789 1436 et
817 1413 914 1436 nova
947 1400 1032 1435 facit
1065 1414 1071 1436 :
1097 1409 1133 1436 et
1165 1402 1301 1438 Paulus

316 1457 385 1504 legi
417 1470 455 1493 se
481 1467 671 1494 mortuum
693 1458 802 1502 dicit,
834 1467 874 1494 ut
909 1459 1010 1494 vivat
1039 1459 1075 1494 in
1105 1459 1251 1495 Christo
1274 1466 1298 1496 ².

314 1518 458 1552 Bonum
476 1526 531 1552 est
546 1547 554 1561 ‚
570 1525 611 1553 nt
632 1526 669 1553 et
697 1526 736 1553 tu
755 1518 926 1554 moriaris
948 1531 1023 1554 non
1044 1517 1156 1554 modo
1184 1520 1300 1555 veteri

313 1573 407 1621 legi,
426 1574 541 1611 sedet
564 1576 681 1612 veteri
699 1576 840 1612 homini
855 1604 864 1619 ,
886 1585 926 1612 ut
948 1590 1016 1613 suo
1035 1585 1069 1612 te
1087 1577 1249 1613 vivificet
1264 1577 1299 1612 in

317 1633 413 1668 lecto
430 1662 439 1679 ,
459 1635 522 1682 qui
541 1644 692 1683 peccata
714 1643 839 1671 nostra
863 1636 946 1671 tulit.
968 1635 1006 1671 in
1032 1648 1192 1685 corpore
1208 1649 1277 1672 suo
1292 1665 1301 1680 ,

313 1699 353 1727 ut
384 1693 546 1740 peccatis
585 1695 743 1739 mortui,
791 1693 946 1742 justitiae
983 1694 1152 1729 vivamus
1186 1694 1209 1730 ³.
1249 1698 1303 1731 'su

311 1750 409 1786 enim
427 1752 530 1800 quod
551 1753 711 1789 seminas
726 1781 735 1796 ,
761 1766 837 1788 non
860 1753 1089 1795 vivificatur,
1113 1753 1182 1788 nisi
1201 1753 1304 1801 prius

1372 1113 1540 1153 tempora
1573 1105 1765 1153 sequentia
1796 1105 1946 1141 vitalem
1978 1106 2206 1142 alacritatem
2239 1114 2363 1143 trans-

1370 1163 1503 1200 fundit.
1531 1162 1652 1211 Major
1687 1164 1723 1199 in
1754 1164 1963 1201 Salomonis
1988 1165 2125 1201 lectulo
2152 1165 2291 1213 gratia,
2325 1165 2360 1201 in

1369 1236 1446 1272 qno
1487 1235 1624 1271 sponsa
1660 1231 1816 1258 matrem
1849 1224 2037 1259 carnalem
2072 1223 2363 1273 derelinquens,

1370 1290 1555 1331 perpetuo
1580 1281 1665 1330 jure
1697 1281 1834 1317 dilecto
1863 1282 2045 1328 adliaeret,
2078 1290 2114 1318 et
2144 1295 2242 1319 unus
2277 1295 2362 1318 eum

1370 1341 1434 1377 illo
1454 1341 1615 1376 efficitur
1641 1341 1808 1390 spiritus.

1423 1402 1457 1436 9.
1481 1403 1606 1436 Bonus
1627 1397 1716 1448 ergo
1745 1399 1928 1445 lectulus,
1950 1399 1987 1435 in
2015 1412 2092 1448 quo
2123 1400 2249 1437 nullus
2278 1401 2361 1437 lan-

1367 1472 1463 1507 guor
1488 1467 1565 1504 est,
1593 1459 1661 1494 nisi
1688 1459 1783 1495 forte
1813 1460 1972 1507 languor
2001 1460 2139 1495 amoris
2168 1474 2176 1496 :
2201 1460 2362 1509 quinon

1372 1527 1542 1554 versatur
1563 1519 1598 1553 in
1620 1518 1855 1563 infirmitate,
1883 1518 1947 1554 sed
1968 1518 2005 1554 in
2025 1517 2270 1566 jucunditate.
2293 1523 2363 1556 Bo-

1371 1589 1441 1612 nus
1458 1577 1635 1622 lectulus,
1656 1578 1720 1626 qui
1739 1590 1814 1613 non
1833 1578 1973 1626 rigatur
1990 1577 2183 1626 lacrymis,
2202 1578 2267 1627 qui
2285 1591 2362 1615 non

1370 1636 1407 1671 in
1436 1635 1599 1672 tenebris
1625 1637 1818 1681 sternitur,
1839 1637 1902 1685 qui
1927 1636 2017 1672 nibil
2041 1636 2153 1673 habet
2176 1637 2212 1673 In
2235 1650 2273 1674 se
2293 1638 2361 1674 tri-

1371 1703 1425 1731 ste
1440 1724 1449 1739 ,
1469 1695 1560 1731 nihil
1584 1694 1849 1741 tenebrosum,
1871 1695 1934 1731 sed
1954 1704 2073 1731 totum
2098 1696 2160 1731 lux
2178 1704 2215 1732 et
2234 1696 2362 1733 laetitia

1369 1762 1423 1789 cst
1440 1768 1447 1789 :
1466 1753 1625 1801 quinon
1654 1754 1794 1802 indiget
1817 1755 1931 1790 sterni
1961 1753 2148 1803 tapetibus
2171 1754 2218 1791 de
2243 1758 2361 1804 AEgy-

313 1810 506 1846 moriatur.
534 1814 576 1847 In
606 1811 678 1847 lioc
705 1811 922 1847 resuscitato
955 1811 1197 1859 intelligimur
1221 1824 1302 1846 om-
1321 1812 1348 1846 C
1369 1820 1451 1860 pto,
1467 1812 1604 1861 quibus
1620 1812 1657 1847 in
1679 1812 1891 1849 Proverbiis
1906 1813 2038 1849 mulier
2056 1813 2229 1850 liaeretica
2246 1814 2362 1850 lectu·

312 1882 395 1914 nes;
428 1878 464 1906 et
493 1871 578 1906 ideo
610 1871 822 1906 communis
855 1870 1078 1906 resurrectio
1110 1870 1199 1906 haec.
1230 1870 1301 1906 Sed

312 1928 455 1976 privata
469 1930 638 1978 quaedam
659 1930 694 1965 in
716 1930 852 1965 lectulo
867 1929 1077 1964 Salomonis
1101 1929 1217 1977 gratia
1235 1957 1244 1973 ‚
1265 1937 1301 1965 et

313 1987 427 2023 solius
449 2001 598 2036 sponsae
624 1988 881 2037 prmrogativae
907 1995 1064 2023 servata.

364 2049 398 2083 8.
432 2048 549 2083 Etiam
573 2061 672 2083 nnnc
694 2048 722 2083 si
749 2047 832 2095 quis
858 2047 986 2082 matris
1012 2054 1146 2082 nostrae
1175 2047 1186 2096 (
1209 2060 1301 2082 con-

313 2114 444 2142 ventus
459 2106 571 2154 hujus
588 2107 705 2143 sancti
720 2106 745 2155 ),
764 2106 887 2142 viduae
903 2105 1002 2155 apud
1020 2118 1130 2154 quam
1151 2113 1300 2141 utcum-

311 2178 385 2213 que
405 2165 646 2210 sustentaris,
677 2169 764 2201 Jesu
791 2164 909 2208 bone,
942 2164 971 2200 si
997 2164 1079 2212 quis
1103 2163 1198 2199 filius
1221 2162 1302 2211 ejus

313 2224 491 2269 moritur,
519 2232 557 2258 tu
581 2225 769 2259 resuscita.
793 2227 964 2259 Mortuus
991 2231 1046 2257 est
1071 2223 1135 2270 qui
1156 2222 1214 2257 vel
1237 2230 1302 2257 tae-

312 2282 385 2326 dii,
412 2282 469 2317 vel
498 2281 769 2330 desperationis
799 2282 896 2317 mole
928 2280 1102 2316 obruitur
1120 2309 1129 2325 ,
1158 2280 1193 2315 in
1227 2293 1303 2328 quo

314 2341 402 2376 nihil
433 2349 487 2376 est
518 2340 652 2376 vividae
685 2340 920 2384 devotionis,
953 2339 1083 2375 fervidi
1113 2339 1264 2387 spiritus
1293 2353 1301 2374 :

312 2400 376 2448 qui
391 2400 457 2435 etsi
474 2400 563 2447 legis
579 2407 766 2448 praecepta
784 2412 859 2434 non
878 2399 1046 2441 deserat,
1066 2406 1103 2433 et
1120 2397 1216 2433 intra
1232 2400 1304 2434 Re-

315 2460 410 2506 gula¹
431 2459 613 2507 gremium
634 2472 672 2495 se
695 2458 917 2502 concludat,
952 2457 1088 2505 frigido
1119 2465 1240 2493 tamen
1268 2465 1305 2492 et

316 2518 544 2554 moribundo
583 2519 732 2566 languet
767 2518 923 2561 affeetu,
964 2517 999 2552 in
1033 2529 1148 2565 opere
1177 2525 1304 2552 sancto

1368 1870 1443 1906 lum
1473 1871 1605 1906 sternit
1633 1869 1657 1905 ὃ.
1684 1871 1780 1907 Nihil
1808 1871 1907 1907 enim
1938 1871 1974 1906 in
1999 1884 2036 1907 se
2067 1871 2178 1908 babet
2204 1873 2363 1909 lectulus

1366 1929 1584 1965 Salomonis
1616 1929 1726 1964 alieni
1767 1937 1951 1974 ornatus3
1987 1929 2077 1965 nihil
2109 1930 2230 1979 picti,
2271 1931 2361 1966 nihil

1367 1987 1571 2032 mundani3
1594 1987 1658 2023 sed
1680 1995 1799 2023 totum
1826 1996 1953 2024 sancta
1979 1988 2157 2037 voluptas
2179 1997 2216 2025 et
2243 1989 2363 2025 solida

1367 2046 1514 2082 veritas.
1547 2049 1723 2095 Magnum
1761 2055 1797 2082 et
1830 2048 1975 2083 varium
2011 2056 2284 2085 sacramentum
2323 2048 2361 2084 in

1370 2113 1585 2141 sanctorum
1608 2106 1778 2151 lectulis;
1805 2105 1870 2142 sed
1901 2119 2164 2155 supergressus
2191 2115 2246 2143 est
2271 2107 2362 2143 uni-

1367 2177 1496 2200 versos
1516 2165 1672 2200 lectulus
1693 2165 1925 2210 Salomonis,
1947 2178 2015 2201 nec
2032 2178 2179 2214 sponsae
2204 2166 2363 2202 lectulus

1369 2222 1456 2257 huic
1472 2223 1571 2258 valet
1585 2223 1810 2271 comparari.
1830 2227 1871 2260 In
1890 2224 2026 2260 lectulo
2043 2237 2111 2260 suo
2129 2238 2240 2273 quem
2265 2238 2364 2274 quae-

1370 2282 1417 2317 rit
1435 2281 1611 2317 dilectum
1636 2295 1711 2317 non
1731 2283 1894 2328 invenit;
1915 2283 1998 2318 ideo
2029 2283 2147 2331 surgit
2167 2292 2203 2319 et
2232 2284 2363 2320 circuit

1370 2339 1491 2376 donec
1519 2340 1564 2376 ad
1596 2340 1705 2376 istum
1735 2341 1935 2389 pertingat.
1962 2342 2131 2387 Festina,
2167 2342 2266 2387 lilia,
2301 2355 2363 2378 sa-

1370 2406 1469 2434 crata
1487 2398 1611 2447 virgo,
1635 2399 1767 2435 festina
1784 2399 1890 2435 istam
1913 2399 2055 2447 ingredi
2080 2401 2262 2449 requiem.
2281 2401 2363 2437 Noli

1370 2458 1519 2493 strictos
1538 2458 1573 2493 in
1593 2458 1748 2493 circuitu
1770 2471 1876 2494 enses
1899 2459 2032 2494 vereri.
2053 2461 2166 2496 Enses
2194 2460 2273 2505 isti,
2295 2473 2364 2496 en-

1370 2529 1426 2552 ses
1444 2515 1546 2551 verbi
1567 2529 1682 2564 super
1707 2517 1827 2552 {emur
1844 2545 1852 2561 ‚
1875 2524 1910 2552 ct
1941 2525 2098 2565 propter
2119 2517 2272 2553 timores
2295 2530 2365 2553 no-

312 2591 426 2613 suave
448 2578 496 2613 nil
521 2578 698 2613 sentiens.
729 2578 859 2613 Totius
884 2577 987 2613 illum
1015 2575 1166 2613 Ordinis
1192 2576 1305 2612 tristis
1322 2584 1353 2616 D
1371 2583 1545 2619 cun-1105,
1566 2575 1622 2610 vel
1647 2575 1767 2610 carnis
1786 2577 1980 2623 conligunt
2007 2576 2192 2612 lasciviam
2212 2605 2221 2620 ,
2239 2577 2298 2613 vel
2318 2577 2364 2612 ti-

311 2637 499 2672 exanimat
517 2637 635 2673 facies.
656 2637 756 2673 Molli
775 2645 811 2671 et
829 2636 988 2672 femineo
1005 2635 1132 2671 matris
1148 2643 1203 2671 est
1220 2636 1303 2671 sinu

314 2696 517 2740 fovendus,
552 2705 593 2732 ut
629 2709 703 2732 non
743 2704 983 2744 exasperatus
1027 2694 1304 2730 abundantiore

315 2755 461 2791 tristitia
475 2755 735 2791 absorbeatur.
765 2760 844 2791 Non
866 2754 1019 2804 expedit
1037 2754 1068 2789 ei
1098 2763 1202 2790 extra
1227 2768 1306 2789 ma-

316 2815 409 2849 terni
432 2814 534 2849 sinns
559 2814 740 2850 ambitum
762 2815 938 2863 reperiri,
958 2827 1004 2849 ne
1029 2814 1124 2849 sorte
1143 2826 1218 2848 non
1237 2813 1307 2848 tol-

316 2873 366 2907 lat
384 2873 485 2908 illum
505 2887 616 2908 verns
637 2874 733 2909 Elias
758 2875 792 2909 in
820 2873 1034 2909 cubiculum
1055 2885 1176 2907 suum.
1203 2875 1306 2919 Quos

315 2932 509 2967 resuscitat
536 2933 725 2975 Christus,
758 2933 955 2968 mulierum
985 2931 1124 2980 ubique
1156 2930 1305 2966 {letibus

313 2990 440 3025 donat.
457 2990 514 3025 sic
536 2990 658 3026 vidua·
678 2992 794 3026 lilium
815 2991 836 3034 ὅ,
855 2991 904 3025 sie
922 2999 1134 3026 sanctarum
1155 2990 1303 3025 fratrem

315 3048 512 3084 mulierum
529 3048 556 3093 ⁵,
588 3049 639 3084 sie
673 3057 870 3097 parentum
908 3048 1083 3098 precibus
1115 3047 1305 3083 suscitavit

314 3107 476 3155 puellam
494 3106 522 3142 ⁶.
543 3108 669 3152 Tolle,
690 3107 786 3142 bone
802 3111 889 3142 Jesu
905 3135 913 3150 ,
937 3115 972 3142 et
995 3107 1094 3142 liunc,
1116 3113 1304 3141 mortuum

362 3245 366 3256 ¹
393 3237 486 3267 llebr.
511 3248 546 3274 x,
567 3241 620 3267 53⁸.
642 3256 650 3259 -

311 3294 324 3305 ¹·
346 3292 419 3320 luc.
440 3301 499 3319 viii
516 3314 522 3326 ,
548 3293 652 3320 ἰἱΙ-ξιζ).

714 3244 723 3257 ⁷
749 3238 849 3267 Galat.
878 3249 918 3267 ιι.
948 3241 1081 3269 1⁴1.)st
1105 3254 1143 3258 --

729 3296 739 3318 T
765 3289 873 3320 [liri-n.
894 3301 930 3318 ιιι
946 3314 952 3321 ,
975 3292 1026 3318 75».
1047 3309 1050 3311 ψ

1178 3234 1323 3264 ζίΙί-Ιικ
1356 3248 1400 3269 ιι,
1424 3239 1474 3267 ’)ἰ.
1506 3256 1537 3259 -ν

1103 3289 1113 3303 “
1133 3291 1220 3318 l’rov.
1237 3299 1281 3317 vii
1297 3311 1304 3324 ‚
1332 3293 1380 3319 ts..

1370 2633 1458 2669 midi
1491 2633 1614 2669 cordis
1643 2632 1840 2668 abscidunt
1865 2634 2062 2682 ignaviam.
2101 2638 2182 2670 Hoc
2210 2634 2364 2683 quidem

1374 2693 1410 2728 in
1436 2692 1515 2727 aliis
1538 2707 1544 2726 :
1569 2700 1602 2727 te
1634 2705 1722 2727 vero
1750 2692 1899 2727 suavius
1924 2693 2146 2738 vulnerant,
2173 2701 2213 2729 ut
2242 2694 2364 2730 cbari-

1373 2759 1445 2786 tate
1464 2752 1639 2786 transfixa
1660 2759 1886 2786 nocturnum
1909 2751 2058 2799 ignores
2080 2751 2252 2787 timorem
2268 2781 2277 2797 ,
2297 2765 2364 2788 nec

1372 2810 1576 2858 quidquam
1597 2809 1732 2845 habeas
1754 2810 1875 2858 frigidi
1892 2810 2035 2846 timoris
2050 2810 2258 2846 admixtum
2273 2826 2282 2856 ;
2299 2811 2364 2847 sed

1375 2878 1452 2905 tota
1475 2878 1638 2905 transeas
1661 2870 1696 2905 in
1720 2870 1895 2905 affectum
1918 2870 2022 2919 igniti
2048 2870 2206 2916 amoris,
2227 2883 2311 2919 quae
2327 2870 2364 2906 in

1371 2929 1491 2964 solum
1520 2929 1658 2964 amoris
1684 2942 1722 2964 es
1748 2942 1856 2964 usum
1881 2929 2027 2973 dicata,
2057 2938 2094 2965 et
2117 2929 2153 2965 in
2176 2929 2365 2965 charitatis

1371 2988 1494 3023 locum
1517 3001 1714 3024 ascensura
1743 2997 1898 3024 stratum
1921 2989 2070 3033 dilecti,
2095 2989 2272 3024 lectulum
2294 2991 2362 3024 Sa-

1373 3048 1531 3083 lomonis
1561 3048 1639 3083 veri
1668 3051 1754 3083 Jesn
1779 3048 1933 3091 Christi,
1966 3048 2029 3096 qui
2060 3048 2151 3083 vivit
2172 3055 2209 3083 et
2236 3055 2366 3096 regnat

1375 3120 1440 3155 per
1461 3107 1585 3142 onmia
1605 3108 1740 3143 szeeula
1758 3108 1994 3143 sseeulorum.
2016 3112 2146 3143 Amen.

1574 3238 1826 3271 ll.=1‹·.x11„l'2
1855 3241 1904 3268 ts».
1987 3235 2103 3267 5Δοιιιι.
2123 3248 2177 3273 xi,
2200 3239 2307 3267 ll-in.
2330 3256 2359 3258 -ψ
