2418 3949
140 201 215 238 509

770 203 913 238 LIBER
944 202 1006 238 DE
1036 201 1428 238 CONTEMPLANDO
1458 204 1567 239 DEO²

2118 204 2194 239 510

141 285 222 313 tens
234 278 379 322 Sermo,
389 277 554 326 quidum
572 276 737 314 medium
754 277 944 315 silentium
959 276 1189 315 tenerent²⁵⁹
1204 285 1305 324 tans,
1326 287 1363 315 et
1386 279 1453 316 Dci
1475 280 1510 315 in
1532 278 1642 315 nobis
1661 279 1879 315 charitatem
1900 278 2170 315 commendans
2183 307 2193 323 ,

138 336 284 381 omnia,
303 336 536 386 profundum
568 337 708 374 scilicet
733 339 889 384 erroris,
906 351 926 374 a
943 336 1131 387 regalibus
1152 342 1183 375 A
1200 345 1237 373 ct
1260 350 1330 386 per
1351 338 1470 387 ipsam
1496 339 1618 388 ipsum
1645 338 1754 375 nobis
1775 338 2000 383 concilians,
2026 341 2106 374 Deo
2127 351 2195 374 nos

137 395 290 432 sedibus
299 395 416 441 venit,
427 395 545 432 durus
555 409 726 433 errorum
737 396 959 442 debellator,
973 404 1008 433 et
1018 395 1138 432 dulcis

139 454 278 490 amoris
296 454 583 490 commendator
598 461 620 491 ¹.
646 458 690 491 Et
709 455 892 504 quidquid
908 454 1014 499 fecit,
1030 453 1137 503 quid-

139 512 229 561 quid
240 513 333 549 dixit
349 514 386 550 in
403 522 515 559 terra,
531 527 650 562 usque
665 514 710 550 ad
725 513 945 564 opprobria,
957 525 1076 562 usque
1089 512 1136 549 ad

139 580 247 621 sputa
264 581 300 608 et
316 573 460 621 alapas,
476 585 594 621 usquc
611 572 656 609 ad
676 586 826 609 crucem
849 581 885 609 et
901 572 1114 622 sepulcrum
1125 600 1134 618 ,

138 643 215 667 non
236 631 324 677 suit,
347 631 417 667 nisi
436 631 542 680 loqui
561 639 666 667 tuum
685 629 793 667 nobis
814 631 852 667 in
873 630 984 676 Filio,
1005 642 1134 666 amore

139 698 204 726 tuo
230 703 442 740 provocans
471 698 507 726 ct
534 690 718 726 suscitans
747 689 793 726 ad
819 698 854 726 te
877 702 1043 725 amorem
1064 701 1133 725 no-

136 756 268 786 strum.
287 748 437 786 Sciebas
452 748 567 794 enim,
578 751 733 786 Creator
745 748 953 786 animarum
967 751 1081 792 Deus,
1095 748 1133 784 in

136 807 332 844 animabus
345 808 508 844 filiorum
523 807 720 844 hominum
739 808 821 857 cogi
838 821 914 844 non
926 821 1054 858 posse,
1065 807 1129 844 sed

135 867 337 914 provocari
352 875 531 916 oportere
547 867 724 903 affectum
739 867 850 903 istum
869 882 876 903 ;
894 867 1002 903 simul
1018 867 1127 903 ctiam

134 926 222 974 quia
243 925 307 962 ubi
326 926 491 971 coactio,
512 925 589 975 jam
621 939 690 963 uec
717 925 889 973 libertas;
910 925 973 963 ubi
992 939 1060 962 nec
1080 926 1128 962 li-

134 983 279 1031 bertas,
305 998 375 1021 nec
399 984 556 1034 justitia.
579 988 634 1022 Tu
664 993 813 1032 autem,
833 985 1127 1034 Dominejuste,

1205 396 1286 432 unit
1310 409 1378 446 per
1399 397 1616 447 inspiratam
1643 396 1752 434 nobis
1773 396 1910 433 bonam
1930 397 2164 434 voluntatem
2186 413 2193 434 ε

1204 454 1312 503 cujus
1330 455 1439 492 bonae
1460 457 1665 493 voluntatis
1685 457 1921 493 vehementia
1941 470 2047 493 amor
2062 457 2101 493 in
2122 471 2194 493 no-

1203 511 1260 549 bis
1279 513 1415 550 dicitur
1429 543 1437 559 ,
1459 528 1535 563 quo
1554 528 1722 551 amamus
1738 515 1840 564 quod
1855 528 1980 552 amare
1997 514 2192 560 debemus,

1204 579 1239 607 te
1272 573 1422 609 scilicet.
1451 573 1549 610 Nihil
1581 574 1680 609 enim
1713 574 1814 610 aliud
1842 583 1896 610 est
1926 587 2054 621 amor,
2082 588 2193 624 quam

1200 631 1403 669 vehemens
1442 640 1478 668 et
1512 631 1608 667 bene
1646 631 1821 667 ordinata
1854 633 2042 669 voluntas.
2082 637 2195 670 Amas

1200 703 1289 738 ergo
1320 699 1374 736 te,
1404 704 1426 727 o
1456 690 1626 727 amabilis
1649 692 1834 736 Domine,
1853 692 1890 728 in
1913 701 1948 728 te
1968 693 2050 741 ipso
2071 706 2154 729 cum
2174 705 2195 729 a

1199 752 1309 785 Patre
1339 758 1377 785 et
1397 750 1490 787 Filio
1515 749 1688 799 procedit
1709 749 1870 798 Spiritus
1899 759 2070 795 sanctus,
2089 764 2196 787 amor

1198 809 1317 845 Patris
1337 809 1383 845 ad
1403 809 1558 853 Filium,
1581 816 1619 844 et
1638 808 1720 845 Filii
1745 807 1791 844 ad
1814 812 1962 844 Patrem
1986 823 1992 844 :
2013 817 2049 845 et
2072 817 2195 845 tantus

1196 875 1251 904 est
1273 881 1401 913 amor,
1424 876 1466 904 ut
1488 868 1535 904 sit
1555 867 1704 912 unitas;
1726 875 1829 902 tanta
1849 875 1904 904 est
1924 867 2048 903 unitas
2063 895 2071 911 ,
2089 875 2129 903 ut
2150 869 2196 904 sit

1194 927 1436 974 homousion,
1448 927 1485 963 id
1503 935 1559 963 est
1576 926 1706 963 eadem
1728 926 1848 963 Patris
1864 935 1900 962 et
1918 926 2000 964 Filii
2021 925 2197 962 substan-

1196 985 1256 1021 tia.
1270 991 1383 1023 Amas
1404 994 1441 1022 et
1456 993 1490 1021 te
1507 985 1631 1034 ipsum
1654 985 1690 1020 in
1711 984 1842 1031 nobis,
1865 985 2051 1021 mittendo
2073 985 2195 1034 Spiri-

135 1044 278 1081 salvare
294 1057 364 1081 nos
380 1043 547 1091 volebas,
565 1045 631 1094 qui
648 1045 793 1081 nullum
812 1045 931 1082 salvas
947 1058 1016 1081 nec
1030 1044 1131 1081 dam·
1149 1046 1177 1079 B
1201 1053 1277 1081 tum
1292 1045 1375 1083 Filii
1394 1045 1447 1081 tui
1464 1045 1501 1080 in
1520 1044 1634 1081 corda
1655 1053 1784 1081 nostra
1798 1073 1806 1089 ,
1828 1058 1848 1080 a
1868 1044 2070 1080 dulcedine
2090 1057 2196 1080 amo—

134 1116 202 1140 nas
226 1104 297 1141 nisi
319 1103 444 1153 juste,
464 1105 546 1154 ipse
568 1103 678 1141 nobis
690 1104 873 1142 *formans
888 1103 1074 1153 judicium
1095 1112 1132 1140 et

134 1175 303 1210 causam,
321 1163 454 1200 sedens
473 1176 588 1213 super
607 1163 806 1209 thronum,
829 1172 865 1201 et
877 1163 1053 1212 judicans
1065 1162 1132 1212 ju-

132 1223 289 1270 stitiam,
307 1222 372 1260 sed
392 1236 505 1272 quam
524 1231 564 1259 tu
584 1223 748 1269 fecisti23
778 1232 820 1260 ut
849 1235 963 1260 omne
987 1235 1030 1259 os
1061 1221 1133 1258 ob—

131 1290 320 1327 struatur,
342 1290 379 1319 et
395 1281 568 1319 subditus
589 1283 652 1318 fiat
674 1283 797 1319 omnis
817 1282 982 1319 mundus
1004 1285 1083 1318 Deo
1099 1279 1129 1318 3:

131 1353 216 1377 cum
232 1341 420 1378 misereris
441 1340 548 1390 cujus
565 1341 774 1388 misereris,
792 1351 828 1378 et
842 1340 1134 1378 misericordiam

131 1408 287 1450 praestas
315 1399 423 1449 cujus
447 1400 624 1437 misertus
654 1400 729 1438 eris
744 1401 772 1437 4.
800 1401 962 1438 Voluisti
983 1413 1073 1449 crgo
1094 1407 1137 1436 ut

131 1471 347 1496 amaremus
368 1467 403 1496 te
424 1473 432 1496 :
454 1459 519 1508 qui
537 1471 606 1495 nec
622 1458 725 1507 juste
748 1468 967 1509 poteramus
984 1459 1133 1500 salvari,

132 1519 201 1556 nisi
219 1531 432 1555 amaremus
453 1527 513 1565 te;
531 1532 600 1555 nec
616 1532 742 1555 amare
761 1527 795 1555 tc
809 1527 1028 1568 poteramus
1040 1547 1050 1564 ,
1066 1519 1135 1555 nisi

131 1578 358 1626 procederet
376 1592 397 1615 a
417 1587 465 1615 te.
483 1582 583 1628 Ergo
596 1607 604 1620 ,
624 1579 787 1615 Domine
802 1608 811 1623 ,
828 1579 925 1615 sicut
942 1578 1136 1627 apostolus

129 1644 279 1673 amator
297 1639 351 1673 tui
371 1636 484 1684 dicit,
506 1645 546 1674 et
566 1649 635 1673 nos
649 1635 727 1685 jam
751 1636 935 1682 diximus,
953 1636 1060 1685 prior
1083 1635 1140 1672 di-

133 1694 255 1732 lexisti
280 1708 370 1742 nos,
389 1696 495 1746 prius
519 1695 640 1745 diligis
661 1708 793 1733 omnes
813 1695 1015 1732 dilectores
1036 1703 1133 1731 tuos.

483 1828 658 1867 CAPUT
688 1827 787 1868 VII.

369 1935 463 1976 Quali
482 1945 588 1966 amore
605 1938 688 1966 Deus
709 1945 765 1966 nos
783 1934 900 1976 diligat.

196 2054 253 2091 14.
283 2053 355 2091 Sed
385 2067 474 2099 nos,
502 2053 690 2098 Domine,
720 2061 754 2089 tc
782 2052 970 2102 diligimus
997 2053 1134 2089 affectu

140 2113 279 2151 amoris
311 2126 332 2150 a
364 2122 398 2150 te
430 2111 539 2149 nobis
567 2112 688 2149 indito
716 2127 724 2148 :
755 2120 793 2148 tn
827 2125 935 2157 ver0,
958 2111 1135 2148 conditor

140 2173 310 2210 omnium
336 2181 374 2209 et
400 2172 603 2209 affectuum
625 2171 835 2217 bonorum,
863 2180 899 2208 et
924 2172 1135 2208 animarum

141 2231 424 2269 afficiendarum
446 2259 455 2276 ,
497 2230 680 2279 numquid
720 2229 902 2266 accidenti
940 2230 999 2266 vel
1039 2229 1129 2265 inci-

141 2290 246 2326 denti
272 2290 410 2328 amoris
436 2290 574 2327 affectu
600 2302 702 2326 amas
731 2302 826 2337 quos
853 2301 982 2325 amas:
1008 2295 1045 2324 et
1065 2287 1135 2324 ali-

141 2363 218 2398 quo
249 2350 364 2387 modo
396 2350 433 2386 in
469 2350 596 2399 aliquo
625 2348 802 2393 afficeris,
837 2348 903 2397 qui
935 2355 973 2383 et
1004 2359 1136 2383 omncs

143 2408 251 2454 facis,
270 2417 308 2445 et
331 2409 480 2445 omnia?
507 2408 625 2445 Absit.
652 2406 870 2444 Absurdum
901 2414 976 2452 est,
1002 2407 1134 2455 procul

142 2475 198 2504 est
217 2481 237 2504 a
257 2467 353 2514 fide;
371 2468 533 2505 alienum
556 2466 603 2504 ab
628 2467 799 2503 omnium
821 2470 1014 2504 Creatore.
1031 2469 1133 2513 Quo-

143 2527 259 2564 modo
282 2540 371 2577 ergo
394 2541 464 2564 nos
483 2540 605 2573 amas,
627 2528 656 2564 si
679 2540 748 2563 nos
769 2539 898 2563 amore
916 2539 991 2562 non
1010 2527 1135 2562 amas?

1198 1104 1248 1141 ris
1280 1112 1316 1140 ct
1344 1104 1583 1141 vehementia
1611 1104 1804 1153 inspiratae
1833 1117 1854 1140 a
1882 1112 1917 1139 te
1946 1102 2056 1139 nobis
2084 1102 2196 1139 bonae

1198 1163 1404 1200 voluntatis
1429 1164 1676 1208 clamantem,
1695 1162 1804 1199 Abba
1817 1154 1837 1208 ,⁴
1847 1164 1964 1198 Pater
1979 1161 1994 1183 ⁶
2018 1177 2026 1198 ε
2051 1162 2103 1198 sic
2126 1175 2197 1199 nos

1198 1222 1364 1259 efficiens
1382 1223 1435 1259 tui
1451 1230 1656 1268 amatores,
1671 1222 1750 1258 imo
1767 1222 1820 1258 sic
1838 1222 2012 1271 teipsum
2029 1221 2067 1257 in
2087 1221 2198 1258 nobis

1201 1296 1329 1319 amans
1341 1312 1351 1329 ,
1372 1283 1495 1332 utqui
1512 1283 1678 1332 primum
1696 1281 1959 1331 sperabamus,
1978 1281 2066 1330 quia
2083 1294 2203 1317 nove-

1202 1355 1328 1378 ramus
1352 1355 1492 1378 nomen
1524 1349 1654 1386 tuum,
1676 1341 1862 1387 Domine,
1884 1349 1921 1376 et
1943 1340 2202 1388 gloriabamur

1202 1401 1240 1437 in
1263 1410 1319 1445 te,
1341 1401 1406 1450 qui
1431 1399 1679 1449 diligebamus
1699 1413 1838 1436 nomen
1863 1399 2017 1436 Domini
2037 1399 2076 1435 in
2097 1407 2131 1435 te
2145 1427 2154 1444 ,
2178 1412 2200 1435 o

1203 1461 1385 1507 Domine3
1407 1460 1484 1509 jam
1513 1473 1581 1509 per
1606 1460 1853 1509 inspirantem
1882 1458 1992 1495 nobis
2019 1459 2199 1508 gratiam,

1202 1533 1271 1570 per
1290 1520 1470 1570 Spiritum
1488 1519 1705 1568 adoptionis
1727 1527 1820 1564 tuae,
1840 1519 1966 1554 omnia
1981 1531 2065 1566 quae
2082 1519 2201 1554 Patris

1203 1587 1309 1625 sunt,
1340 1587 1469 1615 nostra
1495 1591 1574 1615 esse
1595 1577 1851 1622 confidentes,
1878 1577 1961 1625 ipso
1991 1585 2025 1612 tc
2046 1577 2200 1612 nominc

1205 1638 1427 1675 invocemus
1452 1651 1521 1687 per
1545 1637 1762 1687 adoptionis
1788 1637 1943 1686 gratiam
1959 1665 1968 1683 ,
1988 1649 2064 1685 quo
2089 1637 2202 1674 Filius

1207 1706 1292 1735 tuus
1309 1699 1441 1735 unicus
1458 1711 1527 1747 per
1547 1706 1733 1733 naturam.

1261 1760 1318 1795 15.
1349 1758 1421 1795 Sed
1453 1758 1540 1806 quia
1571 1757 1643 1793 hoc
1674 1756 1739 1792 abs
1769 1764 1803 1791 te
1834 1763 1954 1791 totum
1986 1763 2060 1800 est,
2091 1754 2200 1803 cujus

1158 1818 1185 1854 C
1205 1829 1331 1852 amare
1361 1816 1433 1852 hoc
1459 1824 1513 1852 est
1534 1814 1776 1859 benefacere3
1798 1826 1818 1849 a
1840 1826 1915 1862 quo
1937 1825 2048 1849 omne
2070 1812 2198 1849 datum

1201 1876 1407 1925 optimum,
1430 1884 1466 1912 ct
1492 1888 1605 1912 omne
1633 1875 1776 1911 donum
1805 1873 2033 1923 perfectum,
2054 1886 2201 1910 summe

1200 1939 1310 1972 Pater
1330 1936 1516 1972 luminum
1534 1942 1545 1965 7
1567 1950 1574 1971 :
1591 1943 1629 1971 tu
1650 1944 1684 1971 te
1703 1935 1827 1983 ipsum
1849 1946 1950 1969 amas
1970 1933 2005 1968 in
2025 1932 2149 1978 nobis,
2165 1943 2202 1970 et

1200 2007 1270 2031 nos
1291 1995 1327 2031 in
1347 2003 1404 2038 te,
1426 2007 1509 2031 cum
1535 2002 1570 2029 te
1589 2006 1657 2042 per
1679 2001 1713 2028 te
1731 2004 1920 2036 amamus,
1938 1999 1975 2027 et
1994 1991 2030 2026 in
2054 1999 2199 2027 tantum

1201 2053 1268 2090 tibi
1299 2054 1472 2098 unimur,
1496 2053 1532 2089 in
1555 2060 1739 2102 quantum
1765 2060 1798 2087 tc
1827 2063 1953 2086 amare
1975 2063 2167 2086 meremur
2191 2066 2198 2088 :

1202 2122 1239 2149 et
1260 2113 1461 2162 participes
1479 2113 1683 2156 efficimur,
1705 2119 1744 2147 ut
1762 2110 1902 2146 dictum
1924 2117 1998 2153 est,
2019 2110 2200 2146 orationis

1205 2171 1304 2208 illius
1335 2171 1472 2208 Christi
1500 2170 1581 2207 Filii
1609 2170 1662 2205 tui
1685 2184 1692 2205 :
1722 2170 1812 2204 Volo
1843 2178 1881 2203 ut
1906 2172 1998 2203 sicut
2019 2181 2084 2214 ego
2104 2178 2141 2204 et
2165 2178 2200 2204 tu

1202 2244 1313 2266 ammi
1343 2242 1491 2272 samus,
1523 2233 1577 2263 ita
1603 2237 1638 2263 et
1662 2232 1735 2275 ipsi
1758 2240 1872 2262 mmm
1897 2231 1934 2262 in
1958 2226 2062 2261 nobis
2088 2226 2199 2264 si11t⁸.

1204 2292 1333 2328 Genus
1349 2289 1448 2325 enim
1473 2297 1578 2324 tuum
1603 2300 1753 2330 sumus,
1774 2286 1935 2323 Domine
1958 2299 1966 2321 :

1202 2351 1297 2386 sicut
1323 2349 1412 2385 dicit
1437 2348 1642 2397 Apostolus
1670 2355 1777 2390 tuus,
1808 2346 2036 2382 transferens
2063 2346 2202 2382 ethnici

1202 2410 1426 2446 sententiam
1444 2408 1490 2444 dc
1509 2407 1606 2443 malo
1630 2418 1718 2442 vase
1739 2406 1775 2441 in
1796 2418 1860 2441 vas
1877 2404 2019 2441 bonum
2032 2433 2041 2449 ,
2059 2413 2100 2441 ut
2124 2418 2199 2441 non

1204 2468 1274 2505 nisi
1307 2468 1424 2518 ipsam
1461 2475 1498 2503 ct
1526 2478 1591 2501 vas
1621 2464 1765 2501 bonum
1804 2464 1935 2513 sapiat.
1975 2465 2116 2509 Genus,
2142 2464 2201 2499 in-

1203 2540 1337 2577 quam,
1370 2540 1495 2562 samus
1526 2529 1650 2567 Deio,
1680 2533 1717 2560 ct
1747 2523 1818 2567 dii,
1847 2523 1913 2559 lilii
1945 2523 2089 2559 Excelsi
2118 2537 2202 2559 om-

1986 2300 2100 2334 gemcs
2117 2290 2199 2330 Dei,

143 2586 215 2625 Sed
231 2600 338 2624 amor
358 2595 444 2624 tuus
462 2586 613 2624 bonitas
634 2595 697 2623 tua
717 2595 772 2623 est
785 2615 794 2632 ,
812 2600 834 2622 ο
858 2599 1003 2623 summe
1021 2585 1136 2631 bone,
1159 2593 1192 2628 D
1210 2601 1276 2624 nes
1293 2594 1320 2609 ¹⁰
1338 2616 1347 2632 ,
1369 2586 1595 2635 cognatione
1624 2584 1785 2634 quadam
1815 2583 2000 2632 spirituali
2029 2596 2201 2631 magnam

143 2654 181 2683 et
198 2659 385 2684 summum
400 2647 542 2684 bonum
556 2675 565 2691 ,
584 2647 745 2696 Spiritus
761 2654 910 2683 sanctus
930 2645 1141 2695 procedens

144 2719 165 2743 a
187 2709 296 2743 Patre
325 2715 364 2743 et
386 2707 500 2752 Filio,
526 2707 590 2756 qui
611 2706 658 2743 ab
681 2706 788 2742 initio
816 2714 997 2742 creaturae
1025 2706 1142 2742 fertur

145 2778 258 2814 super
284 2765 447 2815 aquas5,
480 2766 517 2803 id
551 2774 625 2813 cst,
655 2778 768 2815 super
799 2773 943 2802 mentes
975 2765 1138 2801 filiorum

145 2824 342 2861 hominum
383 2825 632 2870 fluctuantes,
668 2824 845 2861 omnibus
880 2837 918 2861 sc
952 2824 1114 2861 offerens
1129 2853 1138 2870 ,

146 2883 272 2920 omnia
303 2883 351 2920 ad
385 2897 422 2921 sc
456 2885 606 2921 trahens
641 2884 882 2934 inspirando,
911 2883 1137 2933 aspirando,

147 2944 259 2981 noxia
278 2944 457 2990 arcendo,
480 2944 718 2994 providendo
740 2944 863 2990 utilia,
878 2948 999 2981 Deum
1018 2943 1139 2990 nobis,

146 3010 183 3039 et
205 3015 275 3039 nos
301 3003 434 3039 uniens
461 3007 555 3040 Deo.
583 3004 641 3042 Sic
671 3004 770 3040 enim
800 3004 960 3053 Spiritus
990 3012 1141 3040 sanctus

148 3071 252 3109 tuus,
269 3063 333 3112 qui
358 3076 465 3100 amor
481 3063 619 3100 dicitnr
634 3064 753 3101 Patris
773 3072 810 3100 et
826 3064 928 3108 Filii,
951 3072 987 3099 ct
1004 3064 1140 3108 unitas,

145 3131 184 3159 et
203 3123 397 3170 voluntas,
412 3136 480 3173 per
496 3124 653 3173 gratiam
678 3137 782 3160 suam
804 3124 842 3160 in
867 3122 975 3159 nobis
998 3121 1141 3158 inhabi-

198 3259 206 3274 ¹
227 3255 298 3295 Sap.
314 3265 415 3292 xvni,
436 3258 551 3286 14-16.
566 3274 608 3279 —-
632 3259 644 3275 ²
665 3256 744 3286 l‘snl.
761 3267 796 3285 lx
811 3279 818 3292 ‚
840 3259 868 3286 5.

152 3310 182 3336 ὓ.
201 3323 243 3328 -
262 3312 275 3336 7
296 3306 405 3336 Jacobi
431 3319 454 3342 1,
480 3310 531 3338 ¹7.
550 3326 590 3330 -—
606 3306 619 3328 ⁸
638 3310 730 3339 Joan.
750 3319 831 3343 xvii,
855 3310 988 3342 11,’).1.
1015 3326 1043 3329 n
1069 3314 1084 3335 ἱ)
1105 3310 1170 3336 Art.
1187 3318 1271 3340 xvii,
1297 3309 1348 3335 Ἠ).
1383 3325 1409 3327 -ν-

1208 2648 1308 2697 apud
1333 2655 1367 2683 tc
1392 2646 1624 2682 vindicantes
1654 2644 1892 2685 affinitatem,
1917 2656 2000 2678 cum
2023 2655 2091 2690 per
2112 2643 2200 2691 Spi-

1209 2709 1321 2744 ritum
1353 2705 1567 2755 adoptionis
1598 2704 1709 2741 Filius
1741 2711 1825 2739 tuns
1853 2715 1969 2737 unum
2003 2700 2200 2737 nobiscum

1209 2779 1347 2803 nomen
1381 2765 1506 2801 sortiri
1545 2776 1622 2799 non
1659 2762 1906 2811 dedignatur,
1942 2769 1976 2795 ct
2006 2774 2089 2796 cum
2120 2761 2201 2810 ipso

1206 2833 1241 2861 ct
1271 2838 1339 2874 per
1369 2824 1490 2873 ipsum
1517 2821 1716 2871 praeceptis
1750 2819 1976 2856 salutaribus
2012 2820 2144 2855 moniti
2167 2828 2204 2856 et

1207 2884 1333 2919 divina
1366 2882 1600 2918 institutione
1636 2881 1784 2916 formati
1820 2879 2002 2915 audemus
2037 2879 2162 2915 dicere
2195 2895 2202 2916 ι

1209 2945 1323 2978 Pater
1342 2951 1465 2977 nostrl·
1481 2945 1544 2989 qui
1562 2954 1597 2975 rs
1613 2943 1649 2974 in
1667 2942 1766 2974 cadi.»
1782 2945 1823 2974 ¹¹.
1844 2943 1954 2975 Anias
1976 2938 2101 2986 itaque
2119 2952 2202 2984 nos,

1208 3001 1244 3037 in
1274 3009 1457 3050 quantum
1492 3012 1560 3036 nos
1587 2999 1704 3035 cl'licis
1733 2998 1786 3034 tui
1818 3005 2023 3042 amatores3
2056 3006 2092 3033 et
2122 3011 2203 3043 n05,

1207 3074 1376 3097 amamus
1407 3068 1460 3104 tc,
1491 3059 1528 3094 in
1559 3067 1742 3107 quantum
1775 3071 1795 3093 a
1823 3066 1856 3093 tc
1886 3056 2066 3106 Spiritum
2098 3066 2201 3093 tuum

1207 3121 1434 3170 accipimus,
1466 3119 1530 3168 qui
1563 3126 1617 3154 cst
1646 3131 1752 3154 amor
1783 3126 1891 3161 tuus,
1914 3115 2147 3152 obtinentem
2169 3126 2205 3152 et

887 3273 926 3277 —
955 3253 968 3277 ³
999 3259 1090 3286 Rom.
1127 3265 1178 3291 ιιι,
1206 3258 1255 3284 19.
1284 3270 1326 3275 —
1353 3251 1426 3282 Md.
1454 3262 1507 3287 tx,
1541 3254 1591 3281 tf».
1616 3269 1654 3272 —-
1686 3248 1698 3270 ⁵
1718 3253 1798 3279 (len.
1826 3260 1856 3284 ι,
1881 3252 1912 3278 9,.
1936 3266 1976 3270 -
1997 3245 2131 3276 ⁶(2alat.
2166 3259 2209 3278 ιγ,

1430 3311 1457 3324 ‘⁰
1479 3304 1554 3334 t‘sat.
1584 3315 1699 3336 ixxxi,
1725 3307 1754 3332 ιἰ.
1793 3321 1817 3326 —-
1839 3307 1863 3322 ¹¹
1884 3301 1996 3330 uuiti.
2021 3312 2048 3328 xi
2067 3324 2072 3331 .
2091 3305 2119 3329 ¹.t.
