2504 3928
335 208 410 241 2135)

334 282 496 317 cinerem
524 295 603 316 esse
635 281 926 317 consideramus.
961 282 1057 318 Nulli
1089 291 1212 319 autem
1245 283 1320 318 luce

949 208 1070 242 xt'sls
1100 209 1326 250 MYS'HCA,
1357 209 1441 243 sm)
1475 208 1759 242 'rnAC'rA'l‘us

2299 207 2375 243 940

1388 296 1406 317 a
1424 295 1498 330 quo
1519 281 1632 317 babes
1651 295 1751 327 esse,
1777 290 1812 318 et
1835 280 1930 317 bene
1956 293 2036 317 esse
2053 295 2060 316 z
2078 290 2114 318 et
2137 290 2239 319 tanto
2258 284 2374 333 magis

337 355 349 373 x
363 341 454 376 irtus
477 349 548 375 tam
572 340 776 375 necessaria
797 347 865 384 est,
886 353 997 388 (ptam
1020 340 1247 388 virginibus,
1280 355 1325 376 ne
1344 344 1369 375 A
1390 341 1499 390 dilige
1517 342 1693 377 dilectum
1715 349 1833 385 tuum,
1854 348 1995 389 quanto
2016 340 2186 390 pluribus
2203 350 2239 378 et
2256 342 2374 391 majo-

336 400 373 434 in
396 399 627 448 prol'undum
649 398 835 448 superbiae
857 399 1035 444 incidant,
1058 400 1145 436 dum
1169 414 1322 436 suorum

336 458 572 494 considerant
605 459 862 494 excellentiam
893 459 1124 495 meritorum.
1157 460 1325 507 Virgines

336 518 434 552 enim
457 518 589 553 (Iliristi
607 519 717 553 etiam
740 517 860 554 adlme
880 519 915 554 in
936 527 1031 554 terra
1053 519 1233 563 viventes,
1254 525 1326 556 Λιι-

337 577 504 623 gelorum
534 577 676 613 dueuut
698 578 833 622 vitam,
863 592 947 614 cum
971 579 1059 614 tales
1086 579 1180 623 sint,
1199 580 1326 627 quales

337 633 429 669 dixit
456 636 637 671 Dominus
660 635 831 672 liomiues
858 637 1002 673 suun-os
1030 646 1111 686 post
1137 651 1325 674 resurrec-

339 693 479 728 tionem
504 709 510 729 :
534 694 619 742 quia
640 703 728 730 tunc
744 709 860 743 neque
881 696 1030 740 nubent,
1052 710 1168 744 uersae
1185 697 1327 731 naben-

337 760 415 794 ΜΠ
431 755 497 786 wll
511 762 616 788 eruut
631 756 770 788 similes
793 757 886 801 Aug(
899 758 942 790 lis
957 758 1028 790 Dm·
1046 759 1082 790 iu
1100 759 1190 790 cmlv
1204 763 1226 790 ¹.
1246 760 1323 792 Non

337 819 552 859 exspectant
586 820 709 848 autem
735 813 896 861 virgines
921 814 1055 851 Christi
1085 814 1324 850 solummodo

338 869 662 919 incorruptionem
690 873 992 918 resurrectionis,
1013 873 1076 909 sed
1100 874 1136 909 in
1162 887 1322 923 praesen-

340 929 364 964 ti
399 930 508 965 etiam
540 930 672 967 xixuut
700 932 949 982 in‹·m·1·upi:n,
971 933 1082 969 vitam
1108 934 1187 969 sine
1209 934 1324 970 dubio

337 989 541 1037 angelicam
566 991 793 1028 :emulautes
824 995 877 1027 Ne
898 993 1010 1042 igitur
1031 1007 1050 1028 e
1076 1001 1148 1028 tam
1175 993 1323 1029 sublimi

1391 399 1493 436 ribus
1514 400 1622 436 bonis
1645 400 1720 435 suis
1750 413 1851 435 suam
1883 412 1967 447 erga
1988 407 2022 434 te
2041 399 2258 450 comprobat
2282 400 2377 438 dile-

1390 460 1563 495 ctionem.
1584 463 1662 495 lmo
1681 468 1718 495 et
1739 460 1816 508 ipsa
1836 459 1932 495 dona
1951 459 2128 495 virtutum
2148 460 2231 508 plus
2250 459 2375 510 dilige,

1391 520 1681 568 diligentiusque
1702 532 1898 564 conserva,
1918 519 2004 567 quia
2024 519 2093 554 lioc
2111 532 2130 555 a
2152 527 2223 555 tam
2244 519 2378 556 dilecto

1393 587 1424 615 ct
1446 588 1516 615 tam
1536 578 1725 628 diligendo
1742 579 1907 627 accipere
1926 578 2104 623 meruisti,
2120 592 2230 627 quam
2248 580 2276 614 si
2297 593 2378 628 pro-

1394 639 1483 689 priis
1504 638 1647 674 viribus
1664 639 1734 674 lioe
1754 637 1955 674 obtineres.
1974 641 2015 674 In
2037 638 2234 674 retinendo
2251 639 2376 675 datum

1395 698 1613 746 diiigenter,
1633 697 1753 733 dantis
1773 696 1896 732 dilecti
1920 697 2046 746 sponsi
2069 697 2119 732 tui
2142 697 2377 734 dilectionem

1395 757 1569 801 osteude;
1586 757 1671 805 quia
1686 770 1760 793 non
1775 755 1886 792 debet
1901 756 1988 792 dare
2004 756 2088 792 vilia
2104 769 2256 793 munera
2272 756 2379 793 dator

1395 826 1467 852 tam
1488 816 1686 865 pretiosus.

1448 876 1531 912 100.
1562 876 1721 912 Secundi
1747 888 1861 921 vero,
1892 875 1954 924 qui
1981 875 2138 911 credunt
2163 887 2201 911 se
2225 875 2376 924 quidem

1389 935 1589 985 accepisse,
1608 935 1709 984 quod
1738 948 1812 971 non
1839 934 1998 979 liabent,
2018 948 2038 971 a
2059 939 2152 979 Deo,
2172 934 2236 970 sed
2256 943 2378 971 tamen

1391 1003 1542 1044 propter
1560 994 1689 1031 merita
1705 1007 1790 1039 sua;
1809 994 1941 1029 volunt
1956 993 2158 1043 benignum
2174 994 2378 1030 Dominum

337 1049 467 1098 gradu,
489 1062 599 1098 quem
623 1064 697 1086 nou
722 1065 767 1087 ex
790 1061 979 1101 prrecepto
1001 1051 1241 1101 cujusquam,
1263 1052 1325 1088 sed
1346 1050 1372 1083 B
1391 1058 1516 1091 Jesum
1543 1067 1608 1090 sua
1633 1055 1748 1103 gratia
1775 1053 1947 1102 spoliare.
1975 1055 2049 1090 Cur
2068 1060 2224 1101 propter
2249 1053 2381 1090 merita

338 1109 492 1158 propria
518 1111 711 1146 voluntate.
732 1111 887 1147 viriliter
913 1111 1179 1156 ascenderunt,
1207 1112 1328 1148 viliter

336 1181 405 1217 per
422 1169 635 1218 superbiam
653 1170 844 1217 decidant3
863 1172 1089 1207 inclinentur
1106 1171 1151 1207 ad
1174 1180 1324 1216 terram,

337 1228 431 1263 sieut
450 1228 518 1265 llos
534 1229 616 1275 lilii;
635 1230 880 1266 recordentur
893 1231 1070 1279 quoniam
1087 1229 1209 1279 pulvis
1225 1239 1325 1276 sunt,

338 1295 375 1322 et
397 1288 499 1336 quod
529 1288 606 1324 dies
632 1302 759 1324 earum
790 1290 885 1326 sieut
910 1290 1036 1325 senum
1062 1305 1069 1325 :
1092 1298 1128 1325 et
1156 1290 1325 1326 nondum

336 1347 519 1382 :estiment
540 1361 577 1383 se
599 1348 644 1383 ad
667 1348 956 1384 immortalitatis
976 1348 1246 1384 beatitudinem
1269 1362 1327 1384 re-

336 1406 559 1451 surrexisse,
587 1406 652 1441 sed
682 1406 803 1441 adhue
830 1406 894 1441 illo
921 1419 1056 1442 carneo
1083 1406 1224 1455 pariete
1253 1407 1326 1443 cir-

337 1463 548 1509 cumdatas,
579 1464 645 1512 qui
671 1464 768 1500 inter
798 1465 897 1513 ipsos
924 1464 1056 1500 dividit
1084 1473 1120 1500 et
1150 1464 1327 1501 dilectum

337 1526 478 1558 Jesum.
499 1526 660 1559 Caveant
686 1523 790 1559 illum
818 1531 981 1559 astutum
1003 1531 1217 1572 serpentem
1239 1524 1328 1572 ipsis

337 1581 596 1631 multipliciter
630 1582 891 1626 insidiantem,
926 1595 972 1618 ne
1005 1582 1158 1619 seducat
1190 1595 1251 1618 eas
1281 1582 1327 1618 ad

336 1642 639 1690 pra‘sumendum
665 1642 805 1691 aliquid
826 1642 872 1678 de
899 1656 936 1678 se
961 1656 967 1678 :
990 1651 1174 1691 quatenns
1199 1643 1325 1678 existi—

338 1709 439 1736 ment
455 1700 596 1737 bonum
612 1701 713 1750 quod
728 1701 881 1746 liabent,
901 1715 977 1737 non
993 1701 1130 1738 habere
1144 1715 1181 1737 se
1195 1715 1214 1738 a
1230 1706 1324 1747 Deo,

337 1761 400 1797 sed
417 1774 437 1796 a
460 1761 613 1810 propria
640 1762 797 1807 virtute;
816 1762 875 1797 vel
897 1761 1051 1797 credant
1072 1760 1142 1797 sibi
1161 1774 1231 1810 pro
1253 1774 1328 1797 me-

1395 1122 1454 1149 tua
1473 1113 1655 1162 accepisse
1672 1121 1706 1149 te
1724 1120 1830 1161 putas
1849 1111 2050 1147 virtutem?
2069 1111 2137 1147 Dic
2155 1111 2244 1147 mihi
2262 1126 2269 1147 :
2288 1112 2380 1159 Quis

1392 1172 1494 1208 dedit
1516 1171 1580 1207 tibi
1606 1184 1714 1220 posse
1732 1170 1890 1206 nwreri?
1913 1171 2013 1214 Quid
2036 1170 2133 1205 enim
2153 1169 2265 1205 habes
2281 1173 2383 1218 quod

1392 1245 1465 1265 teon
1485 1232 1692 1278 accepisti?
1716 1231 1818 1274 Quid
1837 1230 2035 1275 gloriaris,
2056 1231 2165 1275 quasi
2184 1241 2256 1263 mm
2281 1241 2381 1264 acce-

1385 1294 1490 1337 peris·
1501 1291 1536 1325 ²?
1551 1292 1594 1325 Et
1610 1298 1728 1325 tamen
1745 1288 1775 1324 si
1793 1288 1848 1324 vis
1862 1287 1953 1323 scire
1968 1287 2160 1335 quomodo
2175 1288 2378 1337 acceperis,

1393 1348 1479 1383 audi
1503 1347 1675 1384 eumdem
1701 1347 1910 1396 apostolum
1931 1360 1938 1381 :
1962 1350 2118 1390 Gracia,
2144 1346 2284 1394 inquit,
2311 1349 2381 1382 Dei

1393 1405 1594 1453 srzlvifacti
1613 1420 1744 1442 sumus.
1767 1405 1876 1453 Quod
1895 1413 2018 1441 autem
2041 1405 2227 1441 salvamur
2245 1418 2381 1442 secun-

1394 1465 1483 1502 dum
1505 1479 1618 1515 opera
1648 1473 1786 1510 nostra,
1805 1478 1880 1500 non
1896 1477 1941 1500 ex
1964 1463 2295 1512 justificationibus
2315 1478 2382 1502 no-

1394 1525 1480 1561 stris
1509 1525 1719 1569 salvanum-3
1751 1523 1815 1560 sed
1847 1523 1963 1573 gratia
1997 1522 2106 1558 datur
2143 1535 2214 1571 pro
2250 1525 2379 1572 gratia.

1395 1583 1521 1620 Gratia
1537 1584 1636 1619 enim
1661 1582 1729 1620 Dei
1747 1595 1873 1618 sumus
1898 1581 1934 1618 id
1959 1582 2060 1631 quod
2085 1595 2226 1628 sumus,
2246 1583 2322 1620 sive
2342 1583 2381 1619 in

1394 1641 1576 1679 habendis
1605 1640 1806 1679 virtutibus
1823 1670 1833 1687 ,
1865 1641 1943 1678 sive
1971 1641 2009 1678 in
2036 1641 2249 1679 coelestibus
2282 1642 2382 1679 obti-

1393 1702 1539 1738 nendis.

1451 1761 1532 1797 lOl.
1551 1760 1663 1797 Tertii
1678 1773 1782 1806 vero,
1799 1760 1862 1809 qui
1877 1774 1923 1797 ex
1937 1761 2118 1810 spirituali
2133 1760 2234 1797 dono
2249 1768 2381 1810 putant

338 1819 418 1855 ritis
436 1820 510 1856 suis
532 1820 729 1865 traditum3
748 1821 804 1856 vel
825 1828 981 1869 propter
997 1820 1067 1856 hoc
1088 1819 1190 1868 quod
1211 1834 1230 1856 a
1248 1824 1328 1857 Deo
1348 1822 1375 1857 C
1394 1833 1433 1857 se
1448 1821 1529 1857 aliis
1546 1821 1731 1865 meliores,
1753 1821 1920 1869 aliosque
1935 1828 2181 1856 contemnunt
2205 1828 2380 1870 tanquam

336 1888 562 1928 acceperuut
576 1908 586 1924 ,
627 1880 865 1929 singulariter
896 1879 1051 1915 credant
1084 1893 1122 1915 se
1155 1880 1328 1916 meliores

337 1939 429 1984 aliis,
451 1940 507 1974 vel
530 1948 569 1975 ut
586 1948 719 1988 putent
737 1953 774 1975 se
793 1939 944 1985 babere,
964 1939 1066 1988 quod
1084 1953 1157 1975 non
1176 1939 1326 1977 liabent.

340 2003 402 2035 11ae
419 2008 504 2035 sunt
528 2008 691 2048 quatuor
710 2000 851 2050 species
875 2000 1084 2048 jactantiae,
1111 1999 1247 2049 quibus
1267 2001 1328 2036 ille

338 2059 588 2108 nequissimus
609 2072 762 2108 serpens
784 2060 893 2095 etiam
918 2073 991 2095 non
1013 2072 1098 2095 raro
1120 2059 1242 2096 bonos
1259 2060 1326 2096 de-

339 2119 438 2168 cipit.

392 2180 454 2214 99.
481 2182 525 2215 l-lt
546 2180 665 2228 prima
682 2180 831 2228 quidem
854 2179 975 2228 speeie
994 2179 1154 2228 decepti,
1172 2180 1235 2228 qui
1254 2193 1330 2216 non

342 2246 475 2288 putant
492 2238 593 2286 quod
615 2237 752 2273 liabent
772 2252 790 2273 a
810 2241 890 2274 Deo
911 2238 1117 2286 accepisse,
1138 2237 1328 2283 incidunt,

342 2311 418 2346 quo
442 2298 585 2333 nullum
608 2306 663 2333 cst
690 2297 829 2345 majus,
853 2298 1014 2333 crimen⁰
1040 2297 1329 2345 ingratitudinis.

341 2357 438 2404 Quid
455 2358 551 2393 enim
568 2357 689 2407 pejus,
704 2371 814 2405 quam
832 2371 907 2393 non
926 2370 1194 2406 recognoscere
1210 2360 1330 2393 Deum

342 2431 421 2453 esse
439 2418 649 2465 largitorem
672 2417 792 2453 omnis
815 2416 931 2452 boui?
951 2416 1060 2462 Quod
1081 2416 1144 2464 qui
1169 2428 1244 2451 non
1268 2429 1332 2463 ag-

343 2485 495 2520 noscat,
518 2476 710 2524 quomodo
731 2484 852 2523 grates
870 2475 1011 2511 deseret
1028 2475 1059 2509 ei
1073 2503 1082 2519 ,
1105 2488 1124 2510 a
1149 2487 1223 2523 quo
1242 2475 1332 2510 nihil

345 2548 383 2571 sc
407 2536 561 2571 aestimet
581 2535 789 2583 accepisse?
811 2537 855 2571 Et
886 2542 985 2569 certe
1011 2547 1086 2569 non
1112 2534 1221 2582 pauci
1244 2534 1333 2569 tales

1393 1880 1545 1917 viliores
1561 1893 1612 1925 se,
1632 1888 1734 1929 peste
1754 1880 1854 1916 illius
1870 1880 2045 1916 Pharisaei
2061 1888 2297 1929 premuntur,
2316 1879 2382 1929 qui

1394 1939 1504 1975 etiam
1538 1952 1622 1975 cum
1651 1938 1810 1988 acceptis
1840 1937 2042 1974 virtutibus
2068 1938 2201 1987 gratias
2232 1946 2379 1988 ageret,

1394 1998 1583 2048 peccavit,
1608 1997 1694 2046 quia
1730 1996 1974 2034 Publicanum
2013 1997 2269 2047 contempsit&
2310 1997 2382 2035 Sed

1395 2058 1480 2107 quia
1496 2058 1647 2107 plurimi
1666 2058 1734 2094 hac
1752 2066 1855 2107 peste
1872 2056 2056 2103 laborant,
2073 2065 2258 2093 tentemus
2275 2056 2383 2106 adju-

1395 2126 1507 2154 vante
1537 2117 1700 2154 Domino
1727 2117 1782 2153 his
1806 2117 1957 2166 aliquod
1984 2116 2296 2153 medicamentum
2317 2117 2382 2153 ad-

1398 2177 1538 2214 hibere.
1563 2177 1884 2215 Considerandum
1906 2187 2009 2226 puto.
2034 2181 2068 2213 Is
2096 2177 2220 2225 aliqua
2246 2176 2386 2213 virtute

1397 2237 1581 2287 spirituali
1610 2246 1710 2273 caret
1733 2252 1740 2273 :
1769 2237 1923 2273 forsitan
1950 2236 2061 2273 babet
2088 2237 2196 2272 aliam
2226 2236 2383 2272 similem

1398 2298 1472 2341 isti,
1493 2298 1551 2333 vel
1575 2297 1752 2345 majorem
1782 2297 1862 2333 hac.
1882 2296 1973 2333 Ideo
1992 2296 2078 2332 dicit
2100 2296 2353 2343 Hieronymus
2373 2310 2380 2330 :

1399 2374 1412 2386 υ
1430 2356 1609 2392 Praeclara
1626 2363 1680 2391 est
1708 2355 1902 2404 virginitas
1921 2363 1957 2390 et
1983 2354 2172 2403 pudicitiae
2193 2354 2334 2398 virtus,
2354 2354 2383 2389 si

1402 2432 1415 2447 »
1437 2413 1548 2449 modo
1571 2427 1648 2449 non
1671 2413 1751 2449 aliis
1777 2413 2003 2448 macularum
2027 2412 2190 2462 lapsibus
2212 2413 2387 2449 infirma-

1401 2491 1414 2505 »
1434 2482 1503 2509 tur.
1521 2490 1535 2505 »
1556 2477 1646 2509 Nam
1670 2481 1773 2508 tanto
1792 2471 1924 2520 majori
1947 2472 2071 2507 studio
2096 2471 2268 2521 placendi
2290 2485 2386 2521 opus

1399 2541 1466 2578 est,
1485 2541 1627 2581 quanto
1644 2540 1699 2568 est
1714 2531 1834 2579 major
1852 2532 1912 2567 ille
1933 2532 1991 2567 eui
2013 2531 2237 2580 placendum
2259 2540 2325 2568 est.
2348 2532 2385 2568 Si

345 2604 452 2640 sunt,
472 2608 567 2643 quos
587 2607 631 2630 ex
653 2594 821 2643 ipsorum
845 2593 968 2629 verbis
990 2601 1097 2642 potes
1117 2606 1330 2641 agnoscere.
1349 2598 1379 2631 D
1398 2593 1497 2628 enim
1516 2593 1622 2641 virgo
1638 2605 1690 2637 es,
1713 2592 1834 2628 adbuc
1858 2590 2014 2627 dubium
2034 2591 2099 2627 tibi
2117 2600 2184 2635 est,
2207 2591 2253 2627 ad
2273 2604 2385 2640 quem

344 2655 442 2703 Quid
469 2655 566 2690 enim
597 2654 748 2689 dieunt?
775 2657 916 2701 Quare,
947 2653 1141 2701 inquiunt,
1162 2666 1235 2688 non
1257 2666 1334 2689 ser-

344 2715 436 2751 vasti
454 2715 657 2750 castitatem
678 2715 802 2749 tuam?
822 2726 938 2762 quare
955 2726 1031 2749 non
1049 2712 1163 2749 babes
1180 2713 1333 2749 lmmili-

344 2775 428 2810 tatis
459 2782 495 2809 et
521 2774 709 2823 patientia:¹
738 2773 941 2809 virtutem?
968 2785 1082 2821 qttare
1112 2785 1188 2808 non
1220 2772 1334 2808 habes

346 2833 525 2869 orationis
554 2832 816 2877 devotionem,
840 2840 876 2867 et
901 2832 1039 2867 lluenta
1060 2831 1333 2880 laerymarum?

345 2893 443 2940 Quid
473 2901 580 2941 putas
613 2905 676 2928 eos
705 2892 868 2941 cogitare
897 2891 960 2940 qui
988 2891 1060 2927 lioc
1085 2891 1230 2936 dicunt,
1265 2890 1333 2926 nisi

344 2952 444 3001 quod
462 2953 530 3000 ipsi
549 2953 619 2987 lioc
636 2951 797 2987 habeant
814 2965 833 2987 a
850 2964 903 2996 se,
926 2959 962 2987 et
979 2949 1155 3000 quaelibet
1172 2964 1191 2986 a
1209 2962 1247 2986 se
1262 2950 1334 2986 hoc

345 3012 461 3060 possit
478 3011 637 3046 babere?
654 3014 732 3047 Non
750 3011 797 3047 ita
812 3011 930 3060 cogita
948 3019 1000 3056 tu,
1020 3024 1042 3046 ο
1060 3011 1165 3059 virgo
1182 3009 1331 3054 Christi,

344 3070 408 3107 sed
425 3070 516 3106 seito
535 3079 567 3106 te
587 3084 606 3105 a
627 3079 660 3106 te
679 3071 758 3119 ipso
780 3070 871 3105 uiliil
895 3070 1047 3115 babere,
1065 3069 1133 3106 nisi
1155 3077 1301 3118 peecata
1321 3085 1327 3104 :

344 3137 575 3165 caetoravcro
596 3129 842 3179 l›ona‚gratiae
862 3130 989 3178 sponsi
1009 3130 1060 3165 tui
1080 3137 1179 3165 sunt.
1195 3131 1332 3166 Gratu—

343 3190 417 3225 lare
434 3201 542 3237 ergO,
566 3189 602 3225 id
624 3198 692 3234 est,
714 3190 834 3225 laetare
855 3189 963 3225 siuml
984 3198 1018 3225 et
1035 3188 1169 3239 gratias
1194 3201 1260 3238 age
1280 3188 1329 3233 ei,

391 3324 395 3336 ¹
416 3316 526 3347 Manli.
544 3329 614 3347 »xii
631 3342 636 3350 ,
656 3321 708 3347 ἰὶυ.
726 3335 766 3339 --
788 3319 973 3353 ι1(Συι.ιν,

997 3336 1022 3346 Ι.
1041 3336 1070 3337 W
1106 3316 1116 3337 1'
1135 3319 1326 3354 lainxvin,
1349 3318 1397 3346 ll.

1400 2653 1555 2701 gradum
1591 2651 1782 2700 dignitatis
1819 2652 2009 2700 virginalis
2042 2651 2265 2687 ascenderis.
2303 2655 2386 2689 Non

1400 2713 1498 2748 enim
1513 2711 1679 2760 ejusdem
1702 2711 1825 2747 meriti
1847 2719 1933 2747 sunt
1953 2723 2084 2746 omnes
2103 2710 2276 2759 virgines.
2297 2711 2387 2757 Quis

1399 2772 1498 2808 enim
1520 2779 1733 2807 sanctorum
1756 2770 1925 2806 virorum
1951 2770 2081 2806 similis
2102 2770 2138 2805 in
2165 2769 2332 2806 castitate
2352 2777 2389 2805 et

1400 2830 1508 2867 laude
1530 2830 1666 2867 Joanni
1694 2830 1795 2865 venit
1824 2828 2052 2878 aequandus?
2081 2832 2171 2876 Quae
2200 2828 2387 2877 virginum

1401 2889 1621 2925 seminarum
1671 2901 1788 2937 usque
1827 2888 1871 2924 ad
1915 2887 2149 2924 altitudinem
2197 2887 2388 2936 dignitatis

1401 2949 1525 2985 Maria}
1543 2947 1696 2996 virginis
1713 2947 1898 2983 altissimae
1919 2948 2118 2996 pervenit?
2138 2950 2220 2983 Non
2241 2959 2330 2994 ergo
2352 2954 2387 2982 te

1399 3008 1538 3043 exaltes
1561 3020 1673 3055 super
1695 3019 1943 3055 quemqnam,
1963 3004 2068 3054 cujus
2092 3014 2253 3041 mentem
2279 3005 2388 3053 igno-

1401 3081 1477 3112 ras,
1501 3080 1546 3103 ne
1573 3065 1642 3102 sub
1673 3065 1848 3101 omnibus
1876 3065 1996 3101 cadas.
2028 3068 2145 3109 Item,
2173 3065 2201 3100 si
2231 3073 2269 3100 tu
2292 3066 2387 3100 forte

1397 3127 1577 3177 dignitate
1592 3124 1814 3174 virginitatis
1826 3125 1949 3160 locum
1968 3133 2071 3160 tenes
2087 3124 2278 3169 inlimnm3
2295 3137 2388 3173 quo-

1398 3186 1511 3223 modo
1532 3183 1685 3221 audebis
1709 3192 1742 3220 te
1766 3196 1983 3232 comparare.
2006 3184 2058 3228 ei,
2089 3183 2152 3232 qui
2176 3184 2212 3219 in
2235 3183 2387 3219 humili-

1620 3317 1632 3332 θ
1653 3311 1743 3353 Apud
1759 3314 1861 3341 llorst.
1877 3310 1906 3339 in
1925 3310 2049 3340 crimen.
2062 3311 2086 3348 Γ
