2418 3949
123 107 197 143 485

664 112 893 146 EPISTOLA
925 113 990 146 AD
1019 112 1236 146 FRATRES
1264 113 1326 146 DE
1356 114 1642 147 MONTE-DEI.

2104 114 2179 149 480

123 182 247 220 finem.
269 187 358 221 Haec
373 184 602 234 quicumque
622 184 816 232 hahuerit,
837 187 922 223 laeto
939 199 1006 224 ore
1023 199 1113 223 can·
1130 191 1161 224 A
1181 200 1346 224 essemus
1379 189 1546 237 parvuli,
1578 188 1814 239 sapiebamus
1846 197 1886 225 ut
1913 189 2082 238 parvuli,
2111 202 2178 225 eo-

123 241 239 289 tabit,
277 245 442 289 Lauda,
475 247 703 289 Jerusalem,
740 248 965 290 Dominum5
997 248 1113 282 lauda

121 305 240 338 Deum
267 312 389 348 ticum,
410 305 496 339 Sion
525 319 537 339 :
563 310 739 352 quoniam
766 305 984 353 confortavit
1011 318 1113 341 seras

115 370 309 408 portarum
338 371 481 398 tuarum
494 390 505 406 ,
537 362 729 399 benedixit
743 364 843 409 filiis
861 366 932 400 tals
957 368 994 399 in
1019 373 1055 400 te
1077 370 1111 409 ¹3

121 419 209 467 quia
244 421 403 457 multum
438 420 627 459 laetabitur
655 422 719 472 qui
751 423 813 459 tali
848 422 1112 460 benedictione

120 476 376 517 benedicetur.

473 578 648 643 CAPUT
678 608 754 645 111.

277 710 460 741 Animarum
475 710 635 742 beatarum
654 712 741 744 dotes
755 714 959 756 explicantur.

175 836 233 872 ll.
253 836 423 873 Breviter
447 836 560 886 igitur
583 838 780 875 insinuatis
800 839 970 889 partibus
988 840 1110 877 beati-

120 893 260 931 tudinis
279 909 363 944 quae
376 897 529 946 corpori
549 906 763 947 competere
778 899 968 946 videntur,
986 909 1112 950 partes

1178 245 1389 297 gitabamus
1409 255 1446 283 ct
1462 247 1662 296 agebamus
1684 256 1725 284 ut
1744 248 1912 297 parvuli3
1936 248 2089 297 quando
2109 261 2173 285 au-

1180 313 1253 341 tem
1287 306 1372 342 facti
1394 320 1521 343 sumus
1549 308 1637 353 viri,
1671 309 1934 344 evacuavimus
1962 321 2045 357 quae
2065 316 2172 345 erant

1178 366 1327 413 parvuli
1349 372 1375 401 ².
1403 369 1446 402 In
1476 366 1538 402 illa
1567 367 1692 415 itaque
1714 368 1788 403 vita
1823 367 1949 416 pudor
1979 381 2057 405 non
2079 369 2169 413 erit,

1179 424 1332 472 quando
1353 426 1446 461 alter
1465 425 1617 461 alterius
1643 426 1739 462 facta
1755 425 1917 472 videbit,
1945 427 1974 463 si
1994 427 2081 463 hinc
2104 439 2172 475 per

1179 483 1468 520 satisfactionem
1500 484 1612 528 illuc,
1647 484 1812 520 donante
1846 489 1946 531 Deo,
1983 499 2170 535 pervene-

1179 541 1277 578 rint:
1297 542 1401 590 quod
1418 543 1517 578 enim
1530 545 1632 578 Deus
1647 543 1855 588 mundavit,
1868 544 1992 591 nullus
2011 545 2172 581 immun-

1179 599 1268 635 dum
1285 599 1488 648 judicabit,
1508 614 1620 636 nemo
1644 601 1981 650 improperandum
1999 604 2079 640 fore
2099 618 2171 654 pu-

1180 658 1290 704 tabit3
1321 659 1396 695 imo
1432 672 1502 708 pro
1540 672 1578 695 se
1611 669 1646 695 et
1681 673 1752 708 pro
1785 661 1840 695 his
1871 661 2008 708 quibus
2043 664 2172 700 sociati

1180 718 1337 764 fuerint,
1357 722 1478 755 Deum
1504 717 1762 754 indesinenter
1783 718 1964 754 laudabit.
1992 724 2111 757 Porro
2143 724 2171 760 si

1178 778 1333 827 angelus
1362 786 1396 814 te
1418 778 1474 814 sui
1501 778 1679 814 societate
1700 791 1770 826 pro
1790 779 1951 827 peccatis
1973 780 2045 816 tuis
2073 781 2173 817 indi-

1176 850 1291 886 gnum
1307 836 1495 885 judicaret
1511 865 1520 882 ,
1549 836 1707 873 haberes
1727 837 1817 885 quid
1842 838 1874 873 ei
1902 838 2174 876 rationabiliter

1177 898 1333 934 diceres.
1357 898 1394 934 Si
1420 897 1520 934 enim
1550 897 1630 946 ipse
1653 898 1711 933 vel
1733 897 2006 945 indignaretur,
2027 899 2173 946 dicens,

119 966 272 1003 quoque
296 954 396 1001 illas,
419 968 511 1004 quas
537 969 650 1006 supra
676 957 839 995 diximus
866 960 1002 996 animae
1021 974 1113 997 con-
1134 962 1160 995 B
1181 961 1235 994 Tu
1251 986 1260 1002 ‚
1281 957 1396 993 homo
1417 970 1500 993 cum
1523 956 1589 1002 sis,
1612 957 1736 1006 pulvis
1756 965 1793 992 et
1815 957 1926 1002 einis,
1947 958 2173 1005 intumuisti,

118 1013 262 1060 venire,
282 1015 447 1051 Domino
475 1014 693 1064 adjuvante,
711 1018 994 1068 perspiciamus.
1023 1023 1114 1056 Par-

120 1071 214 1108 tium
234 1073 387 1122 quidem
406 1074 554 1111 illarum
572 1076 693 1125 prima
712 1085 767 1114 est
792 1078 975 1126 sapientia
988 1108 997 1125 ,
1016 1079 1114 1115 hanc

118 1130 218 1168 beati
242 1132 314 1169 viri
344 1133 507 1182 pleniter
534 1134 747 1182 habebunt,
771 1145 812 1173 ut
832 1138 922 1173 nihil
945 1138 998 1174 eis
1018 1138 1115 1175 desit

119 1190 166 1226 de
181 1191 358 1228 omnibus
378 1205 462 1241 quae
479 1193 573 1230 scire
587 1195 781 1232 voluerint
799 1212 806 1233 :
829 1197 956 1234 omnia
972 1198 1114 1248 quippe

118 1250 309 1298 praeterita
323 1278 333 1296 ‚
352 1253 553 1300 praesentia
572 1262 609 1289 et
636 1254 762 1291 futura
783 1256 922 1302 scient,
944 1270 1013 1293 nec
1042 1257 1113 1294 ali-

119 1308 210 1357 quid
229 1322 362 1346 eorum
389 1311 532 1348 notitiae
564 1312 821 1360 subtrahetur,
849 1329 933 1365 quae
968 1325 1114 1353 creator

119 1367 270 1404 scienda
287 1370 447 1416 creavit,
467 1384 534 1407 nec
548 1371 755 1421 indigentia
771 1374 842 1410 erit
859 1383 899 1410 ut
914 1377 1113 1424 quisquam

118 1427 347 1477 interroget,
368 1430 452 1478 quis
469 1429 550 1479 ejus
568 1444 732 1481 proavus
752 1434 864 1470 fuerit
889 1443 925 1470 et
944 1435 990 1471 de
1010 1434 1116 1484 cujus

119 1487 236 1536 stirpe
255 1488 451 1537 prodierit,
468 1498 504 1526 et
521 1491 605 1539 quis
624 1491 685 1528 ille
702 1492 760 1528 vel
776 1493 836 1529 ille
857 1493 915 1530 sit.
934 1494 1113 1531 Omnium

117 1546 229 1582 etiam
247 1546 460 1596 linguarum
480 1557 517 1585 et
538 1550 709 1586 omnium
726 1560 984 1588 creaturarum
997 1581 1006 1598 ,
1028 1566 1090 1589 om
1103 1575 1114 1579 -

118 1605 223 1641 nium
261 1607 398 1643 artium
435 1608 606 1644 notitiam
634 1608 848 1657 habebunt,
879 1619 916 1647 et
948 1625 1035 1648 suos
1056 1612 1114 1648 in-

116 1663 238 1700 vicem
270 1664 464 1702 videbunt.
507 1666 701 1716 Quidquid
738 1668 807 1705 feci
850 1671 909 1706 vel
950 1671 1045 1707 facio
1074 1671 1113 1707 in

1179 1025 1215 1053 et
1239 1017 1309 1053 Dei
1341 1016 1558 1052 mandatum
1585 1016 1804 1064 neglexisti,
1834 1016 2011 1065 putridus
2044 1017 2081 1053 in
2105 1017 2173 1054 de-

1179 1077 1297 1122 lictis3
1331 1089 1407 1125 quo
1433 1074 1540 1124 jure,
1567 1088 1642 1124 quo
1671 1075 1828 1119 merito,
1851 1075 1907 1111 vis
1937 1075 2046 1112 nobis
2073 1090 2175 1113 coae-

1179 1136 1308 1185 quari,
1338 1148 1434 1184 quos
1456 1135 1578 1170 cernis
1597 1135 1634 1170 in
1656 1133 1839 1184 obsequio
1875 1135 2062 1171 Creatoris
2082 1149 2177 1172 con-

1179 1195 1344 1232 versari?
1367 1194 1631 1244 responderes,
1651 1196 1743 1231 Cum
1762 1195 1831 1230 sim
1853 1194 1976 1243 pulvis
2002 1203 2039 1231 et
2059 1195 2152 1232 cinis
2165 1225 2174 1241 ,

1181 1268 1259 1291 non
1287 1263 1344 1291 est
1376 1254 1513 1290 mirum
1542 1253 1572 1290 si
1598 1262 1714 1290 vento
1742 1254 1960 1290 tentationis
1991 1254 2176 1304 impulsus

1180 1314 1384 1364 aliquando
1415 1314 1541 1350 corrui
1572 1328 1579 1350 :
1616 1314 1681 1350 sed
1714 1313 1778 1350 ubi
1802 1316 2017 1351 Creatorem
2050 1328 2175 1351 meum

1181 1374 1367 1424 cognovi,
1405 1373 1626 1423 poenitendo
1661 1373 1807 1409 correxi
1843 1373 2027 1422 quidquid
2060 1387 2177 1423 prave

1181 1432 1369 1478 commisi3
1386 1432 1473 1467 hinc
1499 1431 1588 1467 mihi
1611 1430 1823 1476 tribulatio,
1839 1430 2000 1479 jejunia,
2024 1432 2174 1480 vigiliae,

1181 1493 1319 1542 plagae,
1344 1490 1552 1540 opprobria
1582 1503 1653 1539 pro
1676 1489 1758 1538 ejus
1788 1490 2042 1527 satisfactione
2072 1500 2177 1540 grata

1183 1553 1347 1588 fuerunt.
1366 1550 1457 1598 Quis
1473 1558 1598 1586 autem
1615 1558 1782 1585 vestrum
1807 1550 1877 1586 tale
1898 1550 1989 1598 quid
2010 1564 2175 1599 unquam

1180 1624 1252 1660 pro
1277 1610 1343 1646 illo
1372 1608 1576 1645 sustinuit?
1608 1608 1719 1656 Quod
1751 1621 1844 1644 vero
1876 1622 1953 1645 non
1978 1611 2177 1658 peccastis,

1182 1669 1325 1705 donum
1354 1668 1453 1704 illius
1482 1667 1562 1703 fuit.
1593 1670 1778 1704 Praeterea
1807 1666 1915 1716 cujus
1940 1669 2057 1717 gratia
2085 1669 2178 1705 tanti

117 1723 292 1773 praesenti
318 1724 414 1771 vita,
440 1725 493 1761 illi
519 1739 652 1763 omnes
680 1737 809 1777 aperte
840 1729 1042 1777 videbunt3
1076 1739 1113 1767 et
1133 1729 1160 1764 C
1177 1728 1285 1773 estis,
1309 1740 1356 1764 ne
1375 1727 1597 1777 peccaretis,
1615 1727 1715 1763 illius
1738 1740 1796 1762 me
1821 1727 1971 1775 sanguis
1994 1740 2014 1763 a
2035 1729 2180 1776 peccati

117 1782 305 1832 quidquid
326 1784 459 1834 aliquis
476 1798 608 1822 eorum
630 1787 736 1832 fecit,
757 1796 794 1824 et
814 1802 883 1838 ego
905 1789 1045 1826 videbo
1059 1819 1068 1837 ,
1085 1791 1114 1827 si

117 1841 169 1878 ibi
190 1842 297 1879 fuero
315 1858 322 1880 ε
345 1857 414 1880 nec
432 1844 518 1881 inde
536 1844 714 1882 ruborem
736 1847 869 1896 aliquis
891 1848 1063 1896 habebit,
1084 1850 1114 1886 si

117 1900 156 1936 in
176 1901 246 1938 hae
270 1902 347 1938 vita
375 1905 457 1939 Deo
482 1917 551 1952 per
571 1905 834 1953 poenitentiam
856 1908 1042 1945 satisfecit.
1065 1912 1116 1946 Ut

116 1959 231 2008 igitur
255 1960 394 1998 habeas
420 1963 521 1999 unde
554 1964 743 2002 conditori
778 1974 842 2002 tuo
875 1980 951 2003 non
991 1969 1112 2005 solum

117 2032 188 2068 pro
207 2028 260 2066 te,
279 2020 343 2057 sed
356 2021 466 2057 etiam
483 2035 554 2071 pro
571 2023 644 2059 illis
662 2025 726 2073 qui
747 2033 869 2062 tecum
888 2036 1012 2074 erunt,
1034 2041 1115 2077 gra-

119 2078 235 2116 tiosus
266 2093 416 2130 semper
445 2081 600 2128 existas,
632 2096 709 2132 prae
747 2085 865 2121 oculis
894 2085 940 2121 de
975 2095 1115 2135 quanta

118 2139 266 2176 miseria
287 2152 356 2176 nos
377 2142 583 2177 extraxerit
604 2142 778 2189 habebis;
798 2157 872 2180 non
895 2146 1047 2194 quidem
1069 2147 1114 2182 ad

117 2199 401 2245 confusionem,
432 2200 495 2236 sed
522 2200 568 2236 ad
599 2200 780 2250 majorem
813 2204 949 2240 laetitiae
977 2206 1116 2254 glorifi-

117 2258 316 2294 cationem.
339 2262 459 2295 Tanto
472 2259 572 2295 enim
590 2261 662 2297 erit
686 2261 807 2310 major
825 2272 965 2300 mutuae
986 2265 1115 2313 cogni-

118 2317 229 2354 tionis
256 2318 476 2363 exsultatio,
502 2328 645 2368 quanto
681 2322 915 2359 manifestior
941 2325 1012 2360 erit
1037 2325 1117 2373 ipsa

116 2376 412 2414 cohabitantium
438 2379 614 2427 cognitiO.
635 2383 775 2418 Omnes
794 2383 937 2432 quippe
958 2384 1116 2430 scimus,

115 2439 268 2473 Petrum
290 2437 503 2486 apostolum
533 2441 653 2474 Deum
685 2452 857 2489 negasse,
890 2450 926 2477 et
960 2442 1114 2478 Mariam

1180 1787 1327 1824 macula
1355 1786 1536 1831 redemit,
1567 1786 1630 1834 qui
1662 1793 1698 1821 et
1717 1785 1832 1821 homo
1858 1785 1937 1821 fieri
1962 1786 2106 1831 voluit,
2139 1795 2179 1823 ut

1181 1860 1240 1883 me
1269 1846 1373 1894 regni
1398 1845 1453 1881 sui
1484 1845 1706 1894 participem
1727 1845 1904 1881 efiiceret.
1930 1847 2023 1882 Cum
2051 1845 2179 1894 itaque

1182 1919 1284 1942 mors
1300 1905 1380 1954 ejus
1404 1905 1449 1941 sit
1472 1917 1563 1940 meae
1581 1904 1770 1940 sufficiens
1790 1916 1899 1940 causa
1920 1904 2048 1940 salutis
2062 1932 2070 1948 ,
2091 1906 2178 1954 qui-

1181 1966 1236 2002 vis
1253 1974 1418 2002 vestrum
1436 1963 1537 2012 juste
1559 1964 1674 1999 laetari
1701 1962 1814 1999 debet
1841 1976 1900 1999 me
1923 1963 1999 1999 fieri
2022 1964 2178 2012 partici-

1182 2038 1266 2075 pem
1287 2032 1422 2061 vestrae
1448 2022 1702 2060 beatitudinis.

1239 2084 1294 2121 12.
1324 2087 1367 2120 In
1396 2083 1464 2119 hac
1488 2082 1665 2119 societate
1692 2089 1818 2117 sancta
1846 2081 1917 2117 erit
1942 2093 2094 2130 quoque
2120 2082 2178 2117 in-

1181 2143 1359 2179 deficiens
1387 2150 1422 2178 et
1450 2142 1616 2191 perfecta
1646 2140 1822 2176 amicitia.
1850 2143 1942 2176 Nam
1972 2140 2179 2188 unusquis-

1181 2216 1255 2251 que
1291 2201 1479 2251 sigillatim
1512 2212 1719 2248 omnesque
1749 2198 1858 2234 simul
1898 2211 1938 2234 ac
1970 2199 2176 2235 Dominum

1182 2266 1301 2299 Deum
1317 2274 1424 2297 suum
1442 2261 1527 2310 plus
1542 2272 1655 2308 quam
1670 2258 1890 2307 semetipsos
1904 2258 2179 2307 incomparabi-

1182 2322 1266 2358 liter
1280 2319 1478 2365 amabunt,
1495 2327 1532 2355 et
1548 2319 1708 2367 quisque
1723 2316 1930 2367 quemlibet
1950 2317 2063 2354 alium
2085 2318 2180 2354 sicut

1181 2380 1423 2430 semetipsum
1440 2378 1594 2415 habebit
1607 2378 1772 2414 charum.
1792 2377 1903 2424 Quod
1918 2377 1946 2413 si
1962 2377 2059 2413 dicat
2075 2378 2158 2426 quis
2169 2406 2177 2422 ,

1182 2449 1325 2490 patrem
1356 2447 1420 2476 aut
1452 2446 1626 2488 parentes
1655 2450 1693 2473 se
1723 2437 1883 2486 amplius
1914 2437 2055 2473 caeteris
2082 2438 2178 2474 velle

114 2496 372 2545 Magdalenam
394 2497 637 2545 peccatricem
663 2498 797 2544 fuisse,
829 2513 898 2537 nec
926 2514 990 2537 eos
1023 2502 1111 2538 latet
1130 2503 1162 2536 D
1181 2499 1353 2548 diligere,
1371 2498 1544 2534 discutiat
1564 2496 1668 2545 quod
1686 2497 1810 2532 sentit.
1832 2499 1876 2531 Et
1894 2495 2047 2544 quidem
2071 2505 2176 2532 tuum

117 2555 204 2604 quia
236 2568 305 2591 nos
336 2555 496 2601 scimus3
518 2569 587 2593 nec
616 2571 680 2594 eos
715 2559 830 2608 magis
856 2560 974 2608 pudet
1000 2575 1112 2610 quam

116 2615 242 2661 illum,
258 2614 324 2664 qui
341 2615 557 2652 sanissimus
578 2626 695 2663 esset,
714 2631 815 2654 nune
832 2619 992 2668 puderet
1010 2621 1113 2670 quod

117 2675 206 2711 olim
234 2675 399 2724 graviter
424 2675 462 2711 in
491 2676 621 2725 praelio
647 2678 795 2715 saucius
824 2679 963 2716 fuisset.
992 2683 1114 2728 Quare

117 2734 208 2780 hoc,
227 2734 386 2771 fratres?
408 2736 516 2772 Certe
535 2735 623 2784 quia
644 2737 727 2773 facti
749 2738 806 2774 sui
828 2739 1107 2787 poenituerunt,

117 2801 155 2829 et
183 2792 455 2842 indulgentiam
476 2794 718 2832 invenerunt.
740 2797 800 2833 Sic
822 2806 858 2833 et
880 2811 971 2844 nos,
994 2800 1023 2835 si
1045 2813 1115 2849 pro

118 2854 326 2890 commissis
346 2853 494 2890 veniam
516 2856 708 2892 consecuti
734 2857 934 2902 fuerimus,
965 2859 1011 2895 de
1032 2873 1115 2909 per-

119 2911 274 2960 petratis
302 2912 423 2960 culpis
454 2925 528 2948 non
549 2913 827 2952 erubescemus.
849 2920 941 2953 Nam
970 2918 998 2954 si
1033 2918 1116 2967 quis

121 2969 229 3006 nobis
247 2971 283 3006 in
306 2970 375 3006 hac
394 2979 500 3008 aetate
519 2972 794 3022 improperaret
815 2975 918 3023 quod
940 2976 975 3011 in
998 2977 1118 3013 infan-

122 3029 171 3065 tia
189 3028 434 3076 faciebamus,
457 3043 590 3080 parum
614 3032 723 3069 nobis
743 3034 830 3070 satis
846 3043 1053 3082 constaret,
1074 3049 1119 3072 eo

122 3088 224 3138 quod
238 3097 385 3138 tempus
397 3098 435 3126 et
449 3099 536 3127 aetas
549 3091 609 3127 illa
622 3093 901 3140 pertransierit:
920 3108 1003 3130 cum
1021 3095 1120 3131 enim

173 3220 180 3233 ¹
200 3215 425 3251 l‘sal.‹:x1.vn,
454 3219 491 3246 12
506 3241 513 3254 ‚
540 3220 589 3248 13.
604 3237 635 3239 m
665 3222 888 3256 ²1('.0r.x111,
914 3224 963 3251 ll.

1180 2569 1394 2610 parentem,
1415 2558 1585 2607 quisquis
1607 2570 1645 2592 es
1671 2556 1734 2604 qui
1757 2556 1827 2591 hoc
1847 2556 1974 2605 cupis,
2000 2569 2111 2604 quem
2136 2565 2174 2592 tu

1179 2620 1303 2657 veraci
1324 2628 1358 2656 et
1380 2617 1524 2655 ardenti
1547 2629 1674 2653 amore
1695 2615 1815 2663 diligis
1831 2646 1839 2660 ,
1862 2616 2012 2651 affectas
2034 2625 2071 2651 ut
2091 2630 2175 2652 om-

1182 2693 1246 2716 nes
1278 2679 1455 2728 diligant,
1485 2685 1521 2712 et
1554 2689 1630 2712 non
1662 2675 1808 2711 minore
1835 2687 1963 2710 amore
1994 2689 2105 2723 quain
2137 2685 2174 2711 tu

1180 2752 1266 2776 eum
1295 2738 1428 2786 diligis.
1456 2736 1559 2773 Idem
1589 2748 1658 2783 ego
1691 2734 1735 2770 de
1772 2748 1855 2770 meo
1887 2734 2006 2770 amico
2036 2736 2175 2780 sentio,

1182 2799 1268 2834 volo
1290 2806 1401 2845 atquc
1427 2794 1621 2837 desidero;
1644 2793 1741 2829 idem
1769 2806 1901 2829 omnes
1924 2794 1984 2830 alii
2012 2793 2058 2830 dc
2080 2796 2174 2830 ami-

1183 2858 1234 2894 cis
1256 2857 1343 2893 suis.
1372 2859 1632 2903 Quapropter,
1653 2861 1693 2889 ut
1714 2853 1829 2888 sant-ti
1847 2853 1985 2889 amoris
2006 2854 2109 2889 omni
2130 2867 2174 2889 ex

1183 2925 1288 2966 parte
1311 2913 1508 2965 plenitudo
1533 2915 1615 2959 liat,
1638 2921 1673 2949 et
1697 2913 1819 2948 omnis
1844 2912 1893 2947 ibi
1916 2926 2072 2962 compos
2100 2927 2175 2950 sua:

1185 2975 1388 3011 voluntatis
1426 2973 1577 3018 existat;
1622 2972 1831 3008 necessario
1868 2971 2009 3007 amabi>
2047 2987 2178 3008 ‹uuum-

1187 3036 1278 3071 alios
1303 3034 1397 3070 sicut
1421 3041 1473 3078 te,
1495 3040 1680 3081 quatenus
1702 3045 1834 3067 omnes
1855 3031 2011 3079 diligant
2031 3041 2063 3066 tv
2088 3033 2126 3067 aa
2143 3042 2176 3066 ut

1188 3108 1226 3132 se
1268 3093 1377 3140 Quod
1406 3106 1490 3128 runi
1522 3092 1653 3137 suerit,
1684 3092 1753 3127 erit
1787 3105 1917 3138 magua
1950 3099 1984 3124 rt
2019 3092 2179 3139 perfecta
