2504 3928
340 225 434 260 1015

1040 228 1306 263 MEDITATIO
1336 228 1383 262 IN
1415 226 1681 262 PASSIONEM

335 301 415 350 ejus
432 316 439 337 :
456 310 491 336 et
511 301 736 337 contremuit
762 308 876 346 terra,
899 309 935 336 et
959 310 1074 350 petrae
1093 304 1213 340 scissae
1233 303 1378 340 sunt³⁰¹¹

2276 229 2372 265 101ss

1391 312 1536 338 extento
1569 305 1662 338 collo
1689 311 1722 337 et
1749 302 1891 338 tactibus
1924 305 2135 347 oculorum,
2173 306 2376 341 decalvabit

334 370 370 396 et
402 368 644 396 monumenta
671 367 799 408 aperta
825 368 932 405 suut,
963 362 1048 410 quia
1079 376 1208 399 vocem
1238 364 1318 400 Filii
1339 364 1366 397 A
1390 367 1570 400 Dominus
1586 364 1935 409 verticemsiliarum
1953 366 2040 398 Sion
2057 363 2083 399 4,
2106 364 2280 400 Decalvet
2297 369 2374 401 Do—

339 420 402 455 l)ei
430 419 641 455 audierunt.
666 418 724 454 sic
758 418 941 454 mediator
969 420 1033 456 Dei
1061 429 1098 457 et
1125 421 1319 458 bominum

337 480 450 515 liomo
476 478 643 514 Christus
673 481 799 522 JesuS‚
831 477 976 515 medius
1004 479 1101 515 inter
1130 481 1264 516 coelum
1287 489 1322 515 et

338 547 495 583 terram,
516 537 650 586 pasclia
673 536 940 583 manducabat,
958 546 993 573 et
1015 539 1157 575 fructus
1177 539 1322 575 arboris

337 597 502 645 undique
519 595 730 644 colligebat,
752 609 848 644 quos
867 597 902 632 in
922 610 1060 646 corpus
1083 611 1191 635 suum
1219 598 1323 647 traji—

337 655 477 701 ciebat,
498 656 584 704 quia
604 654 847 691 confluebant
865 657 991 692 omnia
1007 657 1052 693 ad
1073 657 1245 694 arborem
1268 659 1324 694 vi·

338 724 382 751 ta*
395 744 404 759 ‚
429 729 512 764 qua}
532 723 611 751 erat
628 715 663 750 in
682 715 805 751 medio
826 715 1000 764 paradisi.
1020 717 1209 754 Restincta
1225 719 1323 754 enim

337 783 417 811 crat
440 776 576 811 framea
602 788 684 824 quae
708 775 804 811 viam
831 775 1101 812 intercluserat.
1126 777 1217 825 Quis
1235 791 1324 827 ergo

338 835 498 884 amplius
513 848 661 871 crucem
680 835 829 871 timeat?
842 838 936 871 Vere
951 836 1015 884 qui
1034 849 1181 872 erucem
1200 837 1324 883 timet,

338 896 417 945 ipse
438 895 505 931 sibi
527 896 628 931 testis
648 903 702 931 est
721 895 823 943 quod
845 894 965 930 adliuc
981 895 1077 932 latro
1092 904 1158 933 est.
1177 900 1217 932 In
1237 910 1324 932 cru-

337 968 378 991 ec
406 955 505 991 enim
532 954 672 1004 pendet
697 954 820 990 omnis
848 954 989 991 l'ructus
1013 955 1119 997 vitae,
1139 956 1226 1003 quia
1245 955 1324 1005 ipsa

339 1023 393 1050 cst
410 1014 522 1050 arbor
539 1015 643 1058 vitae‚
660 1027 743 1062 quae
759 1022 814 1049 est
831 1013 868 1049 in
889 1013 1012 1049 medio
1033 1014 1194 1063 paradisi
1216 1029 1223 1051 ε
1245 1015 1324 1064 ipsa

1388 423 1510 457 miuus
1532 421 1706 456 verticem
1738 420 1861 469 capilli
1890 420 2229 470 perambulantium
2252 423 2289 458 in
2310 422 2375 458 de-

1386 482 1481 517 lictis
1499 482 1586 518 suis.
1605 481 1779 517 Decalvct
1792 508 1801 525 ‚
1824 481 1975 529 inquam
1992 508 2001 526 ‚
2021 482 2199 518 verticem
2217 482 2375 518 {iliarum

1388 542 1498 586 Sion,
1520 549 1556 576 et
1576 541 1681 576 saciat
1702 540 1752 576 ibi
1774 541 1951 577 Calvariae
1972 541 2092 576 locum
2111 568 2120 584 ‚
2144 549 2184 576 ut
2202 540 2252 576 ibi
2283 542 2375 589 liga—

1390 609 1450 636 tur
1469 600 1586 650 gloria
1602 599 1735 637 Christi
1752 613 1862 644 crux,
1884 598 1946 635 ubi
1963 599 2087 635 sedem
2109 599 2179 635 sibi
2200 599 2375 648 superbia

1391 660 1590 695 locaverat.
1617 661 1749 694 Dilata
1763 686 1772 702 ‚
1799 659 1942 707 inquit,
1964 661 2147 694 calvitium
2167 668 2263 694 tuum
2283 663 2379 694 sicut

1391 722 1519 767 aquila
1541 720 1566 755 ⁵.
1589 719 1723 767 Aquila
1743 718 1933 754 decalvata
1960 719 2161 767 perspicuo
2184 719 2260 754 sole
2285 718 2376 754 frui—

1393 786 1477 815 tur:
1501 779 1550 814 sie
1569 779 1702 814 animae
1722 777 1886 814 calvities
1904 785 2046 826 quanto
2064 777 2251 822 dilatatur,
2274 785 2377 813 tanto

1391 850 1429 873 se
1450 838 1581 886 purius
1600 837 1636 873 in
1656 850 1736 873 eam
1762 850 1849 873 vera
1873 837 1938 873 lux
1958 837 2133 873 infundit.
2157 837 2228 884 Qui
2253 845 2376 873 autem

1390 895 1459 932 sibi
1479 910 1622 932 comam
1646 896 1835 938 nutriunt,
1854 895 2027 932 caecitatis
2046 904 2083 932 et
2099 887 2286 944 gravitatis
2306 895 2378 932 sibi

1390 955 1668 991 <lamnationem
1692 955 1903 1004 acquirunt.
1928 959 2128 1003 Propterea
2155 955 2248 991 lucis
2268 954 2379 1003 liujus

1390 1012 1506 1049 beatse.
1533 1014 1695 1063 perdidit
1714 1014 1896 1050 visionem
1917 1013 2081 1050 Absalon
2095 1041 2104 1059 ‚
2127 1013 2213 1062 quia
2241 1026 2378 1062 grava-

339 1082 394 1110 est
419 1073 576 1109 altitudo
603 1081 641 1109 ct
666 1072 823 1109 latitudo
837 1100 846 1117 ‚
873 1071 1080 1109 sublimitas
1105 1082 1141 1109 et
1165 1074 1323 1123 prosun-
1346 1073 1372 1106 B
1391 1071 1453 1108 bat
1471 1086 1554 1109 eum
1569 1073 1735 1109 caesaries
1748 1101 1758 1118 ,
1777 1081 1813 1109 et
1829 1072 1978 1108 nonnisi
1998 1073 2110 1109 semel
2129 1073 2166 1108 in
2182 1085 2280 1109 anno
2299 1080 2379 1108 ton-

339 1132 428 1168 dum
444 1147 450 1168 :
468 1133 544 1181 ipsa
561 1131 682 1167 bonos
696 1131 837 1179 colligit
853 1139 889 1166 et
905 1140 1138 1178 renumerat,
1151 1133 1231 1182 ipsa
1246 1146 1326 1169 ma-

340 1193 395 1228 los
415 1191 597 1240 disperdit
616 1199 653 1227 et
668 1190 895 1226 condemnat
914 1205 920 1226 :
943 1191 1023 1240 ipsa
1038 1199 1093 1227 est
1107 1200 1326 1228 moestorum

339 1251 567 1296 consolatio,
594 1250 838 1286 esurientium
872 1250 1047 1295 resectio,
1074 1251 1324 1299 perfectorum

338 1310 527 1359 gloriatio.
551 1309 715 1346 Circuire
738 1321 910 1357 possum,
928 1309 1110 1354 Domine,
1132 1309 1266 1345 coelum
1289 1318 1327 1345 et

340 1378 474 1405 terram
489 1397 498 1412 ‚
522 1380 624 1403 mare
643 1375 680 1402 et
699 1365 863 1410 aridam,
886 1373 923 1401 ct
949 1378 1133 1414 nusquam
1158 1375 1192 1403 te
1219 1368 1327 1403 inve-

339 1428 436 1464 niam
461 1427 531 1463 nisi
553 1426 587 1462 in
618 1438 748 1470 cruce;
769 1424 819 1460 ibi
845 1424 1006 1471 dormis,
1033 1425 1086 1461 ibi
1112 1427 1252 1475 pascis,
1274 1426 1327 1463 ibi

332 1486 447 1522 cubas
465 1486 501 1521 in
520 1484 687 1521 meridie.
703 1486 801 1521 Crux
823 1484 922 1519 enim
941 1492 1003 1519 tua
1020 1484 1111 1521 fides
1126 1493 1181 1521 est
1193 1514 1202 1531 ,
1218 1484 1326 1533 cujus

331 1545 488 1582 latitudo
509 1543 690 1587 charitas,
714 1542 911 1591 longitudo
932 1543 1215 1591 longanimitas,
1239 1545 1324 1582 alti—

333 1605 424 1641 tudo
445 1616 548 1653 spes,
572 1602 803 1653 profundum
832 1603 959 1639 timor.
986 1606 1028 1639 In
1056 1603 1125 1639 hac
1150 1617 1261 1641 cruce
1289 1612 1324 1641 te

331 1665 476 1701 invenit
493 1664 721 1712 quicumque
740 1671 774 1698 te
794 1662 950 1699 invenit.
969 1666 1011 1699 In
1029 1663 1097 1699 hac
1117 1677 1228 1700 cruce
1243 1665 1326 1700 ani—

333 1738 392 1761 ma
419 1722 663 1773 suspenditur
688 1736 708 1758 a
732 1730 849 1767 terra,
870 1730 907 1758 et
930 1722 1053 1759 dulcia
1077 1736 1189 1772 poma
1212 1723 1259 1760 de
1279 1724 1325 1760 li—

333 1797 408 1833 gno
438 1784 524 1819 vitae
557 1781 735 1830 decerpit.
767 1785 808 1817 In
838 1781 905 1817 hac
937 1795 1048 1818 cruce
1070 1782 1232 1819 Domino
1258 1796 1325 1819 suo

1393 1132 1563 1178 debatur,
1578 1141 1613 1169 et
1625 1133 1746 1168 crines
1757 1145 1843 1168 suos
1859 1130 2093 1181 ponderabat
2104 1131 2274 1167 ducentis
2285 1131 2381 1167 siclis

1392 1192 1559 1241 pondere
1577 1191 1730 1240 publico
1743 1220 1752 1236 ‚
1773 1191 1873 1228 unde
1888 1200 1925 1227 et
1941 1191 2072 1227 eodem
2095 1191 2197 1226 crine
2224 1204 2382 1240 suspen-

1391 1263 1453 1287 sus
1467 1251 1512 1286 ad
1526 1250 1698 1287 arborem
1715 1250 1866 1286 interiit.
1884 1250 2048 1286 Absalon
2063 1250 2179 1286 Patris
2191 1262 2284 1298 pax3
2303 1249 2382 1299 ipse

1390 1317 1445 1345 est
1462 1318 1498 1345 et
1516 1310 1632 1346 Judas
1651 1337 1660 1355 ,
1682 1318 1719 1345 et
1737 1310 1966 1358 quicumque
1986 1309 2023 1345 in
2045 1322 2134 1358 pace
2158 1309 2307 1345 Christo
2327 1317 2383 1345 est

1390 1367 1600 1403 amaritudo
1628 1368 1873 1404 amarissima.
1899 1372 2000 1413 Ave,
2031 1367 2148 1403 Bablu·
2163 1366 2202 1414 ⁶,
2226 1381 2318 1404 voce
2346 1376 2384 1404 et

1390 1426 1520 1461 osculo
1542 1424 1643 1461 Patri
1665 1438 1794 1474 pacem
1815 1425 1971 1462 ferebat.
1995 1429 2068 1463 Ore
2093 1439 2161 1462 suo
2182 1426 2383 1463 benedice—

1390 1484 1499 1528 bant,
1516 1493 1553 1520 et
1568 1484 1682 1521 corde
1699 1498 1767 1521 suo
1788 1484 2072 1521 maledicebant.
2091 1488 2207 1521 Homo
2219 1515 2229 1532 ‚
2248 1486 2382 1535 inquit,

1384 1548 1492 1592 pacis
1508 1557 1603 1579 meoe
1616 1573 1627 1589 ,
1651 1549 1688 1580 in
1708 1558 1780 1592 quo
1798 1544 1991 1592 sperabam
2004 1574 2014 1590 ,
2038 1549 2102 1592 qai
2121 1545 2251 1581 edebat
2262 1559 2383 1594 panes

1390 1610 1514 1638 me0s7
1528 1632 1539 1650 ,
1560 1611 1632 1639 etc.
1655 1606 1763 1640 Unus
1782 1612 1859 1649 est,
1881 1612 1918 1640 et
1936 1604 2045 1640 multi
2065 1613 2165 1640 sunt.
2189 1608 2282 1641 Ecce
2307 1604 2385 1642 Ab·

1389 1664 1494 1699 salon
1509 1691 1519 1709 ,
1549 1675 1635 1699 ecce
1665 1663 1781 1699 Judas
1796 1691 1805 1708 ‚
1839 1677 1924 1700 ecce
1955 1677 2094 1714 corpus
2125 1672 2274 1700 satanae.
2311 1664 2384 1701 Sed

1390 1722 1583 1772 quomodo
1605 1735 1749 1759 comam
1774 1722 1992 1760 nutriebat?
2014 1727 2087 1760 Fur
2107 1732 2205 1769 erat,
2224 1732 2261 1760 et
2278 1724 2384 1760 locu-

1391 1783 1447 1818 los
1465 1781 1625 1818 habebat
1642 1797 1649 1818 ε
1674 1783 1742 1819 ista
1759 1796 1844 1819 eum
1865 1783 2032 1819 caesaries
2046 1782 2246 1831 gravabat;
2267 1791 2305 1820 et
2324 1796 2385 1820 se-

334 1843 528 1879 adliaerens
547 1841 706 1878 dulciter
731 1841 905 1877 decantat
925 1856 933 1877 :
956 1842 1150 1889 Susceptor
1170 1855 1272 1878 meas
1291 1856 1328 1877 es
1348 1841 1374 1877 C
1394 1842 1467 1878 mel
1489 1842 1525 1877 in
1549 1855 1650 1879 anno
1675 1850 1804 1879 tonsus
1829 1851 1906 1888 est,
1937 1843 2090 1891 quando
2121 1844 2234 1879 semel
2261 1844 2387 1879 retulit

333 1912 371 1938 tu
384 1930 394 1946 ,
416 1904 538 1949 gloria
562 1915 645 1936 mea
672 1910 708 1936 et
730 1904 905 1936 exaltans
924 1909 1037 1948 caput
1058 1914 1178 1936 meum
1193 1908 1216 1937 ¹.
1238 1902 1328 1938 Nul-

334 1963 391 1998 lus
413 1974 501 2009 ergo
524 1969 558 1996 te
578 1960 734 2009 quaerst,
753 1960 878 1996 nullus
895 1968 930 1995 te
951 1960 1097 1996 invenit
1118 1960 1186 1996 nisi
1204 1960 1330 1997 cruci-

335 2023 440 2057 fixus.
457 2025 487 2058 Ο
503 2021 667 2070 gloriosa
682 2022 795 2057 crux!
811 2019 977 2057 radicare
991 2020 1029 2056 in
1045 2033 1104 2057 me
1117 2048 1127 2067 ‚
1144 2029 1185 2057 ut
1199 2034 1329 2058 ascen-

335 2080 419 2117 dam
442 2081 477 2117 in
500 2089 546 2117 te.

682 2167 857 2206 CAPUT
887 2167 978 2207 vll.

538 2277 585 2304 De
598 2277 617 2305 J
621 2273 688 2304 uda?
702 2280 828 2315 peccato
847 2280 878 2305 et
894 2274 1119 2316 desperatione.

407 2377 463 2412 16.
485 2376 554 2412 Sed
577 2375 641 2412 ubi
663 2377 931 2414 crucifixerunt
950 2391 1036 2414 eum
1055 2381 1070 2414 Ξ)
1091 2382 1133 2414 In
1154 2379 1332 2416 Calvariae

339 2436 434 2470 loeo.
463 2438 597 2471 Beatus
624 2448 712 2470 vere
738 2436 861 2480 locus,
894 2436 931 2471 in
959 2450 1034 2484 quo
1058 2437 1183 2486 ligitur
1209 2450 1330 2483 erux;

340 2494 439 2530 bona
467 2494 632 2530 calvities
652 2523 660 2539 ‚
695 2508 778 2542 quae
811 2495 872 2530 tali
905 2496 1038 2531 fronde
1071 2497 1238 2532 vestitur.
1271 2496 1329 2532 Ad

340 2554 436 2589 lianc
463 2554 649 2590 calvitiem
677 2554 829 2590 Elisaeus
847 2554 1114 2591 ascendebat...
1138 2558 1327 2601 Ascende,

1395 1901 1546 1950 triginta
1567 1909 1784 1950 argenteos,
1810 1910 1847 1938 et
1875 1901 2036 1951 projecit
2061 1916 2125 1938 eos
2146 1903 2184 1938 in
2216 1903 2356 1952 templo
2374 1931 2383 1948 ,

1395 1973 1490 2009 quos
1518 1960 1743 2009 ponderavit
1770 1961 1942 1997 ducentis
1969 1961 2088 2008 siclis,
2116 1961 2180 2010 qui
2208 1974 2387 1998 numerus

1394 2020 1677 2056 immundorum
1695 2028 1765 2062 cst,
1782 2029 1817 2057 et
1837 2020 1908 2056 lioc
1928 2021 2098 2070 pondere
2120 2020 2292 2070 publim,
2309 2034 2386 2057 non

1394 2079 1566 2129 pondere
1581 2072 1791 2116 sanctuarii.
1804 2080 2027 2117 Poenitentia
2039 2081 2137 2116 enim
2153 2080 2286 2117 ductus
2303 2093 2388 2130 pec-

1394 2147 1517 2175 catum
1533 2151 1640 2175 snum
1656 2139 1765 2175 valde
1787 2139 2025 2188 ponderavit.
2043 2141 2199 2175 Pet-cavi
2209 2167 2220 2183 ‚
2237 2141 2387 2175 tradens

1394 2203 1613 2246 sanguinem
1626 2197 1810 2243 justumss.
1840 2198 1992 2248 Singula
2018 2197 2134 2234 verba
2162 2199 2273 2248 plena
2302 2208 2388 2235 sunt

1394 2257 1628 2307 ponderibus
1641 2285 1651 2302 ‚
1671 2257 1734 2293 sed
1751 2258 1919 2307 pondere
1934 2257 2106 2307 publico,
2125 2270 2200 2293 non
2218 2257 2388 2306 pondere

1397 2317 1620 2362 sanctuarii3
1652 2317 1739 2366 quia
1768 2318 1853 2366 plus
1879 2317 2031 2353 erubuit
2059 2317 2246 2353 infamiam
2275 2329 2385 2364 quam

1397 2376 1664 2412 conscientiam
1677 2403 1686 2420 ,
1708 2376 1793 2424 plus
1814 2375 1870 2411 sui
1889 2375 2092 2424 nequitiam
2113 2387 2224 2423 quam
2241 2375 2308 2411 Dei
2326 2374 2388 2410 mi-

1397 2435 1637 2471 sericordiam
1653 2434 1885 2482 ponderavit.
1900 2434 1997 2470 Audi
2011 2433 2159 2483 pondus
2173 2433 2386 2469 sanctuarii.

1398 2496 1573 2539 Paravi,
1597 2497 1735 2529 malum
1753 2507 1876 2528 coram
1895 2502 1928 2528 te
1941 2491 2022 2539 feci
2033 2522 2043 2538 ,
2063 2494 2143 2527 dele
2159 2496 2387 2540 iniquitatem

1397 2566 1529 2588 meum.
1553 2554 1647 2589 llinc
1665 2552 1898 2601 iniquitatem
1915 2565 2034 2587 meam
2055 2564 2124 2599 ego
2142 2564 2303 2600 agnosco
2316 2579 2325 2596 ‚
2346 2551 2390 2587 il-

340 2617 462 2656 Μίνω
481 2615 657 2658 ascende,
673 2616 771 2648 calve
785 2619 809 2648 ².
830 2614 921 2650 Vide
941 2614 970 2650 si
988 2627 1063 2650 non
1083 2615 1209 2651 calvus
1225 2623 1330 2651 estet
1346 2616 1377 2649 D
1394 2612 1468 2647 linc
1489 2612 1781 2648 misericordiam
1804 2619 1903 2647 tuam
1922 2623 2092 2659 magnam
2110 2609 2266 2646 attendo
2282 2625 2290 2646 :
2309 2611 2392 2644 Mi-

341 2681 468 2708 noster
495 2673 659 2708 Elisfeus.
679 2675 808 2716 Filius,
827 2672 972 2721 inquit,
992 2674 1146 2708 hominis
1161 2688 1233 2709 mm
1262 2675 1330 2709 ha-

341 2731 398 2766 bet
417 2731 476 2766 ubi
492 2741 603 2779 caput
622 2745 725 2766 suum
746 2735 895 2767 reclinet
910 2730 937 2768 3.
961 2736 1054 2768 Ecce
1070 2746 1182 2781 quam
1202 2734 1330 2770 calvus

341 2799 396 2827 est
415 2791 479 2838 qui
501 2804 575 2826 non
595 2790 707 2827 babet
721 2790 783 2827 ubi
798 2800 911 2840 caput
927 2793 1103 2828 reclinet:
1121 2793 1245 2830 calvus
1261 2802 1329 2840 est,

340 2850 427 2898 quia
451 2863 604 2897 regnum
624 2849 706 2897 ejus
726 2863 801 2886 non
823 2859 878 2886 est
897 2850 943 2886 de
966 2851 1039 2887 hoc
1060 2851 1222 2898 mundo;
1250 2853 1329 2889 cal-

340 2923 406 2945 vus
426 2917 481 2945 est
502 2918 628 2945 noster
647 2909 820 2954 Elisaeus,
843 2910 929 2959 quia
951 2910 1125 2959 discipuli
1145 2910 1244 2959 ejus,
1268 2925 1329 2948 re-

340 2968 427 3003 licto
448 2981 492 3003 eo
519 2982 650 3003 omnes
679 2968 866 3017 sugerunt.
896 2969 995 3015 Quid
1025 2970 1124 3006 enim
1158 2970 1332 3020 discipuli

341 3026 409 3061 nisi
433 3027 555 3075 capilli
581 3027 736 3075 capitis,
766 3027 829 3075 qui
856 3041 987 3064 omnes
1012 3030 1197 3065 numerati
1221 3032 1333 3066 sunt?

341 3088 438 3134 Ergo
461 3086 496 3120 in
521 3086 697 3121 Calvarise
719 3086 800 3122 loco
826 3087 1003 3123 vexillum
1025 3089 1144 3125 crucis
1165 3089 1331 3138 erigitur.

341 3139 414 3171 Pro
434 3152 498 3181 eo,
529 3138 651 3186 inquit
666 3166 674 3182 ,
697 3141 799 3185 quod
816 3138 1096 3175 (ambulaverunt
1109 3142 1218 3187 filioe
1247 3144 1333 3177 Sion

391 3274 396 3287 ¹
418 3269 574 3307 tantm,
604 3271 629 3298 ’1.
710 3273 866 3310 ’lvnvg
889 3282 933 3305 ιι,
959 3275 1037 3301 Ἱῖῐμ

1394 2685 1515 2707 serere
1540 2676 1636 2715 mei,
1659 2674 1756 2706 Deus
1771 2678 1797 2707 9.
1823 2670 1921 2708 Audi
1952 2678 1990 2706 et
2009 2669 2158 2718 pondus
2183 2667 2390 2718 publicum.

1396 2731 1525 2776 illusor
1540 2740 1612 2775 est,
1629 2731 1678 2767 ait
1694 2730 1804 2775 Cain,
1823 2734 2001 2778 iniquitas
2021 2742 2104 2764 mea
2117 2757 2126 2774 ,
2146 2742 2255 2777 quam
2277 2738 2315 2764 uc
2329 2742 2393 2764 ve-

1396 2795 1498 2826 niam
1519 2804 1665 2826 merear
1680 2797 1720 2826 ¹⁰.
1740 2790 1881 2827 Retulit
1898 2802 1987 2837 ergo
2005 2789 2156 2837 triginta
2172 2796 2389 2837 argenteos,

1396 2859 1432 2886 et
1454 2849 1612 2899 projecit
1628 2862 1693 2886 eos
1714 2850 1751 2886 in
1770 2850 1923 2900 templo.
1948 2848 2040 2885 Vide
2060 2856 2242 2897 quantum
2268 2848 2393 2896 magni

1397 2908 1586 2958 pendebat
1612 2922 1688 2945 eos.
1706 2913 1790 2947 Non
1809 2907 1969 2958 projecit
1987 2920 2051 2944 eos
2074 2908 2111 2943 in
2135 2907 2369 2956 sterquilinio
2382 2935 2392 2952 ,

1398 2967 1463 3003 sed
1495 2968 1531 3003 in
1562 2969 1725 3016 templ03
1762 2967 1939 3004 nimirum
1978 2966 2113 3002 talibus
2142 2978 2289 3015 semper
2323 2965 2394 3002 diis

1400 3026 1579 3074 templum
1599 3040 1706 3062 suum
1730 3027 1948 3062 devoverat.
1969 3025 2135 3062 Avaritia
2152 3024 2252 3061 enim
2270 3024 2392 3060 simu—

1400 3085 1584 3121 lacrorum
1603 3086 1765 3122 servitus
1778 3093 1851 3131 cst,
1866 3093 1903 3121 et
1918 3083 2072 3120 avaritia
2090 3091 2249 3119 excaecat
2264 3083 2393 3119 oculos

1402 3144 1638 3193 sapientium.

1103 3269 1116 3292 ³
1141 3276 1211 3304 Luc.
1231 3286 1283 3311 ix,
1305 3277 1358 3304 [18.
1382 3294 1417 3296 *fi
1442 3275 1455 3300 ⁴⁶
1478 3275 1547 3306 lsai.
1574 3287 1634 3312 ιιι,
1660 3280 1696 3306 16
1714 3299 1720 3311 ,
1753 3278 1803 3305 17.
1828 3292 1868 3296 —-
1889 3273 1901 3295 5
1926 3274 2076 3310 Micli.1‚
2107 3277 2156 3304 16.
2175 3292 2215 3295 ——
2239 3271 2254 3294 6
2279 3272 2391 3304 Manli.

341 3331 437 3357 xxxi,
462 3324 514 3352 712).
589 3327 601 3351 7
618 3322 696 3352 Psal.
713 3333 771 3358 xi..
792 3326 841 3353 10.
921 3322 934 3345 8
954 3323 1066 3355 nauh.
1084 3335 1177 3355 xxvii
1193 3350 1201 3361 ,
1222 3328 1249 3356 ἰ.
1268 3345 1309 3349 --
1328 3333 1344 3356 ¹)
1358 3327 1436 3358 l’sal.
1453 3339 1490 3364 ι,
1521 3331 1581 3359 1-6.
1598 3347 1639 3351 —
1660 3334 1687 3349 ¹¹¹
1705 3331 1783 3359 (jeu.
1811 3337 1854 3365 iv,
1878 3330 1927 3357 11].
